3940 6404
368 298 470 350 335

1456 292 1810 347 ANGELOMI
1851 283 2321 344 LUXOVIENSIS
2360 281 2670 338 MONACHI

3692 272 3801 331 333

368 417 652 479 adventu,
685 432 756 471 ex
783 422 949 488 parte
978 416 1266 483 maxima,
1284 416 1343 471 in
1376 416 1625 487 perfidia
1645 416 2025 471 remanentes
2058 413 2106 463 A
2141 427 2171 460 ‹
2204 410 2269 461 ut
2293 409 2570 476 regnaret
2619 419 2799 475 super
2831 402 3083 457 domum
3115 399 3293 455 Juda.
3328 422 3357 449 ››
3401 400 3642 467 Ungunt
3688 394 3803 451 viri

366 504 703 578 primordia
732 504 876 560 fidei
926 506 1098 577 sequi
1157 505 1724 560 noluerunt.Sancta
1762 515 2028 573 namque

374 594 632 650 Ecclesia
655 592 713 647 in
747 593 1019 665 primitiis
1044 594 1190 657 suis,
1240 592 1622 648 multitudine
1651 591 1917 661 gentium
1950 589 2029 643 fe-

370 683 653 746 cundata,
682 682 781 737 vix
809 682 868 737 in
891 682 1105 737 mundi
1134 684 1274 748 fine,
1294 683 1532 737 Judieos
1562 698 1715 753 quos
1744 678 2033 735 invenerit

369 770 636 841 suscipit,
674 776 732 824 et
761 774 1027 825 extrema
1074 769 1380 837 colligens,
1424 786 1527 824 eos
1565 768 1740 841 quasi
1767 784 1877 839 pro
1902 766 2031 821 reli-

254 897 279 919 .
367 860 523 931 quiis
554 859 756 929 fruges
789 860 975 932 ponit.
1012 860 1090 915 De
1148 860 1374 932 quibus
1433 859 1721 914 nimirum
1768 856 2028 928 reliquiis

366 949 556 1003 Isaias
588 948 770 1003 dicit:
809 971 836 997 «
892 948 947 1004 Si
979 948 1155 1004 fuerit
1182 965 1471 1003 numerus
1522 948 1787 1003 filiorum
1847 942 2031 999 Israel

366 1036 540 1109 quasi
572 1053 760 1093 arena
799 1036 1007 1104 maris,
1063 1036 1330 1109 reliquiae
1364 1038 1545 1092 salvie
1589 1036 1735 1091 ﬁent
1782 1037 1924 1102 (Isa.
1956 1045 2029 1095 x;

365 1127 531 1180 Rom.
568 1126 706 1195 1x).»
727 1126 990 1180 Possunt
1016 1141 1280 1197 namque
1311 1125 1531 1179 ideirco
1554 1124 1771 1180 Gelboe
1796 1126 2031 1177 montes

364 1230 467 1269 ore
502 1215 810 1287 prophetae
848 1213 1148 1284 maledici,
1175 1213 1402 1269 utdum
1435 1213 1662 1268 fructus
1686 1226 2032 1268 exarescen-

365 1307 423 1358 te
481 1308 637 1358 terra
688 1302 963 1373 moritur,
1016 1318 1394 1374 possessores
1458 1309 1647 1369 terrae,
1716 1299 2032 1356 sterilitatis

372 1391 604 1446 damno
634 1391 941 1455 feriantur,
970 1396 1268 1463 quatenus
1302 1392 1412 1463 ipsi
1455 1389 1883 1445 meledictionis
1905 1404 2033 1443 seu-

373 1479 621 1535 tentiam
654 1480 1009 1550 acciperent,
1039 1479 1141 1551 qui
1165 1479 1327 1552 apud
1351 1496 1411 1534 se
1446 1485 1696 1535 mortem
1712 1478 1868 1548 regis
1900 1494 2029 1531 sus-

369 1568 586 1639 cipere,
638 1567 947 1639 iniquitate
979 1584 1088 1624 sua
1113 1568 1401 1638 exigente,
1438 1569 1812 1623 meruissent.
1854 1566 2033 1621 Aliter

383 1672 527 1711 vero
561 1656 739 1710 David
778 1656 835 1711 in
868 1672 1132 1728 persona
1168 1661 1513 1712 sanctorum
1545 1655 1818 1729 deplorat
1848 1670 2030 1727 quos-

378 1744 522 1799 dam
554 1744 626 1798 de
658 1745 933 1810 Ecclesia,
967 1745 1068 1817 qui
1114 1761 1220 1816 per
1250 1744 1598 1817 superbiam
1650 1749 1913 1808 ruentes,
1949 1746 2032 1797 at-
2061 1760 2099 1813 Β

368 1848 487 1904 que
515 1849 655 1887 cum
682 1832 1045 1896 labentibus,
1063 1834 1198 1889 vitae
1210 1834 1519 1907 praesentis
1541 1832 1804 1889 stadium
1824 1832 2031 1888 decur-

366 1925 589 1989 rentes,
625 1921 703 1976 ab
741 1921 989 1992 spiritali
1033 1922 1163 1977 luce
1196 1922 1431 1987 seclusi,
1483 1922 1781 1985 lubricati,
1830 1920 1892 1977 id
1942 1925 2034 1977 est

371 2009 653 2064 excaecati
699 2014 876 2065 sunt:
934 2010 1038 2082 qui
1068 2016 1476 2084 repugnantes
1506 2010 1913 2078 damionibus,
1943 2009 2031 2065 la-

368 2096 597 2152 buntur
623 2098 683 2153 in
712 2098 932 2153 saeculo
952 2116 964 2153 :
984 2100 1151 2171 quod
1173 2099 1576 2155 estlubricum
1608 2099 1849 2171 (Gelboe
1871 2098 2030 2155 enim

365 2190 619 2251 montes,
652 2186 877 2243 lubrici
903 2187 1729 2261 interpretantur,secundum
1756 2188 1913 2243 hanc
1941 2188 2033 2242 in-

373 2274 807 2347 telligentiam),
835 2282 893 2331 et
918 2293 1089 2349 spem
1120 2277 1590 2350 recuperationis
1607 2292 1730 2331 suae
1760 2276 2033 2332 omitten-

365 2368 475 2433 tes,
507 2365 760 2437 proprio
789 2382 1099 2431 mucrone,
1132 2366 1551 2439 desperatione
1598 2365 1875 2421 videlicet
1897 2380 2031 2437 per-

365 2452 599 2508 niciosa
630 2453 924 2509 evadendi
951 2455 1185 2510 hostem
1216 2454 1913 2527 antiquum.semetipsos
1940 2454 2030 2509 in-

364 2541 695 2605 terficiunt:
730 2543 880 2597 sicut
912 2543 1048 2600 Saul
1072 2544 1304 2598 irruens
1338 2559 1519 2614 super
1552 2543 1819 2613 gladium
1851 2559 2027 2598 suum

365 2635 642 2684 mortuus
668 2636 774 2685 est.
806 2632 988 2702 Cujus
1014 2632 1097 2687 rei
1130 2632 1473 2693 Philisthzri.
1508 2634 1622 2688 hoc
1671 2637 1759 2688 est
1781 2631 2030 2702 maligni

370 2718 633 2789 spiritus,
666 2719 740 2773 de
764 2720 1085 2775 interfectis
1122 2720 1319 2793 spolia
1348 2721 1634 2776 virtutum
1665 2720 2026 2786 auferentes,

365 2805 623 2877 propriae
656 2806 986 2863 fortitudini
1006 2810 1315 2864 ascribunt
1342 2810 1674 2873 victoriam,
1707 2826 1843 2882 quae
1867 2811 2031 2881 justa

368 2894 765 2967 permissioue
798 2897 998 2961 Dei,in
1032 2898 1248 2952 talibus
1278 2898 1495 2952 evenit.
1530 2898 1642 2954 Sed
1674 2898 1859 2954 David
1890 2914 2029 2953 nos-

366 2985 474 3049 ter,
502 2984 563 3038 in
590 2984 900 3051 membris,
931 2985 1047 3041 hoc
1074 2991 1161 3041 est
1188 2986 1250 3041 in
1280 2986 1479 3041 electis
1511 2993 1567 3043 et
1595 2987 1817 3042 sanctis
1860 2987 2026 3056 viris,

368 3074 774 3129 corruentium
803 3090 1016 3131 casum
1051 3075 1270 3144 gemit:
1301 3092 1407 3131 nec
1468 3076 1698 3132 lietatur
1742 3077 1803 3131 in
1836 3076 2029 3148 perdi-
2058 3117 2099 3173 ϐ

362 3160 520 3217 tione
551 3162 955 3228 morientium,
983 3164 1087 3219 sed
1119 3164 1492 3233 contradicit,
1514 3170 1577 3221 ut
1598 3164 1849 3221 urbibus
1874 3164 2028 3220 Allo-

361 3245 711 3318 phylorum,
747 3247 881 3303 talis
912 3248 1079 3304 fama
1106 3248 1483 3321 praedicetur,
1514 3250 1627 3305 hoc
1650 3254 1737 3305 est
1757 3249 2030 3322 praecipit

360 3333 665 3406 ﬁdelibus,
696 3342 761 3391 ut
792 3342 962 3393 caute
992 3354 1055 3393 se
1077 3338 1439 3404 custodiant,
1465 3345 1521 3394 et
1552 3344 1719 3395 scuto
1745 3338 1885 3394 ﬁdei
1915 3355 2028 3394 un-

362 3421 546 3493 dique
592 3440 653 3478 se
677 3427 974 3489 muniant,
1002 3426 1195 3482 induti
1222 3426 1407 3482 lorica
1444 3428 1708 3498 justitire,
1739 3428 2030 3483 habentes

366 3509 611 3580 galeam
644 3512 871 3583 salutis,
903 3519 960 3569 et
1011 3514 1278 3584 gladium
1309 3516 1569 3588 spiritus,
1603 3516 1718 3571 hoc
1767 3521 1855 3571 est
1905 3532 2032 3570 ver-

361 3600 516 3656 bum
572 3602 696 3670 Dei,
727 3604 1100 3660 adversariis
1132 3606 1253 3661 suis
1282 3606 1585 3676 resistant,
1614 3622 1689 3661 ne
1712 3608 1859 3661 forte
1887 3605 2031 3661 ulte-

363 3690 488 3746 rius
512 3690 913 3761 ignominiose
944 3694 1226 3767 superati,
1254 3694 1548 3764 gaudium
1595 3694 1852 3750 inimicis
1907 3695 2031 3749 suis

363 3778 606 3836 faciant.

1045 3871 1268 3927 CAPUT
1303 3875 1365 3926 ll.

439 3979 466 4006 ‹‹
492 3958 775 4013 Ascendit
804 3975 947 4030 ergo
980 3959 1164 4015 David
1185 3964 1243 4016 et
1273 3960 1409 4016 duae
1444 3976 1659 4016 uxores
1695 3959 1825 4029 ejus
1854 3959 2029 4014 Achi-

374 4066 403 4092 «
432 4060 618 4100 noam
645 4047 995 4117 Jezraelites,
1022 4054 1079 4104 et
1102 4048 1336 4121 Abigail
1364 4065 1517 4105 uxor
1544 4047 1735 4104 Nabal
1750 4047 2028 4117 Carmeli,

369 4157 398 4185 ο(
424 4134 532 4190 sed
564 4139 624 4191 et
657 4136 817 4191 viros
869 4137 973 4209 qui
999 4142 1171 4193 erant
1200 4154 1339 4193 cum
1373 4154 1466 4205 eo,
1498 4136 1670 4193 duxit
1698 4136 1885 4193 David
1916 4137 2033 4193 sin-

368 4245 398 4273 ‹‹
432 4223 609 4293 gulos
637 4241 773 4281 cum
800 4226 987 4283 domo
1034 4241 1145 4283 sua
1198 4231 1255 4282 et
1296 4232 1652 4282 manserunt
1687 4226 1749 4281 in
1794 4226 2033 4298 oppidis

370 4330 402 4363 ‹
428 4311 689 4367 Hebron.
717 4336 744 4362 »
767 4317 1064 4370 Ascensus
1093 4316 1200 4371 iste
1240 4314 1426 4370 David
1458 4330 1599 4369 cum
1627 4312 1867 4369 duabus
1890 4330 2033 4369 uxo-

362 4400 533 4456 ribus
566 4402 687 4456 suis
716 4403 777 4458 in
802 4404 1039 4459 Hebron
1075 4403 1373 4473 signiﬁcat
1393 4403 1855 4459 convocationes
1884 4403 2030 4462 dua.

362 4506 499 4546 rum
550 4490 820 4562 plebium
867 4492 932 4547 in
980 4492 1304 4548 Ecclesiam
1359 4490 1744 4548 catholicam.
1790 4492 2028 4549 Hebron

362 4578 521 4635 enim
558 4581 977 4652 interpretatur
1002 4581 1372 4650 conjugium,
1405 4579 1635 4635 etbene
1667 4579 1796 4636 sola
1821 4586 2029 4638 sancta

364 4669 623 4725 Ecclesia
683 4670 1034 4740 conjugium
1075 4669 1442 4725 nominatur.
1502 4669 1637 4725 Sola
1695 4675 1751 4726 et
1791 4687 1915 4726 una
1940 4676 2028 4728 est

364 4774 590 4829 sponsa
623 4758 894 4814 videlicet
926 4758 1183 4814 caelestis
1203 4757 1382 4826 regis,
1415 4757 1490 4813 de
1529 4775 1656 4831 qua
1683 4758 1745 4814 in
1770 4760 2026 4817 Canticis

362 4848 731 4902 canticorum
762 4847 1006 4901 dicitur:
1061 4865 1091 4898 ‹
1122 4846 1445 4912 Sexaginta
1510 4853 1650 4902 sunt
1692 4848 1935 4917 reginae,
1969 4854 2026 4906 et

361 4937 666 5005 octoginta
687 4934 1125 5002 concubinte,et
1149 4934 1733 4991 adolescentularum
1763 4954 2024 5010 quarum

361 5039 485 5079 non
516 5029 607 5079 est
634 5038 944 5078 numerus.
982 5044 1007 5070 ››
1043 5024 1169 5077 Una
1192 5026 1279 5077 est
1308 5022 1593 5080 columba
1620 5041 1776 5092 mea,
1803 5027 2025 5098 perfec-

362 5116 422 5167 ta
452 5129 609 5175 mea,
643 5126 767 5165 una
799 5116 887 5164 est
912 5110 1122 5164 matris
1168 5127 1312 5177 suae,
1356 5110 1541 5168 electa
1571 5113 1838 5182 genitrici
1872 5131 2020 5171 suae.

362 5200 505 5254 Illuc
534 5198 704 5252 duxit
728 5196 916 5251 David
948 5196 1219 5267 singulos
1266 5199 1424 5255 viros
1454 5216 1592 5256 cum
1641 5201 1825 5258 domo
1878 5219 2017 5260 sua:

360 5289 506 5361 quia
558 5284 984 5356 unusquisque
1041 5286 1332 5353 fidelium,
1364 5289 1426 5344 in
1458 5289 1621 5346 illam
1672 5292 2018 5349 societatem

359 5391 469 5448 per
490 5371 979 5444 praedicationem
1004 5376 1323 5446 Evangelii,
1344 5383 1761 5435 convocatur.«
1788 5384 1916 5436 Non
1932 5385 2021 5437 est

361 5462 444 5517 ibi
476 5458 774 5515 distinctio
799 5462 1015 5529 Judaei,
1050 5469 1108 5520 et
1153 5466 1355 5533 Grteci,
1396 5467 1638 5523 barbari
1664 5473 1722 5524 et
1758 5470 2013 5541 Scythae,

362 5548 519 5604 servi
549 5551 605 5601 et
645 5547 835 5619 liberi,
879 5551 986 5607 sed
1018 5555 1223 5611 omnia
1275 5559 1333 5611 et
1385 5556 1447 5611 in
1502 5557 1787 5613 omnibus
1818 5559 2013 5615 Chris-

359 5640 476 5690 tus.
514 5657 545 5684 »

433 5745 464 5774 ‹‹
496 5727 909 5802 Veneruntque
940 5730 1047 5788 viri
1075 5735 1098 5789 J
1109 5732 1230 5790 uda
1276 5738 1335 5789 et
1360 5738 1661 5791 unxerunt
1688 5734 1772 5791 ibi
1806 5736 2008 5805 David,

2135 495 2290 551 Juda
2313 494 2503 551 David
2533 494 2592 549 in
2624 509 2850 563 regem,
2878 496 2939 546 ut
2968 494 3174 560 regnet
3202 505 3384 562 super
3402 487 3659 544 domum
3699 489 3801 541 Ju-

2136 584 2234 651 da,
2268 583 2412 656 quia
2428 582 2705 654 superbis
2725 598 2795 637 ac
2814 578 3329 652 contemptoribus
3355 575 3805 650 spernentibus-

2136 688 2254 746 que
2282 672 2535 742 gratiam
2567 670 2663 727 Dei
2694 669 2951 739 abolitis,
2984 668 3154 724 electi
3181 666 3410 739 quique
3438 665 3604 720 bona
3633 663 3804 719 fama

2138 777 2322 816 sacrae
2351 758 2813 833 praedicationis,
2832 763 2888 813 et
2915 758 3201 812 virtutum
3234 753 3454 825 studio,
3480 753 3590 809 rite
3617 751 3804 808 conﬁ—

2136 854 2335 905 tentur
2363 849 2662 904 Christum
2686 863 2813 902 esse
2835 862 3037 915 regem
3059 845 3120 899 in
3148 843 3430 899 universo
3455 840 3803 915 populo.Ac

2135 936 2341 1010 ipsum
2371 952 2520 1001 esse,
2550 935 2645 991 cui
2694 958 2722 985 «
2776 934 2974 990 omnis
3025 937 3292 1007 potestas
3343 947 3380 987 a
3436 934 3605 987 Patre
3657 928 3804 985 data

2136 1032 2225 1082 est
2244 1027 2305 1082 in
2338 1026 2489 1081 caelo
2515 1029 2572 1081 et
2594 1024 2658 1080 in
2689 1030 2865 1093 terra,
2890 1030 2954 1079 ut
2980 1024 3041 1079 in
3065 1022 3308 1079 nomine
3335 1024 3475 1077 Iesu
3501 1035 3683 1077 omne
3703 1034 3802 1089 ge-

2136 1131 2224 1171 nu
2299 1115 2595 1186 ﬂectatur,
2666 1113 3019 1181 caelestium,
3078 1112 3445 1167 terrestrium
3502 1115 3559 1166 et
3625 1109 3804 1165 infer-

2136 1220 2377 1274 norum,
2445 1204 2739 1275 (Philipp.
2808 1205 2891 1269 ιι).
2957 1221 2988 1256 ›
3055 1201 3233 1257 Aliter
3283 1217 3297 1256 :
3358 1203 3493 1256 Post
3541 1202 3801 1254 mortem

2138 1292 2328 1349 Saulis
2354 1292 2598 1362 ungitur
2626 1291 2834 1361 David,
2867 1295 2924 1347 et
2971 1293 3199 1361 regnat,
3260 1288 3658 1360 transfertque
3700 1301 3802 1343 ar-

2139 1398 2274 1438 cam
2301 1381 2658 1437 Testamenti
2686 1381 2746 1436 in
2775 1380 3075 1436 civitatem
3131 1393 3343 1434 suam:
3396 1376 3548 1432 sicut
3594 1376 3656 1431 in
3711 1390 3808 1431 se-

2138 1469 2465 1542 quentibus
2491 1469 2725 1539 legitur,
2752 1468 2826 1524 de
2854 1484 2979 1541 qua
3021 1468 3080 1522 in
3138 1482 3251 1522 suo
3284 1465 3419 1521 loco
3448 1463 3664 1520 dicturi
3695 1479 3803 1518 su-

2139 1576 2299 1615 mus.
2328 1559 2514 1614 Simili
2545 1575 2789 1631 quoque
2816 1557 3003 1614 modo
3032 1560 3171 1629 post
3215 1554 3604 1612 abolitionem
3628 1552 3807 1623 regni

2140 1649 2579 1713 Judazorum,et
2609 1647 2922 1704 sacerdotii
2947 1646 3368 1711 cessationem,
3394 1660 3565 1700 verus
3592 1642 3803 1710 David,

2139 1738 2198 1793 id
2222 1742 2311 1794 est
2341 1737 2606 1795 Christus
2633 1737 2694 1793 in
2737 1736 3000 1793 Ecclesia
3031 1752 3160 1802 sua,
3211 1750 3397 1807 quam
3426 1749 3497 1788 ex
3520 1731 3806 1802 gentibus

2140 1828 2333 1898 elegit,
2358 1843 2614 1896 regnum
2641 1826 2897 1898 accepit:
2958 1830 3015 1881 et
3043 1840 3248 1880 arcam
3279 1820 3657 1884 Testamenti,
3683 1820 3807 1876 hoc

2140 1921 2232 1973 est
2253 1933 2492 1973 sacram
2525 1916 2914 1989 Scripturam,
2945 1915 3006 1969 in
3025 1912 3376 1981 Ecclesiam,
3404 1927 3543 1984 quas
3570 1910 3807 1981 ejusest

2140 2005 2379 2073 domus,
2411 2004 2726 2061 transtulit.

2212 2116 2239 2145 «
2268 2097 2333 2150 Et
2361 2092 2703 2149 nuntiatum
2736 2096 2824 2147 est
2846 2090 3026 2147 David
3048 2088 3216 2163 quod
3240 2088 3349 2145 viri
3365 2086 3542 2144 Jabes
3570 2085 3803 2143 Galaad

2139 2206 2166 2231 «
2203 2182 2554 2256 sepelissent
2585 2180 2747 2245 Saul,
2775 2203 2804 2231 »
2832 2184 2889 2236 et
2911 2180 3161 2252 reliqua.
3211 2181 3329 2234 Hoc
3351 2176 3585 2249 plenius
3611 2175 3676 2231 in
3695 2177 3805 2231 Pa-

2137 2271 2555 2344 ralipomenon
2582 2269 2735 2325 libro
2760 2267 3073 2342 quomodo
3105 2271 3339 2337 gestum
3383 2264 3458 2321 sit
3498 2267 3799 2320 narratur.

2140 2383 2168 2411 «
2203 2360 2352 2416 Cum
2390 2359 2719 2426 audissent,
2748 2358 2961 2430 inquit,
2994 2355 3101 2412 viri
3126 2355 3308 2411 Jabes
3341 2352 3804 2422 Galaad,omnia

2140 2450 2361 2506 scilicet
2386 2465 2523 2521 quae
2572 2447 2925 2503 Philisthiim
2954 2446 3220 2502 fecerant
3250 2459 3434 2517 super
3462 2442 3624 2509 Saul,
3658 2457 3802 2498 con-

2139 2542 2526 2595 surrexeunt
2570 2536 2788 2606 singuli
2837 2536 3103 2591 virorum
3134 2534 3397 2603 fortium,
3429 2537 3487 2588 et
3536 2530 3804 2587 tulerunt

2137 2630 2437 2686 cadavera
2460 2626 2601 2682 Saul
2626 2632 2683 2683 et
2707 2626 2969 2682 filiorum
3000 2626 3152 2696 ejus,
3175 2624 3618 2695 attuleruntque
3644 2637 3718 2677 ea
3736 2621 3801 2676 in

2137 2718 2337 2787 labes,
2366 2721 2425 2772 et
2473 2716 2833 2789 sepelierunt
2862 2731 3001 2770 ossa
3030 2730 3239 2769 eorum
3271 2712 3475 2768 subter
3503 2726 3803 2784 quercum

2138 2825 2274 2882 qua:
2305 2811 2436 2863 erat
2471 2806 2531 2861 in
2552 2806 2751 2875 labes,
2782 2810 2839 2860 et
2875 2804 3303 2875 jejunaverunt
3330 2807 3558 2874 septem
3584 2799 3804 2856 diebus

2138 2898 2197 2969 (Ι
2214 2896 2429 2953 Paral.
2459 2900 2564 2953 ιν).
2599 2918 2627 2945 »ι
2650 2898 2911 2951 Mortuus
2932 2897 3021 2949 est
3049 2908 3193 2961 ergo
3222 2890 3365 2947 Saul
3394 2895 3639 2964 propter
3688 2888 3802 2944 ini-

2136 2986 2395 3058 quitates
2426 2999 2568 3039 suas
2593 3000 2664 3038 eo
2688 2982 2855 3055 quod
2885 2981 3310 3053 praevaricatus
3337 2979 3413 3035 sit
3438 2977 3801 3034 mandatum

2138 3073 2371 3130 Domini
2401 3072 2567 3146 quod
2598 3075 2984 3144 praeceperat,
3008 3076 3065 3126 et
3086 3085 3209 3125 non
3231 3066 3750 3124 custodieritillud
3784 3085 3798 3119 :

2140 3163 2247 3219 sed
2286 3163 2537 3235 insuper
2583 3161 2763 3217 etiam
2792 3160 3210 3233 pythonissam
3257 3156 3642 3225 consuluerit,
3685 3171 3803 3211 nec

2141 3257 2484 3325 speraverat
2513 3252 2576 3307 in
2598 3250 2851 3306 Domino
2878 3267 2892 3304 :
2926 3253 3170 3321 propter
3208 3245 3371 3320 quod
3422 3250 3481 3301 et
3508 3244 3805 3302 interfecit

2139 3358 2301 3408 eum,
2329 3346 2387 3397 et
2415 3339 2716 3397 transtulit
2741 3354 2998 3407 regnum
3051 3338 3184 3408 ejus
3238 3336 3317 3392 ad
3359 3335 3548 3391 David
3604 3334 3803 3390 ﬁlium

2140 3427 2437 3493 Isai.Quid
2460 3434 2554 3484 est
2581 3426 2750 3500 quod
2780 3426 2924 3482 viris
2954 3425 3135 3481 Jabes
3177 3423 3403 3481 Galaad
3448 3421 3638 3478 David
3668 3437 3806 3492 gra-

2098 3576 2108 3583 ,
2142 3515 2220 3571 tia
2245 3516 2440 3586 refert,
2468 3533 2539 3571 eo
2554 3516 2722 3588 quod
2752 3514 3113 3587 sepelierunt
3126 3528 3269 3569 ossa
3294 3510 3435 3568 Saul
3459 3516 3517 3567 et
3535 3510 3801 3566 ﬁliorum

2140 3605 2191 3675 ej
2204 3622 2272 3659 us
2292 3606 2319 3660 ?
2350 3605 2463 3660 nisi
2500 3604 2667 3677 quod
2721 3602 3101 3676 Redemptori
3148 3606 3354 3658 nostro
3383 3600 3643 3655 multum
3673 3599 3803 3672 pla-

2140 3697 2251 3762 cet,
2282 3693 2535 3765 quando
2564 3693 2702 3764 quis
2735 3708 2927 3764 prava
2971 3706 3160 3763 opera
3211 3689 3515 3745 malorum
3572 3687 3681 3760 qui
3738 3687 3802 3742 in

2138 3781 2399 3853 peccatis
2431 3781 2555 3835 suis
2589 3780 2810 3835 mortui
2855 3784 3013 3845 sunt,
3067 3778 3375 3843 oblivioni,
3440 3776 3801 3832 damnando

2143 3870 2337 3937 tradit,
2357 3886 2467 3926 nec
2490 3887 2561 3925 ea
2574 3871 2807 3926 actione
2827 3869 3113 3933 imitatur,
3144 3885 3280 3941 quae
3308 3867 3417 3923 scit
3440 3870 3556 3922 Deo
3588 3864 3798 3937 displi-

2139 3960 2370 4027 cuisse;
2407 3960 2515 4016 sed
2545 3960 2741 4030 magis
2771 3976 2842 4016 ea
2867 3959 3043 4029 elegit
3083 3958 3379 4021 facienda,
3413 3973 3550 4030 quae
3596 3971 3799 4013 recor-

2139 4049 2319 4105 datur
2353 4050 2667 4105 Dominum
2692 4051 2753 4105 in
2779 4048 3082 4105 mandatis
3103 4047 3366 4103 dedisse.

2212 4160 2241 4189 «
2269 4137 2473 4194 Abner
2494 4144 2695 4194 autem
2711 4137 2869 4192 filius
2893 4141 3004 4193 Ner
3018 4136 3299 4210 princeps
3317 4134 3611 4191 exercitus
3633 4134 3797 4203 Saul,

2139 4249 2167 4276 ‹‹
2203 4226 2334 4283 tulit
2364 4227 2634 4283 lsboseth
2659 4226 2849 4282 ﬁlium
2897 4225 3056 4288 Saul.
3090 4230 3148 4281 et
3195 4222 3596 4281 circumduxit
3653 4239 3799 4279 eum

2140 4337 2167 4365 ‹‹
2205 4330 2313 4387 per
2339 4320 2556 4381 castra,
2576 4330 2901 4386 regemque
2918 4312 3221 4369 constituit
3256 4327 3439 4383 super
3459 4309 3711 4377 Galaad,
3742 4317 3799 4367 et

2141 4428 2167 4455 ‹‹
2207 4420 2387 4476 super
2416 4403 2736 4473 Gessuri,et
2762 4418 2942 4475 super
2964 4401 3203 4470 Jezrael,
3232 4406 3292 4457 et
3312 4416 3495 4473 super
3511 4400 3797 4473 Ephram,

2141 4517 2168 4544 α
2201 4498 2259 4550 et
2289 4508 2470 4565 super
2498 4493 2833 4564 Benjamin,
2858 4498 2915 4547 et
2936 4490 3315 4564 superlsrael
3343 4489 3717 4546 universum.
3770 4512 3797 4539 ››

2139 4586 2205 4639 In
2237 4582 2489 4638 Hebraeo
2514 4582 2789 4648 habetur,
2806 4605 2833 4632 ‹‹
2859 4580 3194 4637 transduxit
3222 4595 3362 4635 eum
3392 4579 3451 4635 in
3475 4577 3799 4647 Manaim,»

2138 4688 2275 4744 quae
2304 4671 2727 4744 interpretatur
2755 4676 2979 4727 castra.
3018 4668 3374 4726 Transduxit
3397 4683 3560 4736 eum,
3586 4666 3800 4724 intelli-

2139 4759 2404 4830 gendum
2430 4764 2538 4826 est,
2572 4760 2728 4815 ultra
2753 4759 3080 4815 Iordanem
3108 4762 3196 4813 :et
3219 4757 3283 4814 in
3311 4756 3567 4815 Manaim
3591 4772 3798 4827 regem

2135 4866 2277 4906 eum
2307 4850 2705 4917 constituisse,
2755 4865 2936 4922 super
2965 4848 3211 4916 Galaad,
3240 4851 3298 4904 et
3323 4863 3504 4919 super
3533 4847 3793 4903 Gessuri.

2135 4938 2397 4996 Hebraeis
2425 4939 2654 5011 Assuri,
2685 4939 2746 4995 id
2784 4944 2873 4994 est
2902 4954 3084 5010 super
3113 4936 3336 4994 tribum
3363 4938 3530 4992 Aser.

2206 5050 2235 5079 «
2273 5029 2410 5085 Sola
2440 5033 2642 5085 autem
2686 5027 2907 5083 domus
2934 5026 3093 5082 Juda
3122 5025 3488 5098 sequebatur
3517 5023 3729 5080 David.
3763 5042 3796 5077 ›

2133 5117 2291 5183 Quid
2313 5122 2515 5173 autem
2531 5116 2806 5190 estquod
2836 5116 2997 5171 ﬁlius
3027 5114 3168 5172 Saul
3198 5112 3796 5185 lsboseth,quiinter-

2131 5210 2401 5279 pretatur
2429 5208 2525 5262 vir
2554 5208 2944 5276 confusionis:
2966 5205 3167 5261 Abner
3198 5203 3547 5267 auxiliante,
3568 5202 3677 5275 qui
3700 5202 3793 5259 in-

2129 5300 2487 5367 terpretatur
2512 5297 2710 5365 patris
2757 5296 3029 5359 lucerna,
3077 5310 3179 5349 rex
3211 5291 3592 5349 constituitur
3610 5306 3797 5364 super

2127 5384 2308 5440 Israel
2340 5383 2685 5439 universum
2712 5399 2725 5437 :
2757 5386 2815 5437 et
2838 5382 3060 5437 domus
3089 5381 3245 5437 Juda
3265 5381 3394 5437 sola
3425 5379 3797 5452 sequebatur

2127 5471 2349 5528 David?
2363 5473 2481 5528 nisi
2507 5472 2675 5545 quod
2704 5470 2848 5526 solis
2890 5470 3299 5540 credentibus,
3348 5474 3406 5525 et
3432 5484 3571 5524 vere
3604 5473 3795 5525 Deum

2123 5560 2662 5631 conﬁtentibus,ex
2690 5559 2872 5634 priori
2894 5558 3142 5632 populo,
3169 5558 3352 5614 David
3381 5563 3659 5613 nostrum
3681 5561 3796 5615 Do-

2123 5650 2358 5706 minum
2384 5650 2659 5706 videlicet
2678 5655 2735 5705 et
2758 5649 3124 5705 Salvatorem
3147 5647 3560 5719 sequentibus,
3592 5647 3657 5701 in
3680 5663 3795 5702 cae-

2122 5737 2262 5795 teris
2284 5739 2483 5797 adhuc
2499 5754 2663 5796 error
2683 5737 3053 5796 confusionis
3070 5744 3304 5811 regnat,
3329 5735 3576 5793 diabolo
3619 5736 3795 5795 insti-
