3940 6430
158 287 263 343 337

1161 285 1416 341 ENARII.
1460 284 1527 339 IN
1569 279 1821 338 LIBROS
1860 280 2119 337 REGUM.
2161 312 2232 323 —
2270 282 2339 339 IN
2381 283 2512 340 LIB.
2557 285 2626 340 II.

3515 292 3622 348 338

159 412 366 482 gante,
398 406 507 480 qui
552 422 713 479 saepe
753 422 817 463 se
851 407 1237 479 transﬁgurat
1265 408 1328 463 in
1358 405 1644 476 angelum
1672 403 1842 460 lucis.
1879 406 1927 459 Α
1962 404 2062 462 Hic
2094 410 2297 464 autem
2347 413 2474 466 erat
2517 413 2727 466 contra
2756 409 2979 475 Abner,
3003 411 3357 469 constitutus
3401 413 3623 470 militiae

231 521 260 548 «
308 501 377 555 Et
403 496 516 553 fuit
543 512 836 552 numerus
858 497 1093 553 dierum
1124 513 1283 570 quos
1314 498 1729 553 commoratus
1756 495 1849 549 est

156 611 187 639 α
229 586 447 655 David,
478 585 787 659 imperans
814 586 875 642 in
924 585 1165 642 Hebron
1194 601 1377 659 super
1416 585 1639 641 domus
1665 582 1842 650 Juda,

155 700 187 730 α
228 682 469 751 septem
525 690 830 731 annorum
882 680 940 732 et
985 692 1092 732 sex
1122 675 1447 732 mensium.
1485 692 1516 726 ›
1574 676 1643 729 Et
1687 671 1843 729 bene

157 766 352 824 David
402 770 638 838 septem
679 764 859 821 annis
890 769 947 821 et
985 781 1089 821 sex
1130 764 1443 822 mensibus
1474 762 1752 833 regnavit
1780 761 1842 817 in

155 854 404 913 Hebron
459 852 565 926 qui
622 852 1045 926 interpretatur
1108 855 1482 924 cunjugium,
1536 856 1602 908 ut
1657 864 1844 922 supra

155 943 451 1013 diximus,
464 945 568 998 aut
597 942 745 997 visio
767 943 1161 1013 sempiterna:
1181 942 1328 1014 quia
1346 940 1616 999 Salvator
1642 941 1845 994 noster

156 1030 219 1088 in
253 1030 519 1087 Ecclesia
547 1029 868 1098 catholica,
898 1046 1036 1103 quae
1066 1034 1125 1086 et
1155 1046 1389 1102 sponsa
1418 1030 1550 1101 ejus
1582 1031 1691 1095 est,
1733 1041 1843 1100 per

155 1136 344 1177 omne
373 1125 617 1193 tempus
646 1119 816 1176 istius
846 1119 1004 1190 vitae,
1023 1118 1189 1193 quod
1221 1119 1460 1175 senario
1477 1118 1714 1173 dierum
1733 1130 1841 1171 nu-

153 1224 329 1266 mero
381 1208 663 1275 decurrit,
713 1213 965 1279 regnat:
1003 1208 1348 1264 secundum
1402 1205 1579 1274 illud,
1631 1226 1659 1256 «
1693 1208 1839 1261 Ecce

153 1313 295 1368 ego,
317 1298 533 1373 inquit,
564 1297 879 1354 vobiscum
908 1314 1045 1354 sum
1074 1296 1363 1354 omnibus
1392 1296 1610 1353 diebus
1639 1309 1838 1366 usque

153 1388 239 1444 ad
286 1387 881 1443 consummationem
927 1386 1131 1443 saeculi
1173 1387 1419 1458 (Matth.
1458 1387 1687 1452 xxvui),
1726 1404 1754 1433 η
1782 1384 1840 1438 et

152 1482 300 1550 post
343 1475 746 1550 expletionem
791 1475 1008 1532 senarii
1040 1475 1299 1543 numeri,
1343 1476 1460 1531 hoc
1489 1476 1578 1529 est
1607 1470 1836 1545 perfec-

150 1565 387 1621 tionem
416 1564 563 1621 boni
590 1564 812 1637 operis,
845 1580 1060 1620 omnes
1091 1563 1312 1619 electos
1335 1578 1478 1618 suos
1501 1560 1581 1618 ad
1611 1558 1835 1617 sabba-

149 1658 291 1710 tum
319 1670 554 1717 verum,
582 1654 647 1709 id
676 1658 765 1709 est
790 1653 869 1710 ad
894 1654 1163 1726 requiem
1198 1652 1656 1724 sempiternam,
1704 1664 1835 1722 per-

149 1742 362 1813 ducet,
386 1743 488 1799 ubi
514 1748 573 1800 et
591 1742 973 1817 perfruentur
1005 1742 1108 1798 Dei
1139 1742 1369 1798 visione
1395 1743 1710 1814 perpetua.
1739 1741 1836 1798 Est

145 1838 359 1890 autem
393 1832 635 1889 Hebron
662 1832 866 1889 civitas
893 1832 953 1888 in
985 1830 1486 1903 tribuJuda,qua'.
1519 1827 1836 1902 quondam

147 1923 495 1981 vocabatur
523 1923 741 1987 Arbae,
771 1922 908 1979 licet
952 1922 1108 1979 male
1138 1922 1201 1978 in
1250 1921 1468 1978 Graecis
1518 1917 1834 1975 codicibus

147 2012 417 2070 habetur
457 2012 678 2069 Arboe.
710 2012 997 2085 Corrupte
1021 2012 1201 2083 igitur
1252 2010 1316 2067 in
1345 2008 1567 2066 nostris
1606 2005 1832 2063 codici-

146 2101 275 2159 bus
302 2101 497 2160 Arboe
515 2102 816 2172 scribitur,
835 2117 976 2158 cum
995 2101 1057 2157 in
1081 2100 1343 2158 Hebraeis
1358 2099 1594 2170 legatur
1614 2096 1835 2173 Arbae,

147 2191 217 2248 id
247 2197 338 2248 est
382 2196 668 2266 quatuor,
715 2208 789 2248 ex
828 2207 900 2247 eo
938 2190 1108 2264 quod
1155 2190 1240 2247 ibi
1290 2193 1406 2246 tres
1450 2186 1831 2262 patriarchas,

148 2281 485 2349 Abraham,
521 2286 710 2353 Isaac,
739 2285 797 2337 et
843 2280 1033 2337 Jacob
1082 2279 1301 2353 sepulti
1350 2282 1511 2346 sunt,
1543 2282 1601 2333 et
1638 2275 1833 2332 Adam

147 2387 445 2442 magnus,
470 2376 534 2427 ut
558 2370 620 2426 in
642 2369 854 2426 Genesi
872 2370 1028 2427 libro
1059 2370 1350 2443 scriptum
1375 2372 1483 2424 est.
1504 2366 1661 2423 Licet
1690 2381 1832 2422 eum

146 2460 408 2535 quidam
438 2459 754 2517 conditum
785 2460 847 2516 in
898 2459 1033 2516 loco
1091 2458 1377 2517 Calvarize
1429 2455 1827 2530 suspicentur,

148 2549 325 2624 quod
349 2549 572 2606 falsum
615 2554 728 2606 est.
759 2550 893 2605 Haec
936 2554 1027 2605 est
1070 2553 1274 2606 autem
1330 2547 1547 2603 eadem
1589 2543 1829 2600 Hebron

148 2639 301 2697 olim
350 2637 702 2711 metropolis
763 2637 1274 2705 Philisthinorum,
1308 2644 1365 2693 et
1411 2632 1828 2692 habitaculum

148 2729 494 2800 gigantum,
526 2742 906 2800 regnumque
936 2733 1146 2800 postea
1169 2725 1354 2782 David
1374 2725 1435 2780 in
1467 2723 1624 2780 tribu
1651 2722 1827 2788 Juda,

150 2819 370 2876 civitas
399 2816 808 2885 sacerdotalis,
854 2822 911 2873 et
939 2816 1352 2887 fugitivorum.
1389 2816 1571 2871 Distat
1596 2813 1672 2870 ad
1699 2828 1827 2869 me-

147 2908 457 2965 ridianam
484 2906 733 2979 plagam
764 2905 843 2961 ab
894 2906 1018 2963 Elia
1046 2905 1312 2962 millibus
1350 2904 1581 2960 circiter
1617 2901 1828 2973 viginti

145 2996 425 3066 duobus,
452 2994 558 3050 ubi
584 3000 643 3051 et
669 3011 932 3068 quercus
958 2994 1289 3061 Abraham,
1313 3009 1445 3067 quae
1467 2996 1525 3048 et
1541 2990 1823 3057 Mambre,

145 3101 349 3160 usque
369 3085 447 3141 ad
463 3084 791 3141 Constantii
812 3084 969 3154 regis
996 3084 1321 3158 imperium
1346 3080 1823 3147 monstrabatur,

145 3180 211 3233 et
272 3172 677 3231 mausolaeum
736 3173 869 3245 ejus
926 3174 989 3229 in
1036 3172 1497 3246 praesentiarum
1543 3169 1822 3226 cernitur.

148 3268 431 3337 Cumque
461 3279 499 3320 a
552 3267 774 3319 nostris
804 3263 1030 3319 ibidem
1062 3262 1324 3319 Ecclesia
1347 3262 1478 3332 jam
1524 3263 1827 3316 exstructa

146 3356 246 3424 sit,
271 3354 336 3410 in
356 3353 607 3410 circuitu
638 3369 676 3409 a
699 3355 927 3410 cunctis
945 3352 1250 3423 gentibus,
1274 3348 1633 3406 Tercbenthi
1660 3349 1826 3404 locus

146 3442 576 3517 superstitione
624 3442 855 3512 colitur,
901 3458 973 3499 eo
1024 3440 1194 3515 quod
1244 3439 1359 3495 sub
1390 3456 1463 3495 ea
1516 3438 1825 3494 Abraham

145 3531 406 3605 angelos
466 3530 782 3604 quondam
807 3531 1071 3605 hospitio
1118 3528 1463 3603 susceperit.
1496 3530 1627 3584 Haec
1682 3542 1825 3596 ergo

143 3622 421 3697 primum
468 3620 685 3690 Arbae,
715 3625 928 3694 postea
986 3619 1222 3676 Hebron
1273 3618 1352 3675 ab
1411 3633 1533 3673 uno
1562 3616 1825 3672 ﬁliorum

144 3710 334 3770 Caleb
363 3711 572 3766 sortita
600 3709 970 3766 vocabulum
1017 3712 1124 3765 est.
1160 3711 1312 3779 Lege
1347 3707 1536 3762 Vcrha
1566 3705 1822 3764 dierum.

142 3799 407 3857 Condita
464 3804 552 3854 est
607 3803 812 3855 autem
868 3803 1007 3854 ante
1068 3802 1300 3871 septem
1357 3811 1573 3865 annos,
1635 3802 1823 3867 quan

142 3892 416 3946 'l'amnes
450 3888 564 3943 ubs
595 3888 841 3961 IEgypti
872 3887 1248 3943 conderetur.

219 4002 249 4030 ι(
296 3981 582 4049 Egressus
612 3982 701 4033 est
728 3976 928 4033 Abner
958 3976 1276 4039 ﬁlius.Ner,
1310 3979 1367 4031 et
1395 3972 1567 4048 pueri
1598 3973 1824 4047 Joseph

143 4092 173 4119 ι(
217 4067 328 4124 ﬁlii
358 4066 620 4135 Sau1,de
650 4065 864 4123 castris
893 4066 955 4121 in
988 4065 1257 4127 Gabaon,
1280 4067 1460 4120 Porro
1487 4062 1640 4119 Joab
1662 4062 1821 4118 ﬁlius

142 4181 175 4209 cr
221 4158 467 4224 Sal-viae,
500 4162 559 4213 et
587 4155 755 4230 pueri
792 4155 972 4212 David
1024 4154 1250 4223 egressi
1274 4158 1436 4217 sunt,
1470 4159 1527 4209 et
1546 4168 1821 4208 occurre-

141 4273 172 4300 ι(
221 4252 371 4305 runt
426 4246 513 4302 eis
565 4247 740 4318 juxta
791 4245 1090 4319 piscinam
1150 4243 1422 4300 Gabaon.
1471 4246 1538 4298 Et
1584 4258 1721 4298 cum
1762 4242 1824 4298 in

139 4359 175 4394 ς
218 4354 417 4395 unum
447 4338 887 4408 convenissent,
912 4353 945 4393 e
993 4337 1239 4406 regione
1285 4334 1605 4390 sederunt:
1660 4334 1721 4389 hi
1751 4350 1825 4390 ex

141 4452 172 4481 cx
219 4444 349 4485 una
408 4433 577 4501 parte
630 4426 895 4501 piscinae,
946 4432 1003 4482 et
1061 4425 1143 4481 illi
1192 4441 1266 4480 ex
1310 4423 1518 4479 altera.
1551 4423 1823 4496 Dixitque

144 4543 174 4569 ‹‹
217 4518 427 4575 Abner
454 4516 530 4574 ad
554 4516 736 4573 Joab:
774 4518 1036 4586 Surgant
1064 4513 1256 4588 pueri,
1290 4519 1347 4570 et
1374 4512 1589 4569 ludant
1617 4528 1823 4569 coram

145 4632 175 4661 ‹‹
219 4607 423 4665 nobis.
460 4609 526 4662 Et
554 4604 868 4679 respondit
892 4603 1082 4661 Joab:
1120 4605 1398 4672 Surgant.
1435 4604 1828 4659 Surrexerunt

145 4721 177 4749 α
219 4712 395 4767 ergo,
428 4700 487 4752 et
518 4695 884 4752 transierunt
912 4709 1168 4750 numero
1198 4692 1521 4749 duodecim
1552 4691 1628 4747 de
1678 4694 1825 4747 Ben-

146 4813 177 4841 «ι
213 4786 439 4860 jamin,
475 4801 550 4842 ex
582 4790 752 4859 parte
784 4784 1058 4841 lsboseth
1084 4783 1191 4839 ﬁlii
1216 4781 1388 4840 Saul:
1422 4786 1481 4838 et
1502 4781 1828 4838 duodecim

149 4902 178 4928 «ς
220 4879 301 4934 de
353 4876 557 4950 pueris
602 4875 809 4932 David.
857 4874 1372 4949 Apprehensoque
1410 4871 1829 4945 unusquisque

152 4992 183 5019 α
224 4968 427 5042 capite
473 4966 778 5039 comparis
827 4966 939 5033 sui,
990 4963 1184 5020 diﬁxit
1228 4963 1500 5033 gladium
1558 4962 1617 5019 in
1669 4961 1829 5018 latus

152 5084 181 5109 «ι
233 5057 547 5122 contrarii,
576 5063 633 5111 et
681 5055 1024 5112 ceciderunt
1078 5053 1277 5110 simul.
1312 5055 1721 5124 Vocatumque
1747 5055 1837 5107 est

154 5172 183 5198 η
230 5163 459 5204 nomen
494 5145 610 5201 loci
643 5145 820 5215 illius,
856 5160 1000 5215 ager
1028 5144 1420 5199 robustorum
1470 5141 1528 5196 in
1556 5140 1833 5202 Gabaon.

158 5264 183 5288 «ι
233 5242 300 5294 Et
352 5242 558 5293 ortum
608 5240 698 5290 est
750 5235 976 5291 bellum
1006 5235 1230 5290 durum
1268 5233 1414 5288 satis
1447 5231 1503 5286 in
1532 5229 1627 5286 die
1656 5229 1775 5289 illa.
1808 5253 1837 5281 ››

155 5337 214 5386 et
282 5327 537 5400 reliqua.
579 5329 747 5383 Hunc
807 5324 1008 5380 locum
1069 5322 1367 5395 losephus
1423 5321 1506 5377 ita
1558 5319 1836 5392 exponit:

155 5418 362 5475 Abner
406 5421 616 5471 autem
664 5414 967 5488 promovit
997 5412 1253 5469 electum
1280 5409 1459 5466 nimis
1489 5408 1839 5478 exercitum,

160 5512 225 5563 ut
274 5503 752 5574 congrederetur
799 5518 940 5559 cum
999 5502 1159 5558 tribu
1220 5499 1396 5557 Juda.
1467 5496 1843 5554 Irascebatur

160 5596 325 5652 enim
388 5594 689 5650 adversus
739 5608 863 5659 eos,
897 5607 934 5648 a
980 5592 1206 5664 quibus
1252 5606 1353 5645 rex
1410 5587 1599 5644 David
1652 5586 1845 5643 fuerat

161 5686 503 5741 ordinatus.
556 5682 700 5738 Huic
756 5687 960 5737 autem
1002 5679 1262 5736 occurrit
1305 5678 1531 5733 missus
1570 5692 1607 5732 a
1656 5676 1846 5732 David

158 5773 329 5844 Joab,
363 5773 527 5831 ﬁlius
561 5771 785 5829 Sarviaa
806 5771 1028 5827 sororis
1048 5772 1200 5842 ejus,
1226 5769 1302 5824 de
1336 5771 1504 5841 patre
1532 5766 1842 5824 Sarnatus.

1957 495 2262 570 princeps.
2298 500 2445 555 Cum
2477 515 2600 572 quo
2626 500 2803 556 etiam
2837 500 3075 558 fuerunt
3107 502 3199 557 sui
3226 502 3459 571 fratres,
3488 503 3623 559 Abi-

1956 582 2065 653 sai,
2090 586 2288 650 Asael,
2320 591 2375 643 et
2396 604 2609 643 omnes
2639 589 2855 645 armati
2898 590 3105 647 David.
3139 592 3345 664 Itaque
3373 591 3621 649 veniens

1953 672 2034 728 ad
2086 675 2420 746 quemdam
2467 677 2694 733 fontem
2751 678 2814 734 in
2862 680 3095 736 civitate
3143 680 3373 747 Gabaa,
3428 682 3623 736 aciem

1953 763 2263 821 constituit
2292 764 2371 821 ad
2398 766 2823 838 pugnandum.
2848 769 3097 824 Dicente
3130 785 3272 826 vero
3301 769 3503 825 Abner
3534 768 3615 825 ad

1954 866 2117 922 eum,
2164 852 2317 910 velle
2367 870 2430 910 se
2474 855 2731 927 probare
2780 857 2919 929 quis
2957 873 3168 914 eorum
3218 858 3622 915 robustiorem

1951 941 2278 997 exercitum
2332 942 2599 1009 haberet,
2640 946 2923 1002 convenit
2976 946 3129 1002 inter
3188 950 3497 1020 utrosque,
3557 950 3625 1001 ut

1951 1025 2276 1084 duodecim
2304 1029 2461 1086 viros
2510 1038 2881 1102 pugnatores
2933 1035 3253 1101 mitterent,
3306 1041 3362 1091 et
3409 1052 3622 1109 proce-

1949 1114 2160 1172 dentes
2189 1117 2340 1173 inter
2368 1118 2602 1174 medias
2635 1120 2817 1191 acies,
2869 1122 2972 1194 qui
3024 1139 3099 1179 ex
3146 1128 3399 1197 utraque
3450 1129 3620 1197 parte

1949 1206 2161 1279 procul
2188 1206 2426 1264 fuerant
2444 1224 2481 1265 a
2510 1210 2855 1279 certamine,
2886 1211 3225 1285 relictisque
3258 1213 3476 1285 gladiis
3505 1213 3621 1270 viri

1952 1294 2141 1351 David
2184 1301 2244 1353 et
2272 1302 2539 1353 tenentes
2583 1299 2784 1371 capita
2813 1300 3102 1369 hostium,
3133 1318 3343 1358 eorum
3369 1302 3616 1360 lumbos

1948 1389 2006 1439 et
2048 1384 2255 1453 latera,
2309 1386 2435 1442 suis
2465 1386 2679 1456 gladiis
2722 1388 3122 1461 perforarunt,
3166 1391 3360 1447 donec
3404 1408 3618 1449 omnes

1948 1475 2126 1548 quasi
2168 1492 2238 1533 ex
2271 1494 2393 1533 uno
2436 1478 2756 1535 constituto
2811 1480 3130 1553 periment.
3162 1481 3257 1537 His
3288 1487 3490 1539 autem
3522 1500 3618 1540 ca-

1947 1566 2252 1635 dentibus,
2283 1567 2462 1624 etiam
2485 1568 2752 1641 reliquus
2781 1570 3051 1643 direptus
3083 1576 3173 1628 est
3196 1573 3491 1629 exercitus
3530 1574 3618 1629 di-

1952 1656 2269 1713 micatione
2316 1657 2639 1715 fortissima
2686 1661 3070 1731 procedente,
3102 1660 3306 1717 Abner
3354 1662 3620 1735 populus

1881 1773 1921 1827 Β
1949 1744 2140 1801 victus
2190 1745 2253 1801 in
2307 1744 2517 1817 fugam
2563 1747 2838 1804 vertitur:
2900 1747 3197 1819 fugientes
3230 1754 3430 1806 autem
3469 1750 3619 1806 Joab

1948 1833 2229 1906 persequi
2273 1849 2396 1891 non
2448 1835 2748 1904 cessabat,
2809 1837 3164 1910 praecipiens
3226 1840 3493 1907 armatis,
3554 1842 3622 1893 ut

1947 1927 2089 1994 post
2112 1939 2323 1980 eorum
2347 1924 2598 1996 vestigia
2618 1925 2983 1992 festinarent,
3016 1930 3073 1982 et
3099 1942 3496 2000 nequaquam
3522 1944 3622 1984 oc-

1949 2011 2207 2068 cidendo
2256 2012 2581 2070 deﬁcerent
2632 2014 2806 2085 cujus
2858 2015 3040 2071 etiam
3088 2015 3299 2071 fratres
3342 2016 3617 2073 detestati

1945 2104 2086 2156 sunt
2114 2101 2494 2173 pronissime.
2534 2102 2690 2159 Inter
2736 2118 2893 2176 quos
2935 2102 3149 2159 clarior
3176 2102 3286 2159 fuit
3314 2105 3616 2178 praecipue

1940 2188 2146 2260 junior
2164 2189 2362 2260 Asael,
2393 2190 2498 2263 qui
2521 2194 2752 2248 tantam
2774 2190 3028 2262 gloriam
3058 2191 3270 2248 habuit
3298 2192 3359 2247 in
3384 2192 3613 2264 pedum

1943 2278 2278 2348 velocitate,
2296 2284 2363 2337 ut
2383 2296 2506 2336 non
2529 2280 2726 2337 solum
2756 2280 3061 2346 homines,
3082 2280 3191 2336 sed
3212 2281 3393 2338 etiam
3415 2299 3609 2354 equos

1942 2368 2023 2425 ad
2060 2362 2425 2426 currendum
2457 2374 2786 2444 superaret.
2828 2371 2883 2426 Is
2912 2371 3092 2441 igitur
3136 2372 3615 2444 persequebatur

1941 2458 2145 2515 Abner
2171 2464 2334 2516 recto
2356 2475 2589 2531 gressu,
2636 2459 2698 2516 in
2727 2464 3128 2534 neutramque
3155 2465 3392 2534 partem
3435 2460 3614 2517 decli-

1936 2563 2112 2603 nans.
2148 2550 2418 2623 Cumque
2448 2549 2806 2622 respexisset
2845 2550 3047 2607 Abner
3076 2555 3141 2607 et
3169 2550 3614 2606 considerasset

1934 2636 2229 2711 impetum
2251 2639 2553 2711 sequentis
2580 2643 2638 2695 et
2658 2639 2998 2704 dixisset,ut
3015 2641 3195 2697 unius
3216 2640 3418 2696 militis
3440 2655 3613 2696 arma

1939 2743 2185 2783 sumens
2207 2728 2287 2784 ab
2316 2729 2448 2799 ejus
2481 2729 2895 2801 persecutione
2924 2728 3281 2802 quiesceret,
3314 2734 3373 2784 et
3398 2744 3611 2784 rursus

1935 2814 2031 2871 ille
2062 2832 2452 2889 nequaquam
2505 2833 2541 2873 a
2579 2833 2689 2873 suo
2730 2818 3050 2875 conanime
3081 2818 3318 2891 penitus
3352 2817 3613 2872 abstine-

1937 2910 2043 2975 ret,
2095 2911 2379 2963 monente
2414 2905 2514 2962 illo
2544 2906 2748 2964 denuo
2793 2911 2859 2963 ut
2886 2907 3207 2975 recederet,
3236 2923 3312 2963 ne
3364 2910 3609 2962 coactus

1936 3010 2078 3051 eum
2133 3000 2484 3067 percuteret,
2518 3001 2576 3053 et
2631 3001 2768 3053 ante
2800 2997 2931 3067 ejus
2961 2996 3205 3053 fratrem
3260 2996 3509 3052 ulterius
3542 2994 3608 3050 ﬁ-

1935 3083 2179 3140 duciam
2232 3100 2357 3140 non
2387 3084 2655 3141 haberet.
2689 3085 2889 3140 Verba
2918 3086 3048 3155 ejus
3086 3084 3186 3140 illo
3211 3084 3607 3157 despiciente,

1935 3172 2171 3243 fugiens
2194 3178 2331 3246 post
2356 3178 2591 3245 tergum
2620 3174 2898 3231 lanceam
2919 3174 3115 3230 emisit
3137 3178 3401 3240 coactus,
3432 3188 3603 3228 eum-

1935 3279 2054 3336 que
2095 3266 2337 3336 repente
2382 3263 2622 3319 mortali
2679 3263 2920 3319 vulnere
2956 3262 3305 3335 penetravit.
3342 3261 3602 3334 Mystice,

1935 3352 2136 3407 Abncr
2162 3352 2238 3407 de
2270 3353 2425 3408 tribu
2462 3352 2790 3423 Benjamin,
2825 3351 3106 3425 princeps
3132 3351 3424 3408 exercitus
3449 3350 3606 3421 regis

1939 3442 2155 3509 Saulis,
2188 3458 2408 3515 pueros
2440 3441 2627 3498 David
2657 3442 2762 3515 qui
2789 3447 2960 3498 erant
2988 3458 3128 3497 cum
3157 3441 3306 3497 Joab
3336 3440 3607 3514 principe

1935 3532 2227 3587 exercitus
2263 3531 2437 3600 Juda,
2470 3530 2547 3588 ad
2580 3530 2857 3604 praelium
2899 3530 3177 3586 scribitur
3218 3544 3603 3602 provocasse,

1935 3630 1992 3677 et
2012 3619 2288 3676 Asaelem
2318 3619 2563 3676 fratrem
2590 3620 2740 3676 Joab
2762 3636 3117 3693 percussum
3145 3618 3205 3675 in
3238 3618 3483 3688 inguine
3514 3617 3606 3672 in-

1936 3711 2254 3776 terfecisse,
2290 3710 2373 3765 sic
2420 3708 2671 3782 quidem
2700 3708 2945 3780 intelligi
2974 3708 3204 3775 volunt,
3247 3707 3485 3776 Saulus,
3518 3706 3605 3762 in-

1935 3800 2170 3872 quiunt,
2203 3798 2465 3855 necdum
2506 3798 2707 3854 adhuc
2739 3798 3072 3870 apostolus,
3100 3798 3175 3852 de
3209 3796 3367 3852 tribu
3398 3796 3604 3865 Benja-

1936 3888 2083 3957 min,
2110 3887 2468 3961 priusquam
2493 3887 2696 3943 fuisset
2724 3891 3032 3959 correptus
3057 3901 3094 3941 a
3124 3885 3398 3953 Domino,
3432 3899 3607 3957 apos-

1935 3977 2090 4033 tolos
2131 3975 2209 4033 ad
2240 3980 2544 4032 certamen
2592 3975 2808 4045 legitur
2835 3990 3221 4048 provocasse,
3250 3990 3321 4029 ac
3351 3974 3479 4028 neci
3512 3972 3603 4028 in-

1936 4066 2203 4122 terfuisse
2238 4065 2520 4139 Stephani
2552 4066 2711 4136 (Act.
2742 4065 3147 4131 v1).Caeterum
3178 4063 3345 4137 quod
3360 4062 3602 4120 locutus

1935 4159 2025 4210 est
2058 4154 2258 4210 Abner
2287 4155 2367 4210 ad
2394 4154 2595 4225 Asael,
2629 4154 2869 4211 dicens:

2005 4274 2033 4301 ‹‹
2078 4252 2325 4319 Recede,
2366 4251 2491 4307 noli
2536 4268 2635 4308 me
2691 4252 2892 4325 sequi,
2945 4267 3023 4309 ne
3072 4250 3220 4307 forte
3269 4250 3602 4324 compellar

1934 4363 1962 4391 α
2005 4340 2328 4397 confodere
2390 4346 2443 4397 te
2507 4340 2569 4396 in
2630 4345 2871 4409 terram,
2939 4341 3136 4398 levare
3203 4356 3327 4397 non
3396 4344 3606 4413 potero

1940 4453 1967 4481 ‹‹
2009 4430 2223 4486 faciem
2267 4446 2467 4486 meam
2524 4430 2603 4487 ad
2656 4430 2810 4487 Joab
2859 4430 3104 4487 fratrem
3141 4435 3335 4486 tuum.
3368 4430 3481 4497 Qui
3506 4444 3611 4485 au-

1938 4540 1966 4569 «
2007 4519 2134 4576 dire
2184 4520 2520 4593 cotempsit,
2570 4523 2628 4576 et
2690 4519 2882 4576 noluit
2938 4519 3261 4577 declinare.
3316 4517 3613 4585 Percussit

1937 4631 1963 4660 ‹‹
2008 4625 2150 4679 ergo
2191 4624 2332 4665 eum
2387 4610 2589 4665 Abner
2643 4626 2857 4666 aversa
2902 4610 3080 4665 hasta
3134 4609 3196 4664 in
3255 4608 3523 4678 inguine,
3554 4610 3614 4662 et

1937 4721 1966 4749 ‹‹
2011 4697 2346 4767 transfodit,
2395 4703 2452 4754 et
2472 4703 2750 4755 mortuus
2780 4702 2874 4753 est
2927 4697 2989 4752 in
3018 4696 3234 4752 eodem
3276 4695 3432 4762 loco,
3488 4710 3616 4750 om-

1939 4808 1967 4838 «ι
2008 4803 2238 4859 nesque
2268 4786 2372 4858 qui
2406 4786 2744 4842 transibant
2794 4801 2901 4858 per
2932 4785 3133 4840 locum
3164 4783 3357 4849 illum,
3397 4784 3457 4839 in
3489 4797 3614 4855 quo

1940 4899 1968 4927 ‹‹
2012 4876 2305 4933 ceciderat
2333 4875 2512 4931 Asael
2539 4880 2597 4930 et
2628 4888 2900 4930 mortuus
2931 4877 3077 4940 erat,
3121 4871 3548 4928 subsistebant.
3583 4893 3613 4921 υ

1944 4966 2257 5035 Moraliter,
2288 4966 2460 5036 cujus
2521 4963 2675 5019 idem
2740 4962 2920 5018 Asael
2973 4967 3187 5034 typum
3246 4962 3456 5025 tenuit,
3500 4958 3617 5016 nisi

1946 5073 2157 5113 eorum
2184 5072 2339 5128 quos
2383 5056 2769 5110 vehementer
2808 5052 3018 5124 arripit
3060 5051 3248 5118 furor,
3288 5056 3345 5107 et
3374 5051 3433 5106 in
3464 5066 3617 5123 prte-

1949 5161 2092 5217 ceps
2124 5145 2328 5200 ducit?
2360 5144 2467 5209 Qui
2531 5144 2589 5197 iu
2639 5142 2854 5197 eodem
2901 5140 3119 5196 furoris
3169 5139 3415 5215 impetu,
3450 5144 3618 5196 tanto

1950 5233 2183 5289 cautius
2215 5232 2613 5303 det-linantur,
2664 5233 2897 5305 quanto
2952 5235 3007 5285 et
3052 5228 3323 5285 insanius
3372 5228 3618 5300 rapiun-

1953 5327 2065 5380 tur.
2102 5321 2267 5378 Unde
2293 5327 2349 5376 et
2368 5321 2569 5376 Abner
2590 5321 2716 5395 qui,
2747 5335 3026 5377 sermone
3047 5323 3276 5382 nostro,
3304 5319 3502 5387 patris
3532 5317 3621 5371 lu-

1952 5427 2133 5469 cerna
2192 5409 2427 5480 dicitur,
2461 5409 2632 5481 fugit,
2680 5410 2827 5483 quia
2874 5408 3194 5465 doctorum
3224 5406 3453 5477 lingua,
3483 5421 3622 5478 quae

1954 5515 2286 5571 supernum
2327 5498 2427 5555 Dei
2466 5499 2675 5556 lumen
2722 5499 2967 5566 indicat,
3016 5514 3156 5554 cum
3209 5512 3317 5569 per
3363 5496 3624 5568 abrupta

1956 5588 2173 5644 furoris
2201 5593 2463 5643 mentem
2491 5587 2831 5659 cujuspiam
2862 5587 2998 5643 ferri
3025 5584 3336 5659 conspicit,
3359 5598 3623 5656 cumque

1958 5682 2169 5733 contra
2223 5676 2611 5748 irascentum,
2660 5675 3001 5731 dissimulat
3051 5676 3373 5731 verborum
3420 5672 3627 5744 jacula

1960 5766 2233 5836 reddere,
2255 5767 2434 5840 quasi
2463 5770 2924 5841 persequentem
2960 5779 3084 5821 non
3128 5764 3254 5822 vult
3285 5763 3476 5820 ferire.
3510 5758 3627 5815 Sed
