3940 6404
413 271 519 331 339

1517 266 1877 326 ANGELOMI
1917 257 2333 322 LUOVIENSIS
2372 261 2685 318 MONACH‘I

416 409 559 453 eum
587 379 860 452 iracundi
887 394 1053 452 nulla
1077 393 1553 449 consideratione
1598 409 1659 468 se
1687 393 1980 460 mitigant,
2012 393 2070 444 et
2101 391 2146 442 Α
2180 386 2360 442 etiam
2389 390 2565 458 partu
2594 384 2954 441 occubuisse
2980 381 3212 438 dicitur.
3231 379 3404 434 Unde
3421 383 3478 436 et
3503 379 3564 436 in
3591 397 3858 453 sequen-

416 486 593 560 quasi
621 485 814 553 Asael,
845 483 1121 558 persequi
1152 487 1208 538 et
1235 482 1658 551 insanire,non
1687 485 1944 549 cessant,
1964 495 2068 535 ne-

417 589 584 632 cesse
613 578 704 630 est
740 576 804 630 ut
831 571 935 645 qui
987 571 1246 628 furentes
1278 570 1600 644 reprimere
1631 574 1944 637 conantur,
1972 583 2072 622 ne-

418 677 729 737 quaquam
751 676 814 716 se
841 660 903 716 in
930 660 1194 716 furorem
1231 659 1486 728 erigant,
1519 659 1622 714 sed
1654 657 1950 730 quidquid
1985 658 2074 711 est

419 749 857 824 tranquillitatis
909 747 1248 812 ostendant,
1274 747 1559 820 quredam
1603 761 1746 803 vero
1785 745 2074 801 subtiliter

419 839 742 914 proferant,
783 837 844 892 in
875 837 1098 910 quibus
1127 853 1200 894 ex
1229 836 1476 909 obliquo
1507 835 1758 892 furentis
1805 835 2072 890 animam

418 931 693 1002 purgent.
727 926 895 983 Unde
949 931 1006 982 et
1035 926 1253 996 Abner,
1285 942 1423 981 cum
1454 931 1662 982 contra
1715 937 2076 998 persequen-

417 1022 538 1075 tem
591 1016 868 1087 substitit,
923 1032 1049 1073 non
1096 1032 1236 1072 eum
1274 1020 1453 1081 recta,
1498 1015 1602 1070 sed
1651 1030 1861 1070 aversa
1901 1014 2076 1068 hasta

418 1106 817 1165 transforavit.
874 1109 957 1162 Ex
1011 1121 1300 1162 mucrone
1351 1105 1575 1178 quippe
1620 1108 1946 1177 percutere,
1991 1106 2078 1158 est

418 1196 647 1270 impetu
687 1199 907 1269 apertae
946 1195 1371 1266 increpationis
1397 1195 1660 1250 obviare.
1690 1196 1912 1248 Aversa
1936 1207 2076 1248 vero

419 1285 599 1342 basta
642 1288 1102 1357 persequentem
1148 1283 1340 1346 ferire,
1386 1288 1476 1340 est
1523 1283 1816 1338 furentem
1855 1281 2078 1336 intran-

421 1372 625 1448 quille,
657 1388 726 1428 ex
759 1371 1128 1445 quibusdam
1168 1387 1406 1444 angere,
1435 1377 1492 1428 et
1547 1371 1720 1444 quasi
1772 1369 2078 1444 parcendo

425 1475 732 1535 superare.
775 1461 952 1517 Asael
999 1466 1198 1517 autem
1243 1461 1517 1535 protinus
1573 1461 1894 1530 occumbit,
1934 1459 2078 1532 quia

427 1555 747 1607 commotas
775 1555 1026 1610 mentes.
1057 1550 1204 1606 dum
1246 1554 1304 1606 et
1340 1551 1504 1623 parci
1558 1550 1668 1604 sibi
1710 1549 1990 1609 sentiunt,
2024 1551 2081 1602 et

428 1643 572 1696 tunc
615 1653 1048 1712 responsorum
1093 1639 1321 1695 ratione
1367 1639 1432 1695 in
1479 1638 1722 1706 intimis,
1775 1638 1890 1693 sub
1925 1641 2082 1694 tran-

2180 475 2342 531 tibus
2396 475 2682 548 scriptum
2745 479 2867 532 est:
2924 473 3101 542 Igitur
3132 469 3340 526 Michol
3384 469 3521 524 ﬁliae
3554 470 3698 524 Saul
3732 488 3858 526 non

2183 568 2277 621 est
2320 569 2498 620 natus
2528 564 2711 634 filius,
2742 578 2936 634 usque
2973 561 3052 617 ad
3093 559 3255 615 diem
3283 559 3493 614 mortis
3526 575 3676 626 suae,
3711 561 3863 632 quia

2179 654 2241 711 in
2261 655 2395 726 ipso
2423 659 2598 727 partu
2647 653 2945 709 occubuit.
2980 655 3043 706 Et
3071 649 3220 722 quid
3261 653 3490 721 septem
3523 649 3631 704 ﬁlii
3663 649 3862 705 David

2179 743 2288 817 qui
2308 743 2361 798 ei
2387 745 2513 799 nati
2535 745 2674 798 sunt
2701 742 2760 798 in
2796 741 3049 808 Hebron,
3085 739 3196 795 nisi
3222 737 3650 812 perfectionem
3685 755 3865 794 sanc-

2179 837 2379 888 torum
2403 832 2463 888 in
2511 832 2648 886 fide.
2683 844 2979 895 sermone,
3012 832 3068 883 et
3097 843 3275 900 opere
3299 827 3691 896 significant?
3720 844 3862 900 quin

2181 921 2260 979 ab
2279 921 2536 978 Ecclesia
2572 926 2780 984 matre,
2803 934 3028 990 sponso
3045 915 3333 972 Salvatori
3349 916 3624 972 videlicet
3640 921 3865 972 nostro

2181 1011 2448 1086 quotidie
2481 1015 2859 1072 ;ξριιτειιειιιῐιιι·,
2885 1013 2941 1063 et
2963 1007 3246 1078 conjugio
3279 1005 3548 1078 spiritali,
3582 1022 3696 1078 per
3729 1007 3863 1078 Spi-

2181 1101 2328 1158 ritus
2357 1101 2542 1156 sancti
2598 1099 2872 1168 gratiam,
2919 1099 2980 1153 in
3027 1101 3311 1152 (sternam
3351 1095 3538 1154 vitam
3579 1095 3864 1168 quotidie

2181 1190 2287 1248 ﬁlii
2313 1191 2462 1247 lucis
2492 1191 2786 1246 oriuntur.

2258 1299 2288 1335 α
2328 1279 2653 1353 Respondit
2682 1279 2884 1334 Abner
2913 1277 3098 1332 iratus
3126 1276 3204 1333 ad
3231 1275 3537 1332 lsboseth:
3563 1275 3870 1346 Nunquid

2185 1394 2214 1421 ει
2257 1375 2438 1443 caput
2463 1370 2630 1426 canis
2665 1385 2778 1437 ego
2811 1385 2945 1423 sum
2977 1368 3298 1422 adversum
3328 1365 3484 1421 Juda
3515 1365 3724 1430 hodie,
3757 1365 3874 1437 qui

2189 1482 2217 1510 α
2258 1459 2497 1516 fecerim
2525 1457 2999 1514 misericordiam
3027 1472 3207 1528 super
3227 1455 3481 1510 domum
3504 1454 3646 1511 Saul
3669 1455 3875 1526 patris

2189 1569 2218 1603 α
2262 1550 2342 1606 tui
2374 1553 2429 1606 et
2455 1564 2635 1622 super
2666 1548 2872 1603 fratres
2899 1553 2952 1602 et
2982 1546 3291 1618 proximos
3321 1545 3498 1616 ejus?
3519 1549 3574 1600 et
3595 1559 3725 1600 non
3751 1548 3877 1598 tra-

2191 1663 2220 1690 ‹‹
2261 1639 2387 1695 didi
2433 1643 2488 1696 te
2537 1638 2597 1694 in
2646 1652 2836 1693 manu
2871 1636 3076 1698 David,
3111 1641 3167 1690 et
3216 1639 3278 1690 tu
3319 1634 3617 1706 requisisti
3660 1633 3726 1688 in
3767 1648 3876 1687 me

429 1727 718 1802 quillitate
742 1733 1089 1800 tanguntur,
1122 1728 1201 1786 ab
1249 1743 1320 1784 eo
1349 1744 1471 1802 quo
1506 1743 1569 1784 se
1617 1733 1945 1797 erexerant,
1969 1731 2082 1782 sta-
2110 1743 2151 1797 Β
2192 1753 2219 1780 ‹‹
2261 1727 2424 1802 quod
2456 1743 2737 1796 argueres
2765 1743 2875 1800 pro
2916 1725 3164 1780 muliere
3193 1723 3418 1779 hodie?
3449 1741 3479 1775 ›
3511 1727 3569 1778 et
3600 1721 3870 1794 reliqua.

429 1817 538 1874 tim
577 1817 820 1874 cadunt.
855 1817 964 1883 Qui
997 1832 1140 1888 ergo
1165 1833 1202 1874 a
1245 1817 1492 1873 fervoris
1539 1817 1632 1872 sui
1681 1817 1930 1889 impetu,
1962 1815 2076 1870 sub

429 1905 687 1964 lenitatis
709 1906 1094 1978 percussione
1121 1905 1589 1979 resiliunt,quasi
1617 1906 1744 1962 sine
1773 1906 2079 1973 ferro,mo-

426 1994 680 2052 riuntur.

499 2105 530 2135 «
571 2085 638 2139 Et
682 2081 1036 2139 exclamavit
1088 2084 1288 2140 Abner
1331 2083 1410 2140 ad
1459 2084 1633 2152 Joab,
1674 2087 1731 2140 et
1759 2083 1876 2151 ait;
1926 2086 2077 2138 Num

428 2193 457 2223 ‹‹
498 2187 694 2245 usque
719 2172 797 2228 ad
817 2171 1285 2230 internecionem
1315 2176 1452 2230 tuus
1478 2189 1689 2229 mucro
1742 2172 2077 2228 desteviet.»

427 2261 729 2330 Hebraeus,
767 2265 831 2318 ut
869 2261 984 2332 legi
1030 2261 1093 2318 in
1145 2262 1463 2333 cujusdam
1495 2261 1922 2335 disputatione,
1956 2277 2078 2317 non

425 2351 611 2408 habet
638 2357 794 2408 tuus.
828 2371 857 2403 α
890 2356 974 2406 An
1003 2353 1248 2422 ignoras
1287 2351 1454 2424 quod
1481 2351 1820 2424 periculosa
1847 2351 1920 2406 sit
1944 2350 2079 2406 des-

424 2439 693 2514 peratio?
722 2459 751 2490 »
795 2439 860 2496 ln
902 2440 1150 2496 Hebraeo
1196 2440 1278 2496 ita
1307 2439 1588 2496 habetur:
1633 2461 1662 2490 ‹‹
1704 2444 1792 2496 An
1839 2440 2081 2510 ignoras

425 2527 594 2602 quod
623 2543 868 2584 amarus
899 2528 1008 2585 erit
1033 2527 1216 2586 ﬁnis?
1239 2548 1268 2578 ››
1297 2531 1363 2584 Et
1390 2533 1480 2585 est
1514 2545 1763 2586 sensus:
1799 2529 2081 2602 Nunquid

426 2616 670 2687 ignoras
697 2617 864 2689 quod
901 2617 981 2674 ad
1011 2616 1474 2674 amaritudinem
1507 2617 1606 2674 tibi
1649 2619 1978 2690 proveniat,
2009 2635 2080 2674 eo

427 2704 596 2778 quod
623 2704 918 2778 populum
947 2706 1111 2762 hunc
1135 2705 1330 2762 delere
1361 2707 1561 2762 niteris
1581 2707 1611 2763 ?

1070 2849 1298 2908 CAPUT
1342 2848 1438 2906 IIl.

500 2993 530 3021 κ
558 2974 736 3030 Facta
763 2975 852 3029 est
879 2987 1021 3044 ergo
1049 2973 1232 3044 longa
1259 2975 1620 3032 concertatio
1651 2975 1804 3031 inter
1829 2975 2079 3032 domum

2190 1820 2271 1874 Ac
2297 1817 2348 1874 si
2373 1817 2623 1885 diceret;
2659 1819 2898 1887 Propter
2930 1819 3001 1881 te,
3028 1817 3084 1870 et
3115 1818 3360 1886 propter
3379 1812 3634 1868 domum
3663 1812 3871 1884 patris

2187 1908 2292 1975 tui,
2325 1907 2492 1963 dicor
2531 1910 2711 1978 caput
2733 1905 2899 1961 canis
2930 1920 3057 1959 esse
3081 1908 3288 1958 contra
3317 1901 3556 1968 ludam,
3585 1917 3658 1956 eo
3687 1900 3872 1974 quod

2186 2013 2311 2054 non
2359 1997 2582 2052 reduco
2633 1995 2883 2050 domum
2914 1993 3093 2049 Israel
3125 1992 3202 2048 ad
3263 1991 3464 2058 David,
3504 2006 3699 2064 quem
3734 1990 3869 2046 seio

2188 2091 2436 2143 unctum
2472 2101 2600 2142 esse
2628 2088 2913 2155 regem.et
2943 2087 3332 2153 regnaturum
3364 2081 3490 2137 fore
3524 2095 3713 2154 super
3729 2079 3871 2135 uni-

2186 2191 2430 2232 versum
2477 2190 2730 2243 regnum
2765 2172 2968 2229 Israel.
2997 2173 3188 2243 Caput
3230 2171 3395 2226 canis
3423 2187 3485 2225 se
3519 2169 3664 2224 dicit
3691 2183 3862 2238 esse,

2187 2265 2249 2321 id
2281 2271 2366 2321 est
2393 2264 2588 2330 vilem,
2624 2279 2696 2319 eo
2725 2262 2893 2335 quod
2925 2279 2959 2317 a
2989 2261 3171 2316 domo
3200 2261 3353 2316 Iuda
3392 2259 3474 2315 sic
3505 2258 3859 2327 haberetur,

2188 2354 2341 2410 sicut
2367 2353 2616 2409 latratus
2646 2352 2831 2419 canis,
2863 2353 2922 2406 et
2950 2366 3020 2406 eo
3047 2349 3216 2423 quod
3245 2348 3528 2421 princeps
3554 2352 3717 2404 esset
3755 2363 3860 2403 ea-

2188 2461 2358 2513 num,
2390 2443 2450 2500 id
2479 2450 2566 2499 est
2590 2442 2906 2498 stultorum
2939 2440 3279 2495 hominum.

2261 2555 2290 2582 ‹‹
2317 2536 2381 2588 Et
2402 2531 2549 2588 dixit
2568 2531 2765 2587 Abner
2791 2530 2868 2586 ad
2891 2529 3096 2584 David:
3129 2531 3385 2598 Surgam
3403 2534 3467 2583 ut
3491 2541 3865 2597 congregem

2191 2646 2218 2674 ‹‹
2257 2623 2336 2679 ad
2375 2627 2429 2678 te
2468 2622 2785 2677 dominum
2819 2636 3044 2684 meum,
3076 2633 3281 2688 regem
3320 2621 3520 2674 omnis
3574 2617 3776 2686 lsrael,
3807 2622 3868 2672 et

2191 2735 2220 2762 «
2254 2713 2449 2768 ineam
2486 2716 2684 2768 tecum
2725 2709 2945 2774 foedus,
2985 2713 3048 2764 ut
3093 2709 3353 2780 imperes
3385 2707 3670 2763 omnibus
3704 2706 3865 2762 sicut

2193 2825 2220 2852 «
2262 2801 2554 2858 desiderat
2587 2800 2790 2857 anima
2814 2805 2930 2856 tua.
2957 2801 3105 2855 Cum
3127 2813 3270 2868 ergo
3290 2797 3638 2854 deduxisset
3667 2797 3866 2852 David

2193 2913 2222 2940 «
2264 2890 2463 2946 Abner
2489 2894 2546 2946 et
2589 2889 2686 2945 ille
2713 2892 2868 2945 esset
2909 2888 2970 2944 in
3000 2901 3170 2961 pace.
3199 2910 3226 2936 »
3275 2886 3475 2943 Abner
3501 2889 3751 2942 veniens
3778 2886 3861 2941 ad

2194 2979 2378 3037 David
2408 2983 2472 3035 ut
2520 2978 2871 3034 universum
2899 2977 3099 3048 lsrael,
3130 2991 3317 3045 regno
3362 2977 3550 3050 ipsius
3604 2976 3865 3032 sociaret

429 3083 459 3114 α
501 3062 662 3129 Saul,
691 3067 747 3120 et
773 3063 1026 3120 domum
1059 3065 1264 3120 David.
1287 3065 1474 3120 David
1493 3066 1831 3138 proficiens,
1855 3070 1912 3122 et
1931 3083 2082 3122 sem-
2110 3090 2154 3144 ο
2193 3069 2272 3126 ab
2299 3067 2448 3126 Joab
2477 3067 2790 3139 ignorante
2838 3066 3046 3133 David,
3094 3066 3154 3122 in
3185 3065 3325 3122 dolo
3365 3065 3596 3121 occisus
3637 3069 3748 3122 est.
3777 3066 3863 3121 De

426 3174 456 3202 κ
495 3167 604 3226 per
627 3153 688 3208 in
719 3152 920 3226 seipse
957 3153 1280 3224 robustior,
1310 3153 1530 3210 domus
1568 3161 1769 3211 autem
1803 3156 1942 3212 Saul
1984 3156 2083 3212 de-

425 3259 453 3292 α
494 3255 766 3298 crescens
811 3242 1097 3314 quotidie.
1132 3265 1161 3292 »
1223 3243 1448 3300 Domus
1500 3259 1641 3315 ergo
1691 3244 1899 3310 David,
1943 3257 2080 3318 quae

423 3334 514 3386 est
557 3331 675 3387 alia
721 3345 910 3404 quam
957 3331 1162 3388 civitas
1213 3332 1352 3389 Dei?
1405 3333 1768 3390 Hierusalem
1811 3334 2084 3391 videlicet

425 3417 700 3484 calestis,
725 3433 860 3491 quae
889 3419 1106 3490 partim
1140 3421 1340 3476 adhuc
1360 3421 1774 3494 peregrinatur
1801 3423 1864 3478 in
1890 3423 2079 3489 terris,

425 3506 646 3580 partim
673 3507 802 3578 jam
832 3523 970 3564 cum
1007 3509 1260 3564 Domino
1294 3515 1505 3579 regnat
1533 3511 1594 3566 in
1638 3511 1824 3567 caelis.
1858 3514 1924 3568 Et
1946 3529 2082 3585 quae

426 3599 516 3651 est
546 3595 767 3652 domus
804 3595 944 3651 Saul
971 3595 1217 3668 superbi
1241 3601 1298 3654 et
1340 3597 1506 3672 impii
1539 3599 1719 3669 regis,
1750 3601 1864 3656 nisi
1886 3601 2082 3673 Baby-

423 3683 526 3742 lon
555 3684 654 3740 illa
679 3681 1049 3740 confusionis
1078 3685 1275 3758 plena,
1308 3699 1445 3759 quae
1476 3688 1702 3744 seducit
1725 3693 1780 3744 et
1803 3689 2085 3746 fornicari

424 3773 567 3831 facit
615 3790 827 3831 omnes
867 3778 1072 3844 gentes
1114 3774 1174 3830 in
1207 3775 1620 3848 prostitutione
1666 3793 1776 3834 sua
1801 3779 1828 3833 ?
1884 3779 2086 3847 Longa

424 3878 568 3934 ergo
615 3863 980 3920 concertatio
1027 3863 1182 3921 inter
1227 3864 1476 3922 domum
1539 3866 1700 3937 Saul,
1732 3871 1789 3924 et
1829 3863 2082 3924 domum

426 3951 615 4008 David
661 3956 770 4020 est,
801 3952 946 4026 quia
993 3952 1372 4026 persequitur
1425 3953 1529 4010 illa
1575 3971 1711 4028 qua:
1746 3956 2082 4012 secundum

425 4055 669 4098 carnem
717 4045 824 4108 est,
857 4057 993 4098 eam
1040 4058 1178 4115 quae
1233 4043 1565 4100 secundum
1625 4045 1917 4118 spiritum.
1969 4047 2084 4104 Sed

423 4129 644 4187 domus
677 4131 887 4201 David,
927 4148 998 4187 eo
1042 4132 1237 4202 magis
1266 4134 1534 4206 profectu
1563 4135 1821 4192 filiorum
1855 4137 2082 4208 gaude-

423 4218 514 4275 bit
534 4235 803 4287 suorum,
856 4235 981 4292 quo
1025 4221 1220 4292 magis
1247 4223 1465 4278 domus
1495 4224 1632 4280 Saul
1662 4227 2082 4298 persecutioni-

423 4308 542 4364 bus
579 4312 786 4366 contra
823 4325 958 4366 eam
991 4311 1174 4368 servit.
1228 4313 1332 4369 [Ila
1373 4319 1572 4370 autem
1627 4315 1894 4387 quotidie
1937 4317 2081 4372 deﬂ-

423 4396 608 4468 ciens,
637 4398 700 4453 in
729 4397 1038 4472 iniquitate
1065 4417 1176 4458 sua
1204 4402 1501 4460 tabescet:
1536 4407 1593 4460 et
1634 4403 1712 4460 ad
1743 4409 2077 4461 extremum

424 4487 757 4544 secundum
809 4488 1020 4546 merita
1075 4507 1208 4552 sua.
1237 4491 1415 4548 simul
1465 4506 1604 4549 cum
1635 4493 1826 4565 capite
1857 4509 1988 4564 suo,
2017 4496 2078 4550 in

420 4574 793 4648 profundum
824 4578 1032 4651 abyssi
1063 4582 1384 4652 mergetur.

491 4686 520 4715 ‹‹
552 4665 681 4722 Nati
699 4681 946 4740 quoque
976 4673 1116 4724 sunt
1130 4669 1234 4724 ﬁlii
1253 4669 1438 4726 David
1461 4669 1520 4725 in
1545 4669 1804 4726 Hebron.
1831 4670 2078 4744 Fuitque

415 4774 447 4804 κ
488 4753 924 4826 primogenitus
953 4757 1085 4827 ejus
1118 4757 1460 4824 Amnon,de
1487 4758 1793 4813 Achinoen
1818 4759 2078 4815 chraeli-

416 4864 448 4893 u
488 4843 628 4913 tide,
649 4847 706 4899 et
729 4848 868 4916 post
891 4860 1032 4902 eum
1063 4846 1295 4912 Chelea,
1328 4847 1403 4902 de
1427 4845 1658 4914 Abigail
1687 4861 1870 4902 uxore
1891 4848 2078 4904 Nabal

416 4954 444 4982 ε(
495 4931 768 4987 Carmeli.
823 4932 1008 4988 Porro
1065 4934 1268 4989 tertius
1300 4933 1590 4997 Absalnn,
1640 4933 1796 4988 ﬁlius
1835 4937 2079 4993 Maacha

415 5037 446 5066 κ
486 5017 620 5074 ﬁliae
664 5019 934 5076 Tholomi
963 5022 1120 5091 regis
1142 5023 1376 5078 Gessur.
1412 5023 1668 5087 Quartus
1691 5027 1890 5080 autem
1921 5025 2076 5082 Ado-

416 5125 446 5155 κ
485 5105 638 5176 nias,
680 5106 840 5162 ﬁlius
886 5109 1129 5179 Aggitb,
1174 5115 1232 5166 et
1272 5111 1518 5183 quintus
1569 5111 1870 5183 Saphatia,
1920 5114 2077 5170 tilius

415 5217 445 5248 ι(
483 5193 700 5251 Abital.
747 5197 958 5252 Sextus
1014 5213 1259 5270 quoque
1313 5201 1556 5268 Jetram,
1587 5200 1662 5256 de
1703 5202 1845 5272 Egla
1892 5218 2076 5260 uxore

412 5305 442 5336 ‹‹
484 5284 693 5340 David.
725 5285 796 5340 Hi
825 5285 950 5341 nati
975 5290 1114 5341 sunt
1146 5287 1330 5343 David
1351 5288 1415 5344 in
1443 5289 1697 5348 chron.
1732 5315 1760 5341 η
1785 5294 2076 5358 Quaeritur

411 5388 553 5428 cum
582 5373 714 5429 alite
741 5389 957 5430 uxores
980 5374 1172 5430 David
1218 5392 1401 5449 supra
1439 5382 1658 5436 notatae
1696 5381 1831 5451 sint,
1863 5387 1920 5438 et
1950 5399 2073 5440 non

407 5460 688 5550 dicantur
716 5478 937 5520 uxores
961 5464 1172 5531 David,
1213 5481 1320 5522 cur
1346 5467 1442 5524 hic
1474 5470 1603 5526 sola
1631 5471 1774 5541 Egla
1809 5489 1960 5529 uxor
1988 5474 2074 5530 di-

409 5554 580 5608 catur
609 5553 799 5608 David
817 5553 846 5608 ?
874 5553 1016 5625 Egla
1054 5555 1214 5612 enim
1236 5557 1370 5630 ipsa
1399 5565 1487 5616 est.
1511 5560 1738 5630 Michol,
1769 5580 1904 5636 quae
1934 5563 2070 5620 ideo

407 5655 562 5697 uxor
589 5640 718 5712 ejus
738 5641 834 5698 hic
866 5643 993 5702 sola
1017 5651 1282 5715 vocatur,
1303 5665 1374 5706 eo
1400 5651 1564 5722 quod
1587 5652 1648 5708 in
1667 5653 2070 5710 adolescentia

403 5730 670 5808 primum
713 5731 908 5806 ipsam
966 5737 1204 5796 sortitus
1259 5738 1452 5798 fuerat
1495 5740 1556 5798 in
1613 5759 1884 5811 uxorem,
1930 5759 2066 5816 quae

2191 3157 2414 3233 quibus
2435 3158 2614 3215 latius
2634 3157 2694 3214 in
2718 3156 3124 3230 sequentibus,
3141 3160 3198 3211 et
3219 3156 3384 3212 aliter
3403 3155 3672 3211 dicturus
3695 3171 3858 3211 sum.

2196 3250 2286 3306 Sic
2351 3247 2730 3318 intelligunt:
2803 3247 3019 3316 Abner,
3086 3245 3386 3318 inquiunt,
3455 3245 3706 3300 veniens
3776 3247 3860 3300 ad

2193 3339 2404 3408 David,
2436 3342 2502 3394 ut
2531 3338 2880 3394 universum
2912 3335 3092 3392 Israel
3121 3351 3310 3403 regno
3361 3335 3549 3408 ipsius
3578 3335 3858 3401 sociaret,

2192 3429 2295 3484 sed
2329 3445 2364 3484 a
2392 3428 2546 3484 Joab
2575 3427 2638 3483 in
2668 3427 2808 3483 dolo
2837 3427 3071 3482 occisus
3088 3427 3278 3482 est.Et
3304 3425 3518 3481 Paulus
3539 3425 3859 3494 egrediens

2192 3517 2270 3575 ad
2329 3523 2552 3589 gentes,
2600 3521 2664 3572 ut
2714 3516 3137 3590 przedicatione
3191 3531 3300 3570 sua
3366 3513 3443 3570 ad
3511 3513 3697 3569 fidem
3754 3527 3861 3570 eas

2193 3608 2399 3664 Christi
2448 3611 2835 3674 converteret,
2865 3605 3253 3670 gravissimas
3296 3605 3627 3660 Judeorum
3657 3610 3859 3679 pertu-

2193 3697 2330 3752 lisse
2361 3697 2574 3767 legitur
2621 3697 3084 3768 persecutiones.
3139 3695 3297 3753 Sicut
3327 3696 3486 3751 enim
3516 3695 3666 3751 Joab
3696 3695 3858 3750 filius

2197 3787 2436 3854 Sarviaa,
2487 3787 2743 3842 aemulus
2775 3787 2990 3852 Abner,
3025 3801 3219 3858 usque
3268 3787 3344 3840 ad
3388 3801 3597 3840 necem
3648 3786 3858 3840 mortis

2191 3875 2509 3932 insidiatus
2541 3881 2647 3945 est,
2678 3877 2760 3932 sic
2792 3876 3079 3932 nimirum
3107 3875 3292 3931 Judaei
3321 3873 3425 3930 ﬁlii
3455 3874 3728 3930 videlicet
3757 3879 3859 3947 Sy-

2191 3979 2445 4036 nagogm
2472 3965 2654 4021 Paulo
2685 3965 2957 4037 apostolo
2990 3981 3062 4020 ex
3091 3965 3305 4020 eadem
3344 3965 3498 4020 tribu
3545 3965 3856 4036 Benjamin

2193 4055 2413 4126 genito,
2465 4054 2676 4110 tandiu
2725 4055 2987 4110 insidiati
3022 4057 3179 4122 sunt,
3213 4054 3408 4109 donec
3465 4069 3606 4109 eum
3654 4053 3730 4108 de
3759 4057 3858 4108 Ju-

2191 4143 2324 4200 daea
2352 4144 2736 4217 expellentes,
2772 4145 2848 4200 ad
2895 4151 3098 4215 gentes
3152 4143 3402 4200 transire
3433 4143 3860 4216 compulerunt

2193 4233 2349 4305 (Act.
2387 4233 2530 4306 xm).

2265 4346 2292 4373 ‹‹
2329 4326 2680 4378 Sermonem
2707 4339 2954 4395 quoque
2977 4321 3378 4378 intulitAbner
3395 4321 3472 4377 ad
3495 4323 3759 4378 seniores
3783 4324 3859 4377 ls-

2191 4435 2218 4463 ‹‹
2251 4411 2375 4468 rael
2399 4412 2626 4468 dicens:
2649 4411 2798 4467 Tam
2819 4411 2943 4466 heri
2966 4427 3153 4484 quam
3175 4411 3604 4467 nudiustertius
3629 4427 3860 4484 quaere-

2189 4524 2218 4552 α
2253 4502 2408 4558 bitas
2426 4502 2615 4558 David
2635 4505 2983 4572 utregnaret
3010 4505 3500 4575 supervos.Nunc
3522 4515 3666 4570 ergo
3684 4502 3857 4557 facite

2190 4609 2220 4643 ‹
2259 4591 2549 4664 quoniam
2568 4590 3101 4646 Dominuslocutus
3119 4595 3206 4646 est
3231 4591 3308 4646 ad
3332 4589 3515 4646 David
3531 4589 3737 4645 dicens
3759 4609 3771 4645 :
3793 4594 3856 4644 In

2189 4700 2218 4728 ‹‹
2249 4694 2432 4735 manu
2455 4679 2603 4735 servi
2618 4681 2730 4736 mei
2753 4679 3221 4738 David.salvabo
3239 4677 3530 4751 populum
3552 4695 3760 4734 meum
3779 4679 3859 4732 Is-

2188 4791 2216 4816 ‹‹
2250 4768 2371 4824 rael
2401 4769 2476 4825 de
2515 4783 2704 4824 manu
2732 4769 3036 4823 Philistiim
3071 4773 3124 4823 et
3151 4767 3425 4824 omnium
3468 4767 3854 4823 inimicorum

2188 4881 2217 4910 ‹
2249 4858 2434 4929 ejus,»
2449 4861 2558 4914 etc.
2581 4857 2730 4922 Quid
2753 4862 2996 4926 estergo
3018 4857 3182 4929 quod
3199 4856 3399 4911 Abner
3414 4855 3710 4928 populum
3727 4857 3856 4911 uni-

2185 4961 2426 5001 versum
2459 4945 2636 5002 Israel
2666 4945 3029 5004 exhortatur.
3063 4951 3146 5014 ut,
3175 4945 3376 5000 relicto
3417 4943 3686 5000 lsboseth
3730 4945 3853 5001 tilio

2190 5033 2348 5102 Saul,
2387 5034 2466 5090 ad
2498 5035 2707 5103 David,
2729 5038 3017 5106 prompto
3038 5049 3107 5090 ac
3139 5033 3356 5090 devoto
3379 5033 3604 5100 animo,
3640 5045 3854 5089 conve-

2185 5123 2349 5179 niat?
2383 5123 2497 5178 nisi
2525 5123 2692 5196 quod
2726 5123 3002 5179 doctores
3034 5123 3239 5188 sancti,
3261 5123 3364 5196 qui
3391 5123 3579 5194 patris
3608 5119 3854 5179 lucerna

2185 5212 2398 5268 merito
2410 5211 2708 5278 dicuntur,
2724 5212 2950 5268 lumine
2963 5211 3122 5274 fidei,
3140 5217 3195 5268 et
3213 5211 3472 5268 scientiae
3493 5211 3846 5284 plenissimi,

2182 5299 2244 5355 in
2269 5301 2564 5356 universis
2593 5301 2871 5369 gentibus
2901 5317 3123 5356 nomen
3157 5300 3392 5356 Domini
3423 5300 3852 5372 praedicant,et

2183 5389 2592 5456 exhortantur,
2623 5395 2946 5463 quatenus,
2964 5396 3163 5464 spreta
3187 5389 3490 5446 idolorum
3518 5389 3771 5452 cultura,
3793 5396 3850 5446 et

2179 5479 2383 5536 relicto
2405 5496 2603 5536 errore
2620 5481 3010 5549 confusionis,
3031 5483 3436 5536 cum'auctore
3450 5496 3560 5535 suo
3579 5479 3845 5542 diabolo,

2181 5569 2256 5625 ad
2289 5569 2472 5626 David
2490 5575 2783 5636 nostrum,
2801 5571 2906 5642 qui
2932 5586 3074 5626 vero
3101 5586 3288 5625 manu
3318 5569 3505 5638 fortis,
3533 5574 3590 5626 et
3621 5569 3852 5626 deside-

2181 5658 2384 5714 rabilis
2413 5661 2640 5732 est,qui
2671 5660 3049 5716 desideratus
3073 5659 3302 5715 cunctis
3330 5657 3610 5728 gentibus
3636 5674 3786 5727 esse,
3810 5678 3849 5717 a

2177 5748 2473 5819 propheta
2501 5749 2875 5821 describitur,
2899 5749 3025 5806 sine
3057 5766 3226 5807 mora
3257 5749 3533 5806 festinent
3562 5749 3853 5825 venirem
