3940 6432
150 283 252 342 341

149 402 269 465 sub
300 406 433 480 ejus
461 405 737 480 imperio,
779 408 1073 479 perpetuo
1124 406 1410 464 studeant
1456 419 1835 480 permanere,
1871 405 1922 459 A

146 503 303 558 Nam
335 503 393 555 et
420 497 598 563 Joab,
630 496 736 571 qui
795 496 995 553 Abuer
1045 498 1186 554 dolo
1214 498 1493 571 loquens,
1527 501 1583 552 et
1633 510 1841 568 percu-

145 592 304 648 tiens
331 589 394 645 in
430 586 699 658 inguine,
724 585 1038 651 interfecit,
1069 603 1193 643 non
1224 588 1411 644 alium
1466 603 1654 660 quam
1695 585 1840 640 hos-

142 684 271 736 tem
327 678 648 751 antiquum
712 676 1030 746 signiﬁcat,
1087 677 1193 750 qui
1240 676 1394 733 ﬁctis
1452 673 1838 731 suasionibus

142 766 426 844 quotidie
454 766 664 822 fideles
698 765 1043 823 subvertere
1075 765 1313 837 satagit,
1347 769 1403 822 et
1430 783 1540 839 per
1563 763 1838 821 libidinis

144 856 351 916 noxiae
405 857 820 925 cogitationes,
854 856 1185 913 interﬁcere
1223 856 1484 912 molitur.
1517 856 1626 912 Job
1676 855 1838 912 enim

150 948 459 1013 inimicus,
500 945 596 1002 vel
627 945 789 1002 idem
830 946 1033 1016 frater
1080 947 1520 1020 interpretatur.
1555 945 1839 1002 Omnium

143 1037 543 1094 inimicorum
576 1034 857 1092 diabolus
888 1039 979 1092 est
1027 1040 1227 1109 caput,
1270 1036 1432 1091 unde
1470 1040 1527 1091 et
1567 1035 1841 1091 Salvator

141 1126 375 1183 talibus
401 1126 463 1183 in
486 1124 813 1194 Evangelio
835 1124 1009 1182 dicit:
1044 1147 1073 1175 ‹‹
1094 1128 1209 1182 Vos
1260 1142 1333 1182 ex
1380 1130 1549 1199 patre
1593 1122 1838 1181 diabolo

143 1217 314 1283 estis,
338 1220 396 1273 et
423 1213 722 1272 desideria
746 1213 933 1287 patris
970 1215 1154 1270 vestri
1183 1214 1363 1271 vultis
1405 1214 1603 1270 facere
1631 1214 1833 1286 (Joan.

140 1303 433 1377 vmpAb
461 1306 575 1361 hac
596 1319 740 1375 ergo
754 1304 1166 1378 persecutione
1194 1303 1372 1361 David
1395 1308 1597 1359 noster
1616 1302 1839 1359 immu-

138 1395 239 1451 nis
266 1397 374 1459 est,
394 1395 539 1468 quia
566 1418 593 1443 ‹‹
619 1397 774 1450 Deus
796 1394 1103 1451 neminem
1126 1398 1330 1451 tentat.
1363 1398 1496 1467 lpse
1516 1398 1722 1450 autem
1749 1393 1838 1448 in-

146 1488 419 1540 tentator
447 1483 752 1540 malorum
784 1487 871 1539 est
896 1485 1047 1555 (Jac.
1080 1485 1176 1549 1‘,»
1207 1483 1312 1557 qui
1338 1483 1467 1539 vult
1488 1500 1698 1539 omnes
1725 1482 1835 1538 ho-

136 1574 351 1630 mines
380 1572 578 1630 salvos
604 1588 752 1635 esse,
784 1577 839 1629 et
868 1573 946 1631 ad
977 1573 1348 1643 agnitionem
1395 1574 1655 1630 veritatis
1696 1588 1831 1645 per-

132 1662 355 1720 venire
414 1665 473 1736 (I
505 1665 655 1720 Tim.
692 1665 770 1735 n).
806 1682 837 1717 ‹
880 1665 993 1719 Per
1033 1663 1325 1720 invidiam
1375 1663 1536 1720 enim
1581 1662 1829 1728 diaboli,

1187 280 1449 341 suam.
1479 278 1549 338 ιη
1580 278 1834 337 manus
1861 249 2129 339 aecum.
2161 315 2230 325 _
2257 278 2328 341 11v
2353 278 2486 339 me.
2521 281 2585 338 ιι.

3516 279 3622 334 3η

2025 426 2054 455 ‹‹
2085 409 2292 465 Manus
2317 413 2433 466 tuae
2466 422 2589 464 non
2611 410 2750 462 sunt
2794 404 3012 475 ligatae,
3046 405 3103 460 et
3141 400 3328 475 pedes
3368 401 3453 457 tui
3496 415 3622 457 non

1954 518 1981 545 ‹‹
2023 502 2161 554 sunt
2189 498 2587 573 compedibus
2619 494 2952 566 aggravati,
2981 517 3009 545 »
3055 492 3206 549 sicut
3249 507 3462 547 eorum
3492 506 3622 547 ma-

1949 598 2064 641 nus
2106 588 2298 645 solent
2347 589 2517 659 ligari
2563 592 2619 643 et
2665 586 2853 660 pedes
2912 582 3141 650 vinciri,
3171 580 3275 654 qui
3321 580 3382 636 in
3413 578 3619 653 praelia

1949 676 2085 749 capi
2111 677 2324 743 solent,
2358 679 2498 734 dolo
2531 678 2709 747 igitur
2733 690 2857 732 non
2884 672 3113 730 viribus
3152 674 3500 744 peremptus
3532 685 3617 726 es.

1949 767 2124 831 Quod
2154 773 2355 825 autem
2386 768 2573 826 David
2606 784 2669 823 se
2702 781 3002 823 excusans
3042 763 3117 819 de
3149 777 3293 818 nece
3340 760 3617 829 insontis,

1948 854 2095 912 dixit
2122 877 2134 914 :
2170 880 2198 908 «
2222 860 2474 915 Mundus
2501 874 2614 929 ego
2647 874 2805 921 sum,
2838 861 2894 912 et
2921 870 3178 925 regnum
3215 868 3420 909 meum
3452 849 3621 924 apud

1949 964 1977 994 ‹‹
2012 947 2220 1014 Deum,
2254 963 2449 1021 usque
2496 948 2558 1004 in
2599 946 3112 1019 sempiternum,a
3159 940 3451 1011 sanguine
3496 938 3617 994 Ab-

1949 1056 1977 1083 ‹‹
2010 1049 2117 1090 ner
2143 1035 2247 1092 ﬁlii
2274 1040 2402 1103 Ner,
2438 1041 2494 1094 et
2524 1037 2725 1092 veniat
2764 1049 2944 1108 super
2973 1036 3155 1106 caput
3191 1030 3340 1088 Joab
3382 1027 3615 1085 ﬂuxum

1950 1146 1978 1174 ‹‹
2011 1117 2257 1181 seminis
2287 1128 2607 1193 sustinens,
2642 1128 2698 1181 et
2735 1124 3011 1197 leprosus
3052 1124 3259 1179 tenens
3308 1120 3533 1186 fusum,
3561 1121 3619 1174 et

1950 1236 1977 1264 ‹‹
2011 1215 2235 1271 cadens
2257 1216 2480 1286 gladio,
2514 1222 2571 1272 et
2594 1215 2870 1285 indigens
2891 1228 3117 1287 pane.»
3149 1211 3497 1267 Judeeorum
3519 1207 3621 1265 de-

1946 1309 2115 1361 notat
2143 1306 2456 1379 perﬁdiam
2482 1312 2661 1380 atque
2691 1304 3018 1361 miseriam.
3050 1304 3238 1376 Super
3258 1304 3438 1373 caput
3454 1299 3617 1355 enim

1945 1394 2118 1462 Joab,
2133 1394 2193 1452 id
2217 1401 2324 1464 est,
2346 1412 2526 1470 super
2546 1395 2845 1470 principes
2867 1396 2923 1449 et
2944 1391 3283 1448 sacerdotes
3304 1389 3492 1462 ipsius
3510 1404 3616 1460 po-

1944 1483 2092 1557 puli,
2122 1491 2176 1542 et
2194 1502 2375 1560 super
2396 1503 2642 1543 omnem
2667 1486 2921 1541 domum
2953 1482 3138 1556 patris
3165 1481 3314 1552 ejus,
3354 1493 3614 1550 synago-

1943 1589 2084 1643 gam
2107 1575 2379 1633 videlicet
2398 1578 2650 1643 Satanae,
2681 1581 2860 1649 atque
2878 1574 3240 1630 conventum
3273 1568 3612 1638 malignan-

1942 1663 2111 1729 tium,
2134 1667 2334 1723 veniet
2353 1667 2637 1741 iniquitas
2678 1665 3028 1738 impiorum,
3059 1665 3125 1717 ut
3168 1660 3507 1734 requiratur
3535 1656 3614 1713 ab

131 1770 308 1810 mors
328 1753 572 1810 intravit
601 1753 661 1809 in
694 1758 885 1810 totum
911 1754 1123 1810 orbem
1153 1758 1448 1810 terrarum
1509 1757 1678 1825 (ϐαρ.
1708 1754 1827 1823 ιι).››
1864 1768 1903 1823 Β
1939 1758 2022 1815 eis
2053 1757 2250 1812 omnis
2274 1756 2519 1827 sanguis
2548 1757 2767 1827 justus,
2791 1754 2897 1828 qui
2926 1752 3154 1809 effusus
3184 1755 3275 1806 est
3295 1763 3475 1821 super
3505 1750 3613 1803 ter-

132 1844 459 1900 lmitantur
489 1848 693 1901 autcm
727 1858 889 1913 eum,
923 1844 1028 1917 qui
1061 1849 1199 1899 sunt
1232 1861 1305 1900 ex
1332 1848 1503 1917 parte
1534 1844 1685 1915 ejus.
1719 1843 1829 1897 Po-

130 1938 255 1990 test
282 1947 510 1991 nomen
538 1938 597 1991 et
626 1948 888 2008 persona
912 1932 1066 1990 Joab
1092 1950 1215 1990 non
1238 1934 1731 1990 inconvenienter
1750 1930 1830 1988 ad

132 2024 447 2098 populum
477 2024 800 2080 Judaicum
830 2040 938 2097 per
959 2024 1465 2095 signiﬁcationem
1496 2022 1827 2091 transferri,

136 2114 253 2187 qui
284 2113 510 2169 inimici
536 2128 776 2186 semper
803 2113 1271 2187 praedicatorum
1307 2113 1613 2183 Evangelii
1654 2111 1830 2169 exsti-

131 2206 373 2274 terunt,
407 2205 465 2259 et
492 2201 678 2259 ﬁdem
711 2202 924 2258 Christi
955 2201 1301 2275 ubicunque
1332 2206 1656 2275 potuerunt
1693 2218 1828 2274 per-

133 2292 578 2367 sequebantur.
600 2295 679 2349 De
697 2292 921 2366 quibus
941 2292 1161 2348 Paulus
1182 2291 1827 2349 Thessalonicensibus

133 2382 454 2438 scribens:
490 2405 518 2431 «
544 2384 659 2438 Vos
690 2381 870 2445 enim,
892 2382 994 2453 ait,
1019 2382 1348 2439 imitatores
1378 2381 1519 2438 facti
1547 2382 1684 2438 estis
1710 2381 1829 2438 fra-

132 2476 263 2530 tres
294 2471 695 2529 Ecclesiarum
719 2472 839 2544 Dei,
873 2488 1011 2546 quae
1043 2472 1260 2528 suntin
1292 2472 1524 2539 Judaea,
1544 2472 1605 2528 in
1633 2472 1829 2529 Chris-

134 2566 202 2619 to
233 2563 555 2636 Jesmquia
585 2562 799 2619 eadem
831 2563 1001 2636 passi
1031 2563 1171 2619 estis
1201 2567 1255 2619 et
1299 2580 1408 2619 vos
1443 2579 1479 2619 a
1526 2562 1829 2619 contribu-

134 2653 305 2709 libus
335 2653 572 2723 vestris,
598 2652 751 2709 sicut
779 2658 835 2709 et
863 2653 1043 2727 ipsia
1094 2650 1319 2709 Judaais
1369 2653 1474 2725 qui
1522 2658 1578 2709 et
1628 2652 1829 2708 Domi-

137 2756 302 2799 num
332 2741 682 2799 occiderunt
710 2740 936 2809 Jesum,
962 2746 1021 2799 et
1043 2742 1391 2816 prophetas,
1415 2747 1471 2798 et
1494 2759 1604 2798 nos
1630 2758 1828 2815 perse-

137 2831 269 2887 cuti
297 2834 475 2887 sunt:
505 2834 563 2887 et
589 2830 711 2887 Deo
738 2844 861 2887 non
891 2830 1268 2904 placuerunt,
1299 2836 1354 2886 et
1394 2830 1679 2887 omnibus
1726 2832 1829 2886 ho-

138 2918 419 2976 minibus
450 2918 889 2976 adversantur:
940 2919 1331 2993 prohibentes
1380 2936 1492 2975 nos
1542 2919 1823 2989 gentibus

132 3009 333 3082 loqui,
363 3013 429 3065 ut
479 3009 663 3065 salvae
717 3008 912 3065 ﬁant:
973 3014 1039 3065 ut
1087 3008 1379 3082 impleant
1427 3014 1677 3081 peccata
1714 3024 1828 3065 sua

138 3114 416 3172 semper.
437 3097 715 3155 Pervenit
745 3099 905 3155 enim
921 3097 1011 3155 ira
1036 3099 1138 3155 Dei
1161 3115 1341 3173 super
1368 3099 1519 3167 illos,
1543 3115 1739 3173 usque
1765 3098 1826 3154 in

138 3189 336 3246 ﬁnem
365 3190 416 3261 (Ι
447 3184 644 3245 Thess.
672 3194 754 3257 ιι).
782 3211 811 3239 ››

214 3276 436 3335 Aliter:
472 3300 500 3328 ‹‹
531 3280 598 3334 Et
634 3277 933 3351 percussit
973 3277 1127 3335 Joab
1175 3278 1374 3334 Abner
1420 3278 1483 3333 in
1533 3277 1823 3334 ultionem

142 3392 173 3417 α
203 3367 520 3440 sanguinis
552 3367 730 3424 Asael
754 3367 949 3424 fratris
970 3369 1171 3439 ejus,»
1205 3372 1314 3423 etc.
1342 3367 1491 3433 Quid
1513 3383 1622 3440 per
1649 3366 1822 3436 Joab,

137 3458 251 3532 qui
298 3459 581 3515 inimicus
625 3457 718 3514 vel
765 3459 969 3528 frater
1007 3458 1449 3530 interpretatur,
1484 3458 1598 3513 nisi
1648 3456 1824 3513 elatio

134 3547 515 3618 Judeeorum,
545 3552 725 3622 atque
751 3548 1011 3605 haeretici
1033 3547 1429 3618 designantur
1448 3550 1476 3604 ‘t
1513 3546 1663 3614 Quid
1680 3562 1824 3603 vero

134 3650 253 3713 per
282 3636 503 3703 Abner,
538 3638 643 3712 qui
672 3638 734 3693 in
758 3637 1034 3693 Latinum
1056 3638 1302 3693 vertitur
1321 3641 1518 3707 patris
1551 3640 1821 3705 lucerna,

138 3727 261 3784 nisi
292 3728 587 3801 spiritales
645 3726 777 3794 viri,
803 3734 859 3784 et
910 3727 1170 3784 humiles
1223 3728 1497 3784 Ecclesiae
1546 3727 1823 3783 doctores

143 3820 620 3893 exprimuntur?
648 3817 822 3887 Joab,
856 3817 1059 3874 Abner
1087 3818 1149 3874 in
1179 3823 1355 3891 porta
1386 3818 1526 3874 dolo
1557 3817 1824 3874 occidit?

138 3909 292 3981 quia
336 3913 394 3964 et
440 3908 669 3964 inimici
713 3906 877 3977 ﬁdei,
907 3907 1023 3964 hoc
1067 3912 1156 3964 est
1203 3908 1395 3964 Judaei
1439 3913 1495 3965 et
1542 3908 1822 3977 haeretici,

138 3998 451 4071 quosdam
480 3997 769 4070 praesules
803 3996 1078 4052 Ecclesiae
1107 3997 1187 4053 ob
1217 3998 1633 4054 defensionem
1657 3997 1818 4053 ﬁdei.

142 4103 348 4160 usque
379 4086 459 4143 ad
485 4101 700 4142 necem
749 4086 960 4142 mortis
1008 4087 1307 4158 persecuti
1354 4091 1512 4143 sunt.
1544 4090 1653 4143 Pro
1701 4102 1826 4159 qua

138 4192 206 4233 re
235 4174 312 4232 de
338 4176 526 4232 domo
558 4177 744 4249 patris
774 4175 948 4242 Joab,
980 4191 1089 4248 per
1117 4191 1304 4248 quam
1338 4176 1608 4247 signatur
1638 4175 1826 4248 impia

140 4260 345 4340 plebs,
378 4278 503 4321 non
532 4262 735 4320 deﬁcit
768 4264 1002 4320 ﬂuxum
1053 4265 1296 4320 seminis
1343 4266 1666 4333 sustinens,
1708 4265 1824 4320 hoc

141 4360 260 4422 est,
291 4353 626 4411 immundis
666 4354 1132 4425 cogitationibus
1179 4358 1357 4427 atque
1388 4355 1646 4410 sordidis
1688 4354 1830 4411 acti-

140 4444 264 4501 bus
294 4444 583 4517 pollutus.
628 4443 906 4500 Similiter
929 4458 1175 4517 quoque
1224 4450 1280 4499 et
1320 4444 1596 4517 leprosus
1649 4444 1825 4499 susti-

140 4550 298 4590 nens
320 4533 565 4589 fusum:
599 4549 709 4606 per
738 4533 904 4606 quod
935 4533 1333 4603 designantur
1361 4533 1639 4599 haeretici,
1663 4549 1828 4589 men-

140 4622 305 4678 dacii
354 4622 447 4677 sui
489 4621 849 4693 cogitatione
899 4621 1180 4693 corrupti.
1217 4622 1329 4687 Qui
1371 4622 1651 4689 hieretici,
1678 4623 1827 4677 dum

144 4711 454 4768 fallaciam
485 4727 661 4767 suam
690 4710 1012 4767 defendere
1052 4712 1344 4777 nituntur,
1377 4728 1486 4785 per
1528 4713 1828 4769 ambitum

141 4801 477 4857 verborum
507 4805 781 4857 rotantur
807 4820 820 4856 :
854 4806 912 4857 et
948 4800 1111 4856 velut
1135 4802 1198 4856 in
1229 4802 1481 4858 confuso
1511 4801 1829 4858 locutionis

144 4907 275 4947 sua:
304 4891 628 4947 mendacia
656 4890 1017 4947 involvendo
1066 4891 1529 4948 concluduntur.
1568 4896 1632 4948 Et
1677 4893 1827 4947 dum

146 4980 412 5051 litigiosa
462 4980 688 5049 lingua,
730 4979 974 5036 inﬁrma
1019 4980 1290 5036 Ecclesia:
1342 4982 1620 5039 membra
1672 4981 1833 5037 velut

150 5070 359 5141 gladio
384 5070 504 5126 oris
537 5070 630 5126 sui
660 5069 1033 5133 confodiunt,
1068 5071 1184 5142 ipsi
1209 5072 1374 5144 prius
1400 5072 1460 5126 in
1478 5071 1692 5127 eodem
1712 5071 1835 5141 gla-

148 5159 254 5216 dio
284 5159 613 5233 impietatis
646 5174 769 5215 suae
799 5160 1157 5216 moriuntur.
1192 5162 1257 5215 Et
1285 5160 1430 5233 quia
1462 5176 1524 5214 se
1554 5176 1627 5215 ex
1659 5176 1832 5216 men-

153 5249 335 5307 dacio
367 5265 478 5306 suo
507 5252 787 5323 pascunt,
819 5265 855 5304 a
898 5265 1057 5322 pane
1099 5249 1269 5306 verbi
1323 5249 1423 5305 Dei
1462 5250 1633 5306 vacui
1675 5250 1834 5321 jeju-

154 5345 325 5397 nant.
362 5338 531 5396 Unde
560 5340 623 5395 in
652 5339 1043 5411 sequentibus
1072 5339 1367 5404 dicemus,
1400 5339 1548 5414 quid
1580 5341 1835 5411 mystice

154 5430 428 5502 signetur
454 5442 468 5497 ;
499 5433 555 5485 et
581 5433 711 5501 jam
749 5428 951 5485 aliter:

220 5542 250 5570 α
281 5519 708 5591 Plangensque
729 5535 829 5574 rex
853 5519 1033 5575 Israel
1058 5516 1395 5585 Abner,ait:
1418 5522 1837 5603 Nequaquam,

152 5635 179 5662 ‹‹
212 5616 278 5667 ut
310 5609 495 5666 morri
531 5608 727 5664 solent
769 5609 991 5679 ignavi,
1024 5614 1298 5665 mortuus
1350 5626 1433 5671 es,
1466 5609 1694 5666 Abner.
1715 5631 1743 5659 »
1775 5611 1840 5667 ld

151 5706 255 5767 est,
289 5718 417 5759 non
449 5700 679 5775 periisti
710 5700 773 5755 in
808 5703 907 5755 tua
934 5700 1198 5771 stultitia,
1229 5701 1382 5758 sicut
1405 5702 1608 5772 ignavi
1647 5702 1839 5775 perire

151 5791 375 5851 solent:
405 5791 558 5867 quia
587 5789 803 5849 fraude
829 5789 1117 5865 deceptus
1143 5806 1227 5849 es.

1937 1864 2090 1913 ram,
2129 1863 2164 1903 a
2188 1847 2481 1918 sanguine
2516 1846 2663 1902 Abel
2685 1845 2852 1917 justi,
2886 1858 3079 1917 usque
3127 1840 3205 1897 ad
3252 1838 3613 1918 sanguinem

1938 1937 2234 1994 Zachariae
2266 1914 2367 1992 filii
2395 1914 2701 1992 Baracbize
2730 1914 3186 2005 (Matthjxxm).
3218 1932 3331 1985 Nec
3377 1914 3616 1983 deﬁciet

1938 2027 2012 2083 de
2043 2025 2228 2082 domo
2260 2025 2429 2081 istius
2458 2025 2629 2091 Joab,
2664 2024 2896 2079 ﬂuxum
2927 2020 3172 2077 seminis
3199 2018 3518 2083 sustinens,
3550 2014 3614 2070 id

1938 2120 2044 2184 est,
2073 2115 2254 2171 variis
2284 2113 2594 2169 desideriis
2613 2112 2916 2179 difﬂuens,
2943 2110 3088 2183 quia
3106 2109 3169 2164 in
3192 2103 3611 2178 voluptatibus

1938 2206 2106 2261 istius
2127 2204 2282 2275 vitae,
2304 2203 2453 2260 tales
2497 2207 2683 2259 totam
2726 2218 2894 2275 spem
2927 2216 3102 2256 suam
3132 2201 3387 2271 ponunt,
3418 2194 3526 2250 ubi
3557 2198 3615 2250 et

1936 2294 2156 2367 leprosi
2180 2298 2320 2349 sunt
2341 2296 2608 2349 tenentes
2640 2292 2862 2357 fusum,
2893 2289 2955 2345 id
2986 2293 3075 2344 est
3099 2286 3280 2345 variis
3305 2283 3611 2342 erroribus

1938 2382 2244 2449 maculati,
2266 2382 2323 2437 in
2332 2380 2713 2438 stabilitatem
2732 2381 3027 2436 haeresum
3042 2393 3112 2434 ac
3123 2374 3416 2433 mundani
3432 2373 3612 2430 luxus

1940 2476 2278 2545 sequentes,
2303 2472 2406 2544 qui
2424 2473 2596 2543 juxta
2621 2469 2921 2526 desideria
2943 2467 3140 2524 cordis
3163 2466 3275 2536 sui,
3298 2477 3613 2521 coacerva-

1937 2563 2091 2619 bunt
2117 2562 2227 2617 sibi
2256 2562 2576 2631 magistros
2606 2561 2942 2634 prurientes
2970 2557 3217 2631 quidem
3249 2554 3523 2623 auribus,
3555 2558 3615 2611 et

1938 2669 1975 2709 a
2004 2651 2243 2708 veritate
2276 2651 2551 2707 auditum
2582 2655 2932 2708 avertentes.
2966 2671 2994 2700 «
3028 2648 3112 2704 lbi
3143 2646 3322 2703 etiam
3351 2661 3477 2700 non
3507 2644 3612 2699 de-

1939 2764 1967 2791 «
1994 2740 2145 2797 ﬁciet
2180 2740 2404 2796 cadens
2438 2740 2661 2810 gladio,
2689 2744 2745 2795 et
2764 2739 3043 2808 indigens
3066 2752 3243 2809 pane,
3261 2757 3289 2785 »
3321 2734 3447 2807 qui,
3471 2749 3613 2789 cum

1936 2847 2095 2905 pane
2128 2828 2227 2887 illo
2257 2829 2363 2904 qui
2394 2830 2468 2885 de
2500 2830 2650 2885 coelo
2702 2828 3012 2884 descendit
3062 2841 3302 2899 semper
3333 2826 3529 2894 egent,
3557 2828 3616 2882 et

1935 2937 2059 2977 non
2086 2920 2245 2976 reﬁci
2279 2920 2357 2975 ab
2380 2936 2451 2975 eo
2486 2917 3053 2991 merentur,‘futurae
3075 2913 3315 2972 ultionis
3342 2909 3614 2984 gladium

1935 3026 2059 3066 non
2087 3010 2347 3067 evadent
2376 3008 2463 3080 (II
2485 3011 2632 3065 T2772.
2663 3010 2764 3080 Ix).
3039 3078 3051 3089 .

2605 3098 2836 3153 CAPUT
2866 3098 2953 3153 IV.

2010 3209 2038 3237 «
2064 3186 2377 3242 Venientes
2420 3183 2859 3241 ﬁlii‘Remmon
2908 3182 3219 3239 Berothitae
3264 3179 3502 3238 Rechab
3555 3181 3615 3234 et

1935 3298 1965 3331 ‹
1997 3279 2222 3346 Baana,
2280 3275 2534 3347 ingressi
2592 3280 2731 3331 sunt
2787 3274 3049 3331 fervente
3106 3272 3201 3328 die
3260 3271 3515 3326 domum
3536 3271 3614 3323 Is.

1936 3390 1963 3417 ‹‹
2006 3365 2238 3434 boseth,
2273 3365 2378 3438 qui
2408 3364 2748 3421 dormiebat
2779 3380 2958 3437 super
2997 3366 3252 3419 stratum
3282 3376 3461 3415 suum
3493 3373 3614 3414 me-

1935 3478 1963 3505 ‹‹
1995 3454 2163 3510 ridie.
2216 3453 2472 3525 Ingressi
2522 3458 2661 3510 sunt
2700 3458 2902 3510 autem
2949 3452 3226 3520 domum,
3262 3454 3319 3507 et
3370 3446 3615 3504 ostiaria

1935 3568 1963 3596 ‹‹
1996 3544 2216 3601 domus
2242 3560 2513 3618 purgans
2554 3544 2816 3600 triticum
2862 3542 3246 3599 obdormivit.
3279 3542 3610 3595 Assumen-

1935 3656 1962 3683 ‹‹
1998 3642 2085 3689 tes
2117 3633 2315 3706 spicas
2344 3633 2516 3689 tritici
2546 3632 2798 3689 latenter
2826 3632 3079 3703 ingressi
3108 3634 3268 3699 sunt,
3295 3633 3354 3687 et
3374 3643 3615 3701 percus-

1935 3746 1962 3772 «
1998 3727 2194 3779 serent
2220 3739 2359 3779 eum
2386 3721 2447 3777 in
2477 3722 2743 3791 inguine,
2780 3744 2808 3773 »
2839 3726 2897 3778 et
2925 3721 3176 3793 reliqua.
3214 3723 3340 3775 Duo
3370 3715 3478 3773 viri
3511 3715 3613 3780 isti

1932 3814 2233 3886 principes
2266 3815 2436 3867 erant
2464 3828 2646 3884 super
2684 3811 3093 3884 expeditiones
3138 3808 3431 3865 lsboseth.
3463 3808 3616 3862 Mor-

1935 3908 2036 3959 tuo
2064 3918 2205 3958 vero
2251 3902 2451 3957 Abner
2480 3906 2544 3957 ut
2588 3901 2816 3957 Hebraei
2848 3899 3093 3957 tradunt
3136 3896 3429 3955 consiliati
3473 3892 3614 3952 sunt

1935 4008 2074 4049 cum
2106 3991 2502 4065 Miphiboseth
2535 3996 2598 4046 ut
2628 4007 2751 4046 una
2789 3989 3189 4046 interﬁcerent
3219 3986 3513 4052 Isboseth,
3555 3989 3614 4041 et

1936 4079 2222 4136 eumdem
2304 4079 2697 4152 Miphiboseth
2774 4079 3206 4135 constituerent
3262 4092 3490 4148 regem,
3552 4076 3609 4130 et

1936 4170 2211 4243 ejusdem
2244 4170 2475 4226 consilii
2505 4170 2858 4242 delatorem,
2884 4169 3175 4225 eumdem
3213 4162 3612 4241 Miphiboscth

1936 4259 2247 4326 exstitisse,
2279 4264 2336 4315 et
2364 4258 2585 4316 idcirco
2609 4259 2705 4316 hic
2752 4259 2913 4316 idem
2956 4258 3354 4335 Miphiboseth
3400 4254 3609 4312 subin-

1934 4347 2268 4405 troducitur
2304 4347 2510 4404 modo.

2007 4470 2034 4496 «
2070 4449 2206 4502 Erat
2236 4452 2436 4503 autem
2467 4444 2885 4510 Jonathae.ﬁlii
2908 4446 3070 4518 Saul,
3090 4444 3250 4502 ﬁlius
3270 4441 3484 4502 debilis
3505 4454 3608 4515 pe-

1937 4558 1967 4592 ‹
1999 4536 2178 4593 dibus
2199 4555 2212 4605 ;
2235 4537 2644 4610 quinquennis
2679 4540 2841 4594 enim
2860 4536 2990 4608 fuit,
3004 4535 3255 4610 quando
3275 4532 3438 4591 venit
3454 4545 3607 4589 nun-

1938 4650 1968 4677 «
2001 4629 2115 4684 tius
2137 4627 2210 4683 de
2236 4627 2376 4683 Saul
2407 4632 2463 4683 et
2482 4629 2782 4684 Jonathan
2809 4644 2880 4683 ex
2908 4626 3149 4695 Jezrael,
3174 4646 3203 4675 »
3247 4629 3358 4680 etc.
3390 4621 3607 4678 Viden-

1936 4719 2025 4774 tes
2050 4732 2193 4772 vero
2225 4716 2433 4772 Banaa
2454 4721 2509 4772 et
2532 4716 2772 4772 Rechab
2793 4732 2830 4771 a
2846 4712 3238 4791 Miphiboseth
3271 4724 3451 4766 suum
3472 4723 3612 4781 pro-

1939 4807 2130 4863 ditum
2162 4821 2293 4861 esse
2311 4805 2650 4877 consilium,
2676 4804 2889 4860 timore
2920 4802 3231 4878 perterriti,
3272 4799 3418 4869 fuga
3454 4796 3611 4869 lapsi

1940 4900 2080 4952 sunt
2104 4896 2162 4951 in
2196 4894 2485 4962 Gethaim,
2511 4894 2868 4966 fueruntque
2898 4890 2980 4948 ibi
3006 4892 3254 4951 advenae
3292 4903 3485 4961 usque
3531 4885 3613 4941 ad

1941 4990 2180 5059 tempus
2243 4982 2409 5041 illud.
2464 4986 2724 5056 Tempus
2776 4979 2943 5051 illud,
2996 4979 3452 5051 intelligendum
3524 4978 3614 5032 est

1941 5076 2192 5149 quando
2221 5076 2360 5132 inde
2389 5075 2614 5132 reversi
2639 5074 2892 5130 domum
2919 5070 3212 5137 Isboseth,
3230 5071 3490 5128 fervente
3515 5066 3613 5123 die

1942 5165 2197 5237 ingressi
2229 5170 2389 5231 sunt,
2424 5168 2798 5220 assumentes
2854 5163 3086 5237 spicam
3113 5161 3284 5218 tritici
3315 5164 3371 5215 et
3396 5172 3612 5233 percu-

1943 5256 2153 5312 tientes
2184 5254 2400 5310 eumin
2421 5253 2685 5323 inguine.
2716 5253 2922 5328 Spicas
2952 5252 3123 5310 tritici
3152 5251 3331 5326 quasi
3362 5261 3616 5305 causam

1944 5345 2347 5419 primitiarum
2368 5345 2721 5412 tulerunt,ut
2745 5344 3038 5402 honorem
3063 5342 3190 5414 regi
3216 5340 3447 5397 deferre
3458 5339 3618 5397 vide-

1945 5440 2153 5491 rentur
2164 5438 2440 5491 eteorum
2452 5433 2628 5490 dolus
2646 5448 3037 5510 nequaquam
3049 5429 3614 5506 deprehenderetur.

1948 5523 2183 5596 Mysticc
2212 5526 2413 5578 autem
2445 5523 2689 5578 ostiaria
2705 5523 2964 5579 triticum
2991 5526 3375 5597 purgat,cum
3399 5520 3618 5578 mentis

1953 5611 2638 5670 custodiadiscernendo
2653 5612 2900 5669 virtutes
2939 5628 2976 5670 a
3018 5610 3172 5669 vitiis
3208 5613 3620 5686 separat.Qum

1954 5702 2003 5757 si
2020 5701 2497 5765 obdormierit,in
2513 5704 2768 5758 mortem
2783 5702 3008 5777 proprii
3021 5702 3250 5759 domini
3269 5701 3363 5757 sui
3381 5699 3624 5758 insidia-

1962 5794 2129 5850 tores
2147 5791 2588 5869 admittet,quia
2603 5807 2743 5850 cum
2754 5792 3126 5851 discretionis
3148 5790 3483 5850 sollicitudo
3495 5804 3624 5846 ces-
