3940 6404
364 221 468 294 343

1491 226 1850 296 ANGELOII
1893 221 2349 282 LUXOVIENSIS
2389 228 2702 288 NONACHI

3700 234 3814 306 δίει

363 344 600 409 saverit,
631 345 708 400 ad
736 345 1213 403 interﬁciendum
1242 348 1537 417 animum,
1559 349 1840 421 malignis
1863 346 2023 422 spiri-
2056 346 2108 400 Α
2140 361 2210 401 eo
2240 364 2506 423 namque
2534 358 2801 426 tempore
2833 353 3003 410 illum
3041 368 3326 423 regnasse
3353 351 3563 410 dicunt
3591 354 3650 409 in
3694 357 3812 410 He—

363 434 520 490 tibus
549 434 655 490 iter
687 436 914 507 pandit.
953 437 1063 501 Qui
1093 437 1343 506 ingressi
1374 439 1570 512 spicas
1615 440 1847 504 tollunt,
1882 437 2028 510 quia

363 539 507 578 mox
557 523 858 580 bonarum
911 526 1339 595 cogitationum
1403 529 1676 598 germina
1728 529 2025 585 auferunt-

363 617 553 685 Atque
582 613 642 668 in
673 613 916 682 inguine
945 615 1181 683 feriunt,
1209 617 1351 689 quia
1392 619 1669 677 virtutem
1701 618 1898 675 cordis
1923 618 2028 673 de-

362 699 707 758 lectationes
738 703 934 759 carnis
958 705 1260 761 occidunt.
1291 707 1354 762 In
1401 707 1646 776 inguine
1695 708 1918 781 quippe
1949 707 2027 762 fe-

362 791 496 853 rire,
529 795 618 847 est
647 792 825 847 vitam
882 794 1098 848 mentis
1147 796 1345 851 carnis
1395 796 1785 853 delectatione
1831 796 2028 870 perfo-

361 884 916 954 rare.Nequaquam
945 899 1086 938 vero
1111 884 1380 940 lsboseth
1401 887 1509 941 iste
1540 887 1852 959 inepinata
1874 902 2030 941 mor-

364 975 418 1024 te
451 970 889 1035 succumberet,
911 971 1095 1027 sinon
1121 973 1195 1028 ad
1216 974 1558 1044 ingressum
1581 975 1800 1031 domus
1821 976 2027 1031 mulie-

361 1075 511 1126 rem,
527 1059 589 1114 id
617 1065 704 1115 est
725 1061 802 1115 ad
821 1061 1038 1116 mentis
1059 1062 1290 1118 aditum
1311 1064 1554 1119 mollem
1573 1065 1908 1120 custodiam
1930 1065 2027 1120 de-

362 1153 647 1220 putasset.
681 1149 863 1204 Fortis
895 1165 1162 1222 namque
1200 1152 1463 1224 vigilque
1513 1169 1724 1208 sensus
1757 1154 2030 1227 praeponi

363 1236 561 1292 cordis
585 1236 815 1291 foribus
856 1237 1054 1304 debet,
1087 1254 1270 1310 quem
1296 1256 1405 1296 nec
1454 1241 1832 1312 negligentiae
1865 1260 2027 1298 som-

363 1341 480 1382 nus
519 1325 842 1397 opprimat,
872 1342 981 1381 nec
1033 1327 1386 1396 ignorantiae
1421 1347 1588 1386 error
1634 1331 1817 1388 fallat.
1863 1333 2027 1388 Unde

364 1416 519 1471 bene
541 1420 596 1470 et
618 1414 886 1471 lsboseth
919 1416 1254 1488 appellatus
1288 1425 1394 1485 est,
1426 1421 1530 1492 qui
1575 1422 1819 1478 custode
1868 1422 2029 1477 femi-

365 1519 449 1559 na
469 1503 788 1558 hostilibus
821 1505 1034 1574 gladiis
1061 1508 1343 1564 nudatur.
1376 1509 1646 1565 lsboseth
1676 1512 1901 1584 quippe
1934 1513 2028 1568 vir

367 1594 736 1661 confusionis
763 1593 979 1650 dicitur
1002 1613 1014 1650 :
1048 1596 1139 1651 vir
1159 1603 1359 1652 autem
1392 1599 1761 1656 confusionis
1791 1607 1900 1671 est,
1924 1600 2028 1674 qui

2136 435 2308 500 bron,
2326 456 2397 494 ex
2423 457 2545 512 quo
2567 443 2811 500 devictis
2837 442 3196 510 Amalecitis,
3233 442 3307 497 de
3354 441 3559 512 spoliis
3592 458 3812 498 eorum

2138 525 2297 583 misit
2321 529 2484 586 dona
2508 533 2844 588 senioribus
2865 531 3136 599 Juda,his
3159 531 3259 603 qui
3276 537 3442 587 erant
3462 532 3523 587 in
3545 533 3810 601 Hebron,

2137 620 2194 672 et
2222 617 2314 672 his
2341 620 2446 690 qui
2475 627 2646 678 erant
2674 623 2735 677 in
2771 621 2984 687 Bethel,
3019 625 3075 676 et
3104 620 3350 694 reliquis
3387 621 3492 693 qui
3531 627 3704 678 erant
3747 623 3813 680 in

2136 706 2230 761 his
2250 707 2414 774 locis,
2439 710 2499 766 in
2525 711 2745 784 quibus
2775 715 3186 768 commoratus
3227 710 3421 766 fuerat
3453 711 3639 767 David
3671 711 3812 784 ipse

2137 800 2195 852 et
2221 799 2328 852 viri
2357 800 2506 870 ejus.
2532 803 2766 872 Mystice
2788 806 2990 858 autem
3019 799 3188 873 quod
3216 799 3400 856 David
3433 801 3676 869 triginta
3703 817 3814 856 an-

2139 902 2356 942 norum
2386 905 2635 957 regnare
2669 889 3306 962 caepit,praeﬁgurabat
3328 889 3490 962 quod
3513 890 3813 945 Dominus

2138 982 2338 1030 noster
2369 978 2605 1047 triginta
2626 995 2927 1035 annorum
2952 979 3199 1034 venitad
3221 978 3614 1051 baptismum,
3643 984 3701 1034 et
3723 979 3814 1034 in-

2138 1064 2395 1136 cipiebat
2411 1069 2798 1137 Evangelium
2812 1069 2978 1138 regni
2998 1067 3322 1140 praedicare
3329 1110 3346 1138 ,
3363 1069 3536 1140 cujus
3548 1084 3810 1138 regnum

2138 1157 2590 1227 sempiternum,
2625 1162 2679 1212 et
2710 1162 2973 1229 potestas
3007 1157 3138 1227 ejus
3179 1157 3346 1212 alteri
3383 1173 3506 1212 non
3537 1157 3810 1212 dabitur.

2139 1244 2664 1313 Quadragenarius
2704 1247 2862 1302 enim
2893 1262 3203 1315 numerus,
3232 1247 3335 1318 qui
3380 1262 3453 1301 ex
3484 1246 3811 1319 quaterde-

2137 1333 2229 1388 nis
2261 1339 2510 1402 constat,
2532 1335 2963 1406 plenitudinem
2992 1342 3332 1407 temporum
3359 1340 3415 1390 et
3445 1351 3648 1390 rerum
3673 1351 3814 1407 per-

2138 1423 2452 1479 fectionem
2484 1425 2806 1493 signiﬁcat.
2864 1449 2890 1473 ‹‹
2917 1427 3343 1497 Unxeruntque
3388 1425 3574 1480 David
3623 1441 3816 1498 super

2139 1535 2166 1561 ‹‹
2197 1529 2440 1568 omnem
2470 1515 2645 1570 lsrael
2683 1531 2908 1584 regem,
2930 1537 2957 1564 ››
2989 1520 3045 1570 et
3066 1514 3317 1588 reliqua.
3346 1515 3534 1571 David
3561 1515 3654 1570 bis
3671 1531 3814 1571 esse

2139 1609 2354 1657 unctus
2378 1602 2612 1669 dicitur,
2643 1604 2909 1660 similiter
2934 1609 2990 1659 et
3018 1604 3308 1660 Dominus
3335 1607 3502 1659 Jesus
3532 1605 3816 1660 Christus

367 1681 504 1738 forti
529 1683 744 1738 mentis
781 1684 1055 1740 custodia
1098 1688 1363 1743 munitus
1394 1705 1517 1744 non
1549 1695 1655 1754 est,
1690 1691 1833 1763 quia
1879 1691 2027 1748 dum
2069 1698 2110 1752 Β
2140 1692 2305 1764 prius
2344 1694 2403 1748 in
2453 1693 2678 1765 populo
2721 1693 3088 1760 Judaeorum,
3121 1699 3259 1766 post
3296 1695 3424 1748 haec
3469 1710 3530 1749 in
3578 1694 3814 1766 populo

368 1772 611 1827 virtutes
643 1789 702 1829 se
735 1789 910 1843 agere
951 1775 1223 1846 aestimat,
1275 1778 1670 1836 subintrantia
1713 1781 1850 1837 vitia
1898 1797 2030 1837 nes-

370 1861 624 1917 cientem
654 1867 888 1918 necant.
918 1867 1061 1920 Tota
1087 1865 1288 1937 itaque
1318 1867 1526 1924 virtute
1553 1869 1920 1926 muniendus
1943 1875 2031 1927 est

370 1950 566 2006 aditus
598 1951 848 2006 mentis:
902 1954 1228 2025 nequando
1259 1971 1392 2011 eam
1440 1956 1789 2013 insidiantes
1826 1960 2028 2016 hostes

366 2041 678 2110 penetrent
700 2039 992 2096 foramine
1021 2042 1304 2112 neglectae
1326 2045 1720 2115 cogitationis.
1750 2048 1893 2103 Hinc
1921 2051 2026 2106 Sa-

368 2127 572 2182 lomon
598 2128 679 2184 ait
711 2147 722 2184 :
760 2151 787 2177 «
817 2129 990 2185 Omni
1023 2133 1298 2188 custodia
1329 2151 1500 2190 serva
1532 2152 1634 2191 cor
1679 2141 1845 2193 tuum
1885 2140 2030 2211 quia

369 2231 442 2271 ex
461 2215 592 2288 ipso
624 2216 743 2272 vita
763 2219 1032 2289 procedit
1047 2219 1251 2289 (Prov.
1274 2224 1410 2292 iv).»
1435 2223 1692 2280 Virtutes
1708 2242 1851 2295 ergo
1875 2244 2029 2300 quas

369 2305 626 2374 agimus,
645 2306 898 2376 dignum
927 2313 1033 2374 est,
1067 2314 1132 2365 ut
1161 2328 1543 2384 summopere
1584 2314 1661 2369 ab
1689 2315 2031 2372 intentionis

369 2395 598 2466 origine
619 2412 977 2468 pensemus:
1002 2415 1078 2455 ne
1099 2415 1172 2456 ex
1185 2402 1346 2458 malo
1365 2408 1496 2458 ortu
1514 2404 1828 2476 prodeant,
1850 2406 2029 2462 etiam

373 2490 537 2542 recta
561 2502 698 2558 quae
725 2492 1047 2544 ostentant.

1043 2615 1268 2673 CAPUT
1298 2618 1367 2674 V.

447 2755 480 2791 ι
510 2739 578 2792 Et
602 2743 895 2794 venerunt
939 2739 1228 2796 universae
1273 2743 1462 2799 tribus
1494 2745 1676 2802 Israel
1719 2747 1797 2802 ad
1847 2749 2034 2804 David

379 2849 407 2876 ι(
449 2825 512 2882 in
541 2826 802 2893 Hebron,
835 2828 1132 2886 dicentes:
1185 2834 1328 2888 Ecce
1361 2850 1470 2888 nos
1501 2850 1568 2890 os
1599 2841 1768 2891 tuum
1800 2841 1857 2893 et
1894 2855 2032 2894 caro

375 2937 405 2966 κ
446 2919 550 2972 tua
579 2932 814 2985 sumus,
841 2938 869 2966 »
901 2923 957 2974 et
983 2919 1236 2992 reliqua.
1261 2922 1416 2988 Quid
1453 2932 1780 2981 conventus
1805 2929 1910 2983 iste
1934 2929 2033 2984 tri-

2141 1782 2408 1851 gentium
2478 1782 2882 1855 principatum
2926 1783 3200 1856 sumpsit.
3255 1782 3442 1838 David
3511 1800 3651 1838 cum
3716 1783 3818 1839 tri-

2142 1872 2305 1942 ginta
2328 1878 2483 1927 esset
2513 1888 2832 1939 annorum,
2853 1887 3038 1942 regno
3054 1873 3278 1944 potitus
3301 1878 3408 1941 est,
3433 1877 3490 1927 et
3513 1873 3813 1928 Dominus

2140 1962 2311 2016 Jesus
2347 1962 2608 2017 Christus
2647 1961 2861 2018 eadem
2907 1967 3100 2025 aetate,
3141 1963 3202 2017 in
3249 1962 3508 2018 Jordane
3565 1962 3753 2018 ﬂuvio
3778 1978 3820 2018 a

2140 2053 2367 2106 Joanne
2398 2050 3090 2124 baptizatus,discipulos
3111 2051 3334 2107 habere
3362 2051 3558 2123 coepit.

2215 2162 2241 2188 «
2275 2142 2338 2194 Et
2362 2139 2508 2195 abiit
2535 2156 2638 2195 rex
2662 2143 2718 2195 et
2746 2156 2959 2196 omnes
2988 2139 3098 2195 viri
3139 2141 3244 2212 qui
3276 2145 3443 2196 erant
3475 2156 3617 2195 cum
3649 2155 3724 2196 eo
3753 2139 3818 2196 in

2146 2251 2172 2276 ‹‹
2216 2228 2585 2283 Hierusalem
2616 2227 3048 2284 adJebusaeum
3074 2229 3474 2284 habitatorem
3503 2232 3699 2284 terrai.
3725 2227 3819 2283 Di-

2146 2340 2172 2366 «
2215 2322 2498 2390 ctumque
2526 2324 2617 2373 est
2643 2317 2826 2372 David
2854 2317 2930 2372 ab
2969 2318 3086 2371 eis:
3117 2321 3244 2372 Non
3273 2316 3623 2388 ingredieris
3671 2317 3816 2386 huc,

2149 2431 2174 2454 ‹‹
2219 2407 2330 2461 nisi
2375 2406 2690 2462 abstuleris
2717 2422 2907 2461 Caecos
2942 2411 2998 2461 et
3033 2405 3303 2475 claudos,
3336 2406 3600 2461 dicentes
3629 2422 3643 2462 :
3690 2420 3819 2461 non

2152 2519 2178 2545 ‹‹
2220 2495 2554 2565 egredietur
2593 2495 2779 2552 David
2820 2495 2958 2551 huc.
2993 2495 3158 2568 Cepit
3185 2500 3387 2551 autem
3419 2511 3620 2551 arcem
3647 2494 3814 2565 Sion,

2153 2606 2182 2634 ‹‹
2220 2585 2347 2640 haec
2371 2590 2456 2640 est
2481 2585 2685 2641 civitas
2707 2584 2914 2641 David.
2940 2587 3337 2657 Proposuerat
3355 2584 3515 2640 enim
3540 2584 3727 2641 David
3752 2584 3818 2639 in

2153 2698 2180 2723 «
2221 2675 2314 2730 die
2346 2674 2444 2731 illa
2492 2675 2830 2747 praemium,
2861 2673 2965 2747 qui
3012 2674 3407 2746 percussisset
3445 2674 3815 2739 Jebusaeum,

2152 2788 2179 2813 ‹‹
2221 2769 2277 2819 et
2302 2765 2581 2834 tetigisset
2607 2763 2922 2820 domatum
2950 2763 3201 2832 ﬁstulas,
3234 2769 3291 2820 et
3321 2763 3570 2820 claudos
3608 2769 3665 2818 et
3696 2781 3814 2820 cae-

2151 2877 2178 2903 ‹‹
2222 2870 2324 2909 eos
2357 2853 2624 2909 odientes
2671 2855 2938 2908 animam
2979 2853 3186 2909 David.
3226 2853 3451 2909 Idcirco
3493 2853 3708 2909 dicitur
3752 2853 3816 2909 in

2150 2965 2178 2992 «
2218 2943 2558 3016 proverbio.
2589 2944 2793 2998 Caecus
2839 2947 2894 2998 et
2934 2942 3187 2998 claudus
3235 2959 3358 2998 non
3397 2942 3705 2999 intrabunt
3750 2944 3815 2999 in

376 3005 567 3104 130111.11
602 3006 779 3062 ῙεΓᾶΘῙ
905 3009 1104 3106 ’Πᾶνίᾷ
1152 3011 1470 3106 ξξϐιξίῧοᾶῒτ
1512 3015 1627 3071 Πίεί
1671 3023 2036 3074 conventum
2072 3051 2113 3106 ο
2150 3057 2175 3081 ‹‹
2219 3005 2528 3105 templum.
2564 3033 2860 3088 Habitavit
2890 3038 3091 3088 autem
3124 3033 3309 3088 David
3340 3033 3401 3088 in
3435 3049 3590 3098 arce,
3623 3038 3681 3087 et
3710 3049 3813 3088 vo-

375 3095 650 3150 omnium
699 3097 966 3165 gentium
1018 3099 1097 3154 ad
1143 3099 1481 3159 Christum?
1527 3106 1667 3169 Quae
1722 3105 1802 3161 illi
1855 3108 2032 3178 quasi

372 3184 742 3240 blandiendo
770 3186 1015 3244 dicunt:
1052 3192 1196 3245 Ecce
1223 3207 1335 3246 nos
1365 3208 1432 3247 os
1467 3197 1634 3250 tuum
1665 3201 1720 3250 et
1751 3213 1890 3252 caro
1935 3203 2037 3253 tua

374 3291 605 3344 sumus,
640 3291 779 3330 cum
808 3275 868 3330 in
899 3276 1000 3332 illo
1026 3278 1526 3348 incarnationem,
1570 3300 1757 3356 quam
1787 3302 1859 3341 ex
1892 3303 2032 3342 nos-

371 3368 462 3418 tra
493 3367 710 3419 natura
734 3365 795 3418 in
822 3366 1070 3436 virginis
1096 3374 1259 3424 utero
1287 3371 1550 3444 suscipit,
1572 3373 1828 3442 diligunt
1856 3381 2035 3449 atque

368 3454 751 3539 venerantur,
782 3453 1035 3526 ejusque
1066 3455 1278 3512 ditioni
1309 3459 1565 3514 subdere
1609 3478 1670 3516 se
1724 3469 2035 3539 appetunt,

370 3538 544 3611 eique
566 3540 785 3596 servire
805 3544 971 3598 omni
998 3549 1264 3618 tempore
1288 3547 1651 3605 desiderant.
1685 3552 1848 3608 Unde
1877 3538 2036 3609 Psalé

369 3627 549 3684 mista
578 3627 756 3687 dicit:
814 3653 840 3681 ‹‹
870 3633 1340 3692 Reminiscentur
1386 3642 1442 3692 et
1495 3647 1914 3698 convertentur
1959 3645 2036 3700 ad

370 3717 694 3774 Dominum
758 3723 1022 3779 universi
1069 3724 1220 3781 ﬁnes
1266 3731 1456 3782 terrze.
1482 3730 1549 3782 Et
1589 3729 1930 3786 adorabunt
1975 3733 2033 3788 in

369 3812 696 3880 conspectu
727 3810 858 3880 ejus
909 3827 1121 3868 omnes
1171 3815 1377 3886 patria:
1424 3817 1711 3885 gentium,
1746 3821 2035 3891 quoniam

369 3896 604 3952 Domini
635 3902 724 3954 est
749 3915 1026 3970 regnum,
1063 3907 1120 3957 et
1150 3903 1278 3974 ipse
1327 3904 1738 3962 dominabitur
1769 3910 2036 3977 gentium

367 3985 558 4055 (Psal.
583 3991 767 4053 xxx)»
801 3990 1102 4044 Venerunt
1127 4006 1372 4064 quoque
1422 3998 1477 4048 et
1527 4011 1702 4050 senes
1751 3997 1825 4052 de
1859 4000 2037 4055 Israel

369 4072 450 4128 ad
478 4088 682 4142 regem
711 4075 771 4130 in
815 4077 1077 4148 Hebron,
1107 4095 1247 4134 cum
1291 4084 1598 4154 prophetze
1649 4091 1704 4142 et
1755 4089 2032 4160 apo.toli,

369 4177 491 4217 una
509 4161 649 4231 ﬁde,
668 4167 724 4218 et
749 4165 879 4235 pari
901 4165 1239 4235 devotione,
1260 4171 1334 4226 ad
1354 4171 1736 4232 Mediatorem
1759 4182 2034 4235 nostrum

371 4257 753 4342 concurrunt.
784 4256 860 4308 De
881 4255 1104 4327 quibus
1123 4259 1410 4332 scriptum
1437 4267 1543 4319 est:
1577 4267 1910 4340 «Principes
1934 4285 2036 4342 po-

369 4337 497 4410 puli
522 4347 886 4398 concurrunt
906 4343 967 4399 in
1001 4361 1191 4402 unum
1213 4365 1351 4405 cum
1374 4354 1490 4408 Deo
1511 4337 1823 4412 Abraham
1846 4337 2032 4428 (Psal.

368 4427 603 4499 ζωὴ.»
651 4433 717 4486 Et
745 4431 926 4487 alibi:
974 4457 1001 4484 «
1025 4439 1085 4490 In
1141 4446 1464 4512 conspectu
1521 4459 1734 4500 senum
1785 4427 2034 4503 suorum

372 4515 731 4585 gloriabitur
759 4522 900 4591 {130.
925 4526 1144 4597 xxrv).n

442 4647 471 4675 «
497 4625 670 4681 Filius
688 4628 926 4700 triginta
942 4649 1242 4693 annorum
1260 4645 1385 4696 erat
1406 4641 1757 4709 David,cum
1775 4660 2028 4713 regnare

370 4735 400 4763 «
430 4715 733 4788 cmpisset,
752 4723 807 4774 et
837 4723 1244 4794 quadraginta
1259 4729 1434 4784 annis
1460 4732 1750 4799 regnavit.
1783 4755 1810 4782 »
1837 4735 1899 4788 1n
1929 4735 2036 4789 He-

366 4803 521 4860 bron
559 4811 833 4877 regnavit
879 4829 1060 4886 super
1094 4817 1311 4873 Iudam
1343 4824 1571 4892 septem
1619 4822 1795 4877 annis
1827 4827 1884 4878 et
1931 4839 2034 4879 sex

367 4895 711 4952 mensibus:
752 4899 814 4954 in
854 4901 1215 4960 Hierusalem
1244 4913 1445 4962 autem
1484 4910 1754 4977 regnavit
1793 4911 2034 4980 triginta

365 4982 556 5037 tribus
574 4987 956 5062 annis,super
970 5008 1215 5050 omnem
1233 4997 1408 5052 Israel
1421 5004 1475 5053 et
1490 5001 1516 5054 .l
1525 4999 1724 5054 udam.
1739 5010 1778 5063 LI
1791 5003 2033 5059 uasritur

369 5083 478 5123 cur
492 5073 694 5129 nonin
723 5092 967 5135 summa
986 5083 1391 5154 quadraginta
1421 5087 1561 5141 anni
1591 5093 1646 5143 et
1672 5105 1774 5145 sex
1792 5108 2031 5148 menses

370 5169 843 5220 annumerentur
863 5167 889 5220 ?
920 5169 1087 5240 quod
1118 5171 1196 5226 ab
1229 5173 1487 5228 Hebreis
1517 5175 1758 5233 duobus
1786 5181 2032 5237 solvitur

366 5246 584 5304 modis.
606 5249 818 5309 Dicunt
837 5255 998 5312 enim
1014 5259 1180 5330 quod
1200 5260 1383 5316 David
1403 5279 1506 5318 sex
1519 5268 1829 5324 mensibus
1841 5270 2028 5325 Absa-

365 5332 491 5390 10m
509 5335 700 5395 ﬁlium
723 5357 901 5398 suum
933 5345 1150 5415 fugerit
1173 5365 1186 5414 ;
1220 5349 1431 5405 merito
1453 5351 1630 5420 igitur
1652 5357 1895 5414 eosdem
1924 5377 2029 5416 sex

367 5436 661 5484 mensesa
683 5445 927 5488 summa
946 5434 1114 5504 regni
1133 5435 1289 5491 illius
1323 5454 1452 5495 esse
1492 5443 1788 5503 exclusos.
1818 5449 2030 5505 Dicunt

369 5508 549 5566 etiam
571 5514 739 5570 aliter
781 5521 947 5590 quod
971 5539 1072 5577 sex
1091 5539 1128 5581 a
1149 5528 1460 5584 mensibus
1481 5531 1540 5586 in
1566 5535 1799 5592 Hebron
1843 5539 2028 5594 David

368 5597 638 5690 quadam
654 5603 996 5664 inﬁrmitate
1027 5614 1297 5684 corporis
1324 5615 1700 5690 laboraverit.
1721 5631 1778 5680 et
1807 5626 2028 5682 idcirco

368 5684 614 5744 eosdem
637 5706 742 5748 sex
755 5709 995 5756 menses
1016 5715 1139 5763 non
1163 5711 1476 5786 supputari
1492 5710 1555 5776 in
1570 5686 1756 5793 regno
1782 5717 1833 5787 ej
1846 5719 2025 5771 us.Ex

2149 3148 2174 3172 ‹‹
2220 3125 2374 3178 cavit
2404 3139 2536 3178 eam
2569 3123 2864 3177 civitatem
2898 3123 3107 3178 David.
3144 3125 3209 3177 Et
3239 3121 3556 3178 mdiﬁcavit
3575 3138 3682 3194 per
3707 3138 3815 3195 gy-

2148 3236 2175 3262 ‹‹
2219 3230 2350 3268 rum
2382 3212 2598 3268 aMello
2628 3219 2683 3267 et
2705 3212 3122 3280 intrinsecus,»
3156 3218 3213 3268 et
3231 3212 3480 3284 reliqua.
3505 3212 3810 3274 Aitenim;

2148 3328 2174 3354 ι(
2217 3305 2341 3360 Non
2394 3303 2742 3372 ingredieris
2796 3304 2934 3368 huc,
2968 3303 3079 3358 nisi
3130 3303 3444 3358 abstuleris
3501 3318 3696 3358 caecos
3756 3307 3813 3357 et

2147 3395 2455 3458 claudos,»
2490 3400 2599 3448 etv.
2635 3395 2715 3448 Ac
2748 3393 2792 3448 si
2818 3393 3050 3448 dicatur
3079 3393 3158 3449 ab
3184 3393 3308 3448 eis:
3358 3397 3481 3448 Non
3516 3393 3811 3462 ingredie-

2149 3489 2239 3540 tur
2262 3485 2378 3540 huc
2410 3483 2615 3546 David,
2649 3483 2840 3538 donec
2870 3499 2978 3539 nos
3010 3484 3148 3538 hinc
3191 3482 3444 3546 auferat,
3475 3499 3632 3555 quos
3660 3483 3810 3537 iner-

2147 3591 2275 3630 mes
2303 3579 2360 3629 et
2388 3573 2715 3629 imbecilles
2749 3574 2900 3628 sicut
2930 3589 3121 3628 caecos
3155 3577 3212 3628 et
3251 3572 3502 3628 claudos
3551 3588 3682 3626 esse
3713 3587 3808 3627 ar-

2144 3663 2416 3732 bitratur,
2438 3667 2495 3719 et
2519 3679 2671 3734 quos
2695 3662 2848 3717 bello
2870 3677 3289 3732 aggressurus,
3317 3662 3469 3716 sicut
3490 3661 3738 3717 claudos
3755 3666 3810 3716 et

2145 3769 2337 3808 caecos
2364 3768 2424 3806 se
2452 3752 2960 3823 triumphaturum
2987 3756 3174 3823 putat.

2219 3829 2502 3896 «Idcirco
2549 3839 2764 3895 dicitur
2808 3841 2867 3894 in
2918 3841 3268 3911 proverbio:
3303 3841 3508 3895 Caecus
3551 3845 3608 3894 et
3645 3839 3807 3895 clau-

2148 3953 2175 3981 «
2206 3931 2321 3986 dus
2354 3947 2476 3986 non
2505 3930 2813 3986 intrabunt
2842 3930 3154 4002 templum,
3186 3953 3213 3979 »
3245 3930 3304 3984 id
3335 3936 3442 3994 est,
3471 3945 3593 3984 non
3631 3932 3810 3984 intra-

2145 4021 2232 4078 bit
2255 4021 2501 4094 quilibet
2531 4020 2783 4076 domum
2811 4020 3168 4076 claudoruin
3201 4025 3256 4075 et
3277 4035 3596 4089 caecorum,
3619 4034 3808 4090 quan-

2146 4112 2250 4168 diu
2294 4128 2489 4166 caecus
2516 4117 2573 4166 et
2624 4110 2874 4166 claudus
2905 4110 3059 4166 intro
3119 4111 3308 4166 fuerit.
3361 4111 3810 4181 «Proposuerat

2146 4201 2306 4257 enim
2339 4201 2526 4257 David
2562 4200 2623 4255 in
2650 4200 2744 4256 die
2783 4200 2884 4256 illa
2911 4200 3250 4272 praemium,
3283 4200 3387 4272 qui
3415 4198 3811 4272 percussisset

2146 4291 2508 4357 Jebusaaum,
2543 4291 2821 4360 tetigisset
2850 4291 3171 4345 domatum
3200 4289 3432 4346 ﬁstulas
3468 4307 3480 4356 ;
3530 4295 3586 4344 et
3616 4303 3808 4344 CfBCOS

2066 4399 2112 4452 ι)
2147 4387 2202 4438 et
2231 4380 2479 4438 claudos
2509 4380 2776 4436 odientes
2807 4380 3074 4436 animam
3108 4379 3314 4435 David.
3352 4401 3380 4428 »δ
3439 4383 3500 4434 In
3557 4378 3805 4433 Hebrzeo

2146 4472 2227 4529 ita
2256 4472 2542 4528 habetur:
2578 4493 2604 4520 ‹‹
2627 4474 2690 4525 ht
2719 4469 2866 4525 dixit
2895 4469 3083 4525 David
3129 4471 3191 4524 in
3222 4469 3317 4524 die
3365 4468 3487 4524 illa.
3527 4469 3637 4533 Qui
3675 4483 3806 4540 per-

2146 4562 2390 4618 cusserit
2441 4561 2812 4629 Jebuszeum,
2869 4566 2925 4616 et
2983 4560 3231 4628 tetigerit
3282 4558 3514 4614 ﬁstulas
3562 4559 3802 4624 domus,

2145 4651 2251 4707 erit
2277 4650 2530 4723 primus.
2559 4671 2586 4698 η
2619 4652 2684 4704 Ει
2711 4650 2774 4704 in
2805 4649 3307 4721 Paralipomenon
3342 4669 3354 4702 :
3386 4669 3413 4698 α
3440 4647 3647 4702 Omnis
3699 4646 3805 4718 qui

2145 4739 2501 4813 percusserit
2529 4739 2874 4796 Jebusaeum
2904 4739 2964 4793 in
3015 4739 3224 4810 primis
3270 4738 3377 4792 erit
3419 4737 3698 4808 princeps
3749 4741 3808 4791 et

2143 4830 2288 4896 dux,
2324 4847 2352 4876 ι
2379 4827 2441 4883 id
2470 4832 2576 4895 est,
2609 4829 2714 4900 qui
2767 4833 2944 4884 tantae
2995 4826 3169 4882 fuerit
3224 4825 3512 4890 audaciae,
3545 4830 3602 4880 et
3649 4821 3807 4880 forti-

2143 4917 2386 4984 tudinis,
2417 4920 2481 4972 ut
2527 4916 2607 4972 ad
2658 4933 2902 4972 murum
2954 4915 3207 4972 civitatis
3249 4931 3442 4987 usque
3504 4914 3719 4981 veniat,
3751 4919 3809 4968 et

2141 5005 2314 5060 hasta
2349 5020 2461 5060 sua
2499 5004 2764 5060 ﬁstulam
2795 5021 2932 5076 quia
2980 5006 3041 5058 in
3091 5019 3266 5059 muro
3290 5007 3379 5058 est
3426 5006 3649 5071 tangat,
3678 5002 3805 5073 ipse

2140 5094 2438 5166 princeps.
2473 5093 2754 5150 Ascendit
2792 5093 2972 5162 igitur
3028 5094 3259 5165 primus
3287 5092 3441 5148 Joab
3469 5091 3629 5145 ﬁlius
3680 5091 3808 5145 Sar-

2139 5184 2270 5251 viae,
2299 5189 2356 5240 et
2377 5184 2568 5240 factus
2595 5188 2683 5238 est
2718 5183 3020 5255 princeps.
3079 5183 3222 5238 Hinc
3260 5181 3554 5253 Josephus
3603 5186 3807 5250 aperte

2139 5272 2460 5331 describit:
2497 5275 2822 5342 Exurgens,
2845 5271 3060 5344 inquit,
3097 5270 3280 5327 David
3311 5286 3451 5325 cum
3498 5268 3804 5336 omnibus,

2139 5362 2300 5416 venit
2350 5361 2413 5416 in
2473 5360 2968 5433 Hierosolymam,
3026 5360 3317 5415 Jebuseeis
3394 5358 3808 5414 habitantibus

2138 5450 2434 5505 civitatem
2483 5450 2606 5521 (qui
2655 5453 2825 5505 erant
2854 5465 2924 5504 ex
2943 5464 3161 5519 genere
3200 5448 3721 5517 Chananaeorum),
3752 5452 3810 5501 et

2139 5539 2555 5595 claudentibus
2585 5540 2668 5595 eis
2699 5544 2904 5611 portas
2939 5544 2996 5594 et
3026 5555 3217 5593 caecos
3260 5541 3506 5609 aspectu
3551 5541 3610 5592 et
3647 5536 3810 5592 clau-

2139 5627 2270 5695 dos,
2305 5643 2636 5700 omnesque
2663 5627 2953 5700 leprosos,
2974 5627 3052 5682 ad
3081 5625 3445 5682 derisionem
3475 5625 3631 5694 regis
3666 5641 3808 5680 eon-

2145 5716 2523 5772 stituentibus
2536 5733 2717 5790 super
2733 5733 2979 5774 murum
2990 5714 3501 5785 dieentibus,quia
3520 5714 3808 5785 prohibe-
