3940 6420
157 273 263 328 345

1152 278 1406 335 ENARR.
1446 280 1516 335 IN
1557 277 1805 334 LIBROS
1843 277 2103 334 REGUM.
2146 308 2216 320 --
2255 280 2323 336 lN
2366 280 2496 336 LIB.
2540 280 2606 337 ll.

3484 289 3588 344 346

155 408 299 450 eum
327 392 466 450 caeci
493 393 728 466 ingredi
748 395 809 452 in
833 397 1153 466 civitatem,
1177 417 1313 474 quae
1342 406 1543 458 tamen
1571 401 1833 471 agebant
1862 405 1908 457 Α
1945 403 2045 475 qui
2073 403 2426 476 priusquam
2446 406 2730 478 crederet,
2755 404 2962 461 divina
2977 410 3280 478 praecepta
3302 409 3614 482 parvipen-

156 483 558 557 despicientes
573 500 712 540 eum
729 501 840 558 pro
862 487 1128 545 maxima
1145 490 1477 547 munitione
1495 507 1830 547 murorum.

156 575 348 630 Iratus
364 589 474 629 rex
499 574 979 646 Hierosolymam
1000 577 1275 635 obsidere
1297 581 1496 653 capit,
1539 585 1596 636 et
1646 579 1833 635 multo

155 661 361 718 studio
391 667 450 719 et
474 661 683 719 labore
714 665 920 721 conari
952 671 1016 722 ut
1045 682 1181 722 eam
1223 673 1488 741 caperet,
1532 675 1835 742 quatenus

152 749 217 806 in
248 750 383 823 ipso
430 750 807 824 principatus
849 753 1016 810 initio
1050 771 1225 812 suam
1268 756 1680 814 fortitudinem
1729 757 1832 813 de-

152 844 540 897 monstraret.
572 841 995 899 Interminatus
1025 843 1226 918 itaque
1267 850 1324 902 et
1367 847 1513 921 ipsis
1551 852 1608 904 et
1636 847 1735 903 alii
1768 847 1833 917 (si

150 929 262 1003 qui
293 929 443 986 forte
478 930 773 988 haberent
799 932 1091 990 adversus
1123 951 1262 992 eum
1305 937 1619 994 resistendi
1652 953 1834 994 cona-

152 1021 320 1092 men)
357 1021 697 1077 inferiorem
745 1022 1072 1092 civitatem,
1122 1041 1350 1097 magna
1393 1027 1609 1084 virtute
1656 1027 1831 1100 cepit.

153 1111 431 1182 Cumque
457 1110 660 1166 adhuc
681 1127 882 1168 arcem
914 1113 1184 1171 obtinere
1209 1131 1334 1171 non
1360 1121 1596 1189 posset,
1629 1118 1829 1190 coepit,

149 1199 422 1256 honores
478 1205 537 1255 et
576 1216 833 1257 munera
859 1203 1292 1276 promittendo,
1324 1221 1427 1262 rex
1472 1221 1704 1279 pronus
1756 1206 1834 1262 ad

151 1303 316 1361 opus
345 1287 484 1344 belli
511 1290 953 1347 commilitones
984 1308 1339 1365 provocare,
1383 1299 1450 1351 ut
1476 1295 1830 1369 quicunque

150 1393 266 1449 per
286 1377 497 1434 subtus
515 1378 698 1434 colles
737 1380 798 1435 in
839 1396 1042 1437 arcem
1087 1384 1536 1454 conscenderet,
1573 1401 1832 1457 eamque

150 1471 418 1540 caperet,
438 1467 846 1541 principatum
875 1469 1096 1526 militiae
1119 1471 1300 1527 totius
1323 1473 1532 1546 populi
1553 1473 1832 1547 posside-

149 1559 265 1612 ret.
315 1557 552 1612 Cunctis
592 1557 796 1630 itaque
846 1559 1252 1616 conscendere
1291 1561 1734 1627 festinantibus,
1777 1566 1834 1619 et

148 1644 327 1700 nullo
349 1643 556 1701 labore
585 1661 696 1718 pro
719 1649 986 1704 muneris
1015 1648 1404 1706 retributione
1429 1651 1827 1715 tardantibus,

152 1733 383 1791 Sarvias
406 1734 564 1790 ﬁlius
583 1735 736 1792 Joab
757 1738 1048 1810 przevenit
1072 1739 1481 1796 universos.Et
1495 1741 1830 1798 ascendens
1860 1759 1904 1812 Β

148 1824 217 1879 in
259 1824 601 1893 cacumine,
642 1825 928 1883 clamavit
953 1827 1030 1884 ad
1059 1844 1286 1898 regem,
1331 1830 1576 1900 exigens
1610 1830 1832 1887 militiae

147 1912 868 1987 principatum.Expulsis
884 1915 1086 1989 itaque
1106 1933 1211 1973 rex
1231 1918 1306 1974 de
1329 1935 1571 1976 summa
1593 1935 1729 1976 arce
1748 1923 1835 1976 Je-

146 2001 468 2069 busasis,et
484 2002 859 2060 reaediﬁcans
870 2004 1170 2062 civitatem
1189 2007 1669 2080 Hierosolymam
1685 2025 1837 2065 nun-

149 2091 419 2164 cupavit,
443 2096 500 2148 et
516 2093 684 2148 omni
702 2097 971 2166 tempore
989 2094 1050 2150 in
1069 2111 1142 2151 ea
1159 2096 1250 2152 sui
1268 2096 1561 2153 habitavit
1577 2098 1830 2170 imperii.

148 2180 273 2236 Sed
293 2181 441 2253 quia
466 2180 527 2237 in
554 2181 670 2238 hoc
695 2182 1028 2253 volumine,
1054 2184 1151 2240 hic
1171 2185 1440 2258 primum
1464 2187 1832 2244 Hierusalem

150 2269 369 2325 civitas
387 2269 802 2327 Jebuseeorum
822 2271 1060 2343 legitur,
1074 2289 1211 2345 quae
1223 2274 1286 2330 in
1299 2275 1509 2332 Genesi
1527 2276 1724 2333 Salem
1746 2277 1836 2348 (ut

151 2358 407 2415 tradunt
431 2359 682 2431 Hebraei)
708 2361 841 2417 etin
862 2361 1169 2418 volumine
1192 2364 1472 2420 iudicum
1492 2365 1674 2421 Jebus
1695 2365 1834 2437 legi-

152 2452 276 2512 tur,
297 2448 440 2503 etin
467 2447 671 2504 multis
702 2450 1032 2522 scripturis,
1063 2451 1329 2508 maxime
1356 2452 1418 2508 in
1450 2457 1614 2510 Novo
1635 2456 1836 2511 Testa-

152 2542 390 2604 mento,
420 2537 882 2610 Hierosolyman
907 2539 1270 2612 appellatur,
1292 2543 1723 2615 requirendum
1745 2547 1837 2600 est

151 2641 351 2698 quare
364 2626 732 2683 Hierusalem
743 2627 1117 2698 legatur.Sed
1129 2630 1404 2687 dicamus
1421 2632 1570 2704 quid
1585 2633 1647 2688 in
1663 2631 1836 2689 dictis

152 2714 482 2771 doctorum
497 2716 855 2774 invenimus.
877 2717 1392 2792 Judmidnquiunt,
1408 2729 1684 2778 asserunt
1698 2722 1834 2777 Sem

152 2804 358 2860 ﬁlium
381 2808 503 2861 Noe
525 2810 731 2878 (quem
753 2806 962 2863 dicunt
983 2808 1426 2882 Melchisedech)
1454 2811 1720 2883 primum
1749 2812 1835 2884 ip-

154 2911 296 2951 sam
320 2894 623 2951 civitatem
652 2895 1046 2965 inhabitasse,
1083 2898 1430 2972 dictamque
1455 2901 1517 2956 in
1548 2903 1834 2976 iemporis

157 2984 388 3050 Salem,
417 3001 607 3057 quam
637 2991 852 3058 postea
881 2991 1205 3044 tenuerunt
1231 2989 1506 3057 Jebusaei,
1547 3007 1578 3046 e
1606 2992 1833 3064 quibus

151 3079 215 3130 et
241 3074 449 3168 sortita
480 3080 569 3130 est
592 3074 962 3168 vocabulum
989 3077 1192 3168 Jebus.
1220 3078 1433 3152 Sicque
1458 3079 1703 3136 duobus
1728 3097 1834 3137 no-
1867 3116 1908 3168 ο

152 3163 431 3219 minibus
461 3163 758 3237 copulatis
787 3164 972 3220 Jebus
1003 3170 1060 3221 et
1093 3166 1310 3237 Salem,
1342 3173 1557 3225 vocata
1585 3175 1674 3226 est
1702 3170 1834 3227 Hie-

150 3251 588 3325 rusalem,quie
610 3258 822 3326 postea
834 3269 870 3310 a
885 3254 1208 3312 Salomone
1225 3256 1642 3330 Hierosolyma
1657 3259 1833 3332 quasi

152 3341 694 3410 Hierosalomonis,
727 3343 844 3399 hoc
869 3348 958 3398 est
979 3344 1141 3399 aedes
1168 3345 1505 3402 Salomonis
1535 3347 1695 3404 dicta
1723 3353 1828 3405 est.

156 3435 296 3487 Haec
317 3436 375 3487 et
393 3437 672 3504 corrupte
695 3448 732 3488 a
746 3433 940 3505 poetis
964 3433 1210 3506 Solyma
1231 3441 1639 3509 nuncupatur.
1667 3437 1833 3494 Unde

152 3539 270 3596 per
297 3527 542 3594 tropum
572 3521 679 3594 qui
722 3538 760 3578 a
795 3524 1210 3592 grammaticis
1242 3526 1446 3581 tmesis
1472 3526 1829 3599 appellatur,

152 3611 270 3682 disj
281 3611 510 3666 unctim
528 3627 564 3666 a
583 3614 762 3683 poeta
782 3611 839 3667 in
859 3617 1139 3684 poemate
1156 3613 1417 3686 ponitur.
1436 3615 1630 3683 Hiero,
1648 3632 1833 3689 quem

154 3700 369 3771 genuit
396 3699 655 3771 Solymis
687 3700 967 3758 Davidica
997 3702 1220 3774 proles,
1252 3702 1368 3759 hoc
1394 3708 1484 3760 est
1504 3705 1834 3778 Hierosoly-

154 3790 297 3846 mis.
328 3788 440 3855 Qui
462 3795 674 3861 postea
693 3789 772 3845 ab
795 3790 950 3846 IElio
976 3791 1276 3849 Hadriano
1300 3799 1516 3850 vocata
1536 3799 1625 3850 est
1653 3795 1828 3851 Elia.

154 3879 270 3935 Sed
304 3878 484 3934 nobis
515 3878 754 3934 videtur
773 3880 941 3951 quod
970 3879 1130 3936 binis
1155 3882 1505 3939 nominibus
1533 3889 1741 3940 vocata
1757 3888 1832 3941 sit

154 3968 314 4024 sicut
340 3966 648 4023 nonnullae
679 3967 946 4024 civitates
975 3969 1144 4042 quod
1173 3970 1236 4026 in
1265 3971 1419 4027 libro
1438 3972 1718 4029 Judicum
1739 3991 1826 4029 os-

154 4055 446 4125 tenditur,
489 4056 592 4112 ubi
630 4056 883 4126 legitur:
947 4058 1058 4123 Qui
1107 4059 1396 4131 pergebat
1452 4060 1512 4117 in
1560 4067 1829 4118 montem

155 4146 471 4219 Ephraim,
501 4145 799 4218 venitque,
831 4147 1028 4219 inquit
1056 4148 1376 4220 Scriptura,
1410 4156 1618 4207 contra
1646 4152 1831 4208 Jebus

153 4252 298 4309 qua:
324 4234 444 4290 alio
474 4235 718 4290 nomine
747 4235 1062 4292 dicebatur
1090 4237 1476 4294 Hierusalem.
1532 4241 1610 4295 De
1656 4243 1829 4311 cujus

152 4323 429 4391 nomine,
454 4323 691 4396 plenius
717 4324 777 4380 in
801 4323 1002 4381 libello
1029 4341 1215 4398 quem
1239 4343 1435 4400 nuper
1462 4328 1522 4383 in
1556 4330 1829 4387 Genesim

152 4412 483 4477 edidimus,
516 4411 981 4485 disputavimus.
1027 4414 1126 4470 His
1162 4415 1324 4471 enim
1368 4417 1717 4489 praelibatis,
1749 4420 1827 4476 ad

153 4501 547 4570 allegoricam
579 4501 1077 4572 signiﬁcationem
1108 4504 1332 4576 stylum
1357 4510 1683 4564 vertamus.
1715 4510 1827 4565 Da-

154 4592 257 4647 vid
289 4606 492 4646 arcem
541 4591 680 4646 Sion
712 4592 889 4664 cepit,
935 4592 1152 4649 ablatis
1181 4594 1349 4666 prius
1379 4595 1552 4651 caecis
1581 4601 1637 4652 et
1663 4597 1830 4654 clau-

154 4679 252 4735 dis
288 4678 634 4734 odientibus
684 4681 953 4737 animam
1002 4681 1207 4738 David.
1263 4682 1354 4739 Sic
1392 4683 1680 4740 nimirum
1722 4689 1832 4744 Do-

155 4770 363 4824 minus
401 4770 578 4824 Jesus
627 4770 898 4826 Christus
956 4776 1093 4843 post
1129 4771 1616 4845 reprobationem
1677 4777 1830 4833 Scri-

153 4857 380 4913 barum
413 4862 594 4930 atque
621 4859 1084 4929 Pharisaeorum,
1113 4862 1218 4932 qui
1235 4878 1372 4918 vere
1389 4863 1530 4919 caeci
1555 4870 1612 4920 et
1631 4864 1832 4921 claudi

156 4954 301 5003 sunt
332 4946 644 5019 appellati,
685 4947 958 5005 odientes
988 4949 1259 5006 animam
1289 4951 1566 5023 ejusdem
1597 4954 1828 5011 Domini

151 5039 297 5092 Jesu
327 5035 561 5106 Christi,
597 5035 660 5092 id
699 5041 792 5092 est
831 5037 1019 5094 vitam
1065 5038 1195 5109 ejus
1241 5039 1475 5097 auferre
1514 5049 1828 5111 conantes,

154 5125 567 5198 principatum
587 5125 650 5180 in
683 5124 960 5194 Ecclesia,
1006 5142 1196 5199 quam
1221 5143 1295 5184 ex
1317 5129 1598 5198 gentibus
1621 5134 1831 5204 acqui-

155 5215 312 5282 sivit,
334 5213 614 5270 obtinuit.
646 5214 973 5271 Domatum
998 5232 1142 5272 vero
1168 5216 1382 5274 ﬁstula
1409 5218 1626 5275 falsam
1647 5220 1833 5276 scien-

155 5303 304 5359 tiam
358 5302 543 5374 hujus
595 5302 832 5373 mundi,
907 5320 1018 5360 seu
1068 5305 1485 5363 haereticorum
1541 5307 1832 5377 dogmata

153 5392 454 5463 ﬁgurasse
483 5407 610 5448 non
640 5391 898 5450 dubium
929 5398 1036 5450 est.
1084 5395 1228 5460 Quae
1285 5395 1493 5452 omnia
1540 5397 1830 5454 Dominus

151 5485 323 5539 Jesus
352 5482 644 5548 Christus,
688 5497 798 5554 per
844 5482 1271 5555 praedicatores
1302 5500 1468 5556 suos,
1518 5484 1681 5542 velut
1723 5503 1830 5559 per

153 5571 302 5629 Joab
357 5571 664 5646 percussit
705 5575 885 5644 atque
927 5571 1239 5641 destruxit,
1299 5577 1356 5629 et
1414 5573 1720 5631 destruere
1768 5575 1827 5630 in

159 5662 422 5719 Ecclesia
448 5677 563 5717 sua
587 5676 714 5717 non
737 5659 973 5716 desinit.
998 5662 1310 5718 Jebuszeus
1329 5678 1493 5734 vero,
1517 5663 1620 5736 qui
1646 5663 1826 5721 inter-

155 5757 422 5824 pretatur
449 5751 843 5818 conculcans,
877 5751 1176 5828 populum
1205 5752 1507 5822 signiﬁcat
1533 5753 1824 5824 gentium,

1944 491 2094 548 dens
2125 494 2536 552 conculcabat.
2574 496 2853 552 Dicamus
2884 500 2942 551 et
2973 495 3172 551 aliter:
3208 498 3273 552 In
3303 498 3415 554 hoc
3444 500 3613 571 quod

1947 581 2130 637 David
2153 583 2496 640 Jebusaaum
2524 584 2924 641 habitatorem
2950 589 3118 640 terrte
3145 585 3219 640 de
3244 586 3611 644 Hierusalem

1945 671 2134 742 ejecit,
2189 677 2246 727 et
2293 689 2468 729 suam
2502 674 2797 731 civitatem
2828 674 2983 744 fecit,
3012 674 3469 744 signiﬁcabatur
3499 679 3612 734 Do-

1946 760 2176 816 minum
2210 767 2530 818 venturum
2555 780 2762 819 verum
2795 764 3004 832 David,
3029 765 3133 836 qui
3156 765 3485 820 contrarias
3509 781 3615 839 po-

1945 854 2182 906 testates
2211 852 2285 907 de
2317 852 2602 908 cordibus
2626 853 2896 909 ﬁdelium
2927 853 3264 926 expelleret,
3319 859 3376 910 et
3423 857 3504 911 sic
3550 857 3610 912 in

1943 939 2026 994 eis
2060 956 2234 995 suam
2266 942 2645 998 mansionem
2679 943 3084 999 constitueret.
3140 944 3305 1000 Unde
3333 960 3442 1016 per
3472 961 3610 1018 pro-

1942 1028 2190 1100 phetam
2221 1029 2401 1084 dicit:
2456 1053 2482 1079 κ
2537 1033 2604 1086 Et
2651 1031 3007 1087 inhabitabo
3037 1037 3095 1087 et
3122 1031 3518 1089 inambulabo
3548 1034 3610 1089 in

1942 1114 2073 1183 illis,
2105 1122 2162 1172 et
2181 1133 2282 1172 ero
2309 1134 2519 1174 eorum
2547 1121 2723 1190 Deus,
2747 1125 2804 1176 et
2825 1120 2937 1193 ipsi
2969 1125 3143 1176 erunt
3173 1121 3317 1177 mihi
3346 1123 3611 1195 p0pulus

1945 1207 2103 1273 (Lev.
2137 1223 2315 1275 xxvv;
2350 1210 2412 1264 ΙΙ
2459 1210 2588 1265 Cor.
2629 1210 2727 1279 vx).
2774 1230 2801 1258 »
2853 1209 3162 1264 Jebuseeus
3209 1211 3392 1281 enim,
3435 1212 3610 1283 juxta

1940 1296 2100 1352 hanc
2121 1296 2598 1367 intelligentiam,
2627 1314 2750 1354 non
2781 1298 3078 1354 immerito
3100 1305 3293 1371 potest
3318 1300 3608 1373 interpre-

1940 1377 2051 1433 tari
2083 1377 2366 1434 calcatus.
2407 1379 2636 1434 Etenim
2665 1378 2848 1434 David
2879 1379 3056 1434 etiam
3089 1379 3242 1435 Joab
3271 1381 3377 1452 qui
3407 1397 3607 1438 arcem

1942 1466 2116 1539 cepit,
2150 1466 2479 1540 principem
2511 1473 2568 1523 et
2596 1468 2814 1524 ducem
2846 1467 3169 1531 constituit,
3219 1468 3362 1540 quia
3408 1469 3607 1525 Domi-

1942 1570 2059 1610 nus
2090 1556 2438 1629 redemptor
2465 1562 2686 1624 noster,
2733 1572 2856 1612 non
2888 1555 3085 1612 solum
3116 1571 3222 1629 per
3251 1557 3604 1628 mysterium

1945 1640 2138 1696 crucis
2187 1656 2431 1696 omnem
2468 1641 2874 1714 principatum
2918 1640 3146 1696 diaboli
3189 1640 3496 1702 destruxit,
3553 1647 3610 1698 et

1947 1729 2185 1786 sibimet
2211 1730 2517 1786 victoriam
2552 1730 2754 1801 gloria:
2789 1729 3140 1804 acquisivit;
3185 1747 3396 1786 verum
3429 1731 3607 1788 etiam

1944 1821 2224 1876 ﬁdelibus
2273 1821 2418 1889 suis,
2469 1837 2649 1892 super
2690 1837 2934 1878 omnem
2973 1820 3200 1877 diaboli
3248 1825 3608 1894 potestatem

1943 1909 2222 1965 virtutem
2255 1909 2478 1979 tribuit,
2511 1909 2664 1964 sicut
2693 1909 2820 1982 ipse
2849 1909 2911 1964 in
2942 1908 3264 1979 Evangelia
3298 1908 3607 1982 discipulis

1945 1995 2070 2049 suis
2092 1995 2206 2050 ait:
2235 2014 2265 2047 ‹
2291 1997 2436 2049 Ecce
2465 1993 2606 2049 dedi
2628 1993 2799 2049 vobis
2824 1998 3182 2066 potestatem
3207 1993 3481 2049 calcandi
3505 2009 3608 2048 su-

1942 2099 2050 2157 per
2072 2083 2440 2156 scorpiones,
2454 2087 2512 2138 et
2526 2097 2773 2138 omnem
2799 2082 3076 2138 virtutem
3094 2081 3316 2136 inimici
3333 2081 3556 2153 (Luc.x)
3576 2102 3606 2130 »

1944 2176 2098 2229 Bene
2125 2188 2270 2242 ergo
2301 2173 2531 2228 dictum
2567 2177 2659 2228 est
2688 2171 2853 2244 quod
2882 2171 3086 2238 David,
3119 2170 3319 2242 ejectis
3349 2170 3522 2226 caecis
3551 2175 3610 2226 et

1941 2263 2194 2328 claudis,
2218 2262 2323 2335 qui
2341 2262 2629 2318 odiebant
2649 2261 2920 2318 animam
2943 2259 3387 2332 David,ceperit
3406 2274 3608 2315 arcem

1944 2352 2107 2416 Sion,
2140 2367 2438 2423 suamque
2465 2350 2760 2406 civitatem
2786 2365 2924 2405 eam
2946 2348 3266 2418 vocaverit,
3303 2347 3448 2420 quia
3480 2346 3606 2404 Sal-

1941 2447 2112 2498 vator
2137 2445 2342 2496 noster
2371 2439 2672 2510 malignos
2703 2438 2944 2511 spiritus
2961 2454 3101 2493 cum
3124 2437 3302 2493 turba
3325 2436 3607 2492 vitiorum

1941 2532 2017 2587 de
2047 2529 2252 2587 anima
2283 2528 2552 2602 qualibet
2579 2527 2889 2600 expulerit,
2925 2526 3160 2600 sibique
3185 2542 3321 2582 eam
3347 2541 3454 2598 per
3482 2525 3610 2581 illu-

1943 2622 2336 2678 minationem
2392 2619 2696 2692 sapientiae
2757 2617 3151 2691 usurpaverit,
3211 2617 3424 2673 merito
3501 2633 3610 2673 arx

1943 2711 2106 2780 Sion,
2138 2711 2199 2766 id
2227 2716 2316 2768 est
2347 2709 2678 2783 speculatio
2709 2713 2766 2765 et
2797 2708 2945 2764 visio
2976 2708 3162 2780 pacis,
3195 2707 3329 2779 ipsa
3367 2704 3610 2761 vocabi-

1943 2807 2059 2858 tur.
2109 2807 2300 2874 Atque
2345 2799 2420 2855 de
2470 2816 2545 2855 ea
2591 2804 2746 2855 recte
2790 2814 2899 2871 per
2947 2797 3318 2855 Psalmistam
3347 2795 3604 2852 dicitur:

1944 2915 1971 2942 «
2019 2897 2200 2949 Notus
2229 2892 2290 2948 in
2321 2891 2529 2947 Judzea
2559 2890 2734 2955 Deus,
2768 2889 2829 2945 in
2865 2889 3040 2945 Israel
3062 2904 3356 2959 magnum
3384 2902 3609 2943 nomen

1944 2985 2098 3052 ejus.
2125 2985 2191 3037 Et
2215 2981 2408 3036 factus
2439 2985 2526 3035 est
2556 2981 2626 3035 in'
2647 2995 2796 3052 pace
2827 2979 2998 3034 locus
3031 2979 3182 3050 ejus,
3234 2983 3290 3034 et
3318 2976 3608 3034 habitatio

1943 3073 2074 3142 ejus
2095 3071 2157 3126 in
2191 3071 2352 3126 Sion.
2389 3069 2470 3124 lbi
2497 3068 2789 3138 confregit
2807 3084 3056 3132 cornua,
3087 3083 3318 3129 arcum,
3345 3070 3606 3128 scutum,

1943 3159 2236 3230 gladium,
2269 3162 2327 3212 et
2355 3156 2582 3212 bellum
2607 3157 2798 3226 (Psal.
2827 3155 3019 3226 Lxxv).
3066 3175 3094 3204 »

2015 3273 2042 3299 «
2075 3248 2220 3304 Misit
2246 3262 2490 3320 quoque
2524 3246 2724 3301 Hiram
2773 3261 2878 3300 rex
2921 3245 3055 3316 'l‘yri
3093 3243 3336 3300 nuntios
3374 3242 3452 3299 ad
3500 3244 3610 3297 Da-

1942 3362 1970 3388 «
2013 3338 2136 3408 vid,
2193 3343 2250 3392 et
2299 3335 2464 3402 ligna
2521 3333 2786 3401 cedrina,
2848 3338 2906 3390 et
2959 3333 3217 3390 artiﬁces
3280 3331 3605 3402 lignorum,

1943 3455 1970 3481 ‹‹
2013 3429 2390 3499 artiﬁcesque
2439 3425 2710 3498 lapidum
2770 3425 2848 3481 ad
2905 3423 3181 3498 parietes,
3237 3428 3294 3479 et
3346 3421 3608 3477 aediﬁca-

1944 3543 1971 3571 «
2016 3522 2226 3574 verunt
2255 3517 2508 3573 domum
2541 3514 2748 3569 David.
2796 3537 2823 3564 ››
2885 3514 3106 3583 Hiram,
3156 3511 3261 3584 qui
3322 3510 3610 3583 interpre-

1942 3615 2100 3665 tatur
2159 3609 2357 3664 vz'vens
2411 3606 2664 3670 excelso,
2722 3602 3148 3676 praedicatores
3201 3598 3612 3672 prmiiguravit

1942 3717 2014 3755 ex
2047 3698 2272 3772 populo
2304 3698 2592 3768 gentium,
2630 3695 2732 3767 qui
2774 3692 2957 3749 David
3004 3708 3076 3747 ex
3120 3690 3298 3761 lignis
3348 3689 3606 3744 cedrinis

1942 3790 2220 3861 (Domino
2253 3787 2522 3843 videlicet
2548 3802 2618 3842 ac
2664 3781 3029 3855 redemptori
3079 3780 3326 3849 nostro),
3381 3778 3441 3834 id
3496 3782 3604 3844 est,

1941 3896 2012 3934 ex
2043 3877 2347 3934 mentibus
2391 3873 2752 3946 incorruptis
2782 3888 2853 3928 ac
2883 3870 3152 3934 fortibus,
3197 3872 3254 3923 et
3281 3866 3604 3939 lapidibus,

1941 3968 2002 4025 id
2033 3973 2140 4028 est.
2189 3967 2412 4022 sanctis
2452 3963 2749 4038 perfectis,
2799 3965 3060 4034 quatuor
3106 3958 3378 4014 videlicet
3432 3956 3606 4011 virtu-

1941 4058 2123 4126 tibus,
2153 4055 2488 4130 quadratis,
2521 4052 2583 4108 id
2609 4057 2698 4108 est
2722 4048 3063 4124 prudentia,
3082 4047 3329 4118 justitia,
3377 4043 3605 4100 fortitu-

1940 4147 2102 4215 dine,
2143 4144 2544 4216 temperantia
2585 4140 2883 4213 perfectis,
2934 4155 3057 4195 non
3111 4137 3306 4192 solum
3363 4151 3470 4208 per
3519 4151 3604 4198 se,

1940 4253 2153 4292 verum
2191 4235 2370 4290 etiam
2428 4248 2536 4304 per
2588 4231 2890 4288 solertiam
2946 4227 3408 4301 discipulorum,
3477 4229 3606 4280 tan-

1941 4341 2130 4398 quam
2160 4321 2490 4380 artiﬁcibus
2519 4321 2662 4387 suis,
2710 4319 2934 4392 quibus
2990 4318 3245 4374 dicitur:
3304 4337 3326 4366 ‹
3391 4317 3455 4370 Et
3497 4329 3606 4368 vos

1943 4420 2236 4486 tanquam
2290 4410 2525 4484 lapides
2580 4409 2700 4465 vivi
2755 4405 3344 4480 supermdiﬁcamini,
3385 4404 3606 4459 domus

1942 4502 2236 4577 spiritales
2257 4502 2316 4571 (Ι
2343 4502 2503 4557 Pelr.
2540 4499 2625 4572 ιι),
2671 4521 2699 4548 n
2752 4497 3030 4561 domum,
3079 4495 3139 4551 id
3190 4499 3278 4550 est
3334 4496 3606 4548 sanctam

1940 4593 2288 4662 Ecclesiam,
2349 4589 2818 4646 aediﬁcaverunt.
2877 4587 3042 4644 Unde
3100 4585 3279 4640 etiam
3329 4581 3608 4652 cognovit

1940 4690 2081 4741 tunc
2107 4682 2313 4747 David,
2340 4681 2399 4736 id
2425 4685 2510 4736 est
2537 4679 2848 4743 Dominus,
2868 4676 3160 4749 quoniam
3187 4671 3608 4728 conﬁrmasset

1939 4791 2080 4830 eum
2111 4775 2266 4828 Deus
2295 4774 2464 4826 Pater
2488 4784 2694 4838 regem
2736 4782 2917 4840 super
2954 4762 3156 4830 Israel,
3209 4765 3268 4816 et
3312 4757 3606 4830 quoniam

1939 4863 2259 4919 exaltasset
2318 4872 2575 4927 regnum
2643 4855 2774 4926 ejus
2847 4867 3029 4925 super
3073 4847 3374 4922 populum
3425 4860 3606 4900 suum

1941 4951 2140 5018 Israel,
2173 4950 2234 5006 id
2265 4952 2377 5014 est,
2409 4961 2590 5018 super
2627 4946 2876 5000 cunctos
2906 4939 3240 5007 credentes,
3292 4951 3362 4992 ac
3408 4938 3606 4990 mente

1944 5042 2210 5097 videntes
2245 5042 2451 5104 Deum,
2502 5051 2625 5090 non
2677 5031 2873 5089 solum
2919 5029 3286 5093 indecorum,
3343 5025 3606 5081 maxime

1941 5131 2120 5186 etiam
2161 5133 2219 5184 et
2248 5126 2516 5198 gentium
2546 5124 2620 5179 de
2646 5121 2869 5195 quibus
2900 5117 3326 5193 repromiserat
3355 5115 3406 5172 ei
3438 5118 3607 5170 Pater

1941 5219 2148 5276 dicens
2173 5234 2186 5272 :
2237 5239 2265 5266 ‹‹
2316 5213 2556 5271 Postula
2585 5229 2620 5269 a
2647 5228 2744 5268 me
2775 5216 2832 5267 et
2860 5209 3024 5267 dabo
3056 5207 3160 5265 tibi
3186 5212 3394 5277 gentes
3421 5206 3604 5260 htBl‘e-

1941 5307 2185 5363 ditatem
2241 5310 2429 5371 tuam,
2489 5309 2546 5359 et
2599 5299 3048 5375 possessionem
3095 5303 3260 5354 tuam
3319 5292 3607 5350 terminos

1942 5401 2110 5453 terras
2139 5395 2331 5463 (Psal.
2367 5393 2450 5463 ιι).
2482 5415 2510 5442 ››
2543 5391 2707 5448 Unde
2738 5396 2794 5446 et
2818 5391 2952 5461 jure
2983 5386 3292 5459 sequitur:

2013 5508 2042 5536 α
2068 5484 2308 5556 Accepit
2324 5499 2467 5553 ergo
2487 5481 2686 5538 adhuc
2706 5479 2893 5536 David
2918 5475 3291 5534 concubinas
3311 5477 3368 5529 et
3391 5487 3609 5529 uxores

1941 5598 1970 5626 «
2003 5574 2078 5630 de
2105 5572 2498 5630 Hierusalem.
2518 5594 2546 5621 ››
2571 5570 2685 5626 Sed
2713 5570 2861 5625 forte
2889 5566 3101 5640 quaerit
3131 5563 3367 5636 aliquis,
3395 5563 3451 5620 Si
3479 5563 3606 5634 ipse

1944 5664 2130 5720 David
2156 5661 2482 5731 imaginem
2511 5659 2719 5716 Christi
2752 5659 3016 5728 gerebat,
3046 5653 3358 5728 quomodo
3384 5652 3606 5708 multas

1941 5769 2161 5811 uxores
2183 5757 2241 5809 et
2255 5751 2630 5809 concubinas
2645 5749 2768 5810 hab
2776 5749 2934 5807 uisse
2949 5749 3203 5813 dicatur,
3217 5762 3359 5802 cum
3375 5746 3486 5802 tias
3504 5758 3609 5800 rex
