3940 6400
397 265 506 320 867

1495 255 1852 314 ANGBLOII
1908 247 2364 309 ιυχανιΕΝειδ
2413 247 2730 306 MONACHI

393 387 660 446 Christus
690 391 748 443 et
773 387 1080 442 horrescat
1099 388 1155 440 et
1185 383 1432 440 damnet
1459 383 1486 438 ‘?
1527 380 1642 438 Sed
1668 380 1886 450 ﬁgurat
1916 393 2042 447 ges-
2080 383 2131 437 Α
2167 389 2376 431 eorum
2405 374 2708 430 fortidudo
2738 378 2845 441 est,
2877 371 3174 429 conteriet
3198 369 3562 426 conculcari.
3593 391 3624 420 κ
3663 370 3858 425 Tunc

391 483 517 534 tum
551 481 654 531 est.
699 475 870 541 Quod
898 491 1038 530 vero
1090 473 1276 529 David
1333 488 1547 528 uxores
1599 469 1891 542 plurimas
1939 468 2042 522 ha-

391 567 593 624 buisse
624 565 856 631 dicitur,
889 565 1002 619 hoc
1029 563 1153 617 sine
1181 562 1366 616 dubio
1400 559 2047 633 prmﬁgurabaturguo

397 655 662 713 Christus
713 654 886 707 Jesus
935 669 1006 707 ex
1046 651 1375 707 multarum
1408 649 1674 718 gentium
1707 645 2051 702 nationibus

394 760 502 817 per
521 743 701 798 ﬁdem
734 741 1025 807 Ecclesiae,
1056 739 1168 795 sub
1199 738 1532 812 septenario
1566 753 1818 792 numero
1851 749 2050 788 sacra-

395 831 579 888 menti
608 829 998 902 copuiaturus
1031 834 1176 883 erat.
1218 827 1579 884 Concubinae
1611 839 1751 880 vero
1783 823 1910 892 ejus
1957 824 2051 875 Ju-

394 922 664 977 dteorum
704 937 810 975 seu
851 919 1268 974 haereticorum
1319 916 1659 985 signiﬁcant
1705 911 2051 969 conventio-

396 1025 507 1066 nes
534 1027 547 1064 :
587 1024 726 1081 quas
749 1008 809 1064 in
841 1008 1185 1062 servitutem
1217 1011 1412 1061 etnon
1442 1005 1501 1059 in
1527 1004 1860 1059 libertatem
1883 1015 2056 1070 gene.

393 1101 546 1164 rant,
579 1103 636 1154 et
665 1097 779 1152 sub
806 1097 975 1152 titulo
1009 1095 1269 1151 nominis
1310 1094 1519 1151 Christi
1546 1109 1608 1148 se
1651 1106 1896 1147 manere
1931 1087 2054 1158 glo-

393 1187 646 1252 riantur,
675 1185 781 1242 sed
811 1186 953 1258 quia
983 1189 1226 1258 propter
1257 1183 1522 1239 carnalia
1560 1181 1728 1237 lucra
1756 1179 2054 1234 Christum

396 1282 717 1343 sectantur,
748 1292 868 1331 non
897 1275 1193 1330 immerito
1221 1289 1342 1329 non
1374 1273 1682 1342 conjuges,
1709 1269 1814 1324 sed
1836 1282 2053 1324 concu—

395 1365 555 1422 binas
585 1370 892 1420 vocantur.
931 1364 1196 1434 Denique
1235 1378 1395 1418 nunc
1436 1377 1603 1427 rcges
1630 1360 1679 1415 si
1716 1359 1916 1432 plures
1947 1357 2052 1410 ha-

398 1454 582 1510 beant
609 1467 822 1508 uxores
862 1453 952 1508 vel
973 1451 1368 1520 concubinas,
1409 1450 1469 1506 in
1501 1449 1746 1505 crimine
1774 1451 2055 1518 reputan-

402 1547 515 1607 tur,
539 1541 684 1614 quia
703 1541 833 1612 jam
863 1541 1226 1596 transierunt
1255 1540 1482 1608 ﬁguras,
1510 1553 1620 1610 pro
1659 1536 1882 1609 quibus
1912 1549 2056 1588 uxo-

400 1645 537 1686 rum
592 1629 685 1685 vel
738 1629 1214 1685 concubinarum
1269 1628 1444 1683 venia
1491 1625 1954 1682 concedebatur.
1987 1625 2058 1676 At

402 1733 565 1774 nunc
591 1719 733 1790 quia
763 1719 954 1788 ﬁgura
1000 1717 1379 1782 transierunt,
1429 1715 1606 1770 venia
1643 1712 1810 1768 nulla
1856 1711 2050 1766 datur.
2085 1741 2126 1795 Β

479 1827 508 1855 κ
548 1807 796 1878 Natique
828 1809 965 1860 sunt
990 1805 1180 1859 David
1211 1809 1266 1859 et
1297 1803 1392 1860 alii
1424 1803 1528 1858 ﬁlii
1560 1806 1615 1858 et
1661 1801 1818 1868 tiliae,
1845 1804 1900 1854 et
1928 1800 2056 1853 lltBC

405 1917 434 1946 α
475 1897 724 1950 nomina
753 1909 962 1949 eorum
993 1894 1096 1966 qui
1130 1893 1253 1948 nati
1303 1898 1440 1948 sunt
1465 1892 1516 1947 ei
1546 1893 1606 1946 in
1639 1889 2009 1945 Hierusalem
2039 1902 2052 1940 :

406 2003 434 2031 κ
475 1986 696 2039 Samua
726 1987 780 2038 et
814 1981 1034 2050 Sobab,
1067 1986 1123 2035 et
1148 1981 1378 2036 Nathan
1396 1985 1452 2035 et
1485 1979 1768 2035 Salomon
1801 1981 1855 2032 et
1887 1976 2058 2030 lbaar

404 2093 432 2122 ‹‹
473 2076 532 2128 et
570 2071 767 2126 Elisus
797 2076 853 2126 et
879 2070 1122 2143 Nepheg
1153 2075 1208 2126 et
1232 2069 1445 2142 Japhia
1487 2073 1546 2124 et
1579 2067 1836 2122 Elisama
1865 2069 1922 2120 et
1953 2063 2056 2118 Eii—

405 2181 433 2212 «
473 2163 552 2218 da
583 2167 640 2217 et
670 2161 970 2234 Eiiphelet.
1008 2181 1036 2210 η
1065 2164 1278 2216 Verum
1313 2160 1457 2233 quia
1479 2161 1605 2214 haec
1641 2157 1888 2212 nomina
1919 2153 2058 2208 sub-

399 2251 733 2323 junximus,
765 2256 965 2306 ratum
995 2250 1257 2306 diximus
1280 2248 1797 2320 interpretationes
1829 2245 2061 2300 Judaao-

403 2355 539 2396 rum
572 2355 813 2413 ponere,
848 2345 912 2396 ut
941 2341 1233 2412 superiori
1286 2337 1607 2394 intellectui
1649 2333 1945 2407 spiritales
1976 2332 2061 2387 in-

404 2429 738 2499 telligentia:
769 2430 959 2500 (juxta
1007 2427 1389 2502 prudentiam
1441 2425 1754 2500 prudentis
1799 2421 2058 2488 lectoris)

407 2519 789 2575 conveniant.
825 2519 880 2575 Si
911 2517 1074 2574 enim
1105 2517 1333 2589 aliquid
1356 2515 1694 2588 spiritaliter
1717 2529 1915 2568 sermo
1946 2511 2063 2566 his-

411 2607 634 2663 toricus
676 2607 926 2662 innuere
957 2606 1266 2674 noluisset,
1299 2617 1690 2676 nequaquam
1721 2601 1943 2657 addere
1967 2615 2065 2654 cu-

409 2699 600 2750 rasset
626 2695 730 2766 qui
752 2700 950 2750 essent
973 2695 1101 2758 tilii,
1132 2694 1236 2766 qui
1261 2694 1385 2748 nati
1407 2697 1604 2748 essent
1640 2690 1826 2746 David
1851 2690 1910 2744 in
1941 2689 2064 2743 ilie-

412 2783 694 2840 rusalem.
718 2787 866 2840 Nam
895 2783 947 2838 si
983 2783 1144 2838 idem
1177 2783 1359 2838 David
1381 2782 1674 2851 signiﬁcat
1705 2781 2063 2835 salvatorem

409 2887 555 2944 ergo
585 2887 708 2928 non
744 2873 1042 2928 immerito
1071 2872 1171 2927 ﬁlii
1198 2873 1328 2942 ejus
1353 2872 1655 2927 credentes
1705 2868 2063 2939 signiﬁcant,

413 2979 487 3018 ex
514 2967 768 3035 utraque
811 2962 1087 3029 Ecclesia,
1127 2961 1476 3018 Judaeorum
1525 2960 1746 3015 scilicet
1775 2963 1830 3013 et
1871 2957 2063 3012 natio-

2159 464 2335 519 inibis
2374 465 2669 537 praelium.
2727 463 2870 536 quia
2925 468 3067 518 tunc
3121 462 3458 531 egredietur
3529 459 3856 516 Dominus

2159 559 2295 609 ante
2317 554 2532 610 faciem
2561 561 2748 620 tuam,
2779 575 2806 604 ››
2838 553 3162 625 ctreiiqua.
3199 554 3349 621 Ergo
3377 551 3525 623 quia
3541 556 3854 605 nostram

2159 643 2705 716 interpretationem
2726 660 2933 699 veram
2963 643 3166 707 credo,
3199 641 3350 696 sicut
3379 640 3440 696 in
3470 639 3855 712 praefatione

2159 733 2668 806 nosterintcrpres
2699 733 2760 788 in
2786 733 2978 788 tribus
3009 731 3229 798 linguis
3264 730 3490 803 peritus
3514 729 3853 796 galeatum

2160 823 2328 894 ponit
2359 823 2722 896 exemplum,
2753 823 2828 877 de
2869 821 3190 878 arboribus
3221 819 3571 892 simpliciter
3606 818 3850 874 intelli-

2163 912 2245 978 git
2265 911 2746 984 Aliophylorum.
2797 911 2910 965 Sed
2950 911 3096 982 quia
3146 909 3456 964 historiam
3507 906 3850 963 didascalo

2163 1001 2568 1056 consentiente
2590 999 3061 1074 propalavimus,
3080 998 3364 1070 deinceps
3383 997 3849 1070 compendioso

2164 1105 2438 1144 sermone
2466 1089 2710 1145 strictim
2733 1094 2976 1155 tangere
2999 1087 3408 1157 aggredimur,
3429 1085 3578 1158 quid
3605 1085 3852 1154 allego-

2161 1177 2280 1233 rice
2307 1178 2618 1243 sigmﬁcet.
2653 1182 2714 1234 in
2738 1178 2851 1232 hoc
2881 1177 3040 1232 enim
3073 1175 3240 1249 quod
3272 1177 3354 1230 ait
3399 1191 3412 1228 :
3480 1197 3498 1226 ι
3533 1176 3691 1230 Cum
3725 1189 3847 1230 au-

2162 1265 2384 1321 dieritis
2415 1267 2678 1322 sonitum
2709 1265 3104 1335 gradientisin
3135 1264 3447 1320 cacumine
3468 1279 3848 1336 pyrorum.»

2163 1359 2274 1410 etc.
2305 1355 2643 1411 Adventum
2693 1355 2926 1411 Domini
2982 1353 3277 1421 signiﬁcat
3320 1368 3500 1425 super
3527 1351 3854 1407 celsitudi-

2164 1460 2304 1499 nem
2334 1445 2766 1516 prophetarum
2793 1449 2850 1499 et
2879 1442 3315 1514 apostolorum,
3369 1441 3585 1496 virtute
3614 1439 3855 1495 divini—

2167 1533 2300 1588 tatis
2331 1549 2452 1586 suae
2508 1532 3084 1606 supergradientem,
3129 1531 3282 1586 sicut
3302 1530 3365 1585 in
3393 1529 3652 1586 Canticis
3689 1543 3852 1584 can-

2167 1621 2420 1676 ticorum
2451 1621 2734 1694 scriptum
2759 1627 2852 1676 est
2878 1637 2892 1676 :
2923 1640 2952 1673 ‹
2986 1623 3129 1674 Ecce
3153 1619 3262 1674 iste
3293 1619 3488 1674 veniet
3519 1617 3758 1672 saliens
3782 1617 3852 1672 in

2169 1710 2497 1776 montibus,
2530 1711 2866 1766 transiliens
2919 1709 3098 1765 colles
3129 1710 3328 1778 (Cant.
3356 1708 3439 1779 ιι.)
3470 1729 3498 1757 η
3531 1709 3851 1778 Pyrorum

2167 1806 2371 1856 autem
2398 1801 2717 1856 cacumina
2748 1801 3032 1856 arborum
3055 1799 3394 1865 signiﬁcant
3423 1797 3848 1852 summitates.

2167 1889 2322 1954 Quid
2352 1906 2458 1961 per
2481 1889 2746 1955 arbores,
2777 1889 2891 1944 nisi
2935 1887 3222 1942 sublimes
3252 1890 3451 1958 patres
3479 1885 3848 1954 intelligun-

2165 1983 2261 2034 tur
2293 1979 2321 2034 ‘I
2364 1983 2429 2034 in
2475 1993 2734 2050 quorum
2768 1976 3185 2033 cacuminibus
3211 1976 3358 2031 dum
3400 1975 3631 2031 sonitus
3657 1975 3845 2030 audi-

2165 2073 2278 2134 tur,
2313 2067 2372 2122 id
2403 2073 2510 2131 est,
2544 2067 2692 2122 dum
2743 2068 2804 2122 in
2838 2066 3202 2122 sublimitate
3234 2065 3363 2121 vita;
3395 2081 3581 2120 sonus
3620 2065 3845 2135 (ﬂante

2167 2157 2385 2230 Spiritu
2417 2159 2646 2228 sancto)
2677 2156 3118 2229 praedicationis
3143 2155 3420 2222 intonuit,
3472 2155 3660 2210 David
3696 2169 3844 2210 nos-

2167 2252 2252 2302 ter
2274 2247 2482 2302 virtute
2507 2263 2633 2302 suae
2664 2246 3011 2312 divinitatis,
3048 2261 3170 2318 qua
3210 2244 3624 2300 celsitudinem
3656 2259 3844 2300 sanc-

2167 2340 2366 2392 torum
2393 2336 2782 2401 transcendit,
2817 2335 3216 2404 Philisthaeos,
3262 2333 3324 2389 id
3354 2339 3446 2390 est
3475 2333 3843 2388 immundos

2169 2425 2430 2498 spiritus,
2456 2425 2780 2498 superavit.

2810 2515 3038 2570 CAPUT
3093 2516 3180 2568 Vl.

2244 2625 2274 2654 α
2327 2605 2726 2674 Congregavit
2802 2611 3004 2660 autem
3059 2619 3301 2659 rursum
3360 2601 3549 2658 David
3615 2615 3844 2656 omnes

2173 2717 2203 2746 ι(
2244 2694 2460 2749 electos
2491 2694 2668 2749 lsraei
2712 2695 2954 2763 triginta
2983 2693 3190 2764 millia,
3225 2697 3292 2748 ut
3336 2691 3710 2748 adducerent
3738 2705 3844 2745 ar-

2175 2805 2203 2834 α
2247 2800 2382 2840 cam
2413 2784 2532 2844 Dei,
2577 2803 2605 2834 υ
2637 2788 2772 2850 etc.,
2808 2801 2996 2857 usque
3027 2785 3126 2850 ait,
3163 2805 3191 2832 α
3231 2783 3537 2854 iratusque
3569 2784 3658 2836 est
3681 2779 3842 2836 indi-

2177 2873 2457 2943 gnatione
2487 2872 2792 2939 Dominus,
2816 2892 2846 2926 ‹
2869 2873 3035 2945 quod
3065 2873 3328 2928 extendit
3349 2873 3466 2927 Oza
3483 2883 3738 2926 manum
3755 2868 3840 2924 ad

2179 2984 2208 3013 «
2249 2977 2454 3016 arcam
2480 2960 2532 3015 ei
2565 2961 2750 3017 tenuit
2777 2978 2934 3028 eam,
2977 2961 3271 3034 quoniam
3297 2959 3695 3016 calcitrabant
3725 2959 3839 3014 bo-

411 3067 581 3108 num.
648 3051 810 3107 Unde
863 3057 922 3107 et
954 3052 1013 3106 in
1057 3050 1560 3122 Paralipomenon
1612 3049 1766 3104 libro
1808 3052 2068 3120 quatuor
2097 3099 2136 3123 ρ
2178 3073 2206 3101 (ι
2249 3067 2354 3105 ves
2388 3055 2597 3106 contra
2629 3052 2830 3117 Ozam,
2881 3056 2937 3106 et
2968 3051 3263 3123 percussit
3289 3065 3427 3105 eum
3459 3055 3516 3105 et
3556 3053 3839 3104 mortuus

413 3140 626 3196 fuissse
658 3157 729 3195 ex
763 3140 1087 3196 Bethsabee
1128 3140 1328 3196 uxoris
1360 3139 1505 3194 Uriae
1537 3137 1761 3193 HBihtBl
1791 3153 1805 3191 t
1843 3140 2068 3193 Samua

407 3229 682 3286 videlicet
700 3234 758 3286 et
787 3229 1010 3298 Sobab,
1035 3231 1263 3285 Nathan
1295 3233 1352 3284 et
1373 3227 1676 3290 Salomon,
1698 3243 1834 3299 quas
1854 3230 2066 3298 typum

412 3318 595 3387 gessit
669 3318 940 3373 Ecclesia;
993 3319 1281 3388 gentium,
1348 3318 1502 3373 sicut
1539 3317 1601 3372 in
1650 3313 2062 3387 sequentib‘is.

414 3408 642 3464 Christo
673 3407 847 3476 duce,
878 3408 1054 3463 latius
1087 3408 1299 3463 dicturi
1333 3421 1561 3462 sumus.
1618 3407 1802 3461 Porro
1845 3406 2066 3460 Samua

413 3497 836 3569 interpretatur
861 3497 1401 3562 audacza:Sobab,
1441 3502 1784 3552 convertens
1821 3513 1834 3547 :
1871 3493 2065 3559 Ibaar,

415 3587 593 3656 elegit
623 3601 634 3640 ε
667 3585 884 3653 Elisus,
915 3589 1022 3642 Dei
1049 3589 1163 3642 mei
1207 3589 1372 3642 salus
1405 3601 1418 3640 :
1455 3587 1716 3656 Nepheg,
1748 3585 2068 3652 applicans

417 3678 511 3732 ori
563 3691 576 3728 :
634 3676 871 3748 Japhia,
922 3677 1232 3732 illuminat
1283 3675 1375 3730 vel
1421 3675 1729 3730 ostendit:
1787 3672 2066 3733 illisama,

417 3767 572 3821 Deus
593 3780 755 3822 meus
778 3766 1029 3822 audiens
1081 3781 1096 3820 :
1157 3765 1343 3830 Elida,
1371 3766 1524 3820 Deus
1561 3776 1724 3818 meus
1767 3763 1874 3816 scit
1905 3777 1917 3814 :
1957 3759 2069 3814 Eli-

416 3853 635 3926 phelet.
667 3856 822 3910 Deus
853 3869 1013 3910 meus
1043 3856 1288 3909 satvans
1311 3868 1335 3908 .·
1370 3865 1507 3924 qum
1556 3847 2071 3921 interpretationes

417 3948 592 4014 apta’,
627 3947 692 3998 ut
713 3943 1004 4011 diximus,
1031 3942 1312 3998 fidelibus
1344 3944 1702 4010 congruunt,
1737 3938 1840 4010 qui
1866 3937 2073 3991 divina

417 4036 717 4102 praecepta
768 4031 1020 4086 libenter
1074 4031 1349 4092 audiunt,
1423 4034 1480 4084 et
1526 4029 1605 4084 ad
1657 4028 2070 4098 Operatiouem

417 4118 558 4172 ﬁdei
578 4123 1024 4174 convertuntur.
1062 4118 1157 4173 His
1183 4118 1361 4186 igitur
1390 4117 1582 4185 tactis,
1611 4117 1688 4173 ad
1711 4133 1783 4172 ea
1812 4133 1948 4190 qua:
1978 4131 2071 4169 se-

419 4212 688 4280 quuntur
719 4223 1058 4262 sermonem
1090 4211 1528 4262 convertemus.

495 4317 522 4345 ‹‹
565 4299 630 4352 Et
674 4296 1035 4352 addiderunt
1062 4297 1274 4352 iterum
1303 4297 1652 4352 Philisthiim
1682 4302 1748 4352 ut
1789 4295 2075 4352 ascende-

425 4407 452 4433 κ
492 4390 623 4440 rent
650 4389 706 4440 et
735 4389 1074 4456 pugnarent
1101 4387 1326 4441 “contra
1365 4385 1574 4442 David.
1627 4385 1936 4440 Consuluit
1965 4399 2073 4440 au-

421 4497 450 4524 α
492 4479 610 4530 tem
645 4473 829 4530 David
861 4475 1201 4530 Dominum.
1229 4475 1339 4539 Qui
1365 4474 1690 4547 respondit:
1717 4478 1843 4530 Non
1873 4489 2076 4530 ascen-

423 4589 451 4616 ‹‹
492 4565 623 4630 das,
645 4564 751 4620 sed
783 4577 933 4636 gyra
963 4569 1356 4635 posttergum
1386 4581 1616 4630 eorum,
1673 4569 1728 4620 et
1763 4563 1964 4618 venies
1997 4565 2076 4618 ad

423 4677 450 4706 ‹‹
492 4668 596 4710 eos
620 4669 691 4710 ex
749 4655 1004 4710 adverso
1037 4667 1346 4726 pyrorum,
1392 4673 1421 4703 ››
1479 4658 1536 4709 et
1587 4653 1836 4726 reliqua.
1873 4655 2075 4718 Quan-

421 4759 610 4817 quam
651 4743 948 4808 nonnulli,
1001 4749 1065 4798 ut
1106 4744 1167 4799 in
1218 4744 1537 4814 cujusdam
1595 4742 1903 4799 volumine
1935 4741 2073 4809 legi,

423 4833 790 4890 contendant
816 4847 938 4889 non
969 4833 1190 4888 habere
1234 4833 1294 4888 in
1327 4833 1613 4888 Hebraica
1644 4833 1906 4895 veritate,
1943 4851 1971 4878 ‹‹
2003 4847 2076 4898 ex

424 4925 674 4979 adverso
705 4937 1014 4996 pyrorum,
1042 4943 1070 4971 ››
1103 4921 1205 4978 sed
1256 4944 1284 4972 κ
1319 4923 1610 4988 ﬂentium,
1640 4939 1669 4973 ν
1701 4922 1818 4976 hoc
1857 4925 1961 4986 est,
2015 4923 2080 4976 ut

425 5009 688 5072 tradunt.
741 5027 814 5068 ex
844 5013 1097 5068 adverso
1145 5012 1444 5068 idolorum
1493 5025 1762 5072 suorum,
1797 5009 1898 5064 ubi
1930 5009 2079 5065 scili'

425 5103 517 5154 cet
539 5099 701 5154 idola
723 5101 963 5155 erantin
993 5101 1217 5173 quibus
1249 5099 1664 5155 conﬁdebant:
1707 5113 1843 5168 quae
1873 5098 1959 5169 (ut
1988 5099 2079 5152 in-

424 5189 660 5262 quiunt,
714 5193 894 5261 prout
939 5205 1007 5244 ex
1061 5189 1378 5244 traditione
1423 5187 1811 5242 Hebraeorum
1853 5187 2077 5243 didice-

424 5281 584 5346 runt)
622 5277 843 5334 idcirco
873 5278 1143 5334 ﬂentium
1169 5281 1480 5344 vocantur,
1527 5275 1672 5348 quia
1719 5276 1863 5334 ﬂetu
1893 5277 2080 5347 digna

426 5373 567 5423 eunt
601 5385 613 5422 ε
643 5373 700 5424 et
731 5385 852 5434 eos,
885 5370 1028 5440 quia
1058 5383 1129 5422 ea
1173 5367 1396 5432 colunt,
1451 5367 1528 5422 ad
1561 5366 1769 5422 ﬂetum
1800 5368 2076 5425 miseria-

423 5469 559 5510 rum
589 5456 948 5528 perducunt.
980 5457 1144 5512 Unde
1168 5459 1224 5510 et
1254 5455 1629 5525 subjungunt
1657 5473 1670 5510 :

502 5564 528 5590 «
571 5545 638 5597 Et
665 5559 804 5598 cum
831 5543 1090 5598 audieris
1117 5542 1376 5597 sonitum
1399 5544 1722 5610 gradientis
1740 5545 1796 5601 in
1815 5547 2077 5602 cacumi-

431 5651 458 5679 «
501 5644 574 5683 ne
594 5629 886 5686 ﬂentium.
916 5654 942 5681 ››
970 5635 1085 5686 Hoc
1113 5636 1220 5699 est,
1247 5636 1308 5685 ut
1331 5631 1524 5688 ferunt
1550 5651 1562 5688 :
1597 5638 1744 5691 Cum
1759 5636 2076 5692 audierisa

427 5718 820 5790 potestatibus
835 5720 1138 5789 angelicis,
1159 5736 1366 5778 eorum
1380 5723 1854 5798 idola,inquibus
1876 5726 2074 5782 omnis

2181 3161 2208 3190 α
2249 3144 2358 3195 est.
2393 3161 2422 3187 »
2465 3143 2526 3194 in
2585 3139 2698 3194 hac
2741 3140 2986 3195 historia
3023 3140 3184 3195 beati
3213 3153 3384 3210 reges
3428 3143 3485 3194 et
3523 3138 3838 3210 prophetae

2179 3229 2386 3294 David,
2419 3228 2524 3300 qui
2568 3244 2770 3283 arcam
2826 3229 3060 3284 Domini
3109 3229 3437 3285 adduxisse
3487 3231 3834 3293 narrantur,

2177 3317 2482 3373 humilitas
2513 3317 2871 3389 approbata,
2913 3317 3197 3390 superbia
3228 3318 3538 3386 damnata,
3572 3320 3628 3370 et
3653 3319 3838 3370 teme-

2175 3407 2317 3462 ritas
2347 3405 2654 3462 vindicata
2681 3412 3068 3462 monstratur:
3089 3407 3233 3479 quia
3255 3412 3310 3462 et
3335 3407 3462 3479 ipse
3488 3404 3696 3471 David,
3729 3405 3840 3477 qui

2176 3511 2382 3550 coram
2419 3511 2560 3550 arca
2591 3495 2823 3550 Domini
2851 3496 3149 3552 humiliter
3173 3496 3386 3552 saltare
3411 3509 3534 3550 non
3568 3493 3831 3550 erubuit.

2177 3601 2319 3639 mox
2341 3583 2806 3656 promissionem
2840 3585 2964 3639 Filii
2995 3585 3094 3640 Dei
3123 3601 3196 3640 ex
3227 3601 3337 3640 sua
3359 3585 3542 3657 stirpe
3572 3583 3836 3638 nascitu-

2177 3675 2226 3729 ri
2257 3674 2558 3746 suscipere
2601 3675 2932 3746 promeruit
2964 3689 2976 3731 :
3007 3680 3063 3731 et
3093 3676 3336 3746 conjux,
3387 3687 3523 3748 quas
3554 3673 3837 3729 eamdem

2179 3763 2335 3819 illius
2355 3764 2751 3819 humilitatem
2778 3765 3067 3836 despexit,
3101 3763 3231 3836 ejus
3261 3766 3490 3820 semine
3518 3763 3836 3820 tecundari

2180 3867 2304 3907 non
2334 3853 2569 3919 meruit,
2613 3852 2716 3906 sed
2760 3858 3064 3925 perpetua;
3113 3851 3431 3910 sterilitatis
3463 3864 3674 3926 pinnas
3704 3850 3834 3906 luit.

2184 3939 2473 3996 Sacerdos
2502 3955 2768 4012 quoque,
2812 3942 2918 4014 qui
2947 3957 3154 3998 arcam
3186 3940 3628 3998 inconsiderata
3657 3944 3842 3996 teme-

2179 4030 2349 4086 ritate
2395 4031 2598 4099 tetigit.
2632 4047 2816 4086 ausus
2875 4032 2968 4087 sui
3012 4038 3243 4088 reatum
3295 4033 3621 4088 immatura
3649 4035 3837 4086 morte

2181 4119 2478 4192 purgavit.
2515 4118 2622 4174 Ubi
2652 4119 2865 4175 intueri
2904 4137 3146 4176 necesse
3179 4126 3265 4176 est
3309 4125 3605 4194 quantum
3649 4118 3836 4174 delin-

2183 4215 2347 4281 quat,
2379 4209 2482 4281 qui
2509 4207 2588 4264 ad
2617 4224 2838 4281 corpus
2861 4209 3093 4264 Domini
3118 4225 3255 4264 reus
3283 4210 3622 4276 accesserit,
3656 4208 3701 4263 si
3729 4208 3835 4264 de-

2184 4304 2359 4354 votus
2398 4298 2493 4353 ille
2523 4299 2802 4354 sacerdos
2851 4304 3041 4354 morte
3086 4300 3429 4362 mulctatur,
3469 4299 3574 4372 qui
3633 4313 3835 4354 arcam

2184 4389 2368 4455 illam,
2404 4388 2637 4444 Domini
2687 4388 2954 4444 videlicet
3002 4390 3270 4462 corporis
3310 4390 3589 4460 ﬁguram,
3625 4389 3834 4445 minori

2185 4493 2371 4550 quam
2401 4477 2610 4533 debuit
2646 4479 3025 4534 veneratione
3065 4479 3369 4551 corripuit.
3418 4480 3640 4534 Verum
3665 4479 3836 4550 juxta

2185 4567 2532 4636 allegoriam
2557 4567 2744 4622 David
2776 4569 3093 4635 Christum,
3128 4584 3268 4624 arca
3299 4568 3628 4625 Ecclesium
3655 4568 3834 4637 signi-

2183 4657 2345 4724 ﬁcat,
2395 4657 2490 4712 vel
2517 4671 2753 4712 sacram
2791 4659 3176 4731 Scripturam.
3201 4659 3485 4724 Quaasivit
3505 4664 3703 4714 autem
3735 4661 3839 4716 Da-

2184 4747 2284 4802 vid
2311 4763 2511 4802 arcam
2540 4749 2600 4803 in
2632 4749 2926 4804 civitatem
2961 4765 3134 4805 suam
3166 4749 3487 4815 adducere,
3521 4749 3627 4804 sed
3657 4763 3836 4806 causa

2185 4832 2609 4888 interveniente
2636 4834 2952 4896 contraria,
2979 4835 3057 4890 ad
3079 4840 3316 4906 tempus
3331 4851 3465 4890 eam
3481 4833 3623 4890 alibi
3647 4833 3834 4889 diver-

2186 4922 2270 4978 tit.
2297 4924 2380 4976 Ac
2405 4922 2488 4976 sic
2521 4922 2803 4994 deinceps
2833 4923 2998 4996 quod
3029 4923 3286 4978 multum
3319 4924 3714 4979 delectaverat
3735 4940 3833 4978 ex-

2189 5010 2410 5082 plicuit.
2461 5013 2611 5076 Quia
2659 5012 2948 5067 Dominus
2986 5013 3046 5067 in
3079 5029 3257 5068 carne
3300 5025 3622 5086 apparens,
3655 5015 3835 5069 Evan-

2188 5099 2406 5169 gelium
2457 5100 2592 5155 ﬁliis
2624 5101 2820 5168 lsraei,
2877 5117 3001 5157 suae
3038 5101 3310 5158 videlicet
3335 5099 3516 5173 genti,
3551 5101 3832 5174 praedica-

2187 5190 2312 5257 vit;
2366 5188 2472 5244 sed
2503 5191 2737 5246 caecitas
2775 5205 2848 5245 ex
2896 5191 3066 5263 parte
3122 5191 3370 5259 contigit
3424 5189 3483 5246 in
3536 5189 3835 5247 lsraeldo-

2187 5293 2297 5333 nec
2367 5277 2676 5350 plenitudo
2739 5280 3005 5348 gentium
3079 5277 3440 5334 subintraret
3495 5278 3682 5350 (Rom.
3739 5285 3828 5342 xx).

2191 5367 2304 5422 Sed
2363 5370 2428 5421 ut
2492 5368 2618 5422 haec
2680 5372 2924 5438 pateant
2987 5368 3382 5438 manifestius,
3455 5375 3564 5439 per
3646 5367 3832 5438 singu-

2185 5457 2244 5512 la
2301 5456 2632 5513 videamus.
2691 5457 3095 5526 Congregavit
3166 5458 3353 5512 David
3421 5471 3634 5512 omnes
3695 5457 3834 5513 eiec-

2187 5563 2276 5618 tos
2304 5547 2366 5600 in
2419 5546 2596 5602 lsraei
2652 5546 2892 5615 triginta
2951 5543 3156 5609 millia,
3215 5547 3359 5619 quia
3411 5546 3698 5602 Dominus
3735 5547 3834 5604 Ec-

2193 5636 2437 5690 clesiam
2513 5635 2884 5707 primitivum
2965 5654 3036 5692 ex
3121 5635 3298 5692 lsraei
3354 5633 3642 5703 instituit,
3717 5653 3834 5692 non

2184 5725 2434 5797 quidem
2459 5741 2708 5784 omnem
2734 5726 2933 5798 lsraei,
2981 5726 3090 5783 sed
3136 5726 3356 5782 eiectos
3411 5737 3688 5800 quosque
3730 5726 3836 5785 sibi
