3940 6422
137 270 256 327 369

1147 275 1405 331 ENARR.
1447 276 1518 332 IN
1560 273 1810 331 LIBROS
1844 271 2109 331 REGUM.
2151 298 2222 321 σ-ο-
2260 274 2330 334 IN
2370 275 2498 335 LIB.
2542 278 2607 331 II.

3484 277 3591 337 350

136 394 537 452 consociatus.
570 400 695 453 Non
717 398 879 454 enim
908 413 1123 455 omnes
1149 399 1253 472 qui
1283 416 1356 455 ex
1384 400 1566 456 Israel
1592 400 1651 456 hi
1680 402 1824 454 sunt
1852 399 1903 453 Α
1933 397 2083 454 dum
2112 400 2612 461 consuetudinem
2658 399 2809 471 legis
2865 398 3098 469 ingredi
3123 415 3136 459 :
3170 397 3277 459 sed
3307 397 3587 466 sabbata,

138 486 456 549 israeiitie,
490 487 597 542 sed
648 487 749 543 ﬁlii
783 489 1196 561 promissionis
1246 490 1616 561 deputantur
1643 491 1703 545 in
1735 505 1822 543 se-

134 576 337 641 mine,
385 576 489 648 qui
536 577 779 645 triginta
830 578 1017 633 millia
1062 579 1418 646 referuntur,
1453 580 1513 635 id
1542 584 1647 641 cst,
1682 577 1824 633 ﬁdei

134 666 460 736 operibus,
490 670 547 721 et
577 668 707 738 spei
733 667 1009 723 ﬁrmitate
1039 668 1305 740 perfecti.
1326 672 1458 725 Tria
1484 670 1665 731 enim,
1688 682 1825 740 pro-

134 761 283 825 pter
308 754 751 811 confessionem
786 761 1009 812 sanctze
1040 758 1354 825 Trinitatis,
1378 758 1455 813 ad
1479 759 1661 813 ﬁdem
1694 774 1825 830 per-

138 843 342 900 tinent
371 861 384 899 :
419 844 629 899 decem
660 851 906 917 propter
934 847 1295 915 Decalogum
1342 846 1514 917 legis,
1548 848 1626 903 ad
1676 863 1820 918 0pc-

137 949 212 990 ra
246 950 260 989 :
297 934 479 1004 milia,
507 941 751 1007 propter
771 936 878 1008 qui
912 936 1359 1008 perfectionem,
1385 938 1461 993 ad
1495 953 1665 1011 spem
1686 937 1820 992 vitae

137 1030 411 1091 διήθει-ηερ,
441 1025 588 1097 quia
641 1026 919 1097 superius
971 1026 1199 1099 aliquid
1229 1043 1352 1083 non
1385 1032 1495 1095 est,
1536 1029 1688 1084 sicut
1715 1040 1823 1082 nu-

136 1128 358 1169 merus
390 1112 726 1169 milienario
756 1115 954 1185 major
978 1115 1183 1171 nullus
1218 1122 1324 1172 est.
1356 1117 1470 1173 Etsi
1502 1118 1661 1172 enim
1692 1115 1822 1172 mil-

135 1204 246 1270 lia,
307 1202 432 1259 sive
488 1203 729 1273 triginta
782 1204 989 1267 millia,
1026 1205 1148 1260 sive
1208 1206 1387 1262 etiam
1446 1206 1605 1262 mille
1636 1206 1823 1262 millia

135 1292 391 1357 dixeris,
424 1308 548 1348 non
586 1293 790 1366 ipsum
821 1294 981 1350 mille
1010 1295 1393 1351 numerando
1424 1295 1818 1358 transcendis,

137 1383 258 1441 sed
290 1382 383 1437 vel
409 1397 519 1456 per
548 1399 631 1453 se,
664 1383 760 1439 vel
787 1399 895 1456 per
946 1384 1213 1440 minores
1264 1400 1551 1443 numeros
1602 1386 1821 1457 saepius

132 1473 409 1529 dicendo
441 1473 826 1545 multiplices.
858 1474 989 1530 Tria
1020 1489 1164 1544 ergo
1214 1491 1321 1548 per
1377 1475 1587 1532 decem
1621 1475 1819 1531 multi~

130 1562 326 1634 plica,
359 1578 435 1617 ne
461 1561 614 1618 ﬁdes
643 1563 768 1617 sine
816 1563 1101 1636 operibus
1133 1569 1373 1620 mortua
1427 1564 1520 1620 sit.
1554 1568 1696 1619 item
1729 1563 1821 1618 tri-

133 1652 311 1721 ginta
369 1651 558 1708 millia
610 1667 716 1724 per
776 1653 936 1709 mille
988 1653 1364 1726 multiplica:
1408 1658 1471 1709 ut
1498 1653 1649 1709 ﬁdes
1681 1668 1816 1726 quae

1932 489 2302 559 neomenias,
2335 490 2874 558 circumcisionem,
2906 489 3317 559 victimasque,
3359 487 3589 559 spirita-

1930 577 2061 633 liter
2111 579 2477 651 interprctali
2517 598 2529 636 :
2564 596 2720 652 quos
2774 580 2930 635 velut
2978 584 3243 637 errantes
3295 577 3589 647 corrigere

1932 669 2262 729 tentabant,
2289 671 2390 741 qui
2451 670 2881 725 descendentes
2910 668 2985 723 de
3027 668 3239 725 Judeea
3289 667 3592 723 docebant

1931 757 2141 814 fratres
2168 778 2181 815 :
2207 783 2234 807 ‹‹
2258 760 2405 825 Quia
2432 760 2542 815 nisi
2565 758 3079 815 circumcidamini
3107 756 3443 813 secundum
3464 772 3592 815 mo-

1930 864 2057 903 rem
2085 849 2288 921 Moysi,
2321 864 2445 905 non
2494 849 2744 921 potestis
2778 848 2926 905 salvi
2956 847 3083 905 ﬁeri
3114 846 3270 915 (Act.
3304 846 3403 915 xv)
3432 863 3444 901 :
3479 868 3508 895 κ
3532 849 3588 901 et

1930 938 2156 1008 quibus
2186 939 2447 993 Jacobus
2480 938 2558 995 ad
2596 937 2842 993 Paulum
2879 956 2891 995 :
2927 959 2954 986 κ
2989 936 3188 1001 Vides,
3228 935 3439 1008 inquit,
3472 934 3589 997 fra-

1930 1031 2035 1096 ter,
2070 1032 2215 1099 quot
2242 1028 2421 1083 millia
2456 1032 2595 1089 sunt
2624 1027 2685 1082 in
2713 1027 2934 1083 Judaais
2966 1026 3071 1098 qui
3101 1024 3503 1094 crediderunt,
3533 1027 3592 1080 et

1928 1117 2142 1171 omnes
2168 1117 2547 1173 aemulatores
2579 1121 2721 1175 sunt
2748 1118 2894 1187 legis
2925 1117 3078 1171 »Ἀρι
3100 1116 3248 1185 1x1).
3270 1132 3301 1167 ›

2006 1228 2031 1255 ί‹
2075 1207 2163 1262 Ob
2212 1223 2463 1262 causam
2497 1223 2638 1276 ergo
2671 1206 2997 1263 sacerdotis
3035 1204 3233 1267 occisi,
3264 1202 3457 1260 David
3486 1217 3591 1265 no-

1931 1318 1958 1345 ‹‹
2000 1295 2110 1352 luit
2134 1296 2427 1351 divertere
2458 1296 2533 1352 ad
2568 1311 2631 1352 se
2681 1312 2884 1355 arcam
2913 1294 3166 1355 Domini,
3197 1294 3260 1349 in
3289 1293 3589 1351 civitatem

1932 1407 1958 1435 ‹‹
2000 1385 2185 1440 David
2220 1403 2231 1441 :
2265 1385 2371 1440 sed
2403 1385 2818 1443 tulerunteam
2844 1384 2906 1441 in
2956 1386 3214 1442 Domum
3262 1380 3587 1438 Obededon

1930 1496 1957 1522 «
2001 1474 2235 1530 Gethaei.
2270 1496 2296 1523 ››
2328 1476 2477 1540 Quia
2502 1473 2924 1546 respuentibus
2962 1471 3217 1531 verbum
3245 1470 3485 1539 Iudaeis,
3513 1485 3588 1527 ne

1929 1564 2185 1636 amplius
2213 1564 2440 1631 audita,
2473 1569 2531 1621 et
2553 1580 2675 1621 non
2707 1567 2984 1635 suscepta
3023 1559 3365 1633 praedicatio
3416 1574 3590 1614 noce-

1925 1658 2033 1719 ret,
2062 1654 2317 1725 apostoli
2348 1654 2426 1710 ab
2456 1654 2540 1709 eis
2572 1653 2777 1717 ablati,
2811 1656 2871 1707 et
2923 1650 3004 1709 ad
3033 1655 3238 1719 gentes
3272 1646 3588 1715 Evangelio

130 1757 251 1813 per
281 1739 665 1797 dilectionem
691 1747 994 1814 operatur,
1024 1758 1146 1799 non
1181 1743 1322 1799 alibi
1350 1760 1535 1817 quam
1570 1744 1630 1799 in
1654 1742 1818 1798 caelis
1852 1763 1890 1816 Β
1928 1742 2292 1797 imbuendos
2320 1748 2460 1799 sunt
2487 1743 2677 1800 missi.
2714 1741 2991 1798 Videlicet
3036 1738 3205 1795 locus
3264 1753 3414 1792 areae
3460 1737 3588 1792 Na-

129 1831 600 1887 retributionem
628 1836 841 1905 speret.
873 1831 1048 1887 Electi
1081 1833 1258 1903 igitur
1283 1850 1356 1890 ex
1389 1833 1586 1895 Israel,
1620 1848 1817 1905 popu-

130 1921 235 1977 lus
277 1926 436 1977 recte
469 1921 800 1992 credentes,
823 1928 1168 1995 operantes,
1195 1929 1505 1996 sperantes
1530 1922 1814 1980 insinuat.

132 2010 271 2066 Viri
302 2016 507 2066 autem
535 2013 560 2066 J
570 2010 689 2067 uda
718 2011 823 2084 qui
851 2016 1020 2067 erant
1052 2028 1190 2067 cum
1224 2013 1431 2083 David,
1454 2013 1617 2086 ipsos
1643 2028 1819 2084 apos-

134 2100 299 2157 tolos
330 2105 388 2156 et
412 2101 709 2165 doctores,
739 2102 844 2173 qui
873 2101 1041 2157 lateri
1074 2102 1287 2158 Christi
1309 2103 1489 2174 quasi
1520 2100 1820 2158 familiari-

136 2190 262 2245 bus
294 2190 709 2260 adhaerebant,
744 2190 1012 2247 indicant
1046 2207 1057 2246 :
1093 2192 1194 2263 qui
1253 2197 1509 2265 utroque
1563 2191 1817 2264 stipatus

135 2279 408 2336 exercitu
442 2280 753 2347 Dominus,
786 2295 990 2336 arcam
1038 2280 1359 2347 adducere,
1400 2282 1463 2337 id
1493 2286 1581 2336 est
1626 2281 1817 2336 Eccle-

139 2370 303 2424 siam
335 2368 609 2435 dilatare,
661 2373 717 2424 et
769 2370 830 2424 in
883 2386 1090 2425 eorum
1126 2372 1229 2442 qui
1284 2387 1407 2426 non
1439 2370 1817 2427 crediderunt

139 2459 434 2516 cordibus
460 2461 647 2516 ﬁdem
676 2461 935 2516 inserere
967 2462 1207 2532 gaudet.
1243 2462 1576 2534 imponitur
1615 2467 1815 2517 autem

138 2566 287 2607 arca
313 2550 587 2623 plaustro
618 2566 801 2621 novo,
824 2555 889 2606 ut
920 2552 1061 2607 Novi
1105 2553 1464 2608 'i‘estamcnti
1517 2552 1701 2621 gratia
1732 2567 1818 2606 re-

136 2641 383 2696 novatis
412 2640 474 2696 in
501 2640 806 2714 baptismo
835 2642 1138 2697 mentibus
1168 2642 1520 2698 infundatur
1551 2658 1564 2697 :
1601 2657 1816 2697 unum-

136 2746 262 2803 que
294 2745 547 2797 novum,
582 2730 759 2786 novis
791 2730 1020 2785 viribus
1050 2732 1537 2787 conservandum
1568 2731 1818 2786 manda-

140 2827 257 2875 tur.
296 2821 433 2875 Erat
475 2819 726 2892 quidem
754 2820 921 2892 prius
954 2835 1093 2875 arca
1132 2820 1193 2874 in
1243 2820 1430 2876 domo
1474 2820 1814 2889 Abinadab,

133 2908 249 2981 qui
280 2913 409 2965 erat
452 2909 513 2964 in
545 2908 773 2974 Gabaa,
807 2909 952 2981 quia
982 2910 1195 2965 eadem
1226 2926 1362 2982 quae
1408 2925 1570 2964 nunc
1599 2909 1815 2981 praedi-

136 3003 316 3054 catur
343 2997 616 3053 Ecclesiae
649 2998 820 3065 ﬁdes,
849 3003 905 3053 et
935 3003 1072 3053 ante
1096 2998 1532 3054 incarnationis
1563 2998 1818 3053 domini-

138 3104 227 3144 ατε
260 3092 502 3163 tempus
525 3087 801 3157 ﬂorebat,
824 3087 883 3141 in
914 3088 1007 3142 his
1039 3088 1143 3160 qui
1174 3088 1655 3159 patriarcharum
1682 3104 1819 3160 pro-
1848 3120 1888 3175 ε

138 3178 588 3250 phetarumque
636 3181 775 3232 sunt
830 3177 1214 3232 devotionem
1257 3178 1467 3234 secuti.
1497 3177 1817 3232 Abinadab

140 3268 327 3333 enim,
377 3268 482 3340 qui
521 3267 947 3339 interpretatur
986 3273 1167 3337 pater
1209 3283 1372 3324 meus
1429 3274 1815 3338 spontaneus,

138 3357 235 3414 vei
262 3357 569 3413 Abraham
613 3361 847 3428 patrem
896 3357 1058 3426 fidei,
1090 3357 1181 3413 vel
1229 3360 1468 3428 Moysen
1518 3356 1820 3425 iegisiato-

137 3461 268 3503 rem
329 3446 628 3515 signiﬁcat
663 3463 679 3502 :
711 3447 816 3519 qui
870 3451 1120 3520 uterque
1176 3447 1236 3501 in
1297 3447 1503 3502 Gabaa
1560 3446 1818 3503 custodit

139 3549 348 3592 arcam
376 3555 389 3591 :
415 3536 562 3608 quia
583 3535 827 3590 sublimi
862 3535 1088 3591 virtutis
1118 3536 1416 3607 exemplo,
1442 3535 1815 3591 credentium

136 3628 383 3699 pectore
411 3626 624 3680 munit.
657 3625 821 3680 Unde
853 3630 907 3680 et
940 3625 1147 3680 Gabaa
1173 3627 1343 3680 collis
1372 3628 1812 3697 interpretatur,

137 3716 245 3790 qui
272 3720 363 3771 est
391 3714 560 3770 locus
590 3715 651 3770 in
685 3715 917 3771 civitate
946 3715 1382 3771 Cariatbiarim.

212 3824 244 3858 ς
286 3804 455 3859 Elata
480 3819 624 3874 ergo
652 3804 795 3859 foris
829 3819 990 3871 arca,
1034 3804 1284 3859 ludebat
1312 3804 1501 3859 David
1533 3808 1590 3860 et
1618 3803 1816 3858 omnis

139 3917 167 3945 α
211 3894 393 3949 israel
420 3910 626 3949 coram
654 3893 909 3949 Domino
940 3893 1189 3949 diversis
1220 3894 1590 3949 musicorum
1639 3908 1816 3963 gene-

140 4003 171 4037 α
210 3982 403 4039 ribus.
447 4004 469 4034 ο
505 3983 655 4049 Quia
685 3998 829 4038 mox
859 3983 1191 4038 inchoante
1213 3999 1380 4039 novre
1431 3983 1633 4052 gratiae
1666 3998 1815 4054 pree-

140 4073 339 4143 couio,
373 4072 665 4128 Dominus
697 4072 774 4127 ad
829 4071 1200 4128 exhibendas
1240 4073 1359 4127 Deo
1391 4072 1550 4127 Patri
1602 4070 1815 4127 laudes

138 4162 515 4232 humilitatis,
539 4176 753 4217 omnes
785 4162 1017 4231 invitat,
1045 4162 1251 4217 dicens
1284 4179 1296 4216 :
1332 4184 1362 4211 «
1396 4162 1506 4227 Qui
1532 4161 1680 4217 mihi
1710 4160 1817 4215 mi-

139 4254 372 4319 nistrat,
397 4266 494 4306 me
526 4256 815 4324 sequatur
840 4251 1039 4322 (Joan.
1064 4252 1189 4322 xu).
1226 4274 1251 4299 υ
1276 4274 1302 4301 ‹‹
1333 4250 1444 4305 Alii
1470 4266 1815 4306 sermonem

144 4341 404 4397 scientiae
437 4360 449 4396 :
494 4340 593 4395 alii
624 4341 831 4396 dando
880 4356 991 4413 per
1042 4340 1316 4412 spiritum
1349 4354 1692 4395 sermonem
1724 4356 1814 4396 sa-

140 4431 381 4505 pientiai
416 4446 429 4484 :
461 4430 559 4484 alii
603 4444 824 4500 genera
853 4429 1203 4500 linguarum
1238 4445 1251 4483 :
1282 4428 1381 4483 alii
1409 4429 1665 4497 gratiam
1716 4446 1813 4485 cu-

140 4521 445 4577 rationum
478 4520 531 4589 (1
564 4520 694 4573 Cor.
723 4520 846 4589 xu),
883 4541 912 4569 ››
934 4522 1044 4574 etc.
1082 4517 1197 4574 Sed
1225 4518 1318 4572 his
1375 4522 1555 4589 atque
1609 4518 1815 4589 hujus-

141 4610 307 4666 modi
339 4607 777 4664 charismatum
818 4607 1165 4678 generibus,
1197 4608 1620 4679 progrediente
1651 4623 1813 4677 arca,

140 4700 201 4756 id
229 4705 339 4767 est,
370 4702 674 4755 crescente
708 4696 971 4753 Ecclesia
999 4696 1323 4770 primitiva,
1346 4700 1589 4752 ventum
1623 4702 1714 4753 est
1736 4698 1816 4753 ad
1850 4727 1857 4733 -

141 4806 345 4845 aream
403 4788 672 4851 Nachon,
725 4787 781 4841 id
815 4790 922 4853 est,
955 4801 1160 4842 aream
1215 4791 1644 4858 praeparatam,
1675 4800 1816 4855 gen-

138 4879 288 4936 tium
317 4875 597 4934 videlicet
628 4876 952 4932 Ecclesium
984 4874 1122 4931 fidei
1182 4875 1424 4932 veritate
1455 4892 1815 4931 consecran-

139 4970 303 5026 dam.
353 4968 436 5021 De
493 4981 619 5038 qua
671 4968 932 5022 Joannes
986 4965 1069 5022 ait
1116 4981 1129 5020 :
1186 4987 1213 5015 «
1265 4968 1336 5021 Et
1385 4965 1817 5035 permundabz’t

140 5074 343 5116 aream
370 5072 543 5113 suam
576 5057 819 5127 (Matth.
856 5056 956 5127 iu).
984 5078 1012 5105 υ
1034 5055 1142 5111 Ubi
1168 5055 1449 5111 sacerdos
1479 5055 1585 5127 qui
1609 5070 1815 5109 arcam

138 5148 440 5205 incautius
468 5147 645 5219 quasi
677 5145 1034 5215 corrigendo
1082 5145 1290 5211 tetigit,
1323 5160 1464 5199 mox
1498 5159 1533 5200 a
1561 5143 1816 5200 D'omino

138 5252 461 5311 percussus
539 5235 825 5291 occubuit
871 5250 885 5290 ε
931 5236 1078 5307 quia
1138 5234 1484 5290 Judaeorum
1551 5232 1815 5306 populus

138 5328 280 5382 dum
311 5324 596 5397 gentibus
625 5324 872 5394 invidet,
913 5324 1121 5380 salutis
1153 5340 1215 5379 se
1270 5336 1520 5378 munere
1575 5321 1809 5393 privat:

137 5417 281 5472 dum
307 5416 504 5486 legem
536 5414 667 5471 vult
700 5414 1022 5485 Evangelio
1063 5412 1321 5482 misceri,
1355 5412 1668 5483 utriusque
1700 5410 1811 5468 sibi

139 5507 389 5569 gratiam
429 5505 602 5561 tollit.

206 5620 233 5646 ‹‹
276 5601 341 5653 Et
373 5596 588 5662 tenuit,
620 5594 832 5666 inquit,
857 5609 1085 5659 arcam,
1110 5591 1401 5665 quoniam
1421 5588 1812 5647 caicitrabant

142 5709 167 5735 α
206 5687 459 5743 boves.»
486 5686 676 5740 Boves
697 5683 923 5756 quippe
945 5681 1251 5738 calcitrare
1277 5686 1365 5737 est
1385 5680 1806 5754 praedicatores

143 5776 437 5851 Evangelii
459 5774 714 5832 liberius
746 5773 906 5831 circa
935 5772 1119 5830 ﬁdem
1148 5787 1345 5844 agere,
1371 5786 1569 5844 neque
1592 5786 1804 5827 secun-

1928 1832 2102 1900 chon,
2126 1848 2263 1904 quae
2313 1832 2579 1902 gentium
2619 1832 2757 1888 ﬁdei
2791 1829 3026 1886 Domini
3066 1827 3269 1898 gratiae
3292 1840 3592 1898 praepara-

1928 1927 2047 1977 tam
2108 1922 2502 1978 demonstrat.
2546 1922 2851 1991 percussio
2900 1921 3016 1977 Oza
3053 1920 3475 1988 nuncupatur:
3508 1914 3592 1971 vi-

1926 2011 2139 2066 delicet
2165 2010 2309 2083 quia
2352 2010 2591 2066 illorum
2640 2010 2926 2065 delictum
2958 2007 3120 2063 salus
3149 2011 3237 2062 est
3287 2004 3585 2075 gentibus.

1928 2100 2255 2157 Obeiiedon
2304 2115 2571 2172 namque
2601 2099 3023 2171 interpretatur
3067 2097 3327 2153 serviens
3372 2094 3588 2149 homo:

1927 2190 2020 2245 iile
2043 2195 2130 2245 est
2157 2190 2359 2262 utique
2388 2190 2462 2245 de
2493 2206 2617 2261 quo
2649 2189 2939 2244 Dominus
2960 2187 3040 2242 ad
3070 2186 3308 2242 Patrem
3340 2200 3353 2239 :
3381 2205 3408 2233 ‹‹
3433 2185 3586 2239 Con-

1927 2280 2150 2345 stitues,
2212 2279 2425 2352 inquit,
2476 2295 2571 2335 me
2623 2278 2687 2334 in
2734 2282 2916 2351 caput
2962 2275 3252 2347 gentium,
3324 2270 3586 2345 populus

1924 2387 2109 2442 quem
2158 2385 2279 2425 nou
2334 2369 2618 2440 cognovit
2668 2369 2909 2424 servivit
2962 2368 3107 2424 mihi
3138 2366 3326 2437 (Psal.
3355 2364 3518 2434 xvu).
3554 2382 3581 2413 ι

1928 2460 2035 2515 Ubi
2090 2465 2146 2516 et
2195 2459 2542 2515 indecorum
2597 2458 2892 2514 actionem
2946 2456 3123 2530 quasi
3175 2458 3303 2512 Ozaa
3335 2457 3586 2509 mortem

1924 2550 2312 2621 praemittens,
2346 2548 2463 2604 ait:
2500 2570 2528 2599 α
2576 2547 2799 2620 Eripies
2842 2564 2940 2603 me
2988 2546 3063 2602 de
3108 2541 3588 2601 contradictioni-

1926 2641 2039 2694 bus
2092 2638 2300 2712 populi
2348 2639 2569 2711 (Μήτι).
2604 2658 2635 2692 ›
2685 2642 2913 2695 Nomen
2943 2652 3187 2710 quoque
3241 2633 3405 2691 urbis
3452 2647 3592 2687 con-

1928 2730 2102 2800 gruit,
2152 2730 2296 2784 Geth
2332 2729 2494 2784 enim
2546 2729 2967 2802 interpretatur
3010 2726 3328 2783 torcular:
3363 2721 3589 2791 signiﬁ-

1927 2835 2074 2875 eans
2113 2836 2376 2885 erucem,
2404 2818 2464 2874 in
2494 2835 2618 2891 qua
2649 2818 2912 2876 Christus
2936 2817 3070 2873 vitis
3094 2815 3220 2872 veri
3264 2812 3482 2870 calcari
3534 2816 3593 2868 et

1927 2909 2180 2981 exprimi
2205 2908 2487 2979 dignatus
2517 2912 2624 2963 est.
2672 2912 2719 2963 Α
2738 2924 2862 2980 qua
2891 2911 3143 2965 cunctus
3189 2902 3459 2975 gentium
3485 2917 3591 2974 po-

1926 3000 2106 3072 pulus
2132 2999 2344 3054 merito
2381 2998 2655 3054 Gethmus
2695 2997 2986 3070 appellari
3028 3000 3244 3068 potest,
3277 3009 3417 3049 cum
3446 2991 3590 3047 dici-

1927 3097 2022 3144 tur
2050 3105 2063 3143 :
2098 3111 2126 3139 ι(
2162 3089 2295 3145 Mihi
2326 3093 2528 3143 autem
2559 3087 2716 3142 absit
2769 3086 3006 3154 gloriari
3037 3085 3154 3140 nisi
3184 3084 3242 3139 in
3274 3096 3451 3137 cruce
3483 3080 3590 3135 Do-

1928 3178 2074 3233 mini
2122 3178 2308 3232 nostri
2335 3180 2473 3232 Jesu
2504 3176 2717 3233 Christi
2747 3177 2978 3243 (Galat.
3010 3176 3109 3244 Vl).
3144 3195 3172 3222 υ
3205 3175 3342 3229 Tres
3386 3174 3589 3224 autem

1928 3283 2167 3323 menses
2232 3267 2457 3339 quibus
2511 3266 2735 3321 ibidem
2795 3281 2935 3320 arca
2998 3264 3365 3327 demoratur,
3415 3259 3588 3324 ﬁdes,

1930 3374 2087 3430 spes,
2122 3363 2177 3412 et
2229 3356 2489 3411 charitas
2540 3360 2653 3411 est.
2715 3355 2875 3412 Sicut
2931 3353 3093 3410 enim
3145 3351 3360 3409 diebus
3392 3348 3587 3411 adim—

1928 3447 2123 3518 pletur
2169 3446 2419 3507 mensis,
2461 3446 2542 3501 ita
2573 3444 2822 3514 singulae
2869 3445 3111 3499 virtutes
3154 3441 3278 3497 suis
3331 3454 3590 3512 quaeque

1927 3536 2213 3610 passibus
2268 3537 2347 3591 ad
2401 3536 2827 3608 perfectionem
2884 3533 3294 3606 perveniunt:
3348 3544 3590 3586 menses

1928 3641 2249 3698 quousque
2280 3625 2590 3698 plenitudo
2644 3625 2910 3695 gentium
2953 3624 3148 3691 intret,
3181 3636 3418 3679 currere
3465 3633 3589 3679 non

1930 3723 2187 3772 cessant.
2221 3717 2487 3773 Tandem
2540 3717 2777 3772 rediens
2822 3713 3009 3771 David
3053 3730 3259 3769 arcam
3290 3712 3348 3767 in
3391 3709 3590 3768 civita-

1928 3813 2045 3864 tem
2101 3807 2348 3877 inducit,
2377 3807 2520 3879 quia
2571 3806 2880 3877 Dominus,
2912 3804 3113 3860 Enoch
3143 3809 3198 3858 et
3228 3802 3353 3857 Elia
3378 3798 3591 3873 praedi-

1928 3897 2225 3961 cantibus,
2258 3900 2558 3951 convertet
2587 3896 2772 3951 corda
2818 3901 3060 3967 patrum
3086 3893 3148 3948 in
3196 3891 3372 3961 ﬁlios,
3401 3888 3590 3946 boves

1929 3992 1986 4041 et
2015 3987 2227 4041 arietes
2280 3983 2625 4051 imnioians,
2659 3985 2775 4039 hoc
2827 3988 2934 4054 est,
2967 3999 3070 4038 eos
3100 3982 3207 4054 qui
3238 3995 3443 4035 aream
3477 3980 3589 4034 Do-

1930 4075 2073 4129 mini
2118 4075 2410 4141 triturant,
2461 4079 2518 4129 et
2574 4074 2778 4130 ovium
2829 4073 2961 4144 ejus
3017 4072 3307 4127 ducatum
3353 4071 3587 4139 gerunt,

1926 4164 2197 4234 martyrii
2230 4163 2523 4232 sanguine
2575 4178 2893 4232 coronans,
2923 4167 2979 4217 et
3003 4162 3131 4235 ipse
3180 4174 3425 4234 quoque
3464 4174 3590 4214 sum

1926 4252 2368 4308 incarnationis.
2409 4258 2467 4308 et
2515 4252 2814 4325 passionis
2866 4251 3211 4324 exemplum
3268 4264 3339 4305 eo
3396 4262 3592 4320 usque

1925 4341 2146 4397 Judaais
2192 4357 2313 4398 non
2371 4342 2686 4410 creditum,
2718 4342 2926 4415 palam
2977 4340 3419 4397 manifestans:
3474 4337 3590 4393 hoc

1928 4432 2086 4486 enim
2124 4431 2419 4497 signiﬁcat
2443 4431 2611 4503 quod
2640 4436 2695 4488 et
2743 4432 2869 4504 ipse
2902 4430 3092 4487 David
3121 4430 3423 4486 accinctus
3466 4429 3593 4483 erat

1926 4521 2125 4594 epho.i
2156 4520 2336 4577 lineo.
2391 4522 2544 4577 Nam
2574 4521 2787 4587 linum,
2823 4521 2991 4594 quod
3020 4521 3095 4576 de
3126 4525 3281 4576 terra
3309 4531 3589 4590 procrea~

1928 4615 2077 4677 tum,
2110 4610 2419 4683 multiplici
2450 4610 2658 4666 labore
2689 4610 2768 4666 ad
2810 4611 3137 4666 candorem
3161 4607 3340 4663 vestis
3384 4620 3591 4677 perve-

1925 4700 2031 4766 nit,
2061 4700 2367 4755 veritatem
2398 4699 2683 4755 humanai
2703 4700 2900 4755 carnis
2933 4699 3086 4753 inter
3113 4694 3352 4763 ﬂagella
3378 4693 3589 4748 trium-

1926 4790 2169 4862 phantis
2214 4789 2495 4845 ostendit.
2537 4792 2753 4845 Verum
2784 4789 3013 4845 cunctis
3067 4782 3503 4842 exsultantibus
3534 4786 3593 4838 et

1928 4879 2005 4934 ad
2032 4894 2232 4937 arcem
2262 4878 2516 4934 cmlestis
2540 4878 2813 4933 introitus
2852 4878 3116 4949 hymnos
3164 4870 3588 4927 resonantibus

1927 4968 2053 5023 sola
2075 4969 2283 5024 Michoi
2309 4966 2431 5022 ﬁlia
2467 4967 2607 5023 Saul
2639 4966 2716 5022 ad
2747 4980 2952 5021 arcam
3000 4961 3361 5019 ducentibus
3390 4961 3585 5030 abest,

1925 5057 2253 5129 quinetiam
2285 5054 2640 5127 spectaculis
2673 5054 2860 5111 David
2887 5053 3267 5110 humiliatum
3293 5051 3584 5124 despicit:

1922 5145 2067 5217 quia
2118 5144 2500 5200 credentibus
2555 5144 2614 5199 in
2669 5143 2880 5199 mundi
2940 5143 3061 5198 ﬂne
3113 5140 3353 5208 Iudaeis,
3414 5145 3590 5197 erunt

1923 5232 2198 5289 nonnulli
2255 5233 2359 5304 qui
2408 5233 2703 5287 Christum
2745 5237 2977 5291 tantum
3028 5231 3421 5304 professione,
3480 5229 3589 5285 sed

1922 5336 2104 5392 opere
2137 5323 2467 5392 sequentur
2492 5320 2944 5390 Antichristum,
2966 5319 3191 5393 quibus
3215 5317 3426 5374 merito
3449 5332 3587 5373 eon-

1923 5410 2100 5480 gruit,
2133 5409 2299 5480 quod
2347 5409 2561 5464 eadem
2609 5409 2818 5467 Michoi
2871 5425 3011 5483 quae
3058 5408 3140 5463 ob
3198 5407 3587 5477 ﬁgurandam

1919 5499 2371 5555 instabiiitatem
2403 5500 2734 5559 carnalium
2779 5515 2815 5555 a
2858 5513 2981 5572 qua
3007 5495 3208 5554 omnis
3236 5496 3349 5552 viri
3372 5495 3588 5569 iniqui-

1920 5594 2010 5645 tas
2040 5588 2328 5660 procedit,
2370 5594 2585 5660 praeter
2632 5606 2863 5646 morem
2891 5600 3013 5644 non
3046 5603 3192 5643 uxor
3221 5587 3432 5649 David,
3480 5586 3587 5643 sed

1918 5679 2042 5735 ﬁlia
2089 5678 2229 5734 Saul
2268 5677 2605 5749 appellatur
2639 5696 2651 5734 :
2682 5680 2827 5752 quia
2852 5679 2953 5753 qui
3008 5677 3237 5735 Christo
3288 5677 3587 5733 fidetenns

1918 5773 2152 5828 tantum
2196 5768 2479 5835 serviunt,
2506 5782 2631 5825 non
2674 5770 2832 5828 illius
2861 5778 3050 5839 regno
3093 5767 3450 5837 coronandi,
3478 5764 3587 5827 sed
