3940 6400
394 267 490 320 351
1480 254 1842 313 ANGELOMI
1883 250 2358 309 LUXOVIENSIS
2396 253 2714 310 MONACHI

3725 257 3845 311 352

389 389 841 460 persecutorum
873 385 1023 456 ejus,
1049 399 1204 456 quos
1236 381 1446 438 imitati
1475 385 1634 448 sunt,
1665 379 2045 436 anathemate
2078 393 2126 444 ν
2153 373 2291 446 ipsa
2352 375 2682 433 viventium
2763 382 2918 433 sorte
2985 375 3406 449 reprobantur.
3471 375 3841 448 Aliquando

389 474 746 531 damnandi.
774 476 986 529 Verum
1017 472 1152 527 licet
1174 471 1344 543 pravi
1375 472 1790 536 succenseant,
1812 463 2047 520 humili-

389 569 569 621 tatem
601 563 870 619 Ecclesiae
901 566 1308 630 contemnant,
1339 559 1731 615 nihilominus
1763 572 1904 612 arca
1934 554 2045 609 Do-

391 654 536 709 mini
561 669 737 708 suum
766 652 967 708 locum
988 649 1350 719 ingreditur:
1381 649 1625 721 ponitur
1651 646 1713 703 in
1744 644 1944 701 medio
1966 648 2048 698 ta-

388 741 716 811 bernaculi,
747 740 912 814 quod
951 739 1281 796 tetenderat
1321 738 1376 793 ei
1420 736 1627 802 David,
1657 737 1716 792 id
1759 738 1866 802 est,
1896 733 2047 788 ﬁdes

391 830 659 887 Ecclesiae
710 829 1090 904 praedicatur,
1140 827 1400 900 proﬁcit,
1428 825 1706 882 inseritur
1734 821 2045 886 ,cordibus

388 920 660 976 omnium
691 935 847 991 quos
883 918 1172 974 Dominus
1203 916 1282 972 ad
1312 917 1497 971 vitam
1544 913 2048 987 praeordinaverat

387 1013 692 1066 aeternam.
718 1008 899 1065 Offert
919 1007 1106 1064 David
1128 1005 1484 1061 holocausta
1500 1009 1557 1060 et
1570 1001 1823 1076 paciﬁca
1843 1015 2047 1056 coram

389 1097 661 1160 Domino,
696 1101 752 1153 et
801 1097 983 1152 ﬁdem
1030 1095 1529 1166 devotionemque
1579 1091 1850 1146 Ecclesiae
1881 1105 2044 1144 com-

387 1185 636 1242 mendat
665 1186 817 1241 Patri
850 1184 1137 1248 Christus,
1165 1184 1269 1255 qui
1320 1187 1408 1237 est
1455 1181 1531 1238 ad
1582 1181 1891 1236 dexteram
1925 1177 2044 1243 Dei,

387 1277 491 1347 qui
521 1275 703 1330 etia'n
733 1273 1068 1345 interpellat
1099 1287 1209 1344 pro
1234 1270 1433 1326 nobis.
1464 1270 1573 1335 Qui
1601 1270 1662 1324 in
1702 1267 2046 1340 exemplum

391 1364 600 1431 David,
642 1363 850 1418 ﬁdeles
900 1362 1279 1433 humilesque
1328 1358 1710 1426 benedicens,
1769 1357 2047 1412 salutaris

391 1452 661 1524 mysterii
692 1451 883 1524 pascit
907 1450 1229 1506 alimentis.

462 1559 494 1593 ‹
534 1541 790 1596 Partitus
844 1539 1094 1608 singulis
1143 1537 1495 1610 collyridam
1552 1537 1728 1599 panis
1778 1551 1986 1596 unam,
2018 1557 2045 1582 »

389 1629 546 1684 illius
577 1629 780 1701 utique
811 1628 915 1701 qui
945 1628 1020 1684 de
1072 1627 1222 1683 crelo
1267 1625 1575 1682 descendit
1619 1630 1678 1680 et
1731 1625 1833 1679 dat
1862 1624 2046 1678 vitam

391 1717 530 1773 huic
561 1716 791 1772 mundo
826 1734 838 1772 :
873 1719 935 1772 Et
966 1722 1301 1771 assaturam
1335 1714 1576 1770 bubulae
1607 1713 1804 1769 carnis
1841 1728 2042 1776 unam,
2078 1735 2120 1787 Β

390 1806 547 1862 illius
580 1806 797 1862 scilicet
826 1805 991 1860 vituli
1032 1805 1304 1872 saginati,
1338 1804 1439 1875 qui
1471 1820 1580 1876 pro
1610 1807 1938 1858 revertente
1967 1801 2044 1855 ad

390 1899 622 1968 patrem
668 1893 790 1948 ﬁlio
816 1894 1052 1964 juniore
1098 1897 1393 1948 mactatus
1447 1897 1504 1947 et
1554 1891 1692 1960 igne
1745 1889 2043 1962 passionis

390 1988 630 2038 assatus
661 1988 768 2051 est,
797 1982 1001 2037 dicens
1037 1999 1049 2036 :
1085 2001 1114 2033 ‹
1151 1980 1387 2035 Exaruit
1441 1979 1597 2035 velut
1652 1985 1805 2034 testa
1860 1977 2044 2032 virtus

388 2088 524 2128 mea
550 2073 739 2141 (Psal.
771 2073 914 2142 XXI).
951 2094 978 2120 »
1004 2093 1032 2120 ‹‹
1065 2073 1128 2126 Et
1152 2069 1411 2125 similam
1438 2068 1654 2124 frixam
1677 2067 1830 2134 oleo,
1857 2090 1884 2115 ››
1918 2083 2044 2121 car-

387 2178 525 2218 nem
582 2161 849 2216 videlicet
894 2177 930 2215 a
973 2160 1203 2232 peccati
1247 2159 1384 2215 labe
1413 2158 1900 2223 mundissimam,
1935 2155 2044 2210 sed

386 2251 464 2306 ob
503 2251 787 2306 humanm
834 2249 1042 2304 salutis
1082 2265 1329 2304 causam
1375 2247 1742 2303 uberrimam
1785 2245 2040 2300 delecta-

385 2340 646 2396 tionibus
695 2339 889 2395 crucis
934 2338 1234 2406 sartagine
1278 2342 1531 2393 coctam.
1563 2338 1630 2391 Et
1681 2335 1889 2390 merito
1919 2351 2042 2389 una

382 2430 558 2502 panis
602 2428 916 2501 collyrida,
949 2444 1071 2483 una
1115 2427 1310 2484 carnis
1366 2430 1639 2481 assatura
1668 2426 1866 2490 datur,
1898 2423 2042 2496 quia

385 2541 414 2567 ‹‹
446 2535 600 2573 unus
635 2517 940 2582 Dominus,
965 2532 1087 2570 una
1118 2515 1287 2582 ﬁdes,
1321 2530 1507 2569 unum
1537 2513 1860 2584 baptisma,
1887 2529 2042 2568 unus

383 2606 675 2660 Dominus
733 2610 788 2660 et
838 2609 1009 2676 pater
1057 2603 1330 2658 omnium
1377 2601 1612 2673 (Ephes.
1662 2605 1756 2672 IV).
1794 2624 1822 2650 »
1868 2602 2044 2656 Aliter

385 2695 514 2749 haec
536 2709 790 2748 munera
812 2692 1020 2748 ﬁdeles
1050 2691 1351 2763 accipiunt
1379 2707 1392 2745 :
1416 2689 1708 2762 quoniam
1741 2706 1898 2745 unus
1936 2706 2039 2762 pa-

384 2784 480 2839 nis
526 2787 584 2838 et
636 2799 826 2837 unum
857 2798 1076 2852 corpus
1102 2781 1271 2836 multi
1303 2797 1513 2835 sumus
1543 2780 1600 2834 in
1642 2780 1891 2849 Christo,
1921 2797 2042 2835 suae

385 2872 582 2928 carnis
632 2871 848 2940 singuli
877 2870 1186 2926 lasciviam
1249 2869 1628 2940 castigantes,
1657 2885 1726 2924 ac
1781 2870 2042 2924 servituti

386 2961 794 3032 subjicientes,
830 2960 1019 3016 sancti
1076 2959 1326 3030 Spiritus
1377 2958 1514 3027 igne
1539 2957 1900 3030 decoquunt.
1933 2975 2042 3014 nec

393 3066 514 3105 non
548 3055 605 3104 et
656 3050 880 3104 fructus
910 3065 1161 3122 operum
1199 3047 1521 3112 bonorum,
1554 3047 1686 3102 oleo
1715 3047 2046 3132 misericors
2071 3089 2113 3142 ο

381 3139 495 3193 dite
551 3137 1000 3210 pinguissimos,
1057 3136 1476 3208 compassione
1507 3136 1765 3208 proximi
1815 3127 2046 3191 fervere

381 3227 625 3283 faciunt.
661 3232 728 3282 At
755 3231 962 3282 contra
993 3225 1114 3280 ﬁlia
1143 3225 1302 3290 Saul,
1335 3225 1554 3280 frustra
1575 3224 1917 3281 cubiculum
1948 3242 2036 3281 re-

388 3316 478 3386 gis
509 3317 801 3385 ingressa,
834 3315 1031 3370 nullos
1063 3314 1336 3387 concepti
1365 3314 1610 3370 seminis
1635 3314 1862 3369 fructus
1892 3315 1996 3370 dat
2022 3333 2034 3370 :

381 3403 526 3475 quia
566 3403 821 3458 verbum
879 3403 977 3457 Dei
1029 3409 1351 3458 auretenus
1406 3408 1638 3458 tantum
1680 3403 2035 3476 percipiunt,

383 3492 613 3564 absque
661 3491 802 3545 boni
851 3491 1048 3562 operis
1077 3491 1264 3562 prole,
1291 3490 1452 3546 diem
1501 3497 1802 3563 pe‘petuae
1830 3494 2038 3548 mortis

383 3583 750 3652 exspectant.
783 3580 1076 3634 Caaterum
1104 3578 1315 3634 beatus
1341 3595 1502 3650 papa
1527 3579 1861 3649 Gregorius,
1891 3581 2037 3636 dum

381 3667 456 3723 de
483 3667 740 3724 audacia
776 3665 1148 3721 <ubditorum
1199 3671 1408 3722 contra
1433 3672 1690 3723 rectores
1725 3685 1867 3724 suos
1895 3674 2041 3725 trac-

382 3760 529 3812 taret
574 3755 900 3825 moraliter,
946 3755 1026 3810 ita
1077 3754 1385 3820 loquitur:
1419 3756 1607 3827 Saepe,
1653 3755 1865 3828 inquit,
1897 3758 2040 3829 quia

380 3845 624 3915 intelligi
688 3861 812 3901 non
867 3844 1083 3914 volent,
1134 3844 1529 3900 deterioribus
1584 3844 1903 3917 displicent
1949 3847 2040 3907 vel

381 3935 536 3990 facta
561 3935 653 3990 vel
683 3935 841 3990 dicta
894 3934 1230 4001 meliorum,
1266 3934 1374 3990 sed
1403 3934 1482 3990 ab
1509 3934 1594 3990 eis
1649 3950 1772 3990 non
1824 3941 2039 3992 temere

379 4023 875 4095 reprehendenda
906 4028 1066 4087 sunt,
1088 4024 1234 4094 quia
1277 4023 1730 4096 apprehendere
1755 4025 2040 4081 veraciter

381 4127 773 4182 nequaquam
821 4115 1100 4182 possunt.
1148 4113 1316 4183 Saepe
1365 4111 1593 4184 aliquid
1641 4129 1678 4169 a
1707 4111 2038 4184 majoribus

381 4199 842 4254 dissimulatorie
873 4199 1090 4269 agitur,
1113 4200 1279 4271 quod
1306 4216 1342 4256 a
1373 4200 1708 4257 minoribus
1740 4218 1904 4258 error
1933 4219 2040 4275 pu-

384 4293 573 4353 tatur;
600 4303 758 4359 saepe
788 4287 976 4343 multa
1006 4303 1042 4342 a
1061 4287 1312 4344 fortibus
1342 4289 1644 4360 dicuntur,
1663 4308 1796 4363 quae
1817 4292 2038 4347 idcirco

380 4376 605 4432 inﬁrmi
633 4375 987 4446 dijudicant,
1021 4377 1166 4448 quia
1193 4377 1489 4447 ignorant.
1525 4380 1696 4444 Quod
1743 4380 1895 4436 bene
1927 4380 2035 4435 bo-

380 4465 497 4520 bus
540 4464 985 4520 calcitrantibus
1033 4465 1315 4521 inclinata
1362 4467 1463 4522 illa
1513 4469 1851 4524 testamenti
1895 4485 2037 4525 arca

383 4553 664 4623 signavit,
693 4569 1048 4625 quanquam
1070 4569 1349 4610 casuram
1379 4555 1652 4621 credens,
1676 4558 1899 4612 Levites
1931 4559 2038 4613 eri-

381 4659 520 4714 gere
551 4643 754 4709 voluit,
792 4657 933 4697 mox
964 4644 1320 4698 sententiam
1348 4645 1556 4700 mortis
1608 4647 1856 4717 accepit.
1887 4647 2034 4710 Quid

380 4737 470 4788 est
490 4748 757 4804 namque
789 4747 960 4787 mens
987 4732 1151 4801 justi,
1177 4732 1288 4786 nisi
1318 4748 1460 4788 arca
1490 4734 1866 4789 testamenti?
1897 4737 2037 4800 Quae

380 4826 612 4892 gestata
641 4821 838 4877 bobus
868 4821 1316 4876 calcitrantibus
1346 4821 1688 4884 inclinatur,
1719 4823 1862 4894 quia
1891 4839 2038 4880 non-

379 4926 695 4982 nunquam
723 4910 903 4966 etiam
934 4909 1039 4981 qui
1085 4909 1237 4964 bene
1291 4915 1527 4981 praeest,
1560 4910 1707 4965 dum
1739 4911 2036 4981 subjecto-

378 5014 514 5052 rum
544 4998 911 5070 populorum
941 4998 1295 5054 confusione
1326 4999 1662 5053 concutitur
1689 4999 1766 5054 ad
1797 4999 2036 5071 dispen-

379 5084 626 5140 sationis
657 5085 1248 5152 condescensionem,
1279 5102 1348 5141 ex
1404 5086 1534 5142 sola
1563 5085 1875 5142 dilectione
1902 5105 2036 5160 per-

379 5180 677 5229 movetur.
722 5173 834 5230 Sed
884 5175 998 5229 hoc
1051 5175 1215 5246 quod
1243 5175 1682 5247 dispensatorio
1709 5176 1921 5246 agitur,
1954 5177 2039 5232 in-

378 5261 620 5318 clinatio
663 5261 790 5334 ipse
817 5261 1198 5328 fortitudinis,
1241 5279 1422 5318 casus
1447 5268 1690 5335 putatur
1726 5264 2033 5337 imperitis.

380 5350 544 5406 Unde
573 5355 630 5406 et
662 5350 938 5406 nonnulli
969 5350 1191 5406 subditi
1220 5356 1430 5407 contra
1477 5351 1635 5407 hanc
1666 5369 1916 5410 manum
1945 5371 2036 5411 re-

375 5438 792 5509 prehensionis
816 5438 1077 5506 mittunt,
1101 5439 1207 5494 sed
1237 5455 1274 5494 a
1303 5439 1420 5496 vita
1445 5440 1718 5512 protinus
1747 5442 1880 5514 ipsa
1929 5460 2039 5499 sua

377 5526 706 5582 temeritate
733 5527 1038 5583 deﬁciunt.
1083 5529 1306 5584 Levites
1352 5544 1494 5597 ergo
1541 5531 1715 5601 quasi
1745 5531 2040 5602 adjuvans

383 5628 631 5668 manum
684 5615 966 5681 extendit,
1025 5616 1131 5671 sed
1176 5615 1490 5688 deliquens
1538 5619 1718 5674 vitam
1761 5621 2039 5700 perdidit,

375 5700 522 5773 quia
548 5700 698 5756 dum
726 5701 949 5759 inﬁrmi
978 5704 1214 5778 quique
1238 5703 1482 5762 fortium
1511 5707 1670 5765 facta
1713 5709 2044 5782 corripiunt

2155 463 2336 518 etiam
2385 469 2572 522 sancti
2614 467 2721 522 viri
2770 467 3144 539 quaedamin
3195 465 3333 520 imis
3379 465 3839 522 descendentes

2156 551 2382 622 dicunt,
2413 554 2698 625 quaedam
2728 571 2866 610 vero
2892 571 3132 609 summa
3161 553 3646 626 contemplantes
3683 570 3838 626 pro-

2156 638 2392 697 ferunt:
2426 642 2694 715 dumque
2735 643 2857 698 vim
2885 643 2976 698 vel
3005 641 3537 698 condescensionis
3571 641 3666 698 vel
3695 642 3837 698 alti-

2157 729 2379 785 tudinis
2435 733 2728 790 nesciunt.
2761 732 3045 788 audacter
3103 733 3230 786 hmo
3291 730 3450 786 stulti
3500 732 3839 803 reprehen—

2156 819 2328 875 dunt.
2362 823 2426 875 Et
2453 821 2600 893 quid
2641 827 2732 878 est
2754 825 2987 893 justum
3032 821 3106 876 de
3149 837 3261 876 sua
3309 821 3837 877 condescensione

2156 908 2305 964 velle
2337 911 2650 980 corrigere,
2683 911 2796 967 nisi
2826 911 3174 967 inclinatam
3206 927 3412 966 arcam
3443 911 3712 983 superba
3740 928 3839 966 re-

2155 997 2567 1070 prehensionis
2599 1016 2783 1056 manu
2829 1000 3090 1055 relevare
3109 1000 3137 1054 ‘I
3165 998 3319 1064 Quid
3370 1004 3458 1054 est
3477 999 3720 1069 justum
3750 1000 3836 1054 de

2155 1085 2459 1154 incognita
2510 1088 2810 1145 locutione
2861 1088 3320 1161 reprehendere,
3379 1087 3492 1143 nisi
3539 1094 3836 1144 motuum

2155 1174 2283 1242 ejus
2310 1174 2670 1232 fortitudinis
2693 1177 2908 1233 erroris
2935 1178 3176 1249 lapsum
3199 1177 3448 1248 putare?
3481 1177 3596 1233 Sed
3629 1177 3840 1249 perdit

2155 1257 2336 1317 Vitam
2376 1265 2479 1335 qui
2513 1267 2610 1320 Dei
2638 1265 2864 1321 tumide
2907 1265 3185 1320 sublevat
3213 1281 3224 1319 :
3254 1265 3399 1336 quia
3427 1281 3836 1338 nequaquam

2154 1353 2286 1423 quis
2319 1359 2669 1409 sanctorum
2692 1355 2987 1424 corrigere
3014 1372 3216 1410 arcam
3240 1361 3395 1410 recte
3422 1354 3642 1410 factam
3668 1370 3824 1426 prae-

2155 1449 2435 1504 sumeret,
2465 1442 2580 1496 nisr
2606 1443 2680 1497 de
2713 1460 2776 1498 se
2825 1444 2990 1515 prius
3039 1444 3290 1498 meliora
3319 1443 3619 1498 sensisset.
3653 1442 3836 1498 Unde

2154 1535 2210 1583 et
2242 1530 2460 1585 Levites
2510 1530 2670 1586 idem
2719 1537 2876 1587 recte
2909 1534 3023 1588 Oza
3054 1532 3288 1593 dicitur.
3336 1531 3504 1604 quod
3546 1531 3840 1588 videlicet

2156 1618 2430 1673 robustus
2457 1622 2699 1675 Domini
2721 1620 3141 1692 interpretatur
3171 1639 3184 1687 ;
3216 1619 3362 1693 quia
3420 1625 3835 1692 praesumpto-

2156 1723 2248 1760 res
2276 1709 2499 1778 quique
2544 1709 2760 1764 audaci
2811 1715 3008 1764 mente
3040 1709 3321 1764 robustos
3351 1725 3412 1763 se
3469 1708 3531 1764 in
3565 1709 3835 1764 Domino

2156 1795 2482 1858 crederent,
2520 1812 2910 1868 nequaquam
2959 1796 3276 1852 meliorum
3326 1796 3484 1852 facta
3515 1795 3605 1850 vel
3635 1796 3832 1863 dicta,

2154 1882 2314 1938 velut
2345 1884 2581 1939 inﬁrma
2607 1885 2965 1955 judicarent.
2998 1909 3023 1934 ‹‹
3057 1884 3352 1940 Habitavit
3407 1900 3549 1940 arca
3580 1886 3836 1940 Domini

2152 1970 2213 2024 in
2263 1971 2446 2044 domo
2497 1973 2846 2028 Obededom
2897 1974 3110 2029 Gethaei
3165 1974 3351 2029 tribus
3401 1973 3716 2029 mensibus
3769 1979 3837 2030 et

2151 2058 2452 2115 benedixit
2522 2061 2808 2116 Dominus
2875 2062 3224 2118 Obededom
3302 2068 3360 2118 et
3415 2078 3663 2118 omnem
3709 2062 3832 2118 do-

2158 2164 2323 2202 mum
2357 2136 2506 2218 ejus.
2538 2170 2564 2226 η
2603 2150 2952 2206 Obededom
2981 2152 3255 2207 Gethteus
3285 2151 3420 2206 ideo
3444 2157 3716 2219 vocatur,
3749 2168 3832 2208 eo

2153 2237 2319 2307 quod
2375 2238 2432 2293 in
2484 2239 2632 2305 Jeth,
2666 2245 2835 2311 pater
2877 2240 3007 2310 ejus
3057 2240 3433 2296 habitaverit.
3462 2241 3635 2306 Quod
3674 2257 3829 2298 vero

2153 2326 2540 2396 subjungitur
2565 2345 2576 2382 :
2609 2348 2638 2380 ‹
2669 2329 2971 2384 Benedixit
3000 2345 3139 2384 eum
3174 2329 3461 2386 Dominus
3485 2333 3542 2383 et
3568 2346 3824 2385 omnem

2153 2415 2404 2471 domum
2457 2418 2605 2487 ejus,
2644 2439 2670 2466 »
2719 2419 2800 2473 sic
2846 2417 3119 2473 nonnulli
3169 2418 3418 2488 intelligi
3470 2417 3701 2484 volunt,
3746 2436 3827 2475 eo

2153 2505 2316 2576 quod
2346 2522 2556 2561 omnes
2585 2496 2800 2561 uxores
2831 2508 2962 2578 ejus
2994 2512 3052 2562 et
3097 2507 3470 2573 concubinae,
3503 2512 3561 2562 et
3602 2523 3823 2577 nurus,

2152 2599 2209 2648 et
2254 2594 2503 2664 ancillze,
2539 2596 2842 2651 masculos
2892 2596 3229 2669 pepereriut
3279 2596 3454 2661 ﬁlios,
3494 2611 3734 2652 necnon
3761 2604 3828 2653 et

2152 2697 2372 2753 pecora
2401 2689 2458 2738 et
2477 2684 2906 2756 quadrupedes
2935 2685 3212 2754 geminos
3243 2685 3294 2740 ei
3320 2684 3614 2741 ediderint
3637 2685 3822 2741 fetus.

2153 2773 2372 2828 Deinde
2423 2774 2690 2844 sequitur
2731 2775 2986 2846 qualiter
3045 2775 3231 2830 David
3263 2780 3320 2831 et
3350 2775 3547 2830 omnis
3589 2775 3822 2832 domus

2155 2860 2334 2916 Israel
2374 2861 2435 2916 in
2476 2862 2838 2918 Hierusalem
2889 2863 3258 2919 reduxerunt
3304 2879 3506 2920 aream
3555 2864 3820 2922 Domini.

2155 2955 2423 3023 Cumque
2455 2951 2549 3006 ille
2595 2952 2868 3008 saltasset
2915 2970 3118 3009 coram
3159 2969 3302 3009 arca
3349 2953 3603 3020 Domini,
3637 2959 3694 3009 et
3724 2956 3824 3010 Mi-

2152 3041 2287 3096 chol
2316 3041 2439 3097 tilia
2472 3041 2612 3097 Saul
2660 3043 3028 3115 despexisset
3073 3060 3234 3102 eum.
3267 3048 3324 3098 et
3352 3043 3603 3116 reliqua.
3629 3044 3822 3100 David

2152 3148 2290 3186 cum
2322 3148 2523 3186 arcam
2550 3132 2786 3187 Domini
2818 3133 2877 3187 in
2921 3133 3290 3188 Hierusalem
3338 3131 3700 3200 transferret,
3733 3141 3824 3190 at-

2149 3237 2267 3292 que
2298 3227 2434 3275 ante
2464 3237 2599 3276 eam
2628 3221 2878 3290 luderet,
2908 3239 2943 3277 a
2973 3222 3181 3278 Michol
3232 3223 3375 3287 ﬁlia,
3422 3222 3581 3292 Saul,
3624 3239 3819 3280 uxore

2150 3309 2492 3375 sua,hostili
2520 3310 2792 3364 irrisione
2819 3311 3229 3366 subsannatus
3261 3316 3350 3367 est
3371 3329 3384 3379 ;
3409 3311 3492 3366 sic
3523 3311 3818 3368 nimirum

2152 3399 2442 3454 Dominus
2471 3403 2639 3454 Jesus
2667 3398 2950 3464 Christus,
2985 3416 3123 3455 cum
3150 3403 3595 3456 Testamentum
3622 3402 3725 3456 Dei
3752 3402 3817 3458 in

2151 3488 2474 3542 Ecclesiam
2507 3504 2677 3542 suam
2712 3487 3029 3543 transferre
3057 3487 3263 3555 voluit,
3295 3489 3412 3544 hoc
3441 3495 3550 3556 est,
3582 3506 3655 3545 ex
3704 3491 3819 3546 Ve-

2150 3576 2256 3630 teri
2304 3580 2678 3632 Testamento
2722 3576 3070 3646 evangelica
3115 3585 3432 3650 praecepta,
3491 3579 3656 3634 velut
3706 3581 3817 3651 qui

2149 3681 2309 3719 nova
2352 3665 2654 3731 conderet,
2702 3681 2738 3720 a
2787 3664 2960 3737 plebe
3003 3665 3256 3722 Judaica
3313 3667 3813 3740 comprehensus,

2150 3760 2329 3826 atque
2360 3754 2416 3810 in
2445 3770 2619 3810 cruce
2668 3770 3019 3826 suspensus,
3051 3755 3381 3811 ludibrium
3409 3757 3493 3812 eis
3519 3757 3714 3812 fuerit.
3747 3759 3813 3813 In

2148 3858 2271 3914 qua
2302 3858 2476 3897 cruce
2502 3843 2663 3898 velut
2714 3842 2914 3898 nudus
2943 3843 3029 3898 eis
3075 3845 3375 3916 apparuit,
3404 3846 3552 3901 dum
3599 3855 3813 3917 poten-

2149 3932 2291 3986 tiam
2322 3931 2646 3986 divinitatis
2677 3948 2797 3987 suae
2825 3931 2938 3987 illis
2971 3932 3376 3996 abscondens.
3398 3935 3811 3991 inﬁrmitatem

2148 4023 2380 4073 tantum
2428 4019 2628 4074 carnis
2675 4019 2952 4075 ostendit.
2989 4020 3245 4076 Ancillas
3299 4037 3441 4077 vrro
3495 4038 3810 4078 servorum

2149 4107 2338 4162 David
2363 4107 2438 4162 de
2464 4108 2686 4180 quibus
2712 4108 2764 4163 ei
2794 4108 3002 4164 Michol
3026 4109 3434 4182 improperata
3456 4116 3567 4178 est,
3599 4127 3808 4184 perso-

2149 4211 2292 4250 nam
2326 4201 2588 4265 gestasse
2619 4202 2963 4252 sanctorum
2997 4213 3118 4252 non
3145 4199 3399 4254 dubium
3430 4206 3536 4255 est.
3569 4203 3647 4254 De
3675 4201 3808 4272 qui-

2147 4285 2263 4340 bus
2293 4301 2467 4340 verus
2518 4285 2724 4354 David,
2757 4286 2872 4342 hoc
2925 4291 3014 4342 est
3060 4304 3245 4343 manu
3293 4288 3459 4345 fortis
3492 4289 3806 4359 Dominus,

2151 4381 2286 4446 post
2310 4375 2725 4442 ascensionem
2756 4393 2927 4431 suam
2959 4377 3017 4432 in
3045 4377 3232 4447 caelis,
3263 4394 3369 4450 per
3393 4378 3808 4448 evangelicam

2150 4464 2658 4535 praedicationem,
2713 4480 2820 4536 per
2892 4465 3178 4520 virtutum
3246 4466 3556 4536 miracula,
3615 4472 3672 4522 et
3727 4469 3808 4523 ad

2148 4555 2481 4606 extremum
2534 4567 2640 4623 per
2669 4552 2937 4624 martyrii
2979 4553 3349 4625 triumphum
3383 4553 3692 4622 gloriosior
3722 4555 3808 4610 ef-

2148 4640 2335 4694 fectus
2362 4639 2534 4694 estin
2565 4639 2842 4708 gentibus
2873 4641 3062 4696 multo
3107 4642 3301 4711 magis
3348 4658 3535 4713 quam
3584 4643 3644 4697 in
3672 4658 3821 4714 pas-_

2149 4727 2314 4783 sione
2337 4744 2446 4783 sua
2471 4728 2690 4783 Judteis
2718 4729 2884 4784 visus
2905 4730 3117 4785 fuerat.

2221 4845 2250 4877 ‹
2278 4824 2485 4881 Michol
2510 4841 2631 4880 non
2649 4831 2734 4881 est
2760 4831 2938 4882 natus
2964 4826 3142 4882 ﬁlius.
3164 4849 3192 4877 »
3215 4827 3424 4883 Michol
3453 4828 3514 4883 in
3543 4833 3684 4902 type
3705 4831 3809 4901 Sy-

2144 4931 2398 4984 nagogee
2412 4914 2622 4969 sterilis
2635 4917 2994 4988 permansit:
3010 4932 3147 4972 ecce
3164 4917 3503 4987 allegorice.
3521 4919 3808 4992 Deinceps

2145 5003 2448 5058 moraliter
2475 5003 2690 5059 intueri
2721 5004 2864 5060 libet
2887 5011 3185 5076 quantum
3227 5006 3510 5062 virtutum
3552 5024 3808 5065 munera

2145 5092 2331 5148 David
2348 5098 2718 5165 perceperat:
2736 5095 2994 5165 atquein
3011 5095 3103 5149 his
3133 5095 3417 5150 omnibus
3443 5100 3544 5167 qui
3569 5096 3716 5150 forte
3749 5115 3810 5153 se

2146 5181 2478 5235 humilitate
2497 5181 2789 5236 servabat.
2818 5182 3007 5246 Quem
3025 5182 3184 5237 enim
3204 5198 3326 5238 non
3348 5183 3687 5239 extolleret?
3704 5202 3813 5241 ora

2146 5271 2391 5325 leonum
2421 5268 2717 5338 frangere,
2746 5286 3027 5325 ursorum
3058 5271 3306 5326 brachia
3355 5272 3671 5344 dissipare,
3704 5274 3807 5330 de-

2151 5358 2368 5430 spectis
2389 5358 2688 5430 prioribus
2710 5357 2994 5414 fratribus
3023 5359 3178 5429 eligi,
3198 5361 3519 5432 reprobato
3547 5378 3706 5431 rege,
3731 5363 3807 5418 ad

2149 5446 2318 5515 regni
2347 5445 2757 5515 gubernacula
2779 5447 2941 5516 ungi,
2972 5448 3306 5503 timendum
3328 5450 3556 5504 cunctis
3579 5467 3702 5505 uno
3733 5452 3812 5506 la-

2149 5537 2286 5608 pide
2315 5534 2544 5591 Goliath
2593 5541 2875 5604 sternere,
2903 5553 2939 5593 a
2969 5554 3108 5606 rege
3158 5539 3466 5609 proposita
3511 5540 3815 5595 existimetis

2152 5623 2502 5695 Allophylis,
2536 5639 2858 5680 numerosa
2890 5626 3176 5696 prieputia
3203 5632 3525 5698 reportare,
3562 5628 3819 5697 promis-

2155 5727 2289 5766 sum
2303 5712 2546 5767 tandem
2561 5727 2815 5782 regnum
2834 5715 3160 5786 percipere,
3174 5720 3582 5786 cunctumque
3599 5719 3821 5774 Israeli-
