3940 6414
147 274 243 327 353

1133 271 1390 326 ENARR.
1434 269 1502 326 IN
1543 269 1792 326 LIBROS
1829 267 2091 329 REGUM.
2134 303 2204 315 —-
2243 276 2310 331 IN
2352 275 2479 331 LIB.
2525 274 2589 331 II.

3480 282 3587 335 354·

146 394 322 448 ticum
344 391 642 464 populum
663 391 790 447 sine
814 391 936 448 ulla
953 393 1422 449 contradictione
1438 393 1755 466 possidere
1774 394 1802 448 ?
1829 398 1874 450 A
1917 418 1944 445 ‹‹
1978 395 2126 453 lium
2151 400 2180 454 Ῥ
2211 398 2484 472 Dixitque
2515 399 2746 456 Nathan
2779 399 2854 456 ad
2883 415 3088 470 regem
3121 417 3134 456 :
3195 402 3386 458 Omne
3417 402 3584 474 quod

146 487 284 539 Ecce
317 489 519 538 tamen
543 498 682 536 cum
709 497 915 537 arcam
940 482 1040 537 Dei
1068 483 1126 538 in
1150 482 1516 538 Hierusalem
1538 489 1801 552 revocat,

143 573 315 647 quasi
346 572 569 628 oblitus
595 572 912 645 praelatum
932 589 997 627 se
1021 590 1174 636 esse,
1198 574 1483 628 omnibus
1506 575 1802 629 admistus

143 664 395 738 populis,
431 669 566 720 ante
597 679 803 718 arcam
832 663 1113 719 saltabat.
1148 665 1376 737 thuia
1402 680 1608 720 coram
1665 681 1804 721 arca

143 756 351 812 saltare
383 755 469 825 (ut
499 753 778 824 creditur)
797 754 958 820 vulgi
984 771 1117 809 mos
1152 755 1365 823 fuerat,
1404 771 1506 810 rex
1535 771 1596 810 se
1628 755 1686 810 in
1717 755 1804 810 di-

145 847 274 902 vino
295 845 595 918 obsequio
624 861 734 918 per
755 845 977 900 saltum
1000 850 1171 901 rotat.
1211 848 1354 900 Ecce
1370 862 1553 918 quem
1603 845 1802 901 Domi-

143 953 250 992 nus
280 935 511 991 cunctis
541 934 923 1004 singulariter
944 934 1223 1006 praetulit,
1249 951 1378 989 sese
1407 934 1673 990 subdidit
1693 938 1800 990 Do-

144 1025 323 1093 mino,
357 1028 416 1080 et
436 1023 817 1096 exeequando
848 1023 1133 1087 minimis,
1167 1023 1402 1094 abjecta
1458 1025 1799 1080 exhibendo

143 1117 556 1171 contemnitur.
591 1118 718 1170 Non
747 1119 1012 1186 potestas
1035 1115 1200 1179 regni
1227 1115 1300 1170 ad
1329 1101 1682 1170 memoriam
1708 1133 1796 1171 re-

143 1204 392 1265 ducitur,
428 1218 539 1258 nec
564 1203 976 1274 subiectorum
1008 1203 1198 1259 oculis
1227 1204 1505 1259 saltando
1521 1205 1796 1260 vilescere

142 1292 360 1358 metuit,
395 1308 518 1347 non
553 1308 616 1348 se
645 1292 874 1348 honore
897 1293 1210 1364 praelatum
1235 1295 1462 1348 caeteris
1485 1295 1646 1364 (ante
1665 1295 1795 1362 ejus

142 1398 339 1438 arcam
370 1382 476 1454 qui
501 1381 790 1437 honorem
820 1381 1140 1438 desiderat)
1168 1383 1558 1452 recognoscit.
1582 1386 1795 1439 Coram

144 1474 255 1526 Deo
284 1471 403 1541 egit
431 1469 657 1526 debilia
687 1470 780 1526 vel
809 1476 1096 1538 extrema,
1125 1476 1187 1527 ut
1217 1471 1317 1527 illa
1347 1488 1417 1527 ex
1463 1471 1795 1528 humilitate

144 1559 440 1630 solidaret,
467 1577 606 1633 quae
637 1577 841 1617 coram
869 1561 1220 1616 hominibus
1277 1566 1548 1632 gesserat
1600 1561 1792 1617 fortia.

139 1649 280 1714 Quid
302 1649 376 1704 de
399 1649 534 1720 ejus
556 1649 727 1705 tactis
755 1649 834 1706 ab
865 1649 996 1705 aliis
1026 1651 1316 1706 sentiatur
1344 1650 1558 1720 ignoro
1610 1668 1623 1706 :
1683 1668 1796 1720 ego

1916 507 1943 534 ‹‹
1977 490 2066 540 est
2099 485 2157 540 in
2187 487 2370 542 corde
2393 492 2518 556 tuo,
2539 487 2697 544 vade
2727 487 2846 558 fac,
2879 488 3025 562 quia
3054 489 3347 544 Dominus
3386 494 3584 545 tecum

1915 595 1941 623 «
1975 579 2140 643 est,»
2173 580 2283 631 etc.
2321 579 2439 632 Hoc
2471 577 2634 632 enim
2658 577 2891 633 Nathan
2913 593 2984 632 ex
3018 593 3103 645 se,
3157 593 3281 633 non
3336 594 3410 634 ex
3464 595 3582 634 ser-

1913 678 2094 718 mone
2130 665 2360 720 Domini
2392 665 2572 731 dixit;
2630 671 2686 721 et
2735 666 2872 721 ideo
2893 666 3112 722 erravit
3155 666 3230 721 de
3261 682 3442 722 sensu
3469 684 3582 723 suo

1911 766 2286 821 praesumens
2316 770 2329 808 :
2355 753 2524 825 prius
2551 753 2711 808 enim
2743 753 2931 809 Deum
2951 754 3322 822 interrogare
3345 754 3580 810 debuit.

1912 838 2012 893 Hic
2043 839 2244 912 itaque
2277 841 2746 911 demonstratur,
2770 843 2934 914 quod
2958 842 3200 914 spiritus
3224 843 3576 915 prophetiae,

1910 928 2344 1000 prophetarum
2365 934 2596 985 mentes
2626 945 2750 986 non
2794 947 3036 1003 semper
3065 931 3314 986 irradiat
3368 948 3381 986 :
3435 931 3582 1004 quia

1914 1016 2065 1071 sicut
2088 1017 2163 1071 de
2190 1017 2404 1090 Spiritu
2440 1025 2653 1074 sancto
2686 1021 2975 1092 scriptum
3004 1025 3112 1086 est,
3138 1043 3164 1069 «
3197 1020 3296 1076 ubi
3318 1020 3446 1076 vult
3466 1021 3582 1090 spi-

1913 1111 2008 1161 rat
2035 1107 2235 1163 (Joan.
2266 1108 2369 1178 III].
2404 1131 2432 1156 »
2466 1108 2612 1162 Hinc
2629 1114 2717 1164 est
2743 1108 2924 1165 etiam
2957 1109 3123 1181 quod
3148 1109 3417 1173 Elisaaus,
3440 1127 3578 1166 cum

1915 1195 2156 1250 ﬂentem
2186 1196 2497 1251 mulierem
2528 1204 2814 1266 cerneret,
2870 1214 3243 1270 causamque
3299 1199 3572 1268 nesciret,

1912 1284 1990 1339 ad
2007 1285 2428 1355 prohibentem
2451 1285 2608 1341 hanc
2632 1303 2888 1358 puerum
2905 1287 3046 1342 dicit
3069 1307 3082 1342 :
3111 1310 3137 1337 «
3170 1288 3399 1343 Dimitte
3419 1305 3550 1343 eam
3566 1333 3580 1356 ,

1907 1373 2054 1445 quia
2083 1374 2290 1430 anima
2316 1375 2446 1446 ejus
2477 1375 2539 1430 in
2569 1376 2972 1432 amaritudine
2995 1381 3083 1431 est
3141 1393 3153 1430 :
3204 1381 3260 1431 et
3290 1377 3577 1432 Dominus

1905 1463 2115 1520 celavit
2146 1481 2263 1533 me,
2293 1469 2350 1520 et
2378 1481 2503 1520 non
2530 1465 2823 1521 indicavit
2851 1466 2998 1521 mihi
3060 1467 3170 1536 (IV
3219 1467 3359 1536 Reg.
3416 1469 3514 1536 iv).
3549 1490 3577 1516 »

1905 1553 2074 1618 Quod
2101 1553 2489 1626 omnipotens
2523 1557 2676 1610 Deus
2710 1570 2783 1609 ex
2814 1571 3039 1625 magna
3067 1554 3304 1627 pietatis
3343 1555 3580 1626 dispen-

1907 1642 2135 1698 satione
2185 1642 2469 1716 disponit,
2526 1643 2672 1716 quia
2725 1644 2870 1700 dum
2925 1644 3257 1717 prophetiae
3305 1644 3576 1716 spiritum

142 1737 315 1793 David
342 1738 484 1810 plus
511 1738 829 1794 saltantem
883 1745 1116 1811 stupeo,
1161 1755 1352 1812 quam
1398 1745 1792 1812 pugnantem.
1826 1752 1868 1803 Β
1907 1731 2236 1804 aliquando
2267 1732 2393 1802 dat,
2424 1737 2480 1788 et
2502 1732 2833 1805 aliquando
2860 1733 3176 1797 subtrahit,
3211 1735 3581 1807 prophetau-

139 1827 467 1897 Pugnando
491 1827 717 1900 quippe
740 1828 943 1883 hostes
962 1827 1252 1897 subdidit,
1281 1828 1561 1884 saltando
1593 1834 1794 1885 autem

139 1931 334 1972 coram
362 1916 623 1972 Domino
650 1917 1041 1990 semetipsum
1069 1936 1082 1986 ;
1108 1934 1291 1991 quem
1322 1919 1530 1974 Michol
1563 1918 1702 1975 Saul
1733 1918 1796 1972 ti-

137 2004 229 2072 lia,
260 2005 460 2062 adhuc
487 2021 560 2062 ex
584 2006 798 2062 timore
827 2006 975 2076 regii
1003 2022 1237 2077 generis
1270 2007 1508 2072 insana,
1529 2024 1668 2062 eum
1693 2008 1799 2062 hu-

139 2094 423 2150 miliatum
452 2095 811 2168 despiceret,
833 2096 1041 2151 dicens
1070 2113 1082 2150 :
1109 2119 1137 2146 ‹‹
1155 2098 1349 2162 Quam
1368 2096 1667 2166 gloriosus
1688 2096 1798 2152 fuit

140 2182 304 2240 hodie
329 2200 433 2240 rex
465 2183 668 2251 Israel,
688 2184 1135 2257 discooperiens
1159 2201 1220 2241 se
1249 2191 1386 2241 ante
1412 2185 1660 2240 ancillas
1681 2203 1798 2240 ser-

143 2289 340 2329 vorum
373 2289 654 2338 suorum,
688 2278 745 2329 et
773 2274 1038 2331 nudatus
1064 2279 1171 2340 est,
1204 2277 1379 2347 quasi
1429 2276 1480 2330 si
1536 2274 1798 2330 nudetur

140 2377 286 2417 unus
314 2363 389 2419 de
421 2363 671 2418 scurris.
697 2381 728 2415 ›
758 2362 1036 2418 Protinus
1063 2363 1291 2419 audivit
1315 2381 1328 2418 :
1364 2387 1391 2413 «ι
1425 2366 1574 2419 Ante
1600 2364 1796 2419 Domi-

140 2467 276 2507 num
304 2455 410 2524 qui
436 2452 616 2521 elegit
640 2468 736 2507 me
767 2453 967 2525 potius
1007 2469 1196 2525 quam
1249 2459 1481 2526 patrem
1536 2457 1729 2509 tuum.
1765 2476 1792 2502 ››

142 2546 212 2596 Αο
233 2541 412 2613 paulo
434 2546 580 2614 post
602 2541 683 2596 ait
734 2558 746 2597 :
801 2564 828 2590 ‹‹
859 2545 926 2598 Et
948 2541 1158 2597 ludam
1191 2547 1244 2598 et
1285 2542 1461 2598 vilior
1481 2543 1626 2598 tiam
1655 2542 1794 2615 plus

141 2645 315 2701 quam
345 2630 540 2687 factus
569 2647 727 2702 sum,
757 2647 981 2703 eroque
997 2631 1241 2687 humilis
1268 2632 1329 2687 in
1356 2631 1546 2688 oculis
1565 2632 1737 2687 meis.
1765 2653 1793 2680 »

141 2724 214 2776 Ac
242 2719 287 2775 si
316 2725 520 2794 aperte
546 2719 708 2776 dicat
739 2740 752 2777 :
781 2720 1068 2777 Vilescere
1096 2738 1300 2778 coram
1324 2722 1673 2778 hominibus
1693 2738 1797 2794 ap-

139 2813 285 2880 peto,
313 2810 457 2881 quia
482 2821 726 2865 servare
755 2809 903 2865 mihi
930 2825 1134 2866 coram
1164 2813 1284 2865 Deo
1345 2810 1655 2878 ingenium
1689 2824 1796 2880 per

139 2895 528 2955 humilitatem
561 2915 790 2971 quaero.
827 2901 976 2954 Sunt
1003 2916 1147 2955 vero
1180 2899 1452 2955 nonnulli
1481 2899 1586 2971 qui
1602 2898 1676 2953 de
1702 2914 1794 2953 se-

140 2988 394 3061 metipsis
417 2988 676 3044 humilia
704 2988 986 3056 sentiunt,
1020 2989 1186 3062 quia,
1220 2989 1278 3044 in
1331 2989 1665 3045 honoribus
1694 3003 1797 3060 po-

141 3075 245 3146 siti,
271 3077 414 3133 nihil
445 3094 509 3133 se
533 3093 691 3135 esse.
721 3077 838 3133 nisi
865 3077 1175 3150 pulverem
1223 3077 1614 3149 favillamque
1664 3093 1794 3149 per-
1824 3108 1866 3163 ο

140 3164 435 3236 pendunt;
468 3165 580 3222 sed
606 3171 811 3221 tamen
840 3182 1045 3222 coram
1099 3166 1448 3222 hominibus
1503 3165 1650 3221 viles
1699 3181 1793 3236 ap-

143 3269 334 3325 parere
359 3254 691 3326 ret’ugiunt,
721 3259 779 3310 et
796 3259 1008 3311 contra
1028 3255 1163 3316 hoc,
1226 3256 1391 3328 quod
1423 3255 1498 3310 de
1529 3272 1591 3310 se
1649 3254 1794 3309 inte-

141 3343 253 3398 rius
282 3344 568 3414 cogitant,
591 3343 766 3416 quasi
792 3343 987 3413 rigida
1009 3345 1267 3400 exterius
1293 3349 1604 3400 venustate
1665 3342 1795 3415 pal-

140 3430 361 3489 liantur.
388 3436 452 3489 Et
483 3438 629 3488 sunt
646 3433 942 3499 nonnulli,
975 3433 1081 3505 qui
1103 3433 1250 3489 viles
1275 3433 1458 3489 videri
1485 3432 1562 3489 ah
1607 3433 1799 3488 homi-

141 3520 304 3576 nibus
323 3526 640 3595 appetunt,
671 3527 852 3594 atque
881 3538 1061 3578 omne
1091 3523 1258 3595 quod
1290 3527 1448 3588 sunt,
1484 3538 1550 3586 se
1595 3521 1794 3592 dejec-

142 3613 224 3664 tos
249 3611 614 3679 exhibendo,
647 3616 1042 3667 contemnunt
1069 3629 1082 3678 ;
1117 3613 1223 3667 sed
1251 3617 1456 3668 tamen
1515 3611 1680 3684 apud
1731 3627 1796 3667 se

139 3697 435 3769 introrsus,
470 3701 651 3774 quasi
680 3717 752 3756 ex
802 3701 938 3774 ipso
989 3702 1199 3757 merito
1245 3706 1502 3758 ostensae
1561 3701 1796 3756 vilitatis

141 3787 558 3857 intumescunt,
591 3796 648 3847 et
672 3796 838 3847 tanto
861 3791 1056 3860 magis
1102 3791 1163 3846 in
1209 3792 1388 3847 corde
1442 3791 1580 3847 elati
1634 3795 1793 3857 sunt,

140 3885 352 3951 quanto
377 3881 644 3954 amplius
675 3881 735 3936 in
767 3882 962 3954 specie
986 3871 1303 3937 elationem
1325 3887 1626 3954 premunt.
1653 3884 1795 3946 Quaa

142 3972 377 4041 utraque
404 3971 588 4026 unius
619 3970 894 4026 elationis
922 3970 1102 4038 bella,
1158 3988 1383 4042 magna
1441 3971 1629 4027 David
1690 3971 1795 4026 cir-

144 4059 595 4132 cumscriptione
627 4059 1042 4132 deprehendit,
1080 4061 1232 4116 mira
1287 4062 1500 4117 virtute
1546 4077 1794 4132 supera-

142 4145 235 4213 vit,
255 4148 394 4220 quia
423 4150 592 4204 enim
617 4149 694 4204 de
711 4149 1033 4221 semetipso
1052 4149 1211 4206 intus
1234 4149 1485 4206 humilia
1508 4151 1792 4206 sentiens.

143 4233 416 4294 honorem
443 4239 708 4295 exterius
741 4255 863 4294 non
890 4255 1188 4311 quaerens,
1214 4239 1499 4295 insinuat.
1545 4239 1752 4295 dicens
1780 4255 1792 4292 :

145 4346 168 4372 ιι
202 4327 422 4384 Ludam
443 4334 501 4385 et
537 4328 712 4385 vilior
740 4329 904 4385 tiam.
940 4351 968 4378 »
1025 4331 1092 4385 Et
1140 4329 1285 4402 quia
1341 4346 1448 4402 per
1486 4330 1600 4386 hoc
1630 4329 1796 4401 quod

143 4414 307 4472 vilem
339 4435 400 4475 se
421 4419 686 4475 exterius
716 4419 884 4492 prius
912 4420 1188 4492 praebuit,
1220 4435 1610 4492 nequaquam
1658 4419 1798 4475 inte-

148 4505 258 4561 rius
287 4508 649 4576 intumescit,
678 4510 956 4581 adjungit
988 4527 1001 4565 :
1034 4514 1266 4582 Eroque
1292 4510 1536 4566 humilis
1569 4510 1626 4565 in
1660 4527 1799 4577 ocu-

143 4591 206 4648 lis
232 4598 395 4654 meis.
425 4604 505 4656 Αο
547 4601 602 4654 si
627 4599 831 4656 dicat:
866 4600 1114 4665 Qualem
1147 4617 1242 4655 me
1297 4600 1555 4655 exterius
1604 4599 1799 4672 despi-

145 4683 291 4740 ciens
315 4687 591 4759 exhibeo,
627 4688 805 4745 talem
835 4705 930 4744 me
955 4689 1203 4744 interius
1230 4689 1501 4746 attendo.
1533 4689 1688 4755 Quid
1711 4706 1796 4744 er-

145 4787 212 4841 go
234 4777 412 4832 acturi
445 4785 587 4834 sunt
616 4794 774 4850 quos
805 4779 1080 4834 doctrina
1118 4779 1312 4835 elevat
1344 4779 1370 4833 ‘2
1421 4778 1468 4834 si
1503 4779 1689 4834 David
1722 4795 1794 4835 ex

144 4876 306 4918 carne
339 4881 450 4922 sua
477 4871 800 4922 venturum
836 4867 1296 4939 Redemptorem
1328 4873 1598 4932 noverat,
1631 4869 1682 4939 ej
1696 4885 1792 4923 us-

143 4965 250 5020 que
275 4954 494 5022 gaudia
519 4955 944 5028 prophetando
975 4956 1310 5022 nuntiabat,
1343 4962 1400 5013 et
1448 4963 1672 5027 tamen,
1730 4957 1790 5012 in

146 5043 445 5116 semetipso
471 5045 770 5101 cervicem
800 5045 1020 5111 cordis,
1047 5045 1247 5102 valida
1277 5046 1652 5102 discretionis
1677 5046 1793 5102 cal-

145 5142 203 5182 ce
229 5128 621 5203 deprimebat,
653 5134 860 5190 dicens
893 5152 905 5190 :
933 5155 962 5187 ‹
993 5137 1225 5208 Eroque
1256 5135 1500 5191 humilis
1522 5135 1581 5190 in
1597 5135 1788 5191 oculis

148 5231 298 5274 meis.
332 5243 360 5270 »

765 5333 995 5388 CAPUT
1043 5335 1152 5388 VII.

209 5507 233 5532 τ(
265 5486 508 5547 Factum
540 5495 629 5547 est
655 5495 860 5547 autem
890 5508 1029 5548 cum
1058 5491 1308 5547 sedisset
1341 5507 1444 5546 rex
1493 5490 1553 5546 in
1602 5492 1788 5548 domo

148 5591 171 5614 κ
202 5589 320 5640 sua,
347 5584 401 5633 et
432 5580 722 5636 Dominus
743 5579 1004 5636 dedisset
1060 5580 1113 5636 ei
1170 5581 1462 5653 requiem,
1521 5581 1668 5636 dixit
1708 5581 1787 5637 ad

149 5680 171 5704 α
203 5665 412 5723 Nathan
425 5672 789 5742 prophetam
812 5689 823 5724 :
856 5669 1112 5726 Videsne
1126 5670 1288 5742 quod
1309 5685 1421 5739 ego
1439 5670 1706 5726 habitem
1725 5671 1786 5725 in

148 5769 172 5795 α
201 5748 371 5814 domo
398 5757 666 5830 cedrina,
696 5765 755 5818 et
773 5775 916 5818 arca
935 5761 1037 5817 Dei
1059 5760 1255 5834 posita
1271 5759 1417 5818 sitin
1435 5758 1638 5818 medio
1659 5759 1786 5835 pel-

1907 1821 2054 1876 tium
2079 1827 2310 1877 mentes
2340 1827 2398 1878 et
2421 1821 2616 1878 elevat
2644 1823 2705 1878 in
2737 1823 3109 1891 celsitudine,
3143 1830 3201 1879 et
3223 1823 3484 1879 custodit
3512 1823 3574 1879 in

1904 1910 2273 1967 humilitate:
2298 1917 2361 1967 ut
2389 1912 2750 1985 accipientes
2779 1912 3076 1984 spiritum,
3105 1911 3579 1986 inveniantquid

1904 1999 1980 2054 de
2013 2000 2131 2056 Deo
2162 2000 2296 2065 sint,
2326 2005 2383 2056 et
2408 2017 2650 2056 rursum
2668 2001 2997 2073 prophetiae
3022 2001 3296 2073 spiritum
3321 2017 3444 2056 non
3472 2002 3576 2057 ha-

1902 2089 2134 2154 bentes,
2159 2095 2530 2159 cognoscant
2555 2090 2700 2162 quid
2733 2090 2810 2146 de
2840 2089 3174 2163 semetipsis
3206 2089 3343 2146 sint.
3404 2090 3575 2145 Unde

1905 2178 2200 2250 propheta
2221 2177 2388 2250 quod
2413 2193 2487 2233 ex
2517 2193 2579 2233 se
2609 2177 2770 2245 dixit,
2806 2184 3049 2251 propter
3080 2194 3260 2234 usum
3315 2179 3574 2251 prophe-

1910 2268 2021 2336 tiae,
2055 2273 2111 2323 et
2132 2267 2342 2339 spiritu
2363 2267 2586 2324 dixisse
2611 2267 2912 2324 credebat.
2950 2269 3209 2340 Ideoque
3234 2268 3381 2324 illud
3405 2268 3573 2341 quod

1911 2358 2177 2429 sequitur
2207 2372 2279 2412 ex
2311 2372 2586 2413 sermone
2620 2357 2853 2414 Domini
2880 2356 3046 2413 dixit.

1984 2469 2013 2497 «
2044 2446 2325 2518 Nunquid
2359 2451 2420 2502 tu
2444 2446 2774 2502 aediﬁcabis
2807 2447 2952 2502 mihi
2983 2447 3235 2503 domum
3264 2449 3292 2504 ?
3324 2470 3352 2497 ››
3403 2453 3460 2503 et
3487 2464 3574 2504 re-

1910 2536 2094 2609 liqua.
2124 2541 2204 2591 Ac
2229 2536 2276 2590 si
2307 2535 2565 2592 diceret:
2602 2540 2730 2593 Non
2755 2537 2972 2609 poteris
2990 2537 3286 2593 aediﬁcare
3307 2537 3450 2594 mihi
3471 2537 3575 2593 do-

1911 2643 2101 2692 mum,
2134 2626 2278 2698 quia
2307 2625 2396 2680 vir
2427 2625 2792 2696 sanguinum
2823 2643 2910 2688 es,
2945 2631 3001 2682 et
3027 2626 3282 2682 multum
3333 2627 3573 2698 sangui-

1908 2731 2046 2770 nem
2080 2715 2359 2770 etfudisti.
2397 2715 2536 2770 Inde
2568 2720 2660 2770 est
2688 2714 2856 2788 quod
2881 2716 2942 2770 in
2973 2716 3226 2771 tentorio
3277 2720 3333 2771 et
3378 2715 3574 2772 taber-

1908 2803 2126 2860 naculo
2159 2821 2220 2860 se
2242 2804 2384 2860 dicit
2404 2804 2728 2870 habitasse,
2759 2805 2904 2876 quia
2935 2820 3044 2860 nec
3076 2807 3306 2877 Moyses
3339 2821 3448 2861 nec
3478 2806 3576 2860 Jo-

1905 2911 2010 2950 sue
2038 2899 2365 2967 potuerunt
2392 2894 2691 2950 aediﬁcare
2721 2893 2999 2963 domum,
3022 2894 3168 2967 quia
3199 2894 3308 2950 viri
3330 2894 3571 2964 sangui-

1903 3001 2052 3040 num
2083 2984 2344 3041 fuerunt.
2374 2985 2538 3040 Unde
2565 2990 2623 3040 et
2649 2985 2710 3040 in
2744 2984 3136 3057 sequentibus
3163 2985 3246 3040 ait
3271 3002 3284 3040 :

1976 3098 2004 3125 «
2047 3075 2328 3146 Nunquid
2379 3075 2634 3147 loquens
2685 3074 2920 3130 locutus
2977 3091 3115 3129 sum
3196 3075 3374 3130 alicui
3416 3074 3576 3146 judi-

1907 3164 1934 3215 ἑ(
1974 3166 2028 3222 ci
2075 3165 2150 3222 de
2195 3165 2471 3221 tribubus
2526 3164 2721 3232 Israel,
2782 3165 2874 3220 cui
2932 3165 3189 3237 praecepi
3239 3170 3306 3220 ut
3358 3180 3572 3236 pasce-

1905 3277 1933 3306 ‹‹
1975 3260 2063 3312 ret
2117 3255 2413 3328 populum
2464 3254 2663 3324 Israel,
2720 3254 2971 3309 dicens:
3007 3257 3200 3320 Quare
3254 3269 3376 3310 non
3434 3254 3573 3310 aedi-

1905 3368 1932 3394 ‹‹
1973 3344 2163 3402 ﬁcasti
2235 3344 2379 3400 mihi
2429 3344 2682 3400 domum
2753 3343 3063 3399 cedrinam
3095 3348 3123 3398 ?
3155 3367 3182 3392 ››
3241 3342 3464 3400 ldcirco
3537 3359 3574 3400 a

1903 3434 2070 3490 nullo
2121 3433 2399 3505 judicum
2453 3433 2564 3489 sibi
2622 3433 2902 3488 aedificari
2946 3433 3200 3490 domum
3258 3433 3570 3490 cedrinam

1897 3524 2096 3595 jussit,
2138 3523 2282 3596 quia
2303 3523 2382 3578 ab
2413 3523 2699 3578 omnibus
2733 3528 2940 3578 contra
2983 3523 3185 3577 hostes
3233 3529 3574 3595 pugnatum

1902 3613 2032 3682 fuit,
2061 3620 2118 3669 et
2147 3629 2359 3669 omnes
2390 3614 2680 3669 etfusores
2711 3612 3076 3681 sanguinum
3108 3619 3362 3669 inerunt.
3400 3613 3574 3669 Filius

1899 3707 2103 3759 tamen
2132 3709 2270 3759 tuus
2294 3703 2389 3759 cui
2432 3719 2553 3758 non
2611 3703 2921 3758 instabunt
2975 3702 3132 3758 bella
3181 3703 3464 3770 hostium,
3519 3708 3576 3758 et

1899 3793 2046 3864 quia
2077 3808 2200 3848 non
2229 3793 2336 3848 erit
2364 3791 2455 3847 vir
2487 3791 2877 3861 sanguinum,
2906 3791 3038 3864 ipse
3073 3789 3395 3846 aediﬁcabit
3423 3791 3574 3846 mihi

1901 3883 2155 3938 domum
2185 3899 2198 3936 :
2231 3898 2375 3937 nam
2407 3881 2577 3954 quod
2604 3881 2874 3953 sequitur
2935 3899 2947 3936 :
3001 3904 3027 3928 «
3064 3896 3168 3952 per
3199 3885 3415 3936 cuncta
3437 3880 3573 3937 loca

1901 3987 2038 4043 quae
2067 3971 2310 4028 transivi
2337 3987 2477 4026 cum
2508 3970 2793 4026 omnibus
2809 3968 2944 4024 ﬁliis
2964 3969 3159 4034 Israel,
3179 3989 3208 4018 »
3230 3969 3571 4039 intelligun-

1903 4065 1996 4115 tur
2011 4059 2129 4132 Silo
2159 4066 2216 4115 et
2235 4059 2484 4129 Galgala
2507 4063 2564 4114 et
2587 4058 2806 4126 Nobee,
2857 4062 2914 4114 et
2948 4064 3162 4113 cmtera
3189 4057 3325 4114 loca
3355 4057 3455 4113 ubi
3490 4063 3572 4115 ta-

1903 4149 2300 4205 bernaculum
2332 4154 2390 4204 et
2415 4165 2555 4204 arca
2584 4148 2878 4204 collocata
2905 4149 2996 4204 sit.
3057 4151 3236 4203 Porro
3281 4148 3447 4220 quod
3480 4167 3574 4204 su-

1903 4239 2106 4312 perius
2131 4239 2213 4295 ait
2246 4255 2258 4293 :
2289 4262 2315 4288 «
2349 4238 2630 4311 Nunquid
2664 4244 2725 4294 tu
2758 4238 3085 4294 aediticabis
3133 4238 3279 4294 mihi
3317 4239 3570 4294 domum

1904 4329 1983 4386 ad
2008 4328 2431 4388 habitandum.
2456 4350 2484 4377 »
2503 4334 2638 4390 etc.,
2673 4333 2868 4401 potest
2899 4329 3080 4385 etiam
3097 4329 3273 4386 altius
3299 4329 3569 4399 intelligi.

1906 4420 2300 4492 Omnipotens
2355 4419 2516 4474 enim
2598 4422 2751 4475 Deus
2836 4419 2939 4492 qui
3019 4420 3573 4492 incircumseriptus

1906 4510 2147 4582 spiritus
2197 4515 2305 4577 est,
2355 4510 2414 4566 in
2475 4509 2761 4566 domibus
2813 4509 3175 4566 manufactis
3220 4510 3421 4582 itaque
3450 4526 3571 4566 non

1904 4599 2153 4655 habitat.
2205 4598 2369 4655 Unde
2428 4605 2484 4655 et
2533 4599 2673 4655 dicit
2735 4617 2747 4654 :
2805 4621 2832 4646 ‹‹
2864 4603 3064 4672 Neque
3108 4598 3268 4653 enim
3301 4598 3573 4653 habitavi

1904 4688 1964 4743 in
2017 4689 2224 4754 domo,
2280 4705 2353 4744 ex
2399 4704 2524 4760 qua
2575 4688 2671 4742 die
2692 4687 2873 4743 eduxi
2925 4687 3080 4741 tilios
3137 4684 3312 4741 Israel
3364 4685 3438 4739 de
3467 4691 3576 4740 ter-

1901 4794 1970 4834 ra
2027 4778 2285 4850 Egypti,
2336 4777 2438 4832 sed
2496 4777 2895 4832 ambulaham
2954 4776 3015 4831 in
3071 4773 3460 4831 tabernaculo
3517 4780 3574 4830 et

1904 4867 1965 4922 in
2025 4867 2296 4924 tentorio.
2344 4888 2372 4914 »
2432 4865 2843 4921 'I‘abernacula
2893 4865 3052 4920 enim
3112 4863 3236 4918 sive
3286 4863 3560 4930 tentoria,

1906 4956 2092 5012 corda
2149 4959 2495 5011 sanctorum
2549 4953 2876 5023 ﬁguraliter
2925 4951 3288 5024 exprimunt,
3350 4950 3411 5006 in
3441 4951 3574 5024 qui-

1904 5045 2022 5100 bus
2077 5045 2366 5101 Dominus
2406 5044 2678 5101 habitare
2751 5043 3053 5111 dignatur.
3113 5041 3228 5097 Sed
3284 5041 3433 5115 quid
3480 5048 3572 5100 est

1907 5132 2070 5204 quod
2129 5133 2362 5190 volente
2421 5132 2605 5189 David
2645 5132 2942 5187 tediticare
2998 5131 3310 5204 templum,
3368 5149 3406 5188 a
3459 5133 3572 5188 Do-

1901 5223 2068 5280 mino
2099 5223 2436 5296 prohibitus
2462 5227 2550 5278 est
2577 5223 2605 5277 ?
2626 5221 2740 5277 nisi
2769 5221 2918 5293 quia
2945 5222 3078 5288 hoc,
3107 5221 3410 5294 Scriptura
3425 5237 3572 5293 prae-

1900 5313 2221 5382 ﬁgurante,
2253 5310 2726 5379 demonslratur,
2775 5316 2839 5365 ut
2893 5311 2998 5383 qui
3059 5311 3147 5366 vir
3204 5309 3574 5378 sanguinum

1899 5406 2008 5472 est,
2038 5401 2153 5456 hoc
2185 5405 2274 5456 est
2294 5400 2397 5473 qui
2427 5400 2628 5456 adhuc
2661 5399 3009 5456 carnalibus
3037 5398 3272 5455 actibus
3301 5398 3574 5467 incubat,

1900 5488 2193 5561 templum
2247 5493 2385 5554 Deo,
2448 5493 2724 5544 sanctam
2784 5487 3005 5543 scilicet
3060 5487 3403 5555 Ecclesiam,
3468 5503 3575 5560 per

1899 5577 2343 5652 praedicationis
2370 5575 2636 5633 ofﬁcium
2669 5582 3012 5634 construere
3044 5592 3168 5633 non
3191 5581 3194 5584 ’
3217 5575 3418 5647 debet,
3467 5593 3572 5633 seu

1899 5669 2081 5725 ctiam
2113 5668 2415 5725 moraliter
2454 5668 2740 5733 innuitur,
2773 5667 2938 5740 quod
2972 5667 3240 5724 mundus
3273 5667 3332 5723 in
3359 5683 3422 5723 se
3480 5684 3573 5723 es-

1900 5776 1963 5816 se
1989 5775 2027 5817 a
2058 5759 2212 5816 vitiis
2240 5759 2438 5827 debet,
2471 5757 2577 5832 qui
2610 5763 2780 5816 curat
2823 5756 3023 5816 aliena
3079 5757 3377 5830 corrigam
3439 5775 3452 5813 :
3509 5757 3572 5814 in
