  <div class='ocr_page' id='page_1' title='image "/cluster/home/n/w/nwhite01/storage/ocr_20150623/115-116/uc1.31175006916467/185.png"; bbox 0 0 3940 6406; ppageno 0'>
   <div class='ocr_carea' id='block_1_1' title="bbox 349 291 453 348">
    <p class='ocr_par' dir='ltr' id='par_1_1' title="bbox 349 291 453 348">
     <span class='ocr_line' id='line_1_1' title="bbox 349 291 453 348; baseline -0.029 0"><span class='ocrx_word' id='word_1_1' title='bbox 349 291 453 348; x_wconf 65' lang='grc' dir='ltr'>πε</span> 
     </span>
    </p>
   </div>
   <div class='ocr_carea' id='block_1_2' title="bbox 1440 259 2669 328">
    <p class='ocr_par' dir='ltr' id='par_1_2' title="bbox 1440 259 2669 328">
     <span class='ocr_line' id='line_1_2' title="bbox 1440 259 2669 328; baseline -0.007 1"><span class='ocrx_word' id='word_1_2' title='bbox 1440 268 1795 328; x_wconf 74' lang='lat' dir='ltr'>ANGELOMI</span> <span class='ocrx_word' id='word_1_3' title='bbox 1833 259 2296 323; x_wconf 72' lang='lat' dir='ltr'>LUXOVIENSIS</span> <span class='ocrx_word' id='word_1_4' title='bbox 2332 264 2669 321; x_wconf 67' lang='lat' dir='ltr'>HONACHI.</span> 
     </span>
    </p>
   </div>
   <div class='ocr_carea' id='block_1_3' title="bbox 3669 263 3780 321">
    <p class='ocr_par' dir='ltr' id='par_1_3' title="bbox 3669 263 3780 321">
     <span class='ocr_line' id='line_1_3' title="bbox 3669 263 3780 321; baseline 0.027 -3"><span class='ocrx_word' id='word_1_5' title='bbox 3669 263 3780 321; x_wconf 66' lang='lat'>350</span> 
     </span>
    </p>
   </div>
   <div class='ocr_carea' id='block_1_4' title="bbox 352 386 3780 476">
    <p class='ocr_par' dir='ltr' id='par_1_4' title="bbox 352 386 3780 476">
     <span class='ocr_line' id='line_1_4' title="bbox 352 386 3780 476; baseline -0.009 -5"><span class='ocrx_word' id='word_1_6' title='bbox 352 419 588 470; x_wconf 85' lang='lat' dir='ltr'>terrena</span> <span class='ocrx_word' id='word_1_7' title='bbox 607 423 730 467; x_wconf 90' lang='lat' dir='ltr'>non</span> <span class='ocrx_word' id='word_1_8' title='bbox 755 406 990 476; x_wconf 86' lang='lat' dir='ltr'>cogitet,</span> <span class='ocrx_word' id='word_1_9' title='bbox 1022 407 1086 458; x_wconf 91' lang='lat' dir='ltr'>ut</span> <span class='ocrx_word' id='word_1_10' title='bbox 1109 399 1422 456; x_wconf 77' lang='lat' dir='ltr'>desideriis</span> <span class='ocrx_word' id='word_1_11' title='bbox 1451 395 1676 452; x_wconf 79' lang='lat' dir='ltr'>inﬁmis</span> <span class='ocrx_word' id='word_1_12' title='bbox 1705 405 1830 447; x_wconf 86' lang='lat' dir='ltr'>non</span> <span class='ocrx_word' id='word_1_13' title='bbox 1877 401 2010 476; x_wconf 87' lang='lat' dir='ltr'>suc-</span> <span class='ocrx_word' id='word_1_14' title='bbox 2033 408 2083 462; x_wconf 74' lang='grc' dir='ltr'><strong>Α</strong></span> <span class='ocrx_word' id='word_1_15' title='bbox 2115 407 2144 436; x_wconf 90' lang='grc'>‹‹</span> <span class='ocrx_word' id='word_1_16' title='bbox 2185 391 2241 442; x_wconf 90' lang='lat' dir='ltr'>et</span> <span class='ocrx_word' id='word_1_17' title='bbox 2263 387 2623 445; x_wconf 81' lang='lat' dir='ltr'>inhabitabit</span> <span class='ocrx_word' id='word_1_18' title='bbox 2651 404 2944 450; x_wconf 79' lang='lat' dir='ltr'>seorsum,</span> <span class='ocrx_word' id='word_1_19' title='bbox 2971 392 3030 444; x_wconf 88' lang='lat' dir='ltr'>et</span> <span class='ocrx_word' id='word_1_20' title='bbox 3082 403 3204 443; x_wconf 86' lang='lat' dir='ltr'>non</span> <span class='ocrx_word' id='word_1_21' title='bbox 3231 387 3340 442; x_wconf 84' lang='lat' dir='ltr'>erit</span> <span class='ocrx_word' id='word_1_22' title='bbox 3364 386 3652 442; x_wconf 81' lang='lat' dir='ltr'>sollicitus</span> <span class='ocrx_word' id='word_1_23' title='bbox 3685 386 3780 442; x_wconf 84' lang='lat' dir='ltr'>ul-</span> 
     </span>
    </p>
   </div>
   <div class='ocr_carea' id='block_1_5' title="bbox 351 475 1998 572">
    <p class='ocr_par' dir='ltr' id='par_1_5' title="bbox 351 475 1998 572">
     <span class='ocr_line' id='line_1_5' title="bbox 351 475 1998 572; baseline -0.02 -9"><span class='ocrx_word' id='word_1_24' title='bbox 351 504 615 569; x_wconf 88' lang='lat' dir='ltr'>cumbat,</span> <span class='ocrx_word' id='word_1_25' title='bbox 647 505 942 572; x_wconf 83' lang='lat' dir='ltr'>quatenus</span> <span class='ocrx_word' id='word_1_26' title='bbox 957 497 1122 550; x_wconf 86' lang='lat' dir='ltr'>tanto</span> <span class='ocrx_word' id='word_1_27' title='bbox 1139 487 1544 563; x_wconf 86' lang='lat' dir='ltr'>perspicacius</span> <span class='ocrx_word' id='word_1_28' title='bbox 1565 484 1692 540; x_wconf 88' lang='lat' dir='ltr'>aliis</span> <span class='ocrx_word' id='word_1_29' title='bbox 1713 475 1998 572; x_wconf 82' lang='lat' dir='ltr'>fugienda</span> 
     </span>
    </p>
   </div>
   <div class='ocr_carea' id='block_1_6' title="bbox 351 567 2003 669">
    <p class='ocr_par' dir='ltr' id='par_1_6' title="bbox 351 567 2003 669">
     <span class='ocr_line' id='line_1_6' title="bbox 351 567 2003 669; baseline -0.021 -17"><span class='ocrx_word' id='word_1_30' title='bbox 351 567 699 669; x_wconf 64' lang='lat' dir='ltr'>praevideat,</span> <span class='ocrx_word' id='word_1_31' title='bbox 721 589 948 660; x_wconf 87' lang='lat' dir='ltr'>quanto</span> <span class='ocrx_word' id='word_1_32' title='bbox 979 583 1106 638; x_wconf 60' lang='lat' dir='ltr'>haec</span> <span class='ocrx_word' id='word_1_33' title='bbox 1137 580 1263 652; x_wconf 82' lang='lat' dir='ltr'>ipse</span> <span class='ocrx_word' id='word_1_34' title='bbox 1293 593 1400 650; x_wconf 85' lang='lat' dir='ltr'>per</span> <span class='ocrx_word' id='word_1_35' title='bbox 1420 573 1728 631; x_wconf 75' lang='lat' dir='ltr'>scientiam</span> <span class='ocrx_word' id='word_1_36' title='bbox 1747 574 1803 624; x_wconf 89' lang='lat' dir='ltr'>et</span> <span class='ocrx_word' id='word_1_37' title='bbox 1819 567 2003 663; x_wconf 81' lang='lat' dir='ltr'>vitam</span> 
     </span>
    </p>
   </div>
   <div class='ocr_carea' id='block_1_7' title="bbox 351 653 2003 742">
    <p class='ocr_par' dir='ltr' id='par_1_7' title="bbox 351 653 2003 742">
     <span class='ocr_line' id='line_1_7' title="bbox 351 653 2003 742; baseline -0.019 -2"><span class='ocrx_word' id='word_1_38' title='bbox 351 653 546 740; x_wconf 67' lang='lat' dir='ltr'>verius</span> <span class='ocrx_word' id='word_1_39' title='bbox 595 653 872 734; x_wconf 63' lang='lat' dir='ltr'>declinat.</span> <span class='ocrx_word' id='word_1_40' title='bbox 932 675 1326 742; x_wconf 77' lang='lat' dir='ltr'>Nequaquam</span> <span class='ocrx_word' id='word_1_41' title='bbox 1385 680 1534 737; x_wconf 88' lang='lat' dir='ltr'>pure</span> <span class='ocrx_word' id='word_1_42' title='bbox 1585 658 1890 716; x_wconf 81' lang='lat' dir='ltr'>maculam</span> <span class='ocrx_word' id='word_1_43' title='bbox 1943 653 2003 708; x_wconf 89' lang='lat' dir='ltr'>in</span> 
     </span>
    </p>
   </div>
   <div class='ocr_carea' id='block_1_8' title="bbox 353 743 2006 830">
    <p class='ocr_par' dir='ltr' id='par_1_8' title="bbox 353 743 2006 830">
     <span class='ocr_line' id='line_1_8' title="bbox 353 743 2006 830; baseline -0.019 -1"><span class='ocrx_word' id='word_1_44' title='bbox 353 769 626 830; x_wconf 88' lang='lat' dir='ltr'>membro</span> <span class='ocrx_word' id='word_1_45' title='bbox 655 743 990 822; x_wconf 66' lang='lat' dir='ltr'>considerat</span> <span class='ocrx_word' id='word_1_46' title='bbox 1015 758 1250 826; x_wconf 86' lang='lat' dir='ltr'>oculus,</span> <span class='ocrx_word' id='word_1_47' title='bbox 1268 771 1451 828; x_wconf 85' lang='lat' dir='ltr'>quem</span> <span class='ocrx_word' id='word_1_48' title='bbox 1486 750 1680 825; x_wconf 81' lang='lat' dir='ltr'>pulvis</span> <span class='ocrx_word' id='word_1_49' title='bbox 1699 749 1927 818; x_wconf 77' lang='lat' dir='ltr'>gravat,</span> <span class='ocrx_word' id='word_1_50' title='bbox 1951 747 2006 798; x_wconf 91' lang='lat' dir='ltr'>et</span> 
     </span>
    </p>
   </div>
   <div class='ocr_carea' id='block_1_9' title="bbox 353 843 2005 935">
    <p class='ocr_par' dir='ltr' id='par_1_9' title="bbox 353 843 2005 935">
     <span class='ocr_line' id='line_1_9' title="bbox 353 843 2005 935; baseline -0.02 -16"><span class='ocrx_word' id='word_1_51' title='bbox 353 860 713 935; x_wconf 84' lang='lat' dir='ltr'>superjcctas</span> <span class='ocrx_word' id='word_1_52' title='bbox 742 853 947 909; x_wconf 79' lang='lat' dir='ltr'>sordes</span> <span class='ocrx_word' id='word_1_53' title='bbox 970 857 1193 918; x_wconf 84' lang='lat' dir='ltr'>tergere</span> <span class='ocrx_word' id='word_1_54' title='bbox 1226 861 1346 901; x_wconf 89' lang='lat' dir='ltr'>non</span> <span class='ocrx_word' id='word_1_55' title='bbox 1377 843 1578 899; x_wconf 85' lang='lat' dir='ltr'>valent</span> <span class='ocrx_word' id='word_1_56' title='bbox 1605 853 1845 906; x_wconf 86' lang='lat' dir='ltr'>manus,</span> <span class='ocrx_word' id='word_1_57' title='bbox 1868 849 2005 906; x_wconf 70' lang='lat' dir='ltr'>qua:</span> 
     </span>
    </p>
   </div>
   <div class='ocr_carea' id='block_1_10' title="bbox 351 923 2006 1008">
    <p class='ocr_par' dir='ltr' id='par_1_10' title="bbox 351 923 2006 1008">
     <span class='ocr_line' id='line_1_10' title="bbox 351 923 2006 1008; baseline -0.02 0"><span class='ocrx_word' id='word_1_58' title='bbox 351 923 546 1008; x_wconf 68' lang='lat' dir='ltr'>lutum</span> <span class='ocrx_word' id='word_1_59' title='bbox 563 949 781 1003; x_wconf 87' lang='lat' dir='ltr'>tenent.</span> <span class='ocrx_word' id='word_1_60' title='bbox 817 940 983 998; x_wconf 82' lang='lat' dir='ltr'>Unde</span> <span class='ocrx_word' id='word_1_61' title='bbox 1011 943 1069 994; x_wconf 87' lang='lat' dir='ltr'>et</span> <span class='ocrx_word' id='word_1_62' title='bbox 1101 935 1304 1002; x_wconf 81' lang='lat' dir='ltr'>David,</span> <span class='ocrx_word' id='word_1_63' title='bbox 1347 933 1450 1006; x_wconf 84' lang='lat' dir='ltr'>qui</span> <span class='ocrx_word' id='word_1_64' title='bbox 1500 931 1671 1002; x_wconf 81' lang='lat' dir='ltr'>juxta</span> <span class='ocrx_word' id='word_1_65' title='bbox 1712 923 2006 982; x_wconf 78' lang='lat' dir='ltr'>exteriora</span> 
     </span>
    </p>
   </div>
   <div class='ocr_carea' id='block_1_11' title="bbox 350 1029 1134 1097">
    <p class='ocr_par' dir='ltr' id='par_1_11' title="bbox 350 1029 1134 1097">
     <span class='ocr_line' id='line_1_11' title="bbox 350 1029 1134 1097; baseline -0.022 0"><span class='ocrx_word' id='word_1_66' title='bbox 350 1039 506 1097; x_wconf 91' lang='lat' dir='ltr'>bella</span> <span class='ocrx_word' id='word_1_67' title='bbox 534 1032 844 1097; x_wconf 82' lang='lat' dir='ltr'>laboravit,</span> <span class='ocrx_word' id='word_1_68' title='bbox 873 1029 1088 1084; x_wconf 84' lang='lat' dir='ltr'>dicitur</span> <span class='ocrx_word' id='word_1_69' title='bbox 1121 1042 1134 1080; x_wconf 91' lang='lat'><strong>:</strong></span> 
     </span>
    </p>
   </div>
   <div class='ocr_carea' id='block_1_12' title="bbox 423 1103 2008 1184">
    <p class='ocr_par' dir='ltr' id='par_1_12' title="bbox 423 1103 2008 1184">
     <span class='ocr_line' id='line_1_12' title="bbox 423 1103 2008 1184; baseline -0.02 1"><span class='ocrx_word' id='word_1_70' title='bbox 423 1151 450 1178; x_wconf 88' lang='grc'>‹‹</span> <span class='ocrx_word' id='word_1_71' title='bbox 494 1131 621 1184; x_wconf 85' lang='lat' dir='ltr'>Non</span> <span class='ocrx_word' id='word_1_72' title='bbox 653 1129 717 1180; x_wconf 89' lang='lat' dir='ltr'>tu</span> <span class='ocrx_word' id='word_1_73' title='bbox 738 1117 1066 1177; x_wconf 83' lang='lat' dir='ltr'>eediﬁcabis</span> <span class='ocrx_word' id='word_1_74' title='bbox 1095 1113 1241 1170; x_wconf 88' lang='lat' dir='ltr'>mihi</span> <span class='ocrx_word' id='word_1_75' title='bbox 1269 1112 1544 1174; x_wconf 88' lang='lat' dir='ltr'>domum,</span> <span class='ocrx_word' id='word_1_76' title='bbox 1575 1105 1720 1178; x_wconf 87' lang='lat' dir='ltr'>quia</span> <span class='ocrx_word' id='word_1_77' title='bbox 1738 1103 1826 1158; x_wconf 88' lang='lat' dir='ltr'>vir</span> <span class='ocrx_word' id='word_1_78' title='bbox 1873 1115 2008 1156; x_wconf 53' lang='lat' dir='ltr'>san.</span> 
     </span>
    </p>
   </div>
   <div class='ocr_carea' id='block_1_13' title="bbox 353 1189 2006 1287">
    <p class='ocr_par' dir='ltr' id='par_1_13' title="bbox 353 1189 2006 1287">
     <span class='ocr_line' id='line_1_13' title="bbox 353 1189 2006 1287; baseline -0.019 -13"><span class='ocrx_word' id='word_1_79' title='bbox 353 1243 383 1272; x_wconf 81' lang='lat'><strong>«</strong></span> <span class='ocrx_word' id='word_1_80' title='bbox 423 1217 674 1287; x_wconf 85' lang='lat' dir='ltr'>guinum</span> <span class='ocrx_word' id='word_1_81' title='bbox 705 1229 792 1268; x_wconf 86' lang='lat' dir='ltr'>es.</span> <span class='ocrx_word' id='word_1_82' title='bbox 827 1231 855 1258; x_wconf 81' lang='lat'>»</span> <span class='ocrx_word' id='word_1_83' title='bbox 907 1207 1007 1264; x_wconf 86' lang='lat' dir='ltr'>Dei</span> <span class='ocrx_word' id='word_1_84' title='bbox 1035 1203 1331 1275; x_wconf 82' lang='lat' dir='ltr'>templum</span> <span class='ocrx_word' id='word_1_85' title='bbox 1361 1198 1632 1262; x_wconf 76' lang='lat' dir='ltr'>aediﬁcat,</span> <span class='ocrx_word' id='word_1_86' title='bbox 1665 1193 1770 1266; x_wconf 89' lang='lat' dir='ltr'>qui</span> <span class='ocrx_word' id='word_1_87' title='bbox 1823 1189 2006 1246; x_wconf 87' lang='lat' dir='ltr'>corri-</span> 
     </span>
    </p>
   </div>
   <div class='ocr_carea' id='block_1_14' title="bbox 352 1278 2006 1380">
    <p class='ocr_par' dir='ltr' id='par_1_14' title="bbox 352 1278 2006 1380">
     <span class='ocr_line' id='line_1_14' title="bbox 352 1278 2006 1380; baseline -0.019 -15"><span class='ocrx_word' id='word_1_88' title='bbox 352 1306 562 1380; x_wconf 88' lang='lat' dir='ltr'>gendis</span> <span class='ocrx_word' id='word_1_89' title='bbox 591 1299 874 1360; x_wconf 83' lang='lat' dir='ltr'>institutis</span> <span class='ocrx_word' id='word_1_90' title='bbox 906 1293 1318 1368; x_wconf 82' lang='lat' dir='ltr'>proximorum</span> <span class='ocrx_word' id='word_1_91' title='bbox 1351 1286 1652 1344; x_wconf 87' lang='lat' dir='ltr'>mentibus</span> <span class='ocrx_word' id='word_1_92' title='bbox 1677 1285 1865 1338; x_wconf 83' lang='lat' dir='ltr'>vacat.</span> <span class='ocrx_word' id='word_1_93' title='bbox 1893 1278 2006 1336; x_wconf 91' lang='lat' dir='ltr'>Sed</span> 
     </span>
    </p>
   </div>
   <div class='ocr_carea' id='block_1_15' title="bbox 350 1371 2002 1463">
    <p class='ocr_par' dir='ltr' id='par_1_15' title="bbox 350 1371 2002 1463">
     <span class='ocr_line' id='line_1_15' title="bbox 350 1371 2002 1463; baseline -0.02 -9"><span class='ocrx_word' id='word_1_94' title='bbox 350 1371 441 1454; x_wconf 69' lang='lat' dir='ltr'>vir</span> <span class='ocrx_word' id='word_1_95' title='bbox 469 1391 837 1463; x_wconf 88' lang='lat' dir='ltr'>sanguinum</span> <span class='ocrx_word' id='word_1_96' title='bbox 856 1383 1150 1456; x_wconf 87' lang='lat' dir='ltr'>templum</span> <span class='ocrx_word' id='word_1_97' title='bbox 1178 1379 1276 1435; x_wconf 88' lang='lat' dir='ltr'>Dei</span> <span class='ocrx_word' id='word_1_98' title='bbox 1306 1377 1604 1434; x_wconf 73' lang='lat' dir='ltr'>aediﬁcare</span> <span class='ocrx_word' id='word_1_99' title='bbox 1635 1371 2002 1444; x_wconf 82' lang='lat' dir='ltr'>prohibetur,</span> 
     </span>
    </p>
   </div>
   <div class='ocr_carea' id='block_1_16' title="bbox 351 1462 2008 1558">
    <p class='ocr_par' dir='ltr' id='par_1_16' title="bbox 351 1462 2008 1558">
     <span class='ocr_line' id='line_1_16' title="bbox 351 1462 2008 1558; baseline -0.019 -16"><span class='ocrx_word' id='word_1_100' title='bbox 351 1485 496 1558; x_wconf 88' lang='lat' dir='ltr'>quia</span> <span class='ocrx_word' id='word_1_101' title='bbox 521 1462 627 1554; x_wconf 91' lang='lat' dir='ltr'>qui</span> <span class='ocrx_word' id='word_1_102' title='bbox 652 1478 850 1535; x_wconf 88' lang='lat' dir='ltr'>adhuc</span> <span class='ocrx_word' id='word_1_103' title='bbox 866 1472 1098 1532; x_wconf 82' lang='lat' dir='ltr'>actibus</span> <span class='ocrx_word' id='word_1_104' title='bbox 1123 1466 1461 1526; x_wconf 82' lang='lat' dir='ltr'>carnalibus</span> <span class='ocrx_word' id='word_1_105' title='bbox 1479 1462 1742 1530; x_wconf 82' lang='lat' dir='ltr'>incubat,</span> <span class='ocrx_word' id='word_1_106' title='bbox 1764 1473 2008 1515; x_wconf 87' lang='lat' dir='ltr'>necesse</span> 
     </span>
    </p>
   </div>
   <div class='ocr_carea' id='block_1_17' title="bbox 353 1552 2008 1634">
    <p class='ocr_par' dir='ltr' id='par_1_17' title="bbox 353 1552 2008 1634">
     <span class='ocr_line' id='line_1_17' title="bbox 353 1552 2008 1634; baseline -0.017 -5"><span class='ocrx_word' id='word_1_107' title='bbox 353 1552 442 1630; x_wconf 74' lang='lat' dir='ltr'>est</span> <span class='ocrx_word' id='word_1_108' title='bbox 468 1552 866 1627; x_wconf 53' lang='lat' dir='ltr'>tit—instituere</span> <span class='ocrx_word' id='word_1_109' title='bbox 923 1559 1260 1634; x_wconf 84' lang='lat' dir='ltr'>spiritaliter</span> <span class='ocrx_word' id='word_1_110' title='bbox 1317 1555 1730 1630; x_wconf 76' lang='lat' dir='ltr'>proximorum</span> <span class='ocrx_word' id='word_1_111' title='bbox 1778 1552 2008 1604; x_wconf 86' lang='lat' dir='ltr'>mentes</span> 
     </span>
    </p>
   </div>
   <div class='ocr_carea' id='block_1_18' title="bbox 353 1636 2006 1724">
    <p class='ocr_par' dir='ltr' id='par_1_18' title="bbox 353 1636 2006 1724">
     <span class='ocr_line' id='line_1_18' title="bbox 353 1636 2006 1724; baseline -0.017 -6"><span class='ocrx_word' id='word_1_112' title='bbox 353 1661 692 1718; x_wconf 85' lang='lat' dir='ltr'>erubescat.</span> <span class='ocrx_word' id='word_1_113' title='bbox 723 1677 752 1706; x_wconf 88' lang='lat'><strong>«</strong></span> <span class='ocrx_word' id='word_1_114' title='bbox 773 1653 1028 1724; x_wconf 89' lang='lat' dir='ltr'>Fecique</span> <span class='ocrx_word' id='word_1_115' title='bbox 1050 1649 1153 1706; x_wconf 88' lang='lat' dir='ltr'>tibi</span> <span class='ocrx_word' id='word_1_116' title='bbox 1182 1661 1404 1704; x_wconf 87' lang='lat' dir='ltr'>nomen</span> <span class='ocrx_word' id='word_1_117' title='bbox 1437 1642 1685 1714; x_wconf 88' lang='lat' dir='ltr'>grande.</span> <span class='ocrx_word' id='word_1_118' title='bbox 1720 1661 1748 1690; x_wconf 88' lang='grc'><strong>››</strong></span> <span class='ocrx_word' id='word_1_119' title='bbox 1782 1636 2006 1694; x_wconf 83' lang='lat' dir='ltr'>.Videli-</span> 
     </span>
    </p>
   </div>
   <div class='ocr_carea' id='block_1_19' title="bbox 355 1727 2006 1808">
    <p class='ocr_par' dir='ltr' id='par_1_19' title="bbox 355 1727 2006 1808">
     <span class='ocr_line' id='line_1_19' title="bbox 355 1727 2006 1808; baseline -0.017 0"><span class='ocrx_word' id='word_1_120' title='bbox 355 1753 448 1808; x_wconf 90' lang='lat' dir='ltr'>cet</span> <span class='ocrx_word' id='word_1_121' title='bbox 475 1753 540 1805; x_wconf 89' lang='lat' dir='ltr'>ut</span> <span class='ocrx_word' id='word_1_122' title='bbox 562 1747 794 1804; x_wconf 88' lang='lat' dir='ltr'>dicatur</span> <span class='ocrx_word' id='word_1_123' title='bbox 815 1745 970 1798; x_wconf 89' lang='lat' dir='ltr'>Deus</span> <span class='ocrx_word' id='word_1_124' title='bbox 1005 1736 1210 1800; x_wconf 87' lang='lat' dir='ltr'>David,</span> <span class='ocrx_word' id='word_1_125' title='bbox 1253 1736 1406 1790; x_wconf 86' lang='lat' dir='ltr'>sicut</span> <span class='ocrx_word' id='word_1_126' title='bbox 1459 1731 1788 1799; x_wconf 88' lang='lat' dir='ltr'>Abraham,</span> <span class='ocrx_word' id='word_1_127' title='bbox 1841 1727 2006 1782; x_wconf 89' lang='lat' dir='ltr'>Isaac</span> 
     </span>
    </p>
   </div>
   <div class='ocr_carea' id='block_1_20' title="bbox 355 1815 2004 1901">
    <p class='ocr_par' dir='ltr' id='par_1_20' title="bbox 355 1815 2004 1901">
     <span class='ocr_line' id='line_1_20' title="bbox 355 1815 2004 1901; baseline -0.018 -4"><span class='ocrx_word' id='word_1_128' title='bbox 355 1844 412 1898; x_wconf 90' lang='lat' dir='ltr'>et</span> <span class='ocrx_word' id='word_1_129' title='bbox 430 1837 614 1896; x_wconf 86' lang='lat' dir='ltr'>Iacob</span> <span class='ocrx_word' id='word_1_130' title='bbox 642 1855 654 1893; x_wconf 89' lang='lat'>:</span> <span class='ocrx_word' id='word_1_131' title='bbox 689 1836 842 1890; x_wconf 88' lang='lat' dir='ltr'>sicut</span> <span class='ocrx_word' id='word_1_132' title='bbox 870 1831 978 1887; x_wconf 88' lang='lat' dir='ltr'>feci</span> <span class='ocrx_word' id='word_1_133' title='bbox 1008 1827 1190 1901; x_wconf 84' lang='lat' dir='ltr'>Moysi</span> <span class='ocrx_word' id='word_1_134' title='bbox 1219 1830 1274 1882; x_wconf 92' lang='lat' dir='ltr'>et</span> <span class='ocrx_word' id='word_1_135' title='bbox 1292 1827 1496 1892; x_wconf 86' lang='lat' dir='ltr'>Josue,</span> <span class='ocrx_word' id='word_1_136' title='bbox 1528 1833 1788 1894; x_wconf 90' lang='lat' dir='ltr'>quorum</span> <span class='ocrx_word' id='word_1_137' title='bbox 1811 1815 2004 1871; x_wconf 92' lang='lat' dir='ltr'>nomi-</span> 
     </span>
    </p>
   </div>
   <div class='ocr_carea' id='block_1_21' title="bbox 353 1907 2006 1986">
    <p class='ocr_par' dir='ltr' id='par_1_21' title="bbox 353 1907 2006 1986">
     <span class='ocr_line' id='line_1_21' title="bbox 353 1907 2006 1986; baseline -0.018 1"><span class='ocrx_word' id='word_1_138' title='bbox 353 1943 436 1986; x_wconf 81' lang='lat' dir='ltr'>na</span> <span class='ocrx_word' id='word_1_139' title='bbox 462 1923 868 1985; x_wconf 86' lang='lat' dir='ltr'>famosissima</span> <span class='ocrx_word' id='word_1_140' title='bbox 899 1922 1036 1976; x_wconf 89' lang='lat' dir='ltr'>sunt</span> <span class='ocrx_word' id='word_1_141' title='bbox 1058 1918 1119 1973; x_wconf 91' lang='lat' dir='ltr'>in</span> <span class='ocrx_word' id='word_1_142' title='bbox 1149 1921 1323 1978; x_wconf 87' lang='lat' dir='ltr'>terra,</span> <span class='ocrx_word' id='word_1_143' title='bbox 1357 1913 1439 1968; x_wconf 88' lang='lat' dir='ltr'>sic</span> <span class='ocrx_word' id='word_1_144' title='bbox 1468 1910 1578 1966; x_wconf 85' lang='lat' dir='ltr'>feci</span> <span class='ocrx_word' id='word_1_145' title='bbox 1600 1908 1725 1964; x_wconf 87' lang='lat' dir='ltr'>tibi.</span> <span class='ocrx_word' id='word_1_146' title='bbox 1751 1929 1778 1955; x_wconf 84' lang='lat'><strong><em>«</em></strong></span> <span class='ocrx_word' id='word_1_147' title='bbox 1812 1907 1878 1960; x_wconf 87' lang='lat' dir='ltr'>Et</span> <span class='ocrx_word' id='word_1_148' title='bbox 1897 1920 2006 1976; x_wconf 78' lang='lat' dir='ltr'>po-</span> 
     </span>
    </p>
   </div>
   <div class='ocr_carea' id='block_1_22' title="bbox 357 2002 2007 2086">
    <p class='ocr_par' dir='ltr' id='par_1_22' title="bbox 357 2002 2007 2086">
     <span class='ocr_line' id='line_1_22' title="bbox 357 2002 2007 2086; baseline -0.018 -9"><span class='ocrx_word' id='word_1_149' title='bbox 357 2043 386 2073; x_wconf 88' lang='lat'><strong>«</strong></span> <span class='ocrx_word' id='word_1_150' title='bbox 417 2035 562 2076; x_wconf 90' lang='lat' dir='ltr'>nam</span> <span class='ocrx_word' id='word_1_151' title='bbox 582 2017 782 2072; x_wconf 91' lang='lat' dir='ltr'>locum</span> <span class='ocrx_word' id='word_1_152' title='bbox 813 2009 1040 2086; x_wconf 90' lang='lat' dir='ltr'>populo</span> <span class='ocrx_word' id='word_1_153' title='bbox 1081 2023 1216 2063; x_wconf 89' lang='lat' dir='ltr'>meo</span> <span class='ocrx_word' id='word_1_154' title='bbox 1261 2002 1458 2061; x_wconf 90' lang='lat' dir='ltr'>Israel.</span> <span class='ocrx_word' id='word_1_155' title='bbox 1481 2022 1510 2051; x_wconf 87' lang='grc'><strong>››</strong></span> <span class='ocrx_word' id='word_1_156' title='bbox 1554 2003 1776 2056; x_wconf 88' lang='lat' dir='ltr'>Locum</span> <span class='ocrx_word' id='word_1_157' title='bbox 1823 2010 2007 2067; x_wconf 87' lang='lat' dir='ltr'>quem</span> 
     </span>
    </p>
   </div>
   <div class='ocr_carea' id='block_1_23' title="bbox 357 2083 2007 2178">
    <p class='ocr_par' dir='ltr' id='par_1_23' title="bbox 357 2083 2007 2178">
     <span class='ocr_line' id='line_1_23' title="bbox 357 2083 2007 2178; baseline -0.019 -11"><span class='ocrx_word' id='word_1_158' title='bbox 357 2107 642 2166; x_wconf 88' lang='lat' dir='ltr'>Dominus</span> <span class='ocrx_word' id='word_1_159' title='bbox 662 2083 887 2178; x_wconf 81' lang='lat' dir='ltr'>populo</span> <span class='ocrx_word' id='word_1_160' title='bbox 903 2083 1026 2154; x_wconf 80' lang='lat' dir='ltr'>suo</span> <span class='ocrx_word' id='word_1_161' title='bbox 1070 2097 1548 2170; x_wconf 64' lang='lat' dir='ltr'>prae-paraturum</span> <span class='ocrx_word' id='word_1_162' title='bbox 1596 2105 1658 2143; x_wconf 89' lang='lat' dir='ltr'>se</span> <span class='ocrx_word' id='word_1_163' title='bbox 1710 2083 2007 2178; x_wconf 67' lang='lat' dir='ltr'>pollicitus</span> 
     </span>
    </p>
   </div>
   <div class='ocr_carea' id='block_1_24' title="bbox 353 2171 2006 2268">
    <p class='ocr_par' dir='ltr' id='par_1_24' title="bbox 353 2171 2006 2268">
     <span class='ocr_line' id='line_1_24' title="bbox 353 2171 2006 2268; baseline -0.019 -11"><span class='ocrx_word' id='word_1_164' title='bbox 353 2203 460 2268; x_wconf 89' lang='lat' dir='ltr'>est,</span> <span class='ocrx_word' id='word_1_165' title='bbox 491 2213 616 2253; x_wconf 89' lang='lat' dir='ltr'>non</span> <span class='ocrx_word' id='word_1_166' title='bbox 645 2171 720 2250; x_wconf 87' lang='lat' dir='ltr'>de</span> <span class='ocrx_word' id='word_1_167' title='bbox 741 2171 856 2248; x_wconf 78' lang='lat' dir='ltr'>situ</span> <span class='ocrx_word' id='word_1_168' title='bbox 885 2195 1198 2254; x_wconf 88' lang='lat' dir='ltr'>terrarum,</span> <span class='ocrx_word' id='word_1_169' title='bbox 1227 2197 1423 2255; x_wconf 86' lang='lat' dir='ltr'>neque</span> <span class='ocrx_word' id='word_1_170' title='bbox 1452 2179 1527 2235; x_wconf 90' lang='lat' dir='ltr'>de</span> <span class='ocrx_word' id='word_1_171' title='bbox 1557 2175 1824 2250; x_wconf 82' lang='lat' dir='ltr'>quolibet</span> <span class='ocrx_word' id='word_1_172' title='bbox 1851 2171 2006 2239; x_wconf 88' lang='lat' dir='ltr'>loco,</span> 
     </span>
    </p>
   </div>
   <div class='ocr_carea' id='block_1_25' title="bbox 355 2271 2006 2344">
    <p class='ocr_par' dir='ltr' id='par_1_25' title="bbox 355 2271 2006 2344">
     <span class='ocr_line' id='line_1_25' title="bbox 355 2271 2006 2344; baseline -0.018 1"><span class='ocrx_word' id='word_1_173' title='bbox 355 2289 460 2344; x_wconf 91' lang='lat' dir='ltr'>sed</span> <span class='ocrx_word' id='word_1_174' title='bbox 486 2287 560 2343; x_wconf 90' lang='lat' dir='ltr'>de</span> <span class='ocrx_word' id='word_1_175' title='bbox 591 2282 811 2341; x_wconf 72' lang='lat' dir='ltr'>caelesti</span> <span class='ocrx_word' id='word_1_176' title='bbox 843 2275 1209 2336; x_wconf 86' lang='lat' dir='ltr'>Hierusalem</span> <span class='ocrx_word' id='word_1_177' title='bbox 1243 2271 1608 2338; x_wconf 80' lang='lat' dir='ltr'>intelligitur,</span> <span class='ocrx_word' id='word_1_178' title='bbox 1653 2278 2006 2338; x_wconf 87' lang='lat' dir='ltr'>quanquam</span> 
     </span>
    </p>
   </div>
   <div class='ocr_carea' id='block_1_26' title="bbox 353 2351 2006 2447">
    <p class='ocr_par' dir='ltr' id='par_1_26' title="bbox 353 2351 2006 2447">
     <span class='ocr_line' id='line_1_26' title="bbox 353 2351 2006 2447; baseline -0.019 -13"><span class='ocrx_word' id='word_1_179' title='bbox 353 2377 430 2434; x_wconf 89' lang='lat' dir='ltr'>de</span> <span class='ocrx_word' id='word_1_180' title='bbox 461 2373 682 2447; x_wconf 90' lang='lat' dir='ltr'>templo</span> <span class='ocrx_word' id='word_1_181' title='bbox 712 2371 986 2426; x_wconf 88' lang='lat' dir='ltr'>videatur</span> <span class='ocrx_word' id='word_1_182' title='bbox 1011 2361 1274 2432; x_wconf 83' lang='lat' dir='ltr'>intelligi,</span> <span class='ocrx_word' id='word_1_183' title='bbox 1307 2364 1366 2415; x_wconf 91' lang='lat' dir='ltr'>et</span> <span class='ocrx_word' id='word_1_184' title='bbox 1394 2359 1469 2414; x_wconf 88' lang='lat' dir='ltr'>de</span> <span class='ocrx_word' id='word_1_185' title='bbox 1499 2353 1868 2447; x_wconf 78' lang='lat' dir='ltr'>temporibus</span> <span class='ocrx_word' id='word_1_186' title='bbox 1902 2351 2006 2447; x_wconf 68' lang='lat' dir='ltr'>Sq—</span> 
     </span>
    </p>
   </div>
   <div class='ocr_carea' id='block_1_27' title="bbox 354 2437 2004 2534">
    <p class='ocr_par' dir='ltr' id='par_1_27' title="bbox 354 2437 2004 2534">
     <span class='ocr_line' id='line_1_27' title="bbox 354 2437 2004 2534; baseline -0.019 -11"><span class='ocrx_word' id='word_1_187' title='bbox 354 2437 634 2534; x_wconf 78' lang='lat' dir='ltr'>lomonis,</span> <span class='ocrx_word' id='word_1_188' title='bbox 665 2459 956 2534; x_wconf 89' lang='lat' dir='ltr'>quoniam</span> <span class='ocrx_word' id='word_1_189' title='bbox 1000 2454 1104 2510; x_wconf 85' lang='lat' dir='ltr'>ﬁlii</span> <span class='ocrx_word' id='word_1_190' title='bbox 1159 2449 1335 2506; x_wconf 85' lang='lat' dir='ltr'>Israel</span> <span class='ocrx_word' id='word_1_191' title='bbox 1385 2441 1844 2520; x_wconf 88' lang='lat' dir='ltr'>quodammodo</span> <span class='ocrx_word' id='word_1_192' title='bbox 1891 2437 2004 2493; x_wconf 88' lang='lat' dir='ltr'>sub</span> 
     </span>
    </p>
   </div>
   <div class='ocr_carea' id='block_1_28' title="bbox 352 2528 2006 2629">
    <p class='ocr_par' dir='ltr' id='par_1_28' title="bbox 352 2528 2006 2629">
     <span class='ocr_line' id='line_1_28' title="bbox 352 2528 2006 2629; baseline -0.019 -16"><span class='ocrx_word' id='word_1_193' title='bbox 352 2571 504 2629; x_wconf 88' lang='lat' dir='ltr'>pace</span> <span class='ocrx_word' id='word_1_194' title='bbox 529 2528 726 2609; x_wconf 77' lang='lat' dir='ltr'>essent</span> <span class='ocrx_word' id='word_1_195' title='bbox 751 2545 1029 2622; x_wconf 85' lang='lat' dir='ltr'>quieturi,</span> <span class='ocrx_word' id='word_1_196' title='bbox 1061 2549 1118 2600; x_wconf 86' lang='lat' dir='ltr'>et</span> <span class='ocrx_word' id='word_1_197' title='bbox 1142 2543 1269 2614; x_wconf 89' lang='lat' dir='ltr'>ipse</span> <span class='ocrx_word' id='word_1_198' title='bbox 1297 2538 1580 2594; x_wconf 88' lang='lat' dir='ltr'>Salomon</span> <span class='ocrx_word' id='word_1_199' title='bbox 1611 2535 1657 2590; x_wconf 89' lang='lat' dir='ltr'>si</span> <span class='ocrx_word' id='word_1_200' title='bbox 1686 2531 1834 2605; x_wconf 88' lang='lat' dir='ltr'>quid</span> <span class='ocrx_word' id='word_1_201' title='bbox 1863 2528 2006 2585; x_wconf 83' lang='lat' dir='ltr'>deti-</span> 
     </span>
    </p>
   </div>
   <div class='ocr_carea' id='block_1_29' title="bbox 355 2619 2006 2717">
    <p class='ocr_par' dir='ltr' id='par_1_29' title="bbox 355 2619 2006 2717">
     <span class='ocr_line' id='line_1_29' title="bbox 355 2619 2006 2717; baseline -0.018 -17"><span class='ocrx_word' id='word_1_202' title='bbox 355 2619 585 2717; x_wconf 74' lang='lat' dir='ltr'>quisset</span> <span class='ocrx_word' id='word_1_203' title='bbox 610 2641 670 2697; x_wconf 90' lang='lat' dir='ltr'>in</span> <span class='ocrx_word' id='word_1_204' title='bbox 699 2619 869 2708; x_wconf 75' lang='lat' dir='ltr'>virga</span> <span class='ocrx_word' id='word_1_205' title='bbox 896 2636 1186 2696; x_wconf 89' lang='lat' dir='ltr'>virorum,</span> <span class='ocrx_word' id='word_1_206' title='bbox 1215 2635 1272 2686; x_wconf 90' lang='lat' dir='ltr'>et</span> <span class='ocrx_word' id='word_1_207' title='bbox 1299 2629 1360 2683; x_wconf 91' lang='lat' dir='ltr'>in</span> <span class='ocrx_word' id='word_1_208' title='bbox 1389 2625 1582 2700; x_wconf 86' lang='lat' dir='ltr'>plagis</span> <span class='ocrx_word' id='word_1_209' title='bbox 1610 2623 1872 2678; x_wconf 88' lang='lat' dir='ltr'>ﬁliorum</span> <span class='ocrx_word' id='word_1_210' title='bbox 1902 2619 2006 2674; x_wconf 79' lang='lat' dir='ltr'>ho-</span> 
     </span>
    </p>
   </div>
   <div class='ocr_carea' id='block_1_30' title="bbox 359 2707 2003 2798">
    <p class='ocr_par' dir='ltr' id='par_1_30' title="bbox 359 2707 2003 2798">
     <span class='ocr_line' id='line_1_30' title="bbox 359 2707 2003 2798; baseline -0.016 -10"><span class='ocrx_word' id='word_1_211' title='bbox 359 2707 614 2798; x_wconf 80' lang='lat' dir='ltr'>minum,</span> <span class='ocrx_word' id='word_1_212' title='bbox 635 2727 749 2784; x_wconf 86' lang='lat' dir='ltr'>hoc</span> <span class='ocrx_word' id='word_1_213' title='bbox 773 2707 882 2792; x_wconf 83' lang='lat' dir='ltr'>est,</span> <span class='ocrx_word' id='word_1_214' title='bbox 913 2739 1035 2779; x_wconf 89' lang='lat' dir='ltr'>non</span> <span class='ocrx_word' id='word_1_215' title='bbox 1059 2721 1120 2776; x_wconf 91' lang='lat' dir='ltr'>in</span> <span class='ocrx_word' id='word_1_216' title='bbox 1144 2717 1344 2788; x_wconf 86' lang='lat' dir='ltr'>gladio</span> <span class='ocrx_word' id='word_1_217' title='bbox 1369 2713 1752 2771; x_wconf 85' lang='lat' dir='ltr'>inimicorum</span> <span class='ocrx_word' id='word_1_218' title='bbox 1807 2714 1862 2764; x_wconf 89' lang='lat' dir='ltr'>et</span> <span class='ocrx_word' id='word_1_219' title='bbox 1914 2707 2003 2762; x_wconf 90' lang='lat' dir='ltr'>in-</span> 
     </span>
    </p>
   </div>
   <div class='ocr_carea' id='block_1_31' title="bbox 357 2804 2009 2884">
    <p class='ocr_par' dir='ltr' id='par_1_31' title="bbox 357 2804 2009 2884">
     <span class='ocr_line' id='line_1_31' title="bbox 357 2804 2009 2884; baseline -0.016 -5"><span class='ocrx_word' id='word_1_220' title='bbox 357 2816 884 2878; x_wconf 90' lang='lat' dir='ltr'>commoditatibus</span> <span class='ocrx_word' id='word_1_221' title='bbox 916 2826 1237 2884; x_wconf 89' lang='lat' dir='ltr'>corporum</span> <span class='ocrx_word' id='word_1_222' title='bbox 1279 2809 1687 2862; x_wconf 87' lang='lat' dir='ltr'>humanorum</span> <span class='ocrx_word' id='word_1_223' title='bbox 1737 2804 1891 2856; x_wconf 88' lang='lat' dir='ltr'>esset</span> <span class='ocrx_word' id='word_1_224' title='bbox 1917 2815 2009 2854; x_wconf 90' lang='lat' dir='ltr'>ar-</span> 
     </span>
    </p>
   </div>
   <div class='ocr_carea' id='block_1_32' title="bbox 356 2888 2008 2981">
    <p class='ocr_par' dir='ltr' id='par_1_32' title="bbox 356 2888 2008 2981">
     <span class='ocr_line' id='line_1_32' title="bbox 356 2888 2008 2981; baseline -0.016 -14"><span class='ocrx_word' id='word_1_225' title='bbox 356 2909 654 2981; x_wconf 89' lang='lat' dir='ltr'>guendus.</span> <span class='ocrx_word' id='word_1_226' title='bbox 683 2903 852 2972; x_wconf 87' lang='lat' dir='ltr'>Quod</span> <span class='ocrx_word' id='word_1_227' title='bbox 869 2905 1081 2976; x_wconf 89' lang='lat' dir='ltr'>postea</span> <span class='ocrx_word' id='word_1_228' title='bbox 1102 2897 1400 2970; x_wconf 74' lang='lat' dir='ltr'>expletum</span> <span class='ocrx_word' id='word_1_229' title='bbox 1424 2894 1676 2963; x_wconf 84' lang='lat' dir='ltr'>legimus</span> <span class='ocrx_word' id='word_1_230' title='bbox 1696 2891 1756 2946; x_wconf 92' lang='lat' dir='ltr'>in</span> <span class='ocrx_word' id='word_1_231' title='bbox 1788 2888 2008 2944; x_wconf 70' lang='lat' dir='ltr'>cmlesti</span> 
     </span>
    </p>
   </div>
   <div class='ocr_carea' id='block_1_33' title="bbox 355 2980 2007 3068">
    <p class='ocr_par' dir='ltr' id='par_1_33' title="bbox 355 2980 2007 3068">
     <span class='ocr_line' id='line_1_33' title="bbox 355 2980 2007 3068; baseline -0.014 -13"><span class='ocrx_word' id='word_1_232' title='bbox 355 2980 849 3068; x_wconf 65' lang='lat' dir='ltr'>Hierusalemmbi</span> <span class='ocrx_word' id='word_1_233' title='bbox 861 3007 1072 3048; x_wconf 90' lang='lat' dir='ltr'>omnes</span> <span class='ocrx_word' id='word_1_234' title='bbox 1085 2987 1251 3045; x_wconf 89' lang='lat' dir='ltr'>electi</span> <span class='ocrx_word' id='word_1_235' title='bbox 1271 2984 1578 3060; x_wconf 75' lang='lat' dir='ltr'>pos-tdiem</span> <span class='ocrx_word' id='word_1_236' title='bbox 1591 2983 1610 3054; x_wconf 93' lang='lat' dir='ltr'>j</span> <span class='ocrx_word' id='word_1_237' title='bbox 1622 2980 1798 3037; x_wconf 91' lang='lat' dir='ltr'>udicii</span> <span class='ocrx_word' id='word_1_238' title='bbox 1814 2985 2007 3034; x_wconf 84' lang='lat' dir='ltr'>trans-</span> 
     </span>
    </p>
   </div>
   <div class='ocr_carea' id='block_1_34' title="bbox 351 3069 2006 3160">
    <p class='ocr_par' dir='ltr' id='par_1_34' title="bbox 351 3069 2006 3160">
     <span class='ocr_line' id='line_1_34' title="bbox 351 3069 2006 3160; baseline -0.016 -13"><span class='ocrx_word' id='word_1_239' title='bbox 351 3088 476 3160; x_wconf 90' lang='lat' dir='ltr'>lati,</span> <span class='ocrx_word' id='word_1_240' title='bbox 501 3087 730 3160; x_wconf 87' lang='lat' dir='ltr'>absque</span> <span class='ocrx_word' id='word_1_241' title='bbox 762 3083 882 3139; x_wconf 89' lang='lat' dir='ltr'>ulla</span> <span class='ocrx_word' id='word_1_242' title='bbox 906 3077 1352 3154; x_wconf 85' lang='lat' dir='ltr'>perturbatione</span> <span class='ocrx_word' id='word_1_243' title='bbox 1407 3072 1520 3128; x_wconf 88' lang='lat' dir='ltr'>sub</span> <span class='ocrx_word' id='word_1_244' title='bbox 1578 3071 1712 3143; x_wconf 87' lang='lat' dir='ltr'>ipso</span> <span class='ocrx_word' id='word_1_245' title='bbox 1755 3069 2006 3124; x_wconf 91' lang='lat' dir='ltr'>Domino</span> 
     </span>
    </p>
   </div>
   <div class='ocr_carea' id='block_1_35' title="bbox 352 3157 2007 3254">
    <p class='ocr_par' dir='ltr' id='par_1_35' title="bbox 352 3157 2007 3254">
     <span class='ocr_line' id='line_1_35' title="bbox 352 3157 2007 3254; baseline -0.016 -16"><span class='ocrx_word' id='word_1_246' title='bbox 352 3157 548 3254; x_wconf 83' lang='lat' dir='ltr'>usque</span> <span class='ocrx_word' id='word_1_247' title='bbox 577 3157 952 3234; x_wconf 51' lang='lat' dir='ltr'>maternum</span> <span class='ocrx_word' id='word_1_248' title='bbox 1000 3168 1354 3226; x_wconf 88' lang='lat' dir='ltr'>manebunt.</span> <span class='ocrx_word' id='word_1_249' title='bbox 1415 3161 1845 3232; x_wconf 66' lang='lat' dir='ltr'>«Praedicitque</span> <span class='ocrx_word' id='word_1_250' title='bbox 1903 3157 2007 3214; x_wconf 89' lang='lat' dir='ltr'>tibi</span> 
     </span>
    </p>
   </div>
   <div class='ocr_carea' id='block_1_36' title="bbox 353 3250 2000 3339">
    <p class='ocr_par' dir='ltr' id='par_1_36' title="bbox 353 3250 2000 3339">
     <span class='ocr_line' id='line_1_36' title="bbox 353 3250 2000 3339; baseline -0.016 -11"><span class='ocrx_word' id='word_1_251' title='bbox 353 3293 382 3322; x_wconf 85' lang='lat'>«</span> <span class='ocrx_word' id='word_1_252' title='bbox 417 3250 706 3326; x_wconf 76' lang='lat' dir='ltr'>Dominus</span> <span class='ocrx_word' id='word_1_253' title='bbox 725 3263 891 3339; x_wconf 90' lang='lat' dir='ltr'>quod</span> <span class='ocrx_word' id='word_1_254' title='bbox 917 3261 1170 3318; x_wconf 90' lang='lat' dir='ltr'>domum</span> <span class='ocrx_word' id='word_1_255' title='bbox 1187 3252 1486 3313; x_wconf 80' lang='lat' dir='ltr'>faciettibi</span> <span class='ocrx_word' id='word_1_256' title='bbox 1505 3250 1812 3315; x_wconf 89' lang='lat' dir='ltr'>Dominus,</span> <span class='ocrx_word' id='word_1_257' title='bbox 1847 3271 1872 3298; x_wconf 82' lang='lat'><strong>»</strong></span> <span class='ocrx_word' id='word_1_258' title='bbox 1892 3252 2000 3303; x_wconf 88' lang='lat' dir='ltr'>etc.</span> 
     </span>
    </p>
   </div>
   <div class='ocr_carea' id='block_1_37' title="bbox 354 3339 2005 3417">
    <p class='ocr_par' dir='ltr' id='par_1_37' title="bbox 354 3339 2005 3417">
     <span class='ocr_line' id='line_1_37' title="bbox 354 3339 2005 3417; baseline -0.015 0"><span class='ocrx_word' id='word_1_259' title='bbox 354 3363 580 3417; x_wconf 91' lang='lat' dir='ltr'>Domus</span> <span class='ocrx_word' id='word_1_260' title='bbox 606 3355 794 3414; x_wconf 88' lang='lat' dir='ltr'>David</span> <span class='ocrx_word' id='word_1_261' title='bbox 824 3352 1081 3410; x_wconf 87' lang='lat' dir='ltr'>Ecclesia</span> <span class='ocrx_word' id='word_1_262' title='bbox 1107 3353 1197 3405; x_wconf 90' lang='lat' dir='ltr'>est</span> <span class='ocrx_word' id='word_1_263' title='bbox 1227 3345 1456 3405; x_wconf 87' lang='lat' dir='ltr'>Christi.</span> <span class='ocrx_word' id='word_1_264' title='bbox 1487 3347 1605 3399; x_wconf 90' lang='lat' dir='ltr'>Hoc</span> <span class='ocrx_word' id='word_1_265' title='bbox 1636 3339 1710 3395; x_wconf 92' lang='lat' dir='ltr'>de</span> <span class='ocrx_word' id='word_1_266' title='bbox 1737 3339 2005 3395; x_wconf 83' lang='lat' dir='ltr'>Salomo-</span> 
     </span>
    </p>
   </div>
   <div class='ocr_carea' id='block_1_38' title="bbox 351 3431 2006 3506">
    <p class='ocr_par' dir='ltr' id='par_1_38' title="bbox 351 3431 2006 3506">
     <span class='ocr_line' id='line_1_38' title="bbox 351 3431 2006 3506; baseline -0.015 0"><span class='ocrx_word' id='word_1_267' title='bbox 351 3465 428 3506; x_wconf 89' lang='lat' dir='ltr'>ne</span> <span class='ocrx_word' id='word_1_268' title='bbox 458 3447 696 3504; x_wconf 88' lang='lat' dir='ltr'>credere</span> <span class='ocrx_word' id='word_1_269' title='bbox 717 3442 1052 3500; x_wconf 90' lang='lat' dir='ltr'>absurdum</span> <span class='ocrx_word' id='word_1_270' title='bbox 1084 3442 1174 3495; x_wconf 88' lang='lat' dir='ltr'>est</span> <span class='ocrx_word' id='word_1_271' title='bbox 1203 3455 1216 3492; x_wconf 91' lang='lat'>:</span> <span class='ocrx_word' id='word_1_272' title='bbox 1249 3435 1344 3491; x_wconf 90' lang='lat' dir='ltr'>ille</span> <span class='ocrx_word' id='word_1_273' title='bbox 1371 3433 1531 3489; x_wconf 89' lang='lat' dir='ltr'>enim</span> <span class='ocrx_word' id='word_1_274' title='bbox 1559 3431 1796 3488; x_wconf 83' lang='lat' dir='ltr'>vivente</span> <span class='ocrx_word' id='word_1_275' title='bbox 1839 3431 2006 3501; x_wconf 87' lang='lat' dir='ltr'>patre</span> 
     </span>
    </p>
   </div>
   <div class='ocr_carea' id='block_1_39' title="bbox 355 3522 1554 3605">
    <p class='ocr_par' dir='ltr' id='par_1_39' title="bbox 355 3522 1554 3605">
     <span class='ocr_line' id='line_1_39' title="bbox 355 3522 1554 3605; baseline -0.016 -11"><span class='ocrx_word' id='word_1_276' title='bbox 355 3554 465 3593; x_wconf 91' lang='lat' dir='ltr'>suo</span> <span class='ocrx_word' id='word_1_277' title='bbox 494 3549 746 3605; x_wconf 89' lang='lat' dir='ltr'>regnare</span> <span class='ocrx_word' id='word_1_278' title='bbox 777 3529 973 3604; x_wconf 81' lang='lat' dir='ltr'>coepit.</span> <span class='ocrx_word' id='word_1_279' title='bbox 1007 3528 1106 3584; x_wconf 87' lang='lat' dir='ltr'>Hic</span> <span class='ocrx_word' id='word_1_280' title='bbox 1131 3529 1333 3581; x_wconf 90' lang='lat' dir='ltr'>autem</span> <span class='ocrx_word' id='word_1_281' title='bbox 1365 3522 1508 3578; x_wconf 90' lang='lat' dir='ltr'>dicit</span> <span class='ocrx_word' id='word_1_282' title='bbox 1540 3538 1554 3576; x_wconf 92' lang='lat'>:</span> 
     </span>
    </p>
   </div>
   <div class='ocr_carea' id='block_1_40' title="bbox 425 3600 2002 3687">
    <p class='ocr_par' dir='ltr' id='par_1_40' title="bbox 425 3600 2002 3687">
     <span class='ocr_line' id='line_1_40' title="bbox 425 3600 2002 3687; baseline -0.011 -14"><span class='ocrx_word' id='word_1_283' title='bbox 425 3645 453 3673; x_wconf 90' lang='grc'>‹‹</span> <span class='ocrx_word' id='word_1_284' title='bbox 495 3600 645 3676; x_wconf 69' lang='lat' dir='ltr'>Ctim</span> <span class='ocrx_word' id='word_1_285' title='bbox 667 3600 950 3687; x_wconf 75' lang='lat' dir='ltr'>completi</span> <span class='ocrx_word' id='word_1_286' title='bbox 1009 3612 1223 3668; x_wconf 77' lang='lat' dir='ltr'>iuerint</span> <span class='ocrx_word' id='word_1_287' title='bbox 1273 3609 1400 3664; x_wconf 89' lang='lat' dir='ltr'>dies</span> <span class='ocrx_word' id='word_1_288' title='bbox 1453 3605 1556 3673; x_wconf 89' lang='lat' dir='ltr'>tui,</span> <span class='ocrx_word' id='word_1_289' title='bbox 1603 3609 1660 3660; x_wconf 88' lang='lat' dir='ltr'>et</span> <span class='ocrx_word' id='word_1_290' title='bbox 1688 3600 2002 3659; x_wconf 89' lang='lat' dir='ltr'>dormieris</span> 
     </span>
    </p>
   </div>
   <div class='ocr_carea' id='block_1_41' title="bbox 354 3696 2006 3783">
    <p class='ocr_par' dir='ltr' id='par_1_41' title="bbox 354 3696 2006 3783">
     <span class='ocr_line' id='line_1_41' title="bbox 354 3696 2006 3783; baseline -0.011 -19"><span class='ocrx_word' id='word_1_291' title='bbox 354 3735 382 3764; x_wconf 91' lang='grc'>‹‹</span> <span class='ocrx_word' id='word_1_292' title='bbox 422 3727 562 3768; x_wconf 91' lang='lat' dir='ltr'>cum</span> <span class='ocrx_word' id='word_1_293' title='bbox 587 3707 858 3783; x_wconf 85' lang='lat' dir='ltr'>patribus</span> <span class='ocrx_word' id='word_1_294' title='bbox 889 3702 1024 3770; x_wconf 89' lang='lat' dir='ltr'>tuis,</span> <span class='ocrx_word' id='word_1_295' title='bbox 1056 3699 1360 3756; x_wconf 87' lang='lat' dir='ltr'>suscitabo</span> <span class='ocrx_word' id='word_1_296' title='bbox 1391 3711 1597 3752; x_wconf 88' lang='lat' dir='ltr'>semen</span> <span class='ocrx_word' id='word_1_297' title='bbox 1643 3698 1816 3748; x_wconf 89' lang='lat' dir='ltr'>tuum</span> <span class='ocrx_word' id='word_1_298' title='bbox 1868 3696 2006 3764; x_wconf 87' lang='lat' dir='ltr'>post</span> 
     </span>
    </p>
   </div>
   <div class='ocr_carea' id='block_1_42' title="bbox 353 3780 2004 3865">
    <p class='ocr_par' dir='ltr' id='par_1_42' title="bbox 353 3780 2004 3865">
     <span class='ocr_line' id='line_1_42' title="bbox 353 3780 2004 3865; baseline -0.012 -12"><span class='ocrx_word' id='word_1_299' title='bbox 353 3826 380 3853; x_wconf 90' lang='grc'>‹‹</span> <span class='ocrx_word' id='word_1_300' title='bbox 421 3807 496 3859; x_wconf 91' lang='lat' dir='ltr'>te.</span> <span class='ocrx_word' id='word_1_301' title='bbox 541 3780 774 3865; x_wconf 37' lang='lat' dir='ltr'>{Quod</span> <span class='ocrx_word' id='word_1_302' title='bbox 802 3795 877 3851; x_wconf 91' lang='lat' dir='ltr'>de</span> <span class='ocrx_word' id='word_1_303' title='bbox 905 3793 1135 3848; x_wconf 86' lang='lat' dir='ltr'>Christo</span> <span class='ocrx_word' id='word_1_304' title='bbox 1171 3787 1422 3845; x_wconf 90' lang='lat' dir='ltr'>Domino</span> <span class='ocrx_word' id='word_1_305' title='bbox 1481 3785 1606 3858; x_wconf 92' lang='lat' dir='ltr'>(qui</span> <span class='ocrx_word' id='word_1_306' title='bbox 1649 3799 1722 3838; x_wconf 86' lang='lat' dir='ltr'>ex</span> <span class='ocrx_word' id='word_1_307' title='bbox 1779 3780 2004 3836; x_wconf 86' lang='lat' dir='ltr'>semine</span> 
     </span>
    </p>
   </div>
   <div class='ocr_carea' id='block_1_43' title="bbox 351 3871 2003 3965">
    <p class='ocr_par' dir='ltr' id='par_1_43' title="bbox 351 3871 2003 3965">
     <span class='ocr_line' id='line_1_43' title="bbox 351 3871 2003 3965; baseline -0.016 -15"><span class='ocrx_word' id='word_1_308' title='bbox 351 3891 624 3965; x_wconf 89' lang='lat' dir='ltr'>ejusdem</span> <span class='ocrx_word' id='word_1_309' title='bbox 655 3887 840 3944; x_wconf 91' lang='lat' dir='ltr'>David</span> <span class='ocrx_word' id='word_1_310' title='bbox 871 3883 1204 3940; x_wconf 90' lang='lat' dir='ltr'>secundum</span> <span class='ocrx_word' id='word_1_311' title='bbox 1230 3893 1473 3936; x_wconf 90' lang='lat' dir='ltr'>carnem</span> <span class='ocrx_word' id='word_1_312' title='bbox 1514 3873 1680 3931; x_wconf 91' lang='lat' dir='ltr'>nasci</span> <span class='ocrx_word' id='word_1_313' title='bbox 1718 3871 2003 3940; x_wconf 82' lang='lat' dir='ltr'>dignatus</span> 
     </span>
    </p>
   </div>
   <div class='ocr_carea' id='block_1_44' title="bbox 351 3965 2001 4053">
    <p class='ocr_par' dir='ltr' id='par_1_44' title="bbox 351 3965 2001 4053">
     <span class='ocr_line' id='line_1_44' title="bbox 351 3965 2001 4053; baseline -0.014 -15"><span class='ocrx_word' id='word_1_314' title='bbox 351 3982 458 4053; x_wconf 92' lang='lat' dir='ltr'>est)</span> <span class='ocrx_word' id='word_1_315' title='bbox 489 3978 813 4048; x_wconf 85' lang='lat' dir='ltr'>intelligere</span> <span class='ocrx_word' id='word_1_316' title='bbox 843 3979 900 4032; x_wconf 91' lang='lat' dir='ltr'>et</span> <span class='ocrx_word' id='word_1_317' title='bbox 928 3972 1166 4030; x_wconf 89' lang='lat' dir='ltr'>credere</span> <span class='ocrx_word' id='word_1_318' title='bbox 1190 3970 1359 4043; x_wconf 90' lang='lat' dir='ltr'>pium</span> <span class='ocrx_word' id='word_1_319' title='bbox 1387 3971 1475 4022; x_wconf 89' lang='lat' dir='ltr'>est</span> <span class='ocrx_word' id='word_1_320' title='bbox 1506 3981 1518 4020; x_wconf 94' lang='lat'><strong>:</strong></span> <span class='ocrx_word' id='word_1_321' title='bbox 1545 3965 1719 4034; x_wconf 90' lang='lat' dir='ltr'>cujus</span> <span class='ocrx_word' id='word_1_322' title='bbox 1749 3977 2001 4031; x_wconf 87' lang='lat' dir='ltr'>regnum</span> 
     </span>
    </p>
   </div>
   <div class='ocr_carea' id='block_1_45' title="bbox 348 4052 2003 4141">
    <p class='ocr_par' dir='ltr' id='par_1_45' title="bbox 348 4052 2003 4141">
     <span class='ocr_line' id='line_1_45' title="bbox 348 4052 2003 4141; baseline -0.013 -15"><span class='ocrx_word' id='word_1_323' title='bbox 348 4071 414 4127; x_wconf 89' lang='lat' dir='ltr'>1n</span> <span class='ocrx_word' id='word_1_324' title='bbox 438 4069 865 4141; x_wconf 88' lang='lat' dir='ltr'>sempiternum</span> <span class='ocrx_word' id='word_1_325' title='bbox 891 4063 1112 4136; x_wconf 88' lang='lat' dir='ltr'>jugiter</span> <span class='ocrx_word' id='word_1_326' title='bbox 1133 4060 1474 4133; x_wconf 86' lang='lat' dir='ltr'>perseverat</span> <span class='ocrx_word' id='word_1_327' title='bbox 1505 4072 1518 4122; x_wconf 88' lang='lat'><strong>;</strong></span> <span class='ocrx_word' id='word_1_328' title='bbox 1560 4053 1732 4124; x_wconf 89' lang='lat' dir='ltr'>cujus</span> <span class='ocrx_word' id='word_1_329' title='bbox 1762 4052 2003 4112; x_wconf 85' lang='lat' dir='ltr'>domus,</span> 
     </span>
    </p>
   </div>
   <div class='ocr_carea' id='block_1_46' title="bbox 350 4146 2004 4220">
    <p class='ocr_par' dir='ltr' id='par_1_46' title="bbox 350 4146 2004 4220">
     <span class='ocr_line' id='line_1_46' title="bbox 350 4146 2004 4220; baseline -0.013 -3"><span class='ocrx_word' id='word_1_330' title='bbox 350 4161 466 4216; x_wconf 92' lang='lat' dir='ltr'>hoc</span> <span class='ocrx_word' id='word_1_331' title='bbox 491 4163 580 4214; x_wconf 88' lang='lat' dir='ltr'>est</span> <span class='ocrx_word' id='word_1_332' title='bbox 604 4153 868 4213; x_wconf 90' lang='lat' dir='ltr'>Ecclesia</span> <span class='ocrx_word' id='word_1_333' title='bbox 897 4151 1212 4220; x_wconf 87' lang='lat' dir='ltr'>catholica,</span> <span class='ocrx_word' id='word_1_334' title='bbox 1237 4146 1430 4203; x_wconf 91' lang='lat' dir='ltr'>ﬁdelis</span> <span class='ocrx_word' id='word_1_335' title='bbox 1456 4159 1660 4201; x_wconf 90' lang='lat' dir='ltr'>coram</span> <span class='ocrx_word' id='word_1_336' title='bbox 1691 4159 1762 4199; x_wconf 88' lang='lat' dir='ltr'>eo</span> <span class='ocrx_word' id='word_1_337' title='bbox 1811 4155 2004 4214; x_wconf 89' lang='lat' dir='ltr'>usque</span> 
     </span>
    </p>
   </div>
   <div class='ocr_carea' id='block_1_47' title="bbox 349 4245 1090 4318">
    <p class='ocr_par' dir='ltr' id='par_1_47' title="bbox 349 4245 1090 4318">
     <span class='ocr_line' id='line_1_47' title="bbox 349 4245 1090 4318; baseline -0.013 -11"><span class='ocrx_word' id='word_1_338' title='bbox 349 4253 413 4307; x_wconf 90' lang='lat' dir='ltr'>in</span> <span class='ocrx_word' id='word_1_339' title='bbox 441 4255 732 4306; x_wconf 69' lang='lat' dir='ltr'>aeternum</span> <span class='ocrx_word' id='word_1_340' title='bbox 759 4245 1090 4318; x_wconf 87' lang='lat' dir='ltr'>permanet.</span> 
     </span>
    </p>
   </div>
   <div class='ocr_carea' id='block_1_48' title="bbox 423 4317 2004 4402">
    <p class='ocr_par' dir='ltr' id='par_1_48' title="bbox 423 4317 2004 4402">
     <span class='ocr_line' id='line_1_48' title="bbox 423 4317 2004 4402; baseline -0.009 -16"><span class='ocrx_word' id='word_1_341' title='bbox 423 4355 452 4386; x_wconf 76' lang='grc' dir='ltr'>α</span> <span class='ocrx_word' id='word_1_342' title='bbox 485 4333 598 4400; x_wconf 90' lang='lat' dir='ltr'>Qui</span> <span class='ocrx_word' id='word_1_343' title='bbox 627 4332 676 4388; x_wconf 92' lang='lat' dir='ltr'>si</span> <span class='ocrx_word' id='word_1_344' title='bbox 703 4317 906 4402; x_wconf 85' lang='lat' dir='ltr'>inique</span> <span class='ocrx_word' id='word_1_345' title='bbox 939 4324 1164 4398; x_wconf 82' lang='lat' dir='ltr'>aliquid</span> <span class='ocrx_word' id='word_1_346' title='bbox 1195 4323 1460 4394; x_wconf 85' lang='lat' dir='ltr'>gesserit,</span> <span class='ocrx_word' id='word_1_347' title='bbox 1496 4344 1523 4372; x_wconf 85' lang='grc'>››</span> <span class='ocrx_word' id='word_1_348' title='bbox 1552 4325 1664 4378; x_wconf 89' lang='lat' dir='ltr'>etc.</span> <span class='ocrx_word' id='word_1_349' title='bbox 1715 4323 1842 4376; x_wconf 87' lang='lat' dir='ltr'>Non</span> <span class='ocrx_word' id='word_1_350' title='bbox 1889 4317 2004 4372; x_wconf 89' lang='lat' dir='ltr'>hoc</span> 
     </span>
    </p>
   </div>
   <div class='ocr_carea' id='block_1_49' title="bbox 350 4407 2004 4486">
    <p class='ocr_par' dir='ltr' id='par_1_49' title="bbox 350 4407 2004 4486">
     <span class='ocr_line' id='line_1_49' title="bbox 350 4407 2004 4486; baseline -0.012 -5"><span class='ocrx_word' id='word_1_351' title='bbox 350 4425 426 4481; x_wconf 91' lang='lat' dir='ltr'>de</span> <span class='ocrx_word' id='word_1_352' title='bbox 473 4422 726 4479; x_wconf 88' lang='lat' dir='ltr'>Domino</span> <span class='ocrx_word' id='word_1_353' title='bbox 771 4420 914 4475; x_wconf 85' lang='lat' dir='ltr'>Jesu</span> <span class='ocrx_word' id='word_1_354' title='bbox 979 4417 1206 4474; x_wconf 85' lang='lat' dir='ltr'>Christo</span> <span class='ocrx_word' id='word_1_355' title='bbox 1267 4413 1684 4486; x_wconf 87' lang='lat' dir='ltr'>accipiendum</span> <span class='ocrx_word' id='word_1_356' title='bbox 1739 4413 1848 4478; x_wconf 88' lang='lat' dir='ltr'>est,</span> <span class='ocrx_word' id='word_1_357' title='bbox 1898 4407 2004 4479; x_wconf 88' lang='lat' dir='ltr'>qui</span> 
     </span>
    </p>
   </div>
   <div class='ocr_carea' id='block_1_50' title="bbox 347 4497 2003 4588">
    <p class='ocr_par' dir='ltr' id='par_1_50' title="bbox 347 4497 2003 4588">
     <span class='ocr_line' id='line_1_50' title="bbox 347 4497 2003 4588; baseline -0.013 -16"><span class='ocrx_word' id='word_1_358' title='bbox 347 4517 665 4588; x_wconf 89' lang='lat' dir='ltr'>peccatum</span> <span class='ocrx_word' id='word_1_359' title='bbox 721 4525 844 4566; x_wconf 94' lang='lat' dir='ltr'>non</span> <span class='ocrx_word' id='word_1_360' title='bbox 892 4507 1044 4573; x_wconf 88' lang='lat' dir='ltr'>fecit,</span> <span class='ocrx_word' id='word_1_361' title='bbox 1089 4521 1198 4561; x_wconf 89' lang='lat' dir='ltr'>nec</span> <span class='ocrx_word' id='word_1_362' title='bbox 1241 4505 1512 4560; x_wconf 89' lang='lat' dir='ltr'>inventus</span> <span class='ocrx_word' id='word_1_363' title='bbox 1570 4515 1660 4556; x_wconf 83' lang='lat' dir='ltr'>est</span> <span class='ocrx_word' id='word_1_364' title='bbox 1713 4498 1890 4554; x_wconf 92' lang='lat' dir='ltr'>dolus</span> <span class='ocrx_word' id='word_1_365' title='bbox 1939 4497 2003 4552; x_wconf 93' lang='lat' dir='ltr'>in</span> 
     </span>
    </p>
   </div>
   <div class='ocr_carea' id='block_1_51' title="bbox 349 4587 2005 4676">
    <p class='ocr_par' dir='ltr' id='par_1_51' title="bbox 349 4587 2005 4676">
     <span class='ocr_line' id='line_1_51' title="bbox 349 4587 2005 4676; baseline -0.013 -13"><span class='ocrx_word' id='word_1_366' title='bbox 349 4587 450 4662; x_wconf 77' lang='lat' dir='ltr'>ore</span> <span class='ocrx_word' id='word_1_367' title='bbox 507 4605 636 4676; x_wconf 93' lang='lat' dir='ltr'>ejus</span> <span class='ocrx_word' id='word_1_368' title='bbox 709 4601 851 4672; x_wconf 87' lang='lat' dir='ltr'>(Isa.</span> <span class='ocrx_word' id='word_1_369' title='bbox 932 4598 1074 4668; x_wconf 86' lang='lat' dir='ltr'>Lm),</span> <span class='ocrx_word' id='word_1_370' title='bbox 1143 4595 1249 4651; x_wconf 91' lang='lat' dir='ltr'>sed</span> <span class='ocrx_word' id='word_1_371' title='bbox 1301 4595 1376 4650; x_wconf 89' lang='lat' dir='ltr'>de</span> <span class='ocrx_word' id='word_1_372' title='bbox 1419 4592 1616 4648; x_wconf 90' lang='lat' dir='ltr'>electis</span> <span class='ocrx_word' id='word_1_373' title='bbox 1691 4591 1840 4661; x_wconf 88' lang='lat' dir='ltr'>ejus,</span> <span class='ocrx_word' id='word_1_374' title='bbox 1899 4587 2005 4660; x_wconf 89' lang='lat' dir='ltr'>qui</span> 
     </span>
    </p>
   </div>
   <div class='ocr_carea' id='block_1_52' title="bbox 347 4681 2004 4763">
    <p class='ocr_par' dir='ltr' id='par_1_52' title="bbox 347 4681 2004 4763">
     <span class='ocr_line' id='line_1_52' title="bbox 347 4681 2004 4763; baseline -0.013 -9"><span class='ocrx_word' id='word_1_375' title='bbox 347 4695 624 4753; x_wconf 88' lang='lat' dir='ltr'>membra</span> <span class='ocrx_word' id='word_1_376' title='bbox 679 4695 816 4749; x_wconf 91' lang='lat' dir='ltr'>sunt</span> <span class='ocrx_word' id='word_1_377' title='bbox 888 4689 1098 4763; x_wconf 86' lang='lat' dir='ltr'>ipsius,</span> <span class='ocrx_word' id='word_1_378' title='bbox 1154 4703 1227 4742; x_wconf 84' lang='lat' dir='ltr'>ex</span> <span class='ocrx_word' id='word_1_379' title='bbox 1289 4684 1510 4758; x_wconf 82' lang='lat' dir='ltr'>quibus</span> <span class='ocrx_word' id='word_1_380' title='bbox 1585 4681 1712 4737; x_wconf 88' lang='lat' dir='ltr'>sine</span> <span class='ocrx_word' id='word_1_381' title='bbox 1757 4682 2004 4752; x_wconf 87' lang='lat' dir='ltr'>peccato</span> 
     </span>
    </p>
   </div>
   <div class='ocr_carea' id='block_1_53' title="bbox 348 4771 2002 4856">
    <p class='ocr_par' dir='ltr' id='par_1_53' title="bbox 348 4771 2002 4856">
     <span class='ocr_line' id='line_1_53' title="bbox 348 4771 2002 4856; baseline -0.012 -13"><span class='ocrx_word' id='word_1_382' title='bbox 348 4786 550 4842; x_wconf 90' lang='lat' dir='ltr'>nullus</span> <span class='ocrx_word' id='word_1_383' title='bbox 609 4799 738 4841; x_wconf 90' lang='lat' dir='ltr'>esse</span> <span class='ocrx_word' id='word_1_384' title='bbox 795 4779 1006 4856; x_wconf 89' lang='lat' dir='ltr'>potuit.</span> <span class='ocrx_word' id='word_1_385' title='bbox 1037 4799 1065 4832; x_wconf 80' lang='grc'><strong>‹</strong></span> <span class='ocrx_word' id='word_1_386' title='bbox 1093 4781 1159 4834; x_wconf 91' lang='lat' dir='ltr'>Et</span> <span class='ocrx_word' id='word_1_387' title='bbox 1186 4775 1382 4831; x_wconf 87' lang='lat' dir='ltr'>ﬁdelis</span> <span class='ocrx_word' id='word_1_388' title='bbox 1417 4773 1520 4830; x_wconf 89' lang='lat' dir='ltr'>erit</span> <span class='ocrx_word' id='word_1_389' title='bbox 1566 4771 1787 4828; x_wconf 90' lang='lat' dir='ltr'>domus</span> <span class='ocrx_word' id='word_1_390' title='bbox 1821 4774 1940 4826; x_wconf 90' lang='lat' dir='ltr'>tua.</span> <span class='ocrx_word' id='word_1_391' title='bbox 1971 4785 2002 4821; x_wconf 84' lang='grc'><strong>›</strong></span> 
     </span>
    </p>
   </div>
   <div class='ocr_carea' id='block_1_54' title="bbox 349 4859 2000 4941">
    <p class='ocr_par' dir='ltr' id='par_1_54' title="bbox 349 4859 2000 4941">
     <span class='ocr_line' id='line_1_54' title="bbox 349 4859 2000 4941; baseline -0.011 -11"><span class='ocrx_word' id='word_1_392' title='bbox 349 4877 607 4932; x_wconf 91' lang='lat' dir='ltr'>Domum</span> <span class='ocrx_word' id='word_1_393' title='bbox 687 4870 1024 4930; x_wconf 91' lang='lat' dir='ltr'>Salomonis</span> <span class='ocrx_word' id='word_1_394' title='bbox 1083 4867 1324 4941; x_wconf 79' lang='lat' dir='ltr'>plenam</span> <span class='ocrx_word' id='word_1_395' title='bbox 1410 4863 1595 4920; x_wconf 87' lang='lat' dir='ltr'>fuisse</span> <span class='ocrx_word' id='word_1_396' title='bbox 1649 4859 2000 4916; x_wconf 87' lang='lat' dir='ltr'>mulieribus</span> 
     </span>
    </p>
   </div>
   <div class='ocr_carea' id='block_1_55' title="bbox 349 4950 1998 5036">
    <p class='ocr_par' dir='ltr' id='par_1_55' title="bbox 349 4950 1998 5036">
     <span class='ocr_line' id='line_1_55' title="bbox 349 4950 1998 5036; baseline -0.011 -15"><span class='ocrx_word' id='word_1_397' title='bbox 349 4965 580 5036; x_wconf 88' lang='lat' dir='ltr'>alienis,</span> <span class='ocrx_word' id='word_1_398' title='bbox 635 4963 836 5020; x_wconf 91' lang='lat' dir='ltr'>nullus</span> <span class='ocrx_word' id='word_1_399' title='bbox 887 4960 990 5034; x_wconf 87' lang='lat' dir='ltr'>qui</span> <span class='ocrx_word' id='word_1_400' title='bbox 1019 4974 1222 5016; x_wconf 89' lang='lat' dir='ltr'>sacras</span> <span class='ocrx_word' id='word_1_401' title='bbox 1245 4955 1471 5012; x_wconf 88' lang='lat' dir='ltr'>litteras</span> <span class='ocrx_word' id='word_1_402' title='bbox 1525 4951 1709 5017; x_wconf 89' lang='lat' dir='ltr'>novit,</span> <span class='ocrx_word' id='word_1_403' title='bbox 1739 4950 1998 5018; x_wconf 86' lang='lat' dir='ltr'>ignorat.</span> 
     </span>
    </p>
   </div>
   <div class='ocr_carea' id='block_1_56' title="bbox 349 5037 2000 5122">
    <p class='ocr_par' dir='ltr' id='par_1_56' title="bbox 349 5037 2000 5122">
     <span class='ocr_line' id='line_1_56' title="bbox 349 5037 2000 5122; baseline -0.012 -13"><span class='ocrx_word' id='word_1_404' title='bbox 349 5058 574 5110; x_wconf 91' lang='lat' dir='ltr'>Domus</span> <span class='ocrx_word' id='word_1_405' title='bbox 597 5052 773 5122; x_wconf 86' lang='lat' dir='ltr'>igitur</span> <span class='ocrx_word' id='word_1_406' title='bbox 787 5049 1000 5120; x_wconf 89' lang='lat' dir='ltr'>ﬁdelis,</span> <span class='ocrx_word' id='word_1_407' title='bbox 1019 5053 1227 5104; x_wconf 90' lang='lat' dir='ltr'>sancta</span> <span class='ocrx_word' id='word_1_408' title='bbox 1248 5037 1512 5101; x_wconf 77' lang='lat' dir='ltr'>Ecclesia</span> <span class='ocrx_word' id='word_1_409' title='bbox 1539 5039 1844 5115; x_wconf 88' lang='lat' dir='ltr'>accipitur,</span> <span class='ocrx_word' id='word_1_410' title='bbox 1863 5052 2000 5111; x_wconf 69' lang='lat' dir='ltr'>quas</span> 
     </span>
    </p>
   </div>
   <div class='ocr_carea' id='block_1_57' title="bbox 347 5127 2002 5210">
    <p class='ocr_par' dir='ltr' id='par_1_57' title="bbox 347 5127 2002 5210">
     <span class='ocr_line' id='line_1_57' title="bbox 347 5127 2002 5210; baseline -0.01 -12"><span class='ocrx_word' id='word_1_411' title='bbox 347 5157 552 5198; x_wconf 91' lang='lat' dir='ltr'>coram</span> <span class='ocrx_word' id='word_1_412' title='bbox 573 5139 828 5195; x_wconf 91' lang='lat' dir='ltr'>Domino</span> <span class='ocrx_word' id='word_1_413' title='bbox 853 5153 1043 5210; x_wconf 91' lang='lat' dir='ltr'>usque</span> <span class='ocrx_word' id='word_1_414' title='bbox 1072 5137 1134 5192; x_wconf 89' lang='lat' dir='ltr'>in</span> <span class='ocrx_word' id='word_1_415' title='bbox 1158 5141 1448 5192; x_wconf 66' lang='lat' dir='ltr'>aeternum</span> <span class='ocrx_word' id='word_1_416' title='bbox 1478 5133 1808 5204; x_wconf 84' lang='lat' dir='ltr'>permanet.</span> <span class='ocrx_word' id='word_1_417' title='bbox 1835 5127 2002 5182; x_wconf 86' lang='lat' dir='ltr'>Hanc</span> 
     </span>
    </p>
   </div>
   <div class='ocr_carea' id='block_1_58' title="bbox 346 5217 1997 5288">
    <p class='ocr_par' dir='ltr' id='par_1_58' title="bbox 346 5217 1997 5288">
     <span class='ocr_line' id='line_1_58' title="bbox 346 5217 1997 5288; baseline -0.01 0"><span class='ocrx_word' id='word_1_418' title='bbox 346 5232 507 5288; x_wconf 91' lang='lat' dir='ltr'>enim</span> <span class='ocrx_word' id='word_1_419' title='bbox 543 5229 799 5286; x_wconf 90' lang='lat' dir='ltr'>domum</span> <span class='ocrx_word' id='word_1_420' title='bbox 828 5232 886 5282; x_wconf 90' lang='lat' dir='ltr'>et</span> <span class='ocrx_word' id='word_1_421' title='bbox 913 5242 1024 5282; x_wconf 89' lang='lat' dir='ltr'>nos</span> <span class='ocrx_word' id='word_1_422' title='bbox 1055 5223 1490 5280; x_wconf 75' lang='lat' dir='ltr'>zediﬁcabimus</span> <span class='ocrx_word' id='word_1_423' title='bbox 1515 5221 1668 5275; x_wconf 90' lang='lat' dir='ltr'>bene</span> <span class='ocrx_word' id='word_1_424' title='bbox 1715 5217 1997 5285; x_wconf 89' lang='lat' dir='ltr'>vivendo,</span> 
     </span>
    </p>
   </div>
   <div class='ocr_carea' id='block_1_59' title="bbox 346 5307 2002 5391">
    <p class='ocr_par' dir='ltr' id='par_1_59' title="bbox 346 5307 2002 5391">
     <span class='ocr_line' id='line_1_59' title="bbox 346 5307 2002 5391; baseline -0.01 -13"><span class='ocrx_word' id='word_1_425' title='bbox 346 5327 404 5378; x_wconf 89' lang='lat' dir='ltr'>et</span> <span class='ocrx_word' id='word_1_426' title='bbox 451 5323 628 5391; x_wconf 90' lang='lat' dir='ltr'>Deus,</span> <span class='ocrx_word' id='word_1_427' title='bbox 687 5323 752 5374; x_wconf 92' lang='lat' dir='ltr'>ut</span> <span class='ocrx_word' id='word_1_428' title='bbox 797 5317 952 5372; x_wconf 90' lang='lat' dir='ltr'>bene</span> <span class='ocrx_word' id='word_1_429' title='bbox 1011 5315 1312 5378; x_wconf 89' lang='lat' dir='ltr'>vivamus,</span> <span class='ocrx_word' id='word_1_430' title='bbox 1377 5309 1730 5384; x_wconf 89' lang='lat' dir='ltr'>opitulando</span> <span class='ocrx_word' id='word_1_431' title='bbox 1788 5325 1802 5364; x_wconf 92' lang='lat'><strong>:</strong></span> <span class='ocrx_word' id='word_1_432' title='bbox 1856 5307 2002 5380; x_wconf 89' lang='lat' dir='ltr'>quia</span> 
     </span>
    </p>
   </div>
   <div class='ocr_carea' id='block_1_60' title="bbox 349 5396 2002 5470">
    <p class='ocr_par' dir='ltr' id='par_1_60' title="bbox 349 5396 2002 5470">
     <span class='ocr_line' id='line_1_60' title="bbox 349 5396 2002 5470; baseline -0.01 -3"><span class='ocrx_word' id='word_1_433' title='bbox 349 5433 376 5461; x_wconf 85' lang='lat'><strong><em>«</em></strong></span> <span class='ocrx_word' id='word_1_434' title='bbox 415 5410 536 5466; x_wconf 88' lang='lat' dir='ltr'>nisi</span> <span class='ocrx_word' id='word_1_435' title='bbox 565 5409 850 5466; x_wconf 91' lang='lat' dir='ltr'>dominus</span> <span class='ocrx_word' id='word_1_436' title='bbox 882 5401 1261 5460; x_wconf 68' lang='lat' dir='ltr'>aediﬁcaverit</span> <span class='ocrx_word' id='word_1_437' title='bbox 1289 5402 1563 5470; x_wconf 90' lang='lat' dir='ltr'>domum,</span> <span class='ocrx_word' id='word_1_438' title='bbox 1587 5399 1648 5454; x_wconf 91' lang='lat' dir='ltr'>in</span> <span class='ocrx_word' id='word_1_439' title='bbox 1679 5413 1901 5454; x_wconf 89' lang='lat' dir='ltr'>vanum</span> <span class='ocrx_word' id='word_1_440' title='bbox 1920 5396 2002 5452; x_wconf 88' lang='lat' dir='ltr'>la-</span> 
     </span>
    </p>
   </div>
   <div class='ocr_carea' id='block_1_61' title="bbox 343 5490 2000 5569">
    <p class='ocr_par' dir='ltr' id='par_1_61' title="bbox 343 5490 2000 5569">
     <span class='ocr_line' id='line_1_61' title="bbox 343 5490 2000 5569; baseline -0.007 -14"><span class='ocrx_word' id='word_1_441' title='bbox 343 5498 711 5554; x_wconf 89' lang='lat' dir='ltr'>boraverunt</span> <span class='ocrx_word' id='word_1_442' title='bbox 733 5495 837 5569; x_wconf 88' lang='lat' dir='ltr'>qui</span> <span class='ocrx_word' id='word_1_443' title='bbox 868 5494 1168 5551; x_wconf 69' lang='lat' dir='ltr'>aediﬁcant</span> <span class='ocrx_word' id='word_1_444' title='bbox 1207 5508 1341 5548; x_wconf 91' lang='lat' dir='ltr'>eam</span> <span class='ocrx_word' id='word_1_445' title='bbox 1358 5490 1546 5558; x_wconf 85' lang='lat' dir='ltr'>(Psal.</span> <span class='ocrx_word' id='word_1_446' title='bbox 1576 5490 1786 5559; x_wconf 71' lang='lat' dir='ltr'>cxxvr).</span> <span class='ocrx_word' id='word_1_447' title='bbox 1813 5509 1842 5537; x_wconf 86' lang='grc'><strong>››</strong></span> <span class='ocrx_word' id='word_1_448' title='bbox 1885 5492 2000 5544; x_wconf 87' lang='lat' dir='ltr'>Cu-</span> 
     </span>
    </p>
   </div>
   <div class='ocr_carea' id='block_1_62' title="bbox 339 5578 1997 5661">
    <p class='ocr_par' dir='ltr' id='par_1_62' title="bbox 339 5578 1997 5661">
     <span class='ocr_line' id='line_1_62' title="bbox 339 5578 1997 5661; baseline -0.007 -17"><span class='ocrx_word' id='word_1_449' title='bbox 339 5590 441 5661; x_wconf 89' lang='lat' dir='ltr'>jus</span> <span class='ocrx_word' id='word_1_450' title='bbox 471 5588 688 5644; x_wconf 90' lang='lat' dir='ltr'>domus</span> <span class='ocrx_word' id='word_1_451' title='bbox 711 5605 849 5643; x_wconf 90' lang='lat' dir='ltr'>cum</span> <span class='ocrx_word' id='word_1_452' title='bbox 874 5584 1098 5642; x_wconf 90' lang='lat' dir='ltr'>venerit</span> <span class='ocrx_word' id='word_1_453' title='bbox 1117 5583 1324 5640; x_wconf 88' lang='lat' dir='ltr'>ultima</span> <span class='ocrx_word' id='word_1_454' title='bbox 1336 5579 1800 5648; x_wconf 87' lang='lat' dir='ltr'>dedicatio,tuuc</span> <span class='ocrx_word' id='word_1_455' title='bbox 1817 5579 1916 5634; x_wconf 85' lang='lat' dir='ltr'>ﬁet</span> <span class='ocrx_word' id='word_1_456' title='bbox 1930 5578 1997 5634; x_wconf 91' lang='lat' dir='ltr'>i1-</span> 
     </span>
    </p>
   </div>
   <div class='ocr_carea' id='block_1_63' title="bbox 345 5669 1996 5751">
    <p class='ocr_par' dir='ltr' id='par_1_63' title="bbox 345 5669 1996 5751">
     <span class='ocr_line' id='line_1_63' title="bbox 345 5669 1996 5751; baseline -0.005 -17"><span class='ocrx_word' id='word_1_457' title='bbox 345 5677 453 5734; x_wconf 91' lang='lat' dir='ltr'>lud</span> <span class='ocrx_word' id='word_1_458' title='bbox 467 5677 632 5751; x_wconf 89' lang='lat' dir='ltr'>quod</span> <span class='ocrx_word' id='word_1_459' title='bbox 647 5680 801 5732; x_wconf 89' lang='lat' dir='ltr'>Deus</span> <span class='ocrx_word' id='word_1_460' title='bbox 813 5676 908 5732; x_wconf 93' lang='lat' dir='ltr'>hic</span> <span class='ocrx_word' id='word_1_461' title='bbox 920 5691 1026 5748; x_wconf 90' lang='lat' dir='ltr'>per</span> <span class='ocrx_word' id='word_1_462' title='bbox 1039 5675 1270 5732; x_wconf 86' lang='lat' dir='ltr'>Nathan</span> <span class='ocrx_word' id='word_1_463' title='bbox 1285 5672 1520 5728; x_wconf 87' lang='lat' dir='ltr'>locutus</span> <span class='ocrx_word' id='word_1_464' title='bbox 1538 5675 1624 5726; x_wconf 88' lang='lat' dir='ltr'>est</span> <span class='ocrx_word' id='word_1_465' title='bbox 1639 5669 1870 5736; x_wconf 88' lang='lat' dir='ltr'>dicens;</span> <span class='ocrx_word' id='word_1_466' title='bbox 1887 5692 1913 5718; x_wconf 83' lang='lat'>«</span> <span class='ocrx_word' id='word_1_467' title='bbox 1935 5673 1996 5725; x_wconf 87' lang='lat' dir='ltr'>Et</span> 
     </span>
    </p>
   </div>
   <div class='ocr_carea' id='block_1_64' title="bbox 345 5757 1995 5842">
    <p class='ocr_par' dir='ltr' id='par_1_64' title="bbox 345 5757 1995 5842">
     <span class='ocr_line' id='line_1_64' title="bbox 345 5757 1995 5842; baseline -0.005 -20"><span class='ocrx_word' id='word_1_468' title='bbox 345 5791 377 5822; x_wconf 76' lang='grc' dir='ltr'><strong><em>α</em></strong></span> <span class='ocrx_word' id='word_1_469' title='bbox 397 5766 836 5842; x_wconf 90' lang='lat' dir='ltr'>ponamlocum</span> <span class='ocrx_word' id='word_1_470' title='bbox 847 5765 1074 5838; x_wconf 86' lang='lat' dir='ltr'>populo</span> <span class='ocrx_word' id='word_1_471' title='bbox 1087 5781 1226 5822; x_wconf 90' lang='lat' dir='ltr'>meo</span> <span class='ocrx_word' id='word_1_472' title='bbox 1236 5763 1440 5832; x_wconf 89' lang='lat' dir='ltr'>Israel,</span> <span class='ocrx_word' id='word_1_473' title='bbox 1455 5766 1513 5819; x_wconf 83' lang='lat' dir='ltr'>et</span> <span class='ocrx_word' id='word_1_474' title='bbox 1526 5757 1995 5834; x_wconf 83' lang='lat' dir='ltr'>piantaboillum</span> 
     </span>
    </p>
   </div>
   <div class='ocr_carea' id='block_1_65' title="bbox 2048 1768 2086 1821">
    <p class='ocr_par' dir='ltr' id='par_1_65' title="bbox 2048 1768 2086 1821">
     <span class='ocr_line' id='line_1_65' title="bbox 2048 1768 2086 1821; baseline -0.026 0"><span class='ocrx_word' id='word_1_475' title='bbox 2048 1768 2086 1821; x_wconf 81' lang='grc' dir='ltr'><strong>Β</strong></span> 
     </span>
    </p>
   </div>
   <div class='ocr_carea' id='block_1_66' title="bbox 2114 475 3780 550">
    <p class='ocr_par' dir='ltr' id='par_1_66' title="bbox 2114 475 3780 550">
     <span class='ocr_line' id='line_1_66' title="bbox 2114 475 3780 550; baseline -0.001 -18"><span class='ocrx_word' id='word_1_476' title='bbox 2114 499 2141 526; x_wconf 90' lang='grc'><strong>‹‹</strong></span> <span class='ocrx_word' id='word_1_477' title='bbox 2184 482 2293 544; x_wconf 86' lang='lat' dir='ltr'>tra,</span> <span class='ocrx_word' id='word_1_478' title='bbox 2322 483 2378 534; x_wconf 92' lang='lat' dir='ltr'>et</span> <span class='ocrx_word' id='word_1_479' title='bbox 2413 495 2537 535; x_wconf 91' lang='lat' dir='ltr'>non</span> <span class='ocrx_word' id='word_1_480' title='bbox 2580 483 2844 550; x_wconf 87' lang='lat' dir='ltr'>apponet</span> <span class='ocrx_word' id='word_1_481' title='bbox 2869 477 3025 533; x_wconf 82' lang='lat' dir='ltr'>illius</span> <span class='ocrx_word' id='word_1_482' title='bbox 3073 477 3400 550; x_wconf 83' lang='lat' dir='ltr'>iniquitatis</span> <span class='ocrx_word' id='word_1_483' title='bbox 3447 475 3780 532; x_wconf 84' lang='lat' dir='ltr'>humiliare</span> 
     </span>
    </p>
   </div>
   <div class='ocr_carea' id='block_1_67' title="bbox 2113 561 3778 634">
    <p class='ocr_par' dir='ltr' id='par_1_67' title="bbox 2113 561 3778 634">
     <span class='ocr_line' id='line_1_67' title="bbox 2113 561 3778 634; baseline -0.001 -17"><span class='ocrx_word' id='word_1_484' title='bbox 2113 583 2140 611; x_wconf 84' lang='lat'><strong>«</strong></span> <span class='ocrx_word' id='word_1_485' title='bbox 2183 579 2321 618; x_wconf 88' lang='lat' dir='ltr'>eum</span> <span class='ocrx_word' id='word_1_486' title='bbox 2353 564 2502 620; x_wconf 84' lang='lat' dir='ltr'>sicut</span> <span class='ocrx_word' id='word_1_487' title='bbox 2550 563 2628 620; x_wconf 89' lang='lat' dir='ltr'>ab</span> <span class='ocrx_word' id='word_1_488' title='bbox 2657 564 2843 629; x_wconf 87' lang='lat' dir='ltr'>initio,</span> <span class='ocrx_word' id='word_1_489' title='bbox 2879 579 2914 618; x_wconf 90' lang='lat' dir='ltr'>a</span> <span class='ocrx_word' id='word_1_490' title='bbox 2954 562 3170 619; x_wconf 82' lang='lat' dir='ltr'>diebus</span> <span class='ocrx_word' id='word_1_491' title='bbox 3211 562 3436 634; x_wconf 75' lang='lat' dir='ltr'>quibus</span> <span class='ocrx_word' id='word_1_492' title='bbox 3487 561 3778 618; x_wconf 82' lang='lat' dir='ltr'>constitui</span> 
     </span>
    </p>
   </div>
   <div class='ocr_carea' id='block_1_68' title="bbox 2114 650 3782 724">
    <p class='ocr_par' dir='ltr' id='par_1_68' title="bbox 2114 650 3782 724">
     <span class='ocr_line' id='line_1_68' title="bbox 2114 650 3782 724; baseline 0.002 -19"><span class='ocrx_word' id='word_1_493' title='bbox 2114 671 2142 700; x_wconf 87' lang='grc'>‹‹</span> <span class='ocrx_word' id='word_1_494' title='bbox 2177 651 2410 720; x_wconf 86' lang='lat' dir='ltr'>judiees</span> <span class='ocrx_word' id='word_1_495' title='bbox 2436 669 2619 724; x_wconf 89' lang='lat' dir='ltr'>super</span> <span class='ocrx_word' id='word_1_496' title='bbox 2647 652 2942 724; x_wconf 88' lang='lat' dir='ltr'>populum</span> <span class='ocrx_word' id='word_1_497' title='bbox 2975 667 3150 708; x_wconf 82' lang='lat' dir='ltr'>suum</span> <span class='ocrx_word' id='word_1_498' title='bbox 3184 650 3380 708; x_wconf 81' lang='lat' dir='ltr'>Israel.</span> <span class='ocrx_word' id='word_1_499' title='bbox 3417 671 3446 699; x_wconf 72' lang='grc' dir='ltr'><strong><em>ι</em></strong></span> <span class='ocrx_word' id='word_1_500' title='bbox 3503 653 3626 710; x_wconf 86' lang='lat' dir='ltr'>Iloc</span> <span class='ocrx_word' id='word_1_501' title='bbox 3655 655 3782 708; x_wconf 81' lang='lat' dir='ltr'>tum</span> 
     </span>
    </p>
   </div>
   <div class='ocr_carea' id='block_1_69' title="bbox 2113 738 3782 812">
    <p class='ocr_par' dir='ltr' id='par_1_69' title="bbox 2113 738 3782 812">
     <span class='ocr_line' id='line_1_69' title="bbox 2113 738 3782 812; baseline 0 -18"><span class='ocrx_word' id='word_1_502' title='bbox 2113 755 2406 809; x_wconf 85' lang='lat' dir='ltr'>magnum</span> <span class='ocrx_word' id='word_1_503' title='bbox 2436 741 2687 808; x_wconf 91' lang='lat' dir='ltr'>bonum,</span> <span class='ocrx_word' id='word_1_504' title='bbox 2713 741 2984 812; x_wconf 79' lang='lat' dir='ltr'>quisquis</span> <span class='ocrx_word' id='word_1_505' title='bbox 3014 755 3074 796; x_wconf 84' lang='lat' dir='ltr'>in</span> <span class='ocrx_word' id='word_1_506' title='bbox 3097 741 3210 797; x_wconf 88' lang='lat' dir='ltr'>hoc</span> <span class='ocrx_word' id='word_1_507' title='bbox 3243 738 3464 794; x_wconf 70' lang='lat' dir='ltr'>saeculo</span> <span class='ocrx_word' id='word_1_508' title='bbox 3495 739 3639 796; x_wconf 84' lang='lat' dir='ltr'>etin</span> <span class='ocrx_word' id='word_1_509' title='bbox 3665 739 3782 799; x_wconf 83' lang='lat' dir='ltr'>hac</span> 
     </span>
    </p>
   </div>
   <div class='ocr_carea' id='block_1_70' title="bbox 2112 827 3784 901">
    <p class='ocr_par' dir='ltr' id='par_1_70' title="bbox 2112 827 3784 901">
     <span class='ocr_line' id='line_1_70' title="bbox 2112 827 3784 901; baseline 0 -19"><span class='ocrx_word' id='word_1_510' title='bbox 2112 831 2268 883; x_wconf 87' lang='lat' dir='ltr'>terra</span> <span class='ocrx_word' id='word_1_511' title='bbox 2293 833 2494 900; x_wconf 87' lang='lat' dir='ltr'>sperat</span> <span class='ocrx_word' id='word_1_512' title='bbox 2522 830 2866 901; x_wconf 84' lang='lat' dir='ltr'>insipienter</span> <span class='ocrx_word' id='word_1_513' title='bbox 2885 829 3059 901; x_wconf 86' lang='lat' dir='ltr'>sapit,</span> <span class='ocrx_word' id='word_1_514' title='bbox 3079 833 3184 884; x_wconf 84' lang='lat' dir='ltr'>aut</span> <span class='ocrx_word' id='word_1_515' title='bbox 3208 827 3512 900; x_wconf 84' lang='lat' dir='ltr'>quispiam</span> <span class='ocrx_word' id='word_1_516' title='bbox 3546 827 3784 898; x_wconf 82' lang='lat' dir='ltr'>putavit</span> 
     </span>
    </p>
   </div>
   <div class='ocr_carea' id='block_1_71' title="bbox 2113 915 3784 989">
    <p class='ocr_par' dir='ltr' id='par_1_71' title="bbox 2113 915 3784 989">
     <span class='ocr_line' id='line_1_71' title="bbox 2113 915 3784 989; baseline -0.001 -19"><span class='ocrx_word' id='word_1_517' title='bbox 2113 916 2174 970; x_wconf 90' lang='lat' dir='ltr'>in</span> <span class='ocrx_word' id='word_1_518' title='bbox 2206 932 2349 988; x_wconf 85' lang='lat' dir='ltr'>pace</span> <span class='ocrx_word' id='word_1_519' title='bbox 2377 918 2713 973; x_wconf 89' lang='lat' dir='ltr'>Salomonis</span> <span class='ocrx_word' id='word_1_520' title='bbox 2747 919 2804 972; x_wconf 90' lang='lat' dir='ltr'>id</span> <span class='ocrx_word' id='word_1_521' title='bbox 2834 933 2962 972; x_wconf 85' lang='lat' dir='ltr'>esse</span> <span class='ocrx_word' id='word_1_522' title='bbox 2987 917 3495 989; x_wconf 78' lang='lat' dir='ltr'>completum,aut</span> <span class='ocrx_word' id='word_1_523' title='bbox 3519 915 3784 985; x_wconf 83' lang='lat' dir='ltr'>alicujus</span> 
     </span>
    </p>
   </div>
   <div class='ocr_carea' id='block_1_72' title="bbox 2113 1003 3786 1078">
    <p class='ocr_par' dir='ltr' id='par_1_72' title="bbox 2113 1003 3786 1078">
     <span class='ocr_line' id='line_1_72' title="bbox 2113 1003 3786 1078; baseline -0.002 -18"><span class='ocrx_word' id='word_1_524' title='bbox 2113 1005 2352 1062; x_wconf 85' lang='lat' dir='ltr'>alterius</span> <span class='ocrx_word' id='word_1_525' title='bbox 2381 1023 2586 1076; x_wconf 87' lang='lat' dir='ltr'>regno.</span> <span class='ocrx_word' id='word_1_526' title='bbox 2622 1011 2770 1063; x_wconf 75' lang='lat' dir='ltr'>Nam</span> <span class='ocrx_word' id='word_1_527' title='bbox 2800 1006 3170 1078; x_wconf 85' lang='lat' dir='ltr'>temporibus</span> <span class='ocrx_word' id='word_1_528' title='bbox 3196 1005 3468 1076; x_wconf 85' lang='lat' dir='ltr'>judicum</span> <span class='ocrx_word' id='word_1_529' title='bbox 3499 1003 3786 1062; x_wconf 82' lang='lat' dir='ltr'>humilia-</span> 
     </span>
    </p>
   </div>
   <div class='ocr_carea' id='block_1_73' title="bbox 2115 1093 3779 1169">
    <p class='ocr_par' dir='ltr' id='par_1_73' title="bbox 2115 1093 3779 1169">
     <span class='ocr_line' id='line_1_73' title="bbox 2115 1093 3779 1169; baseline -0.001 -18"><span class='ocrx_word' id='word_1_530' title='bbox 2115 1096 2197 1152; x_wconf 88' lang='lat' dir='ltr'>vit</span> <span class='ocrx_word' id='word_1_531' title='bbox 2225 1112 2362 1150; x_wconf 89' lang='lat' dir='ltr'>eum</span> <span class='ocrx_word' id='word_1_532' title='bbox 2393 1095 2548 1152; x_wconf 89' lang='lat' dir='ltr'>ﬁlius</span> <span class='ocrx_word' id='word_1_533' title='bbox 2573 1095 2922 1169; x_wconf 81' lang='lat' dir='ltr'>iniquitatis,</span> <span class='ocrx_word' id='word_1_534' title='bbox 2949 1097 3063 1151; x_wconf 89' lang='lat' dir='ltr'>hoc</span> <span class='ocrx_word' id='word_1_535' title='bbox 3089 1095 3382 1168; x_wconf 63' lang='lat' dir='ltr'>estjliostis</span> <span class='ocrx_word' id='word_1_536' title='bbox 3412 1093 3779 1162; x_wconf 75' lang='lat' dir='ltr'>alienigena,</span> 
     </span>
    </p>
   </div>
   <div class='ocr_carea' id='block_1_74' title="bbox 2112 1182 3777 1258">
    <p class='ocr_par' dir='ltr' id='par_1_74' title="bbox 2112 1182 3777 1258">
     <span class='ocr_line' id='line_1_74' title="bbox 2112 1182 3777 1258; baseline 0 -18"><span class='ocrx_word' id='word_1_537' title='bbox 2112 1203 2220 1258; x_wconf 90' lang='lat' dir='ltr'>per</span> <span class='ocrx_word' id='word_1_538' title='bbox 2261 1187 2571 1242; x_wconf 87' lang='lat' dir='ltr'>intervalla</span> <span class='ocrx_word' id='word_1_539' title='bbox 2597 1192 2956 1258; x_wconf 87' lang='lat' dir='ltr'>temporum,</span> <span class='ocrx_word' id='word_1_540' title='bbox 2985 1191 3042 1242; x_wconf 92' lang='lat' dir='ltr'>et</span> <span class='ocrx_word' id='word_1_541' title='bbox 3087 1184 3473 1241; x_wconf 88' lang='lat' dir='ltr'>inveniuntur</span> <span class='ocrx_word' id='word_1_542' title='bbox 3514 1182 3632 1240; x_wconf 88' lang='lat' dir='ltr'>illic</span> <span class='ocrx_word' id='word_1_543' title='bbox 3664 1199 3777 1254; x_wconf 83' lang='lat' dir='ltr'>pa-</span> 
     </span>
    </p>
   </div>
   <div class='ocr_carea' id='block_1_75' title="bbox 2115 1272 3780 1349">
    <p class='ocr_par' dir='ltr' id='par_1_75' title="bbox 2115 1272 3780 1349">
     <span class='ocr_line' id='line_1_75' title="bbox 2115 1272 3780 1349; baseline -0.003 -18"><span class='ocrx_word' id='word_1_544' title='bbox 2115 1276 2198 1331; x_wconf 89' lang='lat' dir='ltr'>cis</span> <span class='ocrx_word' id='word_1_545' title='bbox 2247 1280 2518 1348; x_wconf 88' lang='lat' dir='ltr'>tempora</span> <span class='ocrx_word' id='word_1_546' title='bbox 2572 1277 2915 1349; x_wconf 81' lang='lat' dir='ltr'>prolixiora,</span> <span class='ocrx_word' id='word_1_547' title='bbox 2974 1292 3160 1348; x_wconf 90' lang='lat' dir='ltr'>quam</span> <span class='ocrx_word' id='word_1_548' title='bbox 3206 1274 3490 1330; x_wconf 86' lang='lat' dir='ltr'>Salomon</span> <span class='ocrx_word' id='word_1_549' title='bbox 3541 1272 3780 1340; x_wconf 79' lang='lat' dir='ltr'>habuit,</span> 
     </span>
    </p>
   </div>
   <div class='ocr_carea' id='block_1_76' title="bbox 2113 1361 3781 1439">
    <p class='ocr_par' dir='ltr' id='par_1_76' title="bbox 2113 1361 3781 1439">
     <span class='ocr_line' id='line_1_76' title="bbox 2113 1361 3781 1439; baseline -0.004 -18"><span class='ocrx_word' id='word_1_550' title='bbox 2113 1366 2216 1439; x_wconf 90' lang='lat' dir='ltr'>qui</span> <span class='ocrx_word' id='word_1_551' title='bbox 2246 1367 2648 1438; x_wconf 82' lang='lat' dir='ltr'>quadraginta</span> <span class='ocrx_word' id='word_1_552' title='bbox 2689 1383 2882 1421; x_wconf 89' lang='lat' dir='ltr'>annos</span> <span class='ocrx_word' id='word_1_553' title='bbox 2915 1365 3205 1434; x_wconf 81' lang='lat' dir='ltr'>regnavit.</span> <span class='ocrx_word' id='word_1_554' title='bbox 3252 1367 3401 1419; x_wconf 67' lang='lat' dir='ltr'>Nam</span> <span class='ocrx_word' id='word_1_555' title='bbox 3435 1361 3549 1417; x_wconf 89' lang='lat' dir='ltr'>sub</span> <span class='ocrx_word' id='word_1_556' title='bbox 3579 1377 3654 1416; x_wconf 89' lang='lat' dir='ltr'>eo</span> <span class='ocrx_word' id='word_1_557' title='bbox 3675 1361 3781 1431; x_wconf 81' lang='lat' dir='ltr'>ju—</span> 
     </span>
    </p>
   </div>
   <div class='ocr_carea' id='block_1_77' title="bbox 2113 1452 3784 1528">
    <p class='ocr_par' dir='ltr' id='par_1_77' title="bbox 2113 1452 3784 1528">
     <span class='ocr_line' id='line_1_77' title="bbox 2113 1452 3784 1528; baseline -0.003 -17"><span class='ocrx_word' id='word_1_558' title='bbox 2113 1456 2266 1526; x_wconf 91' lang='lat' dir='ltr'>dice,</span> <span class='ocrx_word' id='word_1_559' title='bbox 2297 1457 2401 1528; x_wconf 85' lang='lat' dir='ltr'>qui</span> <span class='ocrx_word' id='word_1_560' title='bbox 2430 1461 2518 1512; x_wconf 90' lang='lat' dir='ltr'>est</span> <span class='ocrx_word' id='word_1_561' title='bbox 2545 1457 2880 1528; x_wconf 85' lang='lat' dir='ltr'>appellatus</span> <span class='ocrx_word' id='word_1_562' title='bbox 2907 1455 3056 1525; x_wconf 83' lang='lat' dir='ltr'>Aod,</span> <span class='ocrx_word' id='word_1_563' title='bbox 3087 1455 3391 1523; x_wconf 86' lang='lat' dir='ltr'>octoginta</span> <span class='ocrx_word' id='word_1_564' title='bbox 3423 1453 3565 1511; x_wconf 86' lang='lat' dir='ltr'>anni</span> <span class='ocrx_word' id='word_1_565' title='bbox 3608 1452 3784 1524; x_wconf 82' lang='lat' dir='ltr'>pacis</span> 
     </span>
    </p>
   </div>
   <div class='ocr_carea' id='block_1_78' title="bbox 2115 1541 3783 1617">
    <p class='ocr_par' dir='ltr' id='par_1_78' title="bbox 2115 1541 3783 1617">
     <span class='ocr_line' id='line_1_78' title="bbox 2115 1541 3783 1617; baseline -0.001 -17"><span class='ocrx_word' id='word_1_566' title='bbox 2115 1545 2372 1603; x_wconf 86' lang='lat' dir='ltr'>fuerunt.</span> <span class='ocrx_word' id='word_1_567' title='bbox 2402 1547 2567 1602; x_wconf 81' lang='lat' dir='ltr'>Absit</span> <span class='ocrx_word' id='word_1_568' title='bbox 2595 1563 2738 1617; x_wconf 89' lang='lat' dir='ltr'>ergo</span> <span class='ocrx_word' id='word_1_569' title='bbox 2770 1552 2834 1602; x_wconf 92' lang='lat' dir='ltr'>ut</span> <span class='ocrx_word' id='word_1_570' title='bbox 2865 1545 3170 1603; x_wconf 84' lang='lat' dir='ltr'>Salomoni</span> <span class='ocrx_word' id='word_1_571' title='bbox 3202 1546 3338 1615; x_wconf 65' lang='lat' dir='ltr'>&#39;ghaec</span> <span class='ocrx_word' id='word_1_572' title='bbox 3373 1549 3667 1615; x_wconf 89' lang='lat' dir='ltr'>tempora,</span> <span class='ocrx_word' id='word_1_573' title='bbox 3717 1541 3783 1599; x_wconf 87' lang='lat' dir='ltr'>in</span> 
     </span>
    </p>
   </div>
   <div class='ocr_carea' id='block_1_79' title="bbox 2114 1635 3783 1708">
    <p class='ocr_par' dir='ltr' id='par_1_79' title="bbox 2114 1635 3783 1708">
     <span class='ocr_line' id='line_1_79' title="bbox 2114 1635 3783 1708; baseline -0.003 -16"><span class='ocrx_word' id='word_1_574' title='bbox 2114 1637 2227 1692; x_wconf 88' lang='lat' dir='ltr'>hac</span> <span class='ocrx_word' id='word_1_575' title='bbox 2253 1638 2668 1708; x_wconf 62' lang='lat' dir='ltr'>promissione,</span> <span class='ocrx_word' id='word_1_576' title='bbox 2699 1636 3001 1708; x_wconf 87' lang='lat' dir='ltr'>promissa</span> <span class='ocrx_word' id='word_1_577' title='bbox 3049 1651 3176 1690; x_wconf 86' lang='lat' dir='ltr'>esse</span> <span class='ocrx_word' id='word_1_578' title='bbox 3210 1635 3544 1692; x_wconf 85' lang='lat' dir='ltr'>credentur.</span> <span class='ocrx_word' id='word_1_579' title='bbox 3581 1635 3783 1689; x_wconf 84' lang='lat' dir='ltr'>Locus</span> 
     </span>
    </p>
   </div>
   <div class='ocr_carea' id='block_1_80' title="bbox 2115 1721 3786 1799">
    <p class='ocr_par' dir='ltr' id='par_1_80' title="bbox 2115 1721 3786 1799">
     <span class='ocr_line' id='line_1_80' title="bbox 2115 1721 3786 1799; baseline -0.002 -17"><span class='ocrx_word' id='word_1_580' title='bbox 2115 1743 2258 1795; x_wconf 84' lang='lat' dir='ltr'>ergo</span> <span class='ocrx_word' id='word_1_581' title='bbox 2284 1727 2386 1799; x_wconf 89' lang='lat' dir='ltr'>qui</span> <span class='ocrx_word' id='word_1_582' title='bbox 2413 1727 2790 1799; x_wconf 79' lang='lat' dir='ltr'>promittitur,</span> <span class='ocrx_word' id='word_1_583' title='bbox 2838 1731 2960 1782; x_wconf 90' lang='lat' dir='ltr'>tam</span> <span class='ocrx_word' id='word_1_584' title='bbox 3010 1730 3240 1798; x_wconf 71' lang='lat' dir='ltr'>pacata:</span> <span class='ocrx_word' id='word_1_585' title='bbox 3262 1741 3332 1780; x_wconf 89' lang='lat' dir='ltr'>ac</span> <span class='ocrx_word' id='word_1_586' title='bbox 3359 1737 3584 1779; x_wconf 65' lang='lat' dir='ltr'>securae</span> <span class='ocrx_word' id='word_1_587' title='bbox 3611 1721 3786 1778; x_wconf 81' lang='lat' dir='ltr'>habi-</span> 
     </span>
    </p>
   </div>
   <div class='ocr_carea' id='block_1_81' title="bbox 2119 1813 3784 1888">
    <p class='ocr_par' dir='ltr' id='par_1_81' title="bbox 2119 1813 3784 1888">
     <span class='ocr_line' id='line_1_81' title="bbox 2119 1813 3784 1888; baseline -0.003 -16"><span class='ocrx_word' id='word_1_588' title='bbox 2119 1817 2376 1883; x_wconf 88' lang='lat' dir='ltr'>tationis,</span> <span class='ocrx_word' id='word_1_589' title='bbox 2406 1823 2663 1872; x_wconf 85' lang='lat' dir='ltr'>aeternus</span> <span class='ocrx_word' id='word_1_590' title='bbox 2692 1822 2794 1884; x_wconf 76' lang='lat' dir='ltr'>est,</span> <span class='ocrx_word' id='word_1_591' title='bbox 2850 1816 3204 1888; x_wconf 70' lang='lat' dir='ltr'>aeternisque</span> <span class='ocrx_word' id='word_1_592' title='bbox 3256 1813 3526 1878; x_wconf 87' lang='lat' dir='ltr'>debetur,</span> <span class='ocrx_word' id='word_1_593' title='bbox 3555 1813 3617 1868; x_wconf 89' lang='lat' dir='ltr'>in</span> <span class='ocrx_word' id='word_1_594' title='bbox 3643 1828 3784 1868; x_wconf 89' lang='lat' dir='ltr'>ma-</span> 
     </span>
    </p>
   </div>
   <div class='ocr_carea' id='block_1_82' title="bbox 2118 1901 3783 1974">
    <p class='ocr_par' dir='ltr' id='par_1_82' title="bbox 2118 1901 3783 1974">
     <span class='ocr_line' id='line_1_82' title="bbox 2118 1901 3783 1974; baseline -0.004 -12"><span class='ocrx_word' id='word_1_595' title='bbox 2118 1911 2202 1962; x_wconf 85' lang='lat' dir='ltr'>tre</span> <span class='ocrx_word' id='word_1_596' title='bbox 2229 1906 2595 1962; x_wconf 83' lang='lat' dir='ltr'>Hierusalem</span> <span class='ocrx_word' id='word_1_597' title='bbox 2624 1907 2851 1962; x_wconf 84' lang='lat' dir='ltr'>libera:</span> <span class='ocrx_word' id='word_1_598' title='bbox 2897 1905 2998 1960; x_wconf 91' lang='lat' dir='ltr'>ubi</span> <span class='ocrx_word' id='word_1_599' title='bbox 3051 1904 3467 1960; x_wconf 88' lang='lat' dir='ltr'>eritveraciter</span> <span class='ocrx_word' id='word_1_600' title='bbox 3512 1901 3783 1974; x_wconf 80' lang='lat' dir='ltr'>populus</span> 
     </span>
    </p>
   </div>
   <div class='ocr_carea' id='block_1_83' title="bbox 2119 1991 3782 2064">
    <p class='ocr_par' dir='ltr' id='par_1_83' title="bbox 2119 1991 3782 2064">
     <span class='ocr_line' id='line_1_83' title="bbox 2119 1991 3782 2064; baseline -0.002 -15"><span class='ocrx_word' id='word_1_601' title='bbox 2119 1995 2317 2064; x_wconf 89' lang='lat' dir='ltr'>Israel,</span> <span class='ocrx_word' id='word_1_602' title='bbox 2343 2001 2399 2050; x_wconf 91' lang='lat' dir='ltr'>et</span> <span class='ocrx_word' id='word_1_603' title='bbox 2427 1995 2531 2051; x_wconf 90' lang='lat' dir='ltr'>ubi</span> <span class='ocrx_word' id='word_1_604' title='bbox 2569 1995 2866 2051; x_wconf 83' lang='lat' dir='ltr'>habitabit</span> <span class='ocrx_word' id='word_1_605' title='bbox 2896 1995 2955 2050; x_wconf 90' lang='lat' dir='ltr'>in</span> <span class='ocrx_word' id='word_1_606' title='bbox 2984 1998 3272 2050; x_wconf 69' lang='lat' dir='ltr'>ueternum</span> <span class='ocrx_word' id='word_1_607' title='bbox 3300 2009 3438 2048; x_wconf 89' lang='lat' dir='ltr'>cum</span> <span class='ocrx_word' id='word_1_608' title='bbox 3474 1994 3593 2046; x_wconf 88' lang='lat' dir='ltr'>Deo</span> <span class='ocrx_word' id='word_1_609' title='bbox 3625 1995 3685 2046; x_wconf 87' lang='lat' dir='ltr'>et</span> <span class='ocrx_word' id='word_1_610' title='bbox 3715 1991 3782 2046; x_wconf 86' lang='lat' dir='ltr'>in</span> 
     </span>
    </p>
   </div>
   <div class='ocr_carea' id='block_1_84' title="bbox 2119 2079 3780 2156">
    <p class='ocr_par' dir='ltr' id='par_1_84' title="bbox 2119 2079 3780 2156">
     <span class='ocr_line' id='line_1_84' title="bbox 2119 2079 3780 2156; baseline -0.001 -18"><span class='ocrx_word' id='word_1_611' title='bbox 2119 2087 2236 2140; x_wconf 90' lang='lat' dir='ltr'>Deo</span> <span class='ocrx_word' id='word_1_612' title='bbox 2278 2101 2408 2155; x_wconf 89' lang='lat' dir='ltr'>suo,</span> <span class='ocrx_word' id='word_1_613' title='bbox 2457 2090 2511 2140; x_wconf 90' lang='lat' dir='ltr'>et</span> <span class='ocrx_word' id='word_1_614' title='bbox 2561 2087 2713 2140; x_wconf 86' lang='lat' dir='ltr'>Deus</span> <span class='ocrx_word' id='word_1_615' title='bbox 2757 2101 2896 2140; x_wconf 92' lang='lat' dir='ltr'>cum</span> <span class='ocrx_word' id='word_1_616' title='bbox 2942 2083 3172 2156; x_wconf 89' lang='lat' dir='ltr'>populo</span> <span class='ocrx_word' id='word_1_617' title='bbox 3215 2088 3395 2155; x_wconf 87' lang='lat' dir='ltr'>atque</span> <span class='ocrx_word' id='word_1_618' title='bbox 3443 2082 3505 2137; x_wconf 87' lang='lat' dir='ltr'>in</span> <span class='ocrx_word' id='word_1_619' title='bbox 3546 2079 3780 2153; x_wconf 88' lang='lat' dir='ltr'>populo</span> 
     </span>
    </p>
   </div>
   <div class='ocr_carea' id='block_1_85' title="bbox 2119 2171 3786 2246">
    <p class='ocr_par' dir='ltr' id='par_1_85' title="bbox 2119 2171 3786 2246">
     <span class='ocr_line' id='line_1_85' title="bbox 2119 2171 3786 2246; baseline -0.003 -16"><span class='ocrx_word' id='word_1_620' title='bbox 2119 2192 2250 2242; x_wconf 89' lang='lat' dir='ltr'>suo,</span> <span class='ocrx_word' id='word_1_621' title='bbox 2293 2176 2372 2230; x_wconf 90' lang='lat' dir='ltr'>ita</span> <span class='ocrx_word' id='word_1_622' title='bbox 2412 2181 2475 2230; x_wconf 90' lang='lat' dir='ltr'>ut</span> <span class='ocrx_word' id='word_1_623' title='bbox 2517 2177 2667 2230; x_wconf 86' lang='lat' dir='ltr'>Deus</span> <span class='ocrx_word' id='word_1_624' title='bbox 2711 2176 2785 2230; x_wconf 85' lang='lat' dir='ltr'>sit</span> <span class='ocrx_word' id='word_1_625' title='bbox 2829 2174 3085 2246; x_wconf 84' lang='lat' dir='ltr'>impleas</span> <span class='ocrx_word' id='word_1_626' title='bbox 3131 2171 3424 2246; x_wconf 88' lang='lat' dir='ltr'>populum</span> <span class='ocrx_word' id='word_1_627' title='bbox 3469 2187 3669 2237; x_wconf 89' lang='lat' dir='ltr'>suum,</span> <span class='ocrx_word' id='word_1_628' title='bbox 3723 2174 3786 2226; x_wconf 83' lang='lat' dir='ltr'>et</span> 
     </span>
    </p>
   </div>
   <div class='ocr_carea' id='block_1_86' title="bbox 2115 2259 3779 2337">
    <p class='ocr_par' dir='ltr' id='par_1_86' title="bbox 2115 2259 3779 2337">
     <span class='ocr_line' id='line_1_86' title="bbox 2115 2259 3779 2337; baseline -0.003 -18"><span class='ocrx_word' id='word_1_629' title='bbox 2115 2263 2377 2336; x_wconf 89' lang='lat' dir='ltr'>populus</span> <span class='ocrx_word' id='word_1_630' title='bbox 2430 2264 2643 2337; x_wconf 85' lang='lat' dir='ltr'>plenus</span> <span class='ocrx_word' id='word_1_631' title='bbox 2685 2266 2805 2320; x_wconf 90' lang='lat' dir='ltr'>Deo</span> <span class='ocrx_word' id='word_1_632' title='bbox 2837 2281 2970 2333; x_wconf 89' lang='lat' dir='ltr'>suo,</span> <span class='ocrx_word' id='word_1_633' title='bbox 3003 2268 3060 2319; x_wconf 90' lang='lat' dir='ltr'>et</span> <span class='ocrx_word' id='word_1_634' title='bbox 3116 2265 3271 2318; x_wconf 88' lang='lat' dir='ltr'>Deus</span> <span class='ocrx_word' id='word_1_635' title='bbox 3328 2261 3437 2316; x_wconf 92' lang='lat' dir='ltr'>erit</span> <span class='ocrx_word' id='word_1_636' title='bbox 3480 2260 3690 2316; x_wconf 84' lang='lat' dir='ltr'>omnia</span> <span class='ocrx_word' id='word_1_637' title='bbox 3715 2259 3779 2314; x_wconf 90' lang='lat' dir='ltr'>in</span> 
     </span>
    </p>
   </div>
   <div class='ocr_carea' id='block_1_87' title="bbox 2117 2347 3782 2427">
    <p class='ocr_par' dir='ltr' id='par_1_87' title="bbox 2117 2347 3782 2427">
     <span class='ocr_line' id='line_1_87' title="bbox 2117 2347 3782 2427; baseline -0.002 -19"><span class='ocrx_word' id='word_1_638' title='bbox 2117 2353 2424 2408; x_wconf 82' lang='lat' dir='ltr'>omnibus.</span> <span class='ocrx_word' id='word_1_639' title='bbox 2459 2358 2587 2425; x_wconf 80' lang='lat' dir='ltr'>Ipse</span> <span class='ocrx_word' id='word_1_640' title='bbox 2634 2354 2691 2409; x_wconf 90' lang='lat' dir='ltr'>in</span> <span class='ocrx_word' id='word_1_641' title='bbox 2725 2370 2874 2427; x_wconf 91' lang='lat' dir='ltr'>pace</span> <span class='ocrx_word' id='word_1_642' title='bbox 2927 2352 3131 2409; x_wconf 87' lang='lat' dir='ltr'>tribuit</span> <span class='ocrx_word' id='word_1_643' title='bbox 3173 2351 3518 2424; x_wconf 66' lang='lat' dir='ltr'>praemium,</span> <span class='ocrx_word' id='word_1_644' title='bbox 3548 2347 3650 2421; x_wconf 89' lang='lat' dir='ltr'>qui</span> <span class='ocrx_word' id='word_1_645' title='bbox 3685 2353 3782 2405; x_wconf 86' lang='lat' dir='ltr'>est</span> 
     </span>
    </p>
   </div>
   <div class='ocr_carea' id='block_1_88' title="bbox 2115 2442 2596 2498">
    <p class='ocr_par' dir='ltr' id='par_1_88' title="bbox 2115 2442 2596 2498">
     <span class='ocr_line' id='line_1_88' title="bbox 2115 2442 2596 2498; baseline 0.002 -1"><span class='ocrx_word' id='word_1_646' title='bbox 2115 2442 2301 2498; x_wconf 90' lang='lat' dir='ltr'>virtus</span> <span class='ocrx_word' id='word_1_647' title='bbox 2331 2443 2391 2497; x_wconf 92' lang='lat' dir='ltr'>in</span> <span class='ocrx_word' id='word_1_648' title='bbox 2419 2442 2596 2498; x_wconf 90' lang='lat' dir='ltr'>bello.</span> 
     </span>
    </p>
   </div>
   <div class='ocr_carea' id='block_1_89' title="bbox 2189 2546 3778 2620">
    <p class='ocr_par' dir='ltr' id='par_1_89' title="bbox 2189 2546 3778 2620">
     <span class='ocr_line' id='line_1_89' title="bbox 2189 2546 3778 2620; baseline -0.003 -14"><span class='ocrx_word' id='word_1_649' title='bbox 2189 2571 2218 2600; x_wconf 87' lang='lat'>«</span> <span class='ocrx_word' id='word_1_650' title='bbox 2260 2555 2564 2620; x_wconf 83' lang='lat' dir='ltr'>Ingressus</span> <span class='ocrx_word' id='word_1_651' title='bbox 2591 2558 2676 2607; x_wconf 84' lang='lat' dir='ltr'>est</span> <span class='ocrx_word' id='word_1_652' title='bbox 2699 2556 2899 2606; x_wconf 81' lang='lat' dir='ltr'>autem</span> <span class='ocrx_word' id='word_1_653' title='bbox 2933 2567 3035 2606; x_wconf 77' lang='lat' dir='ltr'>rex</span> <span class='ocrx_word' id='word_1_654' title='bbox 3068 2549 3278 2618; x_wconf 87' lang='lat' dir='ltr'>David,</span> <span class='ocrx_word' id='word_1_655' title='bbox 3309 2553 3366 2604; x_wconf 85' lang='lat' dir='ltr'>et</span> <span class='ocrx_word' id='word_1_656' title='bbox 3387 2546 3539 2603; x_wconf 84' lang='lat' dir='ltr'>sedit</span> <span class='ocrx_word' id='word_1_657' title='bbox 3567 2561 3778 2602; x_wconf 87' lang='lat' dir='ltr'>coram</span> 
     </span>
    </p>
   </div>
   <div class='ocr_carea' id='block_1_90' title="bbox 2119 2636 3777 2708">
    <p class='ocr_par' dir='ltr' id='par_1_90' title="bbox 2119 2636 3777 2708">
     <span class='ocr_line' id='line_1_90' title="bbox 2119 2636 3777 2708; baseline 0 -18"><span class='ocrx_word' id='word_1_658' title='bbox 2119 2663 2145 2690; x_wconf 90' lang='grc'><em>‹‹</em></span> <span class='ocrx_word' id='word_1_659' title='bbox 2187 2641 2461 2708; x_wconf 87' lang='lat' dir='ltr'>Domino,</span> <span class='ocrx_word' id='word_1_660' title='bbox 2494 2663 2522 2691; x_wconf 85' lang='lat'><strong>»</strong></span> <span class='ocrx_word' id='word_1_661' title='bbox 2555 2647 2662 2696; x_wconf 85' lang='lat' dir='ltr'>etc.</span> <span class='ocrx_word' id='word_1_662' title='bbox 2695 2641 2905 2696; x_wconf 86' lang='lat' dir='ltr'>Sedere</span> <span class='ocrx_word' id='word_1_663' title='bbox 2937 2655 3142 2694; x_wconf 86' lang='lat' dir='ltr'>coram</span> <span class='ocrx_word' id='word_1_664' title='bbox 3174 2637 3446 2702; x_wconf 89' lang='lat' dir='ltr'>Domino,</span> <span class='ocrx_word' id='word_1_665' title='bbox 3475 2640 3564 2692; x_wconf 83' lang='lat' dir='ltr'>est</span> <span class='ocrx_word' id='word_1_666' title='bbox 3589 2636 3777 2691; x_wconf 87' lang='lat' dir='ltr'>bene-</span> 
     </span>
    </p>
   </div>
   <div class='ocr_carea' id='block_1_91' title="bbox 2115 2726 3398 2801">
    <p class='ocr_par' dir='ltr' id='par_1_91' title="bbox 2115 2726 3398 2801">
     <span class='ocr_line' id='line_1_91' title="bbox 2115 2726 3398 2801; baseline -0.002 -17"><span class='ocrx_word' id='word_1_667' title='bbox 2115 2729 2252 2786; x_wconf 84' lang='lat' dir='ltr'>ﬁcia</span> <span class='ocrx_word' id='word_1_668' title='bbox 2284 2732 2412 2801; x_wconf 87' lang='lat' dir='ltr'>ejus</span> <span class='ocrx_word' id='word_1_669' title='bbox 2443 2730 2501 2786; x_wconf 92' lang='lat' dir='ltr'>in</span> <span class='ocrx_word' id='word_1_670' title='bbox 2524 2731 2855 2786; x_wconf 83' lang='lat' dir='ltr'>humilitate</span> <span class='ocrx_word' id='word_1_671' title='bbox 2882 2729 3077 2784; x_wconf 78' lang='lat' dir='ltr'>cordis</span> <span class='ocrx_word' id='word_1_672' title='bbox 3111 2726 3398 2783; x_wconf 82' lang='lat' dir='ltr'>conﬁteri.</span> 
     </span>
    </p>
   </div>
   <div class='ocr_carea' id='block_1_92' title="bbox 2190 2831 3776 2902">
    <p class='ocr_par' dir='ltr' id='par_1_92' title="bbox 2190 2831 3776 2902">
     <span class='ocr_line' id='line_1_92' title="bbox 2190 2831 3776 2902; baseline -0.005 -8"><span class='ocrx_word' id='word_1_673' title='bbox 2190 2856 2220 2890; x_wconf 82' lang='grc'><strong>‹</strong></span> <span class='ocrx_word' id='word_1_674' title='bbox 2261 2839 2342 2894; x_wconf 88' lang='lat' dir='ltr'>Ita</span> <span class='ocrx_word' id='word_1_675' title='bbox 2373 2842 2460 2893; x_wconf 92' lang='lat' dir='ltr'>est</span> <span class='ocrx_word' id='word_1_676' title='bbox 2487 2837 2647 2893; x_wconf 90' lang='lat' dir='ltr'>enim</span> <span class='ocrx_word' id='word_1_677' title='bbox 2687 2837 2779 2892; x_wconf 80' lang='lat' dir='ltr'>lex</span> <span class='ocrx_word' id='word_1_678' title='bbox 2822 2835 3036 2902; x_wconf 83' lang='lat' dir='ltr'>Adam,</span> <span class='ocrx_word' id='word_1_679' title='bbox 3086 2833 3331 2890; x_wconf 89' lang='lat' dir='ltr'>Domine</span> <span class='ocrx_word' id='word_1_680' title='bbox 3364 2835 3536 2888; x_wconf 87' lang='lat' dir='ltr'>Deus.</span> <span class='ocrx_word' id='word_1_681' title='bbox 3575 2853 3602 2881; x_wconf 85' lang='lat'><strong>»</strong></span> <span class='ocrx_word' id='word_1_682' title='bbox 3651 2831 3776 2887; x_wconf 84' lang='lat' dir='ltr'>Hoc</span> 
     </span>
    </p>
   </div>
   <div class='ocr_carea' id='block_1_93' title="bbox 2119 2917 3776 2986">
    <p class='ocr_par' dir='ltr' id='par_1_93' title="bbox 2119 2917 3776 2986">
     <span class='ocr_line' id='line_1_93' title="bbox 2119 2917 3776 2986; baseline -0.004 -4"><span class='ocrx_word' id='word_1_683' title='bbox 2119 2932 2245 2983; x_wconf 90' lang='lat' dir='ltr'>est:</span> <span class='ocrx_word' id='word_1_684' title='bbox 2283 2932 2364 2982; x_wconf 84' lang='lat' dir='ltr'>Ita</span> <span class='ocrx_word' id='word_1_685' title='bbox 2401 2927 2561 2982; x_wconf 87' lang='lat' dir='ltr'>enim</span> <span class='ocrx_word' id='word_1_686' title='bbox 2581 2926 2672 2981; x_wconf 80' lang='lat' dir='ltr'>lex</span> <span class='ocrx_word' id='word_1_687' title='bbox 2707 2924 2986 2986; x_wconf 75' lang='lat' dir='ltr'>hominis.</span> <span class='ocrx_word' id='word_1_688' title='bbox 3022 2923 3269 2980; x_wconf 88' lang='lat' dir='ltr'>Domine</span> <span class='ocrx_word' id='word_1_689' title='bbox 3303 2923 3456 2978; x_wconf 91' lang='lat' dir='ltr'>Deus</span> <span class='ocrx_word' id='word_1_690' title='bbox 3487 2927 3554 2978; x_wconf 91' lang='lat' dir='ltr'>ut</span> <span class='ocrx_word' id='word_1_691' title='bbox 3583 2917 3686 2978; x_wconf 89' lang='lat' dir='ltr'>tibi</span> <span class='ocrx_word' id='word_1_692' title='bbox 3713 2918 3776 2976; x_wconf 93' lang='lat' dir='ltr'>in</span> 
     </span>
    </p>
   </div>
   <div class='ocr_carea' id='block_1_94' title="bbox 2121 3008 3777 3092">
    <p class='ocr_par' dir='ltr' id='par_1_94' title="bbox 2121 3008 3777 3092">
     <span class='ocr_line' id='line_1_94' title="bbox 2121 3008 3777 3092; baseline -0.005 -21"><span class='ocrx_word' id='word_1_693' title='bbox 2121 3015 2495 3092; x_wconf 87' lang='lat' dir='ltr'>simplicitate</span> <span class='ocrx_word' id='word_1_694' title='bbox 2525 3016 2721 3071; x_wconf 87' lang='lat' dir='ltr'>cordis</span> <span class='ocrx_word' id='word_1_695' title='bbox 2752 3019 2806 3070; x_wconf 91' lang='lat' dir='ltr'>ct</span> <span class='ocrx_word' id='word_1_696' title='bbox 2835 3015 3091 3090; x_wconf 85' lang='lat' dir='ltr'>puritate</span> <span class='ocrx_word' id='word_1_697' title='bbox 3121 3013 3377 3068; x_wconf 85' lang='lat' dir='ltr'>serviat:</span> <span class='ocrx_word' id='word_1_698' title='bbox 3413 3017 3468 3066; x_wconf 92' lang='lat' dir='ltr'>et</span> <span class='ocrx_word' id='word_1_699' title='bbox 3499 3017 3560 3067; x_wconf 92' lang='lat' dir='ltr'>tu</span> <span class='ocrx_word' id='word_1_700' title='bbox 3586 3008 3777 3068; x_wconf 79' lang='lat' dir='ltr'>facias</span> 
     </span>
    </p>
   </div>
   <div class='ocr_carea' id='block_1_95' title="bbox 2049 3099 3776 3180">
    <p class='ocr_par' dir='ltr' id='par_1_95' title="bbox 2049 3099 3776 3180">
     <span class='ocr_line' id='line_1_95' title="bbox 2049 3099 3776 3180; baseline -0.006 -17"><span class='ocrx_word' id='word_1_701' title='bbox 2049 3125 2088 3180; x_wconf 72' lang='grc' dir='ltr'>ο</span> <span class='ocrx_word' id='word_1_702' title='bbox 2119 3107 2172 3163; x_wconf 89' lang='lat' dir='ltr'>ei</span> <span class='ocrx_word' id='word_1_703' title='bbox 2197 3106 2670 3162; x_wconf 89' lang='lat' dir='ltr'>misericordiam</span> <span class='ocrx_word' id='word_1_704' title='bbox 2703 3110 2886 3170; x_wconf 91' lang='lat' dir='ltr'>tuam,</span> <span class='ocrx_word' id='word_1_705' title='bbox 2921 3102 3072 3158; x_wconf 90' lang='lat' dir='ltr'>sicut</span> <span class='ocrx_word' id='word_1_706' title='bbox 3101 3101 3246 3158; x_wconf 88' lang='lat' dir='ltr'>mihi</span> <span class='ocrx_word' id='word_1_707' title='bbox 3273 3100 3556 3172; x_wconf 86' lang='lat' dir='ltr'>dignatus</span> <span class='ocrx_word' id='word_1_708' title='bbox 3587 3116 3651 3155; x_wconf 87' lang='lat' dir='ltr'>es</span> <span class='ocrx_word' id='word_1_709' title='bbox 3683 3099 3776 3154; x_wconf 85' lang='lat' dir='ltr'>fa-</span> 
     </span>
    </p>
   </div>
   <div class='ocr_carea' id='block_1_96' title="bbox 2118 3200 2600 3252">
    <p class='ocr_par' dir='ltr' id='par_1_96' title="bbox 2118 3200 2600 3252">
     <span class='ocr_line' id='line_1_96' title="bbox 2118 3200 2600 3252; baseline 0 0"><span class='ocrx_word' id='word_1_710' title='bbox 2118 3211 2250 3252; x_wconf 91' lang='lat' dir='ltr'>cere</span> <span class='ocrx_word' id='word_1_711' title='bbox 2277 3211 2448 3251; x_wconf 88' lang='lat' dir='ltr'>servo</span> <span class='ocrx_word' id='word_1_712' title='bbox 2479 3200 2600 3252; x_wconf 90' lang='lat' dir='ltr'>tuo.</span> 
     </span>
    </p>
   </div>
   <div class='ocr_carea' id='block_1_97' title="bbox 2190 3297 3776 3367">
    <p class='ocr_par' dir='ltr' id='par_1_97' title="bbox 2190 3297 3776 3367">
     <span class='ocr_line' id='line_1_97' title="bbox 2190 3297 3776 3367; baseline -0.004 -6"><span class='ocrx_word' id='word_1_713' title='bbox 2190 3327 2217 3354; x_wconf 76' lang='grc' dir='ltr'>ε(</span> <span class='ocrx_word' id='word_1_714' title='bbox 2259 3307 2343 3361; x_wconf 88' lang='lat' dir='ltr'>&#39;I‘u</span> <span class='ocrx_word' id='word_1_715' title='bbox 2389 3304 2549 3360; x_wconf 90' lang='lat' dir='ltr'>enim</span> <span class='ocrx_word' id='word_1_716' title='bbox 2596 3304 2710 3358; x_wconf 89' lang='lat' dir='ltr'>scis</span> <span class='ocrx_word' id='word_1_717' title='bbox 2758 3317 2998 3360; x_wconf 90' lang='lat' dir='ltr'>servum</span> <span class='ocrx_word' id='word_1_718' title='bbox 3047 3303 3240 3367; x_wconf 89' lang='lat' dir='ltr'>tuum,</span> <span class='ocrx_word' id='word_1_719' title='bbox 3293 3297 3542 3360; x_wconf 84' lang='lat' dir='ltr'>Domine</span> <span class='ocrx_word' id='word_1_720' title='bbox 3590 3297 3776 3354; x_wconf 88' lang='lat' dir='ltr'>Deus.</span> 
     </span>
    </p>
   </div>
   <div class='ocr_carea' id='block_1_98' title="bbox 2117 3385 3778 3469">
    <p class='ocr_par' dir='ltr' id='par_1_98' title="bbox 2117 3385 3778 3469">
     <span class='ocr_line' id='line_1_98' title="bbox 2117 3385 3778 3469; baseline -0.004 -21"><span class='ocrx_word' id='word_1_721' title='bbox 2117 3421 2145 3449; x_wconf 82' lang='grc'>‹‹</span> <span class='ocrx_word' id='word_1_722' title='bbox 2191 3399 2430 3469; x_wconf 78' lang='lat' dir='ltr'>Propter</span> <span class='ocrx_word' id='word_1_723' title='bbox 2454 3395 2707 3450; x_wconf 85' lang='lat' dir='ltr'>verbum</span> <span class='ocrx_word' id='word_1_724' title='bbox 2735 3397 2900 3450; x_wconf 89' lang='lat' dir='ltr'>tuum</span> <span class='ocrx_word' id='word_1_725' title='bbox 2932 3396 2988 3448; x_wconf 88' lang='lat' dir='ltr'>et</span> <span class='ocrx_word' id='word_1_726' title='bbox 3009 3390 3343 3446; x_wconf 87' lang='lat' dir='ltr'>secundum</span> <span class='ocrx_word' id='word_1_727' title='bbox 3373 3405 3475 3447; x_wconf 89' lang='lat' dir='ltr'>cor</span> <span class='ocrx_word' id='word_1_728' title='bbox 3498 3393 3668 3444; x_wconf 89' lang='lat' dir='ltr'>tuum</span> <span class='ocrx_word' id='word_1_729' title='bbox 3695 3385 3778 3442; x_wconf 85' lang='lat' dir='ltr'>fe-</span> 
     </span>
    </p>
   </div>
   <div class='ocr_carea' id='block_1_99' title="bbox 2115 3477 3776 3552">
    <p class='ocr_par' dir='ltr' id='par_1_99' title="bbox 2115 3477 3776 3552">
     <span class='ocr_line' id='line_1_99' title="bbox 2115 3477 3776 3552; baseline -0.007 -9"><span class='ocrx_word' id='word_1_730' title='bbox 2115 3509 2143 3538; x_wconf 86' lang='lat'><strong>«</strong></span> <span class='ocrx_word' id='word_1_731' title='bbox 2186 3487 2312 3543; x_wconf 73' lang='lat' dir='ltr'>cisté</span> <span class='ocrx_word' id='word_1_732' title='bbox 2347 3485 2552 3542; x_wconf 89' lang='lat' dir='ltr'>omnia</span> <span class='ocrx_word' id='word_1_733' title='bbox 2581 3483 2887 3552; x_wconf 82' lang='lat' dir='ltr'>magnalia</span> <span class='ocrx_word' id='word_1_734' title='bbox 2916 3483 3066 3546; x_wconf 68' lang='lat' dir='ltr'>haec,</span> <span class='ocrx_word' id='word_1_735' title='bbox 3112 3481 3194 3536; x_wconf 87' lang='lat' dir='ltr'>ita</span> <span class='ocrx_word' id='word_1_736' title='bbox 3216 3486 3276 3536; x_wconf 78' lang='lat' dir='ltr'>ut</span> <span class='ocrx_word' id='word_1_737' title='bbox 3307 3484 3519 3535; x_wconf 91' lang='lat' dir='ltr'>notum</span> <span class='ocrx_word' id='word_1_738' title='bbox 3549 3477 3776 3532; x_wconf 82' lang='lat' dir='ltr'>faceres</span> 
     </span>
    </p>
   </div>
   <div class='ocr_carea' id='block_1_100' title="bbox 2115 3568 3775 3644">
    <p class='ocr_par' dir='ltr' id='par_1_100' title="bbox 2115 3568 3775 3644">
     <span class='ocr_line' id='line_1_100' title="bbox 2115 3568 3775 3644; baseline -0.005 -14"><span class='ocrx_word' id='word_1_739' title='bbox 2115 3601 2143 3630; x_wconf 69' lang='grc' dir='ltr'>ς</span> <span class='ocrx_word' id='word_1_740' title='bbox 2184 3593 2355 3634; x_wconf 90' lang='lat' dir='ltr'>servo</span> <span class='ocrx_word' id='word_1_741' title='bbox 2384 3580 2506 3631; x_wconf 92' lang='lat' dir='ltr'>tuo.</span> <span class='ocrx_word' id='word_1_742' title='bbox 2531 3597 2558 3624; x_wconf 82' lang='grc' dir='ltr'><strong><em>υ</em></strong></span> <span class='ocrx_word' id='word_1_743' title='bbox 2579 3579 2658 3629; x_wconf 76' lang='lat' dir='ltr'>Ac</span> <span class='ocrx_word' id='word_1_744' title='bbox 2689 3573 2738 3628; x_wconf 91' lang='lat' dir='ltr'>si</span> <span class='ocrx_word' id='word_1_745' title='bbox 2762 3573 2980 3628; x_wconf 87' lang='lat' dir='ltr'>diceret</span> <span class='ocrx_word' id='word_1_746' title='bbox 3004 3588 3016 3626; x_wconf 91' lang='lat'><strong>:</strong></span> <span class='ocrx_word' id='word_1_747' title='bbox 3041 3573 3286 3644; x_wconf 89' lang='lat' dir='ltr'>Propter</span> <span class='ocrx_word' id='word_1_748' title='bbox 3315 3568 3567 3624; x_wconf 86' lang='lat' dir='ltr'>verbum</span> <span class='ocrx_word' id='word_1_749' title='bbox 3599 3572 3775 3624; x_wconf 84' lang='lat' dir='ltr'>tuum</span> 
     </span>
    </p>
   </div>
   <div class='ocr_carea' id='block_1_101' title="bbox 2113 3655 3776 3740">
    <p class='ocr_par' dir='ltr' id='par_1_101' title="bbox 2113 3655 3776 3740">
     <span class='ocr_line' id='line_1_101' title="bbox 2113 3655 3776 3740; baseline -0.007 -17"><span class='ocrx_word' id='word_1_750' title='bbox 2113 3666 2277 3740; x_wconf 91' lang='lat' dir='ltr'>quod</span> <span class='ocrx_word' id='word_1_751' title='bbox 2305 3663 2630 3738; x_wconf 87' lang='lat' dir='ltr'>promisisti</span> <span class='ocrx_word' id='word_1_752' title='bbox 2659 3661 2986 3730; x_wconf 83' lang='lat' dir='ltr'>Abraham,</span> <span class='ocrx_word' id='word_1_753' title='bbox 3045 3665 3213 3716; x_wconf 88' lang='lat' dir='ltr'>Isaac</span> <span class='ocrx_word' id='word_1_754' title='bbox 3257 3664 3312 3716; x_wconf 90' lang='lat' dir='ltr'>et</span> <span class='ocrx_word' id='word_1_755' title='bbox 3341 3656 3552 3723; x_wconf 89' lang='lat' dir='ltr'>Jacob,</span> <span class='ocrx_word' id='word_1_756' title='bbox 3585 3655 3776 3712; x_wconf 82' lang='lat' dir='ltr'>fecisti</span> 
     </span>
    </p>
   </div>
   <div class='ocr_carea' id='block_1_102' title="bbox 2113 3745 3776 3812">
    <p class='ocr_par' dir='ltr' id='par_1_102' title="bbox 2113 3745 3776 3812">
     <span class='ocr_line' id='line_1_102' title="bbox 2113 3745 3776 3812; baseline -0.008 0"><span class='ocrx_word' id='word_1_757' title='bbox 2113 3756 2320 3812; x_wconf 89' lang='lat' dir='ltr'>omnia</span> <span class='ocrx_word' id='word_1_758' title='bbox 2349 3754 2496 3809; x_wconf 90' lang='lat' dir='ltr'>mihi</span> <span class='ocrx_word' id='word_1_759' title='bbox 2525 3767 2697 3807; x_wconf 86' lang='lat' dir='ltr'>servo</span> <span class='ocrx_word' id='word_1_760' title='bbox 2725 3755 2846 3806; x_wconf 89' lang='lat' dir='ltr'>tuo.</span> <span class='ocrx_word' id='word_1_761' title='bbox 2899 3747 3014 3803; x_wconf 81' lang='lat' dir='ltr'>Sed</span> <span class='ocrx_word' id='word_1_762' title='bbox 3055 3747 3235 3804; x_wconf 89' lang='lat' dir='ltr'>etiam</span> <span class='ocrx_word' id='word_1_763' title='bbox 3287 3745 3554 3801; x_wconf 73' lang='lat' dir='ltr'>Verbum</span> <span class='ocrx_word' id='word_1_764' title='bbox 3587 3745 3776 3800; x_wconf 81' lang='lat' dir='ltr'>Patris</span> 
     </span>
    </p>
   </div>
   <div class='ocr_carea' id='block_1_103' title="bbox 2112 3833 3772 3915">
    <p class='ocr_par' dir='ltr' id='par_1_103' title="bbox 2112 3833 3772 3915">
     <span class='ocr_line' id='line_1_103' title="bbox 2112 3833 3772 3915; baseline -0.007 -15"><span class='ocrx_word' id='word_1_765' title='bbox 2112 3843 2454 3915; x_wconf 89' lang='lat' dir='ltr'>unigenitus</span> <span class='ocrx_word' id='word_1_766' title='bbox 2486 3840 2662 3896; x_wconf 89' lang='lat' dir='ltr'>Filius</span> <span class='ocrx_word' id='word_1_767' title='bbox 2681 3843 2789 3904; x_wconf 78' lang='lat' dir='ltr'>est,</span> <span class='ocrx_word' id='word_1_768' title='bbox 2824 3837 2928 3911; x_wconf 89' lang='lat' dir='ltr'>qui</span> <span class='ocrx_word' id='word_1_769' title='bbox 2955 3841 3044 3893; x_wconf 88' lang='lat' dir='ltr'>est</span> <span class='ocrx_word' id='word_1_770' title='bbox 3070 3835 3422 3892; x_wconf 82' lang='lat' dir='ltr'>benedictus</span> <span class='ocrx_word' id='word_1_771' title='bbox 3442 3833 3504 3890; x_wconf 91' lang='lat' dir='ltr'>in</span> <span class='ocrx_word' id='word_1_772' title='bbox 3529 3833 3772 3892; x_wconf 56' lang='lat' dir='ltr'>saecula.</span> 
     </span>
    </p>
   </div>
   <div class='ocr_carea' id='block_1_104' title="bbox 2113 3924 3776 4008">
    <p class='ocr_par' dir='ltr' id='par_1_104' title="bbox 2113 3924 3776 4008">
     <span class='ocr_line' id='line_1_104' title="bbox 2113 3924 3776 4008; baseline -0.005 -19"><span class='ocrx_word' id='word_1_773' title='bbox 2113 3936 2358 4008; x_wconf 89' lang='lat' dir='ltr'>Propter</span> <span class='ocrx_word' id='word_1_774' title='bbox 2388 3931 2744 4005; x_wconf 85' lang='lat' dir='ltr'>mysterium</span> <span class='ocrx_word' id='word_1_775' title='bbox 2787 3928 2946 3984; x_wconf 90' lang='lat' dir='ltr'>enim</span> <span class='ocrx_word' id='word_1_776' title='bbox 2989 3925 3423 3988; x_wconf 83' lang='lat' dir='ltr'>incarnationis</span> <span class='ocrx_word' id='word_1_777' title='bbox 3474 3924 3668 3998; x_wconf 89' lang='lat' dir='ltr'>ipsius</span> <span class='ocrx_word' id='word_1_778' title='bbox 3699 3941 3776 3980; x_wconf 78' lang='lat' dir='ltr'>ex</span> 
     </span>
    </p>
   </div>
   <div class='ocr_carea' id='block_1_105' title="bbox 2114 4013 3775 4090">
    <p class='ocr_par' dir='ltr' id='par_1_105' title="bbox 2114 4013 3775 4090">
     <span class='ocr_line' id='line_1_105' title="bbox 2114 4013 3775 4090; baseline -0.007 -10"><span class='ocrx_word' id='word_1_779' title='bbox 2114 4025 2340 4080; x_wconf 91' lang='lat' dir='ltr'>semine</span> <span class='ocrx_word' id='word_1_780' title='bbox 2387 4021 2598 4087; x_wconf 86' lang='lat' dir='ltr'>David,</span> <span class='ocrx_word' id='word_1_781' title='bbox 2649 4024 2816 4090; x_wconf 89' lang='lat' dir='ltr'>gesta</span> <span class='ocrx_word' id='word_1_782' title='bbox 2857 4021 2998 4073; x_wconf 89' lang='lat' dir='ltr'>sunt</span> <span class='ocrx_word' id='word_1_783' title='bbox 3023 4015 3214 4076; x_wconf 83' lang='lat' dir='ltr'>multa</span> <span class='ocrx_word' id='word_1_784' title='bbox 3249 4015 3312 4072; x_wconf 87' lang='lat' dir='ltr'>in</span> <span class='ocrx_word' id='word_1_785' title='bbox 3359 4013 3567 4070; x_wconf 87' lang='lat' dir='ltr'>David.</span> <span class='ocrx_word' id='word_1_786' title='bbox 3599 4013 3775 4079; x_wconf 85' lang='lat' dir='ltr'>Quod</span> 
     </span>
    </p>
   </div>
   <div class='ocr_carea' id='block_1_106' title="bbox 2113 4099 3770 4174">
    <p class='ocr_par' dir='ltr' id='par_1_106' title="bbox 2113 4099 3770 4174">
     <span class='ocr_line' id='line_1_106' title="bbox 2113 4099 3770 4174; baseline -0.009 -5"><span class='ocrx_word' id='word_1_787' title='bbox 2113 4113 2254 4170; x_wconf 90' lang='lat' dir='ltr'>dicit</span> <span class='ocrx_word' id='word_1_788' title='bbox 2303 4111 2637 4168; x_wconf 87' lang='lat' dir='ltr'>secundum</span> <span class='ocrx_word' id='word_1_789' title='bbox 2693 4124 2794 4164; x_wconf 89' lang='lat' dir='ltr'>cor</span> <span class='ocrx_word' id='word_1_790' title='bbox 2831 4111 3024 4172; x_wconf 84' lang='lat' dir='ltr'>tuum,</span> <span class='ocrx_word' id='word_1_791' title='bbox 3053 4103 3396 4174; x_wconf 86' lang='lat' dir='ltr'>intelligitur</span> <span class='ocrx_word' id='word_1_792' title='bbox 3435 4099 3770 4161; x_wconf 88' lang='lat' dir='ltr'>secundum</span> 
     </span>
    </p>
   </div>
   <div class='ocr_carea' id='block_1_107' title="bbox 2112 4201 2806 4260">
    <p class='ocr_par' dir='ltr' id='par_1_107' title="bbox 2112 4201 2806 4260">
     <span class='ocr_line' id='line_1_107' title="bbox 2112 4201 2806 4260; baseline -0.01 0"><span class='ocrx_word' id='word_1_793' title='bbox 2112 4201 2586 4260; x_wconf 89' lang='lat' dir='ltr'>misericordiam</span> <span class='ocrx_word' id='word_1_794' title='bbox 2619 4203 2806 4255; x_wconf 90' lang='lat' dir='ltr'>tuam.</span> 
     </span>
    </p>
   </div>
   <div class='ocr_carea' id='block_1_108' title="bbox 2187 4299 3774 4377">
    <p class='ocr_par' dir='ltr' id='par_1_108' title="bbox 2187 4299 3774 4377">
     <span class='ocr_line' id='line_1_108' title="bbox 2187 4299 3774 4377; baseline -0.005 -15"><span class='ocrx_word' id='word_1_795' title='bbox 2187 4334 2215 4362; x_wconf 81' lang='grc'>‹‹</span> <span class='ocrx_word' id='word_1_796' title='bbox 2258 4309 2428 4377; x_wconf 86' lang='lat' dir='ltr'>Quod</span> <span class='ocrx_word' id='word_1_797' title='bbox 2453 4325 2576 4364; x_wconf 88' lang='lat' dir='ltr'>non</span> <span class='ocrx_word' id='word_1_798' title='bbox 2609 4310 2698 4362; x_wconf 90' lang='lat' dir='ltr'>est</span> <span class='ocrx_word' id='word_1_799' title='bbox 2727 4303 2933 4362; x_wconf 86' lang='lat' dir='ltr'>similis</span> <span class='ocrx_word' id='word_1_800' title='bbox 2959 4303 3063 4370; x_wconf 92' lang='lat' dir='ltr'>tui,</span> <span class='ocrx_word' id='word_1_801' title='bbox 3088 4317 3283 4374; x_wconf 88' lang='lat' dir='ltr'>neque</span> <span class='ocrx_word' id='word_1_802' title='bbox 3310 4299 3471 4358; x_wconf 92' lang='lat' dir='ltr'>enim</span> <span class='ocrx_word' id='word_1_803' title='bbox 3497 4304 3589 4356; x_wconf 88' lang='lat' dir='ltr'>est</span> <span class='ocrx_word' id='word_1_804' title='bbox 3614 4299 3774 4356; x_wconf 88' lang='lat' dir='ltr'>Deus</span> 
     </span>
    </p>
   </div>
   <div class='ocr_carea' id='block_1_109' title="bbox 2117 4388 3776 4466">
    <p class='ocr_par' dir='ltr' id='par_1_109' title="bbox 2117 4388 3776 4466">
     <span class='ocr_line' id='line_1_109' title="bbox 2117 4388 3776 4466; baseline -0.005 -16"><span class='ocrx_word' id='word_1_805' title='bbox 2117 4423 2144 4450; x_wconf 83' lang='lat'><strong>«</strong></span> <span class='ocrx_word' id='word_1_806' title='bbox 2187 4404 2422 4456; x_wconf 75' lang='lat' dir='ltr'>extrate</span> <span class='ocrx_word' id='word_1_807' title='bbox 2450 4398 2508 4453; x_wconf 89' lang='lat' dir='ltr'>in</span> <span class='ocrx_word' id='word_1_808' title='bbox 2543 4395 2826 4452; x_wconf 89' lang='lat' dir='ltr'>omnibus</span> <span class='ocrx_word' id='word_1_809' title='bbox 2851 4410 2988 4466; x_wconf 62' lang='lat' dir='ltr'>quae</span> <span class='ocrx_word' id='word_1_810' title='bbox 3019 4392 3361 4448; x_wconf 86' lang='lat' dir='ltr'>audivimus</span> <span class='ocrx_word' id='word_1_811' title='bbox 3389 4388 3638 4446; x_wconf 88' lang='lat' dir='ltr'>auribus</span> <span class='ocrx_word' id='word_1_812' title='bbox 3667 4404 3776 4444; x_wconf 83' lang='lat' dir='ltr'>no-</span> 
     </span>
    </p>
   </div>
   <div class='ocr_carea' id='block_1_110' title="bbox 2039 4477 3778 4556">
    <p class='ocr_par' dir='ltr' id='par_1_110' title="bbox 2039 4477 3778 4556">
     <span class='ocr_line' id='line_1_110' title="bbox 2039 4477 3778 4556; baseline -0.007 -11"><span class='ocrx_word' id='word_1_813' title='bbox 2039 4478 2084 4532; x_wconf 80' lang='lat' dir='ltr'>D</span> <span class='ocrx_word' id='word_1_814' title='bbox 2117 4511 2144 4540; x_wconf 87' lang='grc'>‹‹</span> <span class='ocrx_word' id='word_1_815' title='bbox 2187 4488 2345 4545; x_wconf 90' lang='lat' dir='ltr'>stris.</span> <span class='ocrx_word' id='word_1_816' title='bbox 2381 4509 2410 4538; x_wconf 83' lang='lat'><strong>»</strong></span> <span class='ocrx_word' id='word_1_817' title='bbox 2441 4489 2573 4542; x_wconf 90' lang='lat' dir='ltr'>Non</span> <span class='ocrx_word' id='word_1_818' title='bbox 2605 4489 2694 4540; x_wconf 88' lang='lat' dir='ltr'>est</span> <span class='ocrx_word' id='word_1_819' title='bbox 2725 4482 2956 4556; x_wconf 86' lang='lat' dir='ltr'>,inquit,</span> <span class='ocrx_word' id='word_1_820' title='bbox 2991 4485 3146 4538; x_wconf 89' lang='lat' dir='ltr'>Deus</span> <span class='ocrx_word' id='word_1_821' title='bbox 3179 4479 3386 4536; x_wconf 88' lang='lat' dir='ltr'>similis</span> <span class='ocrx_word' id='word_1_822' title='bbox 3422 4477 3526 4540; x_wconf 88' lang='lat' dir='ltr'>tui,</span> <span class='ocrx_word' id='word_1_823' title='bbox 3559 4477 3665 4550; x_wconf 91' lang='lat' dir='ltr'>qui</span> <span class='ocrx_word' id='word_1_824' title='bbox 3695 4477 3778 4533; x_wconf 80' lang='lat' dir='ltr'>fe-</span> 
     </span>
    </p>
   </div>
   <div class='ocr_carea' id='block_1_111' title="bbox 2115 4567 3776 4647">
    <p class='ocr_par' dir='ltr' id='par_1_111' title="bbox 2115 4567 3776 4647">
     <span class='ocr_line' id='line_1_111' title="bbox 2115 4567 3776 4647; baseline -0.008 -12"><span class='ocrx_word' id='word_1_825' title='bbox 2115 4578 2257 4635; x_wconf 90' lang='lat' dir='ltr'>cerit</span> <span class='ocrx_word' id='word_1_826' title='bbox 2307 4575 2615 4647; x_wconf 88' lang='lat' dir='ltr'>magnalia</span> <span class='ocrx_word' id='word_1_827' title='bbox 2639 4575 2784 4644; x_wconf 83' lang='lat' dir='ltr'>haec,</span> <span class='ocrx_word' id='word_1_828' title='bbox 2829 4589 2966 4645; x_wconf 72' lang='lat' dir='ltr'>quae</span> <span class='ocrx_word' id='word_1_829' title='bbox 3007 4569 3351 4628; x_wconf 85' lang='lat' dir='ltr'>audivimus</span> <span class='ocrx_word' id='word_1_830' title='bbox 3391 4567 3640 4626; x_wconf 88' lang='lat' dir='ltr'>auribus</span> <span class='ocrx_word' id='word_1_831' title='bbox 3667 4583 3776 4624; x_wconf 87' lang='lat' dir='ltr'>no-</span> 
     </span>
    </p>
   </div>
   <div class='ocr_carea' id='block_1_112' title="bbox 2115 4661 2936 4737">
    <p class='ocr_par' dir='ltr' id='par_1_112' title="bbox 2115 4661 2936 4737">
     <span class='ocr_line' id='line_1_112' title="bbox 2115 4661 2936 4737; baseline -0.005 -15"><span class='ocrx_word' id='word_1_832' title='bbox 2115 4667 2276 4737; x_wconf 88' lang='lat' dir='ltr'>stris,</span> <span class='ocrx_word' id='word_1_833' title='bbox 2300 4670 2436 4728; x_wconf 90' lang='lat' dir='ltr'>etc.,</span> <span class='ocrx_word' id='word_1_834' title='bbox 2468 4678 2787 4736; x_wconf 90' lang='lat' dir='ltr'>usquequo</span> <span class='ocrx_word' id='word_1_835' title='bbox 2817 4661 2936 4719; x_wconf 87' lang='lat' dir='ltr'>ait:</span> 
     </span>
    </p>
   </div>
   <div class='ocr_carea' id='block_1_113' title="bbox 2183 4763 3775 4843">
    <p class='ocr_par' dir='ltr' id='par_1_113' title="bbox 2183 4763 3775 4843">
     <span class='ocr_line' id='line_1_113' title="bbox 2183 4763 3775 4843; baseline -0.006 -15"><span class='ocrx_word' id='word_1_836' title='bbox 2183 4793 2214 4828; x_wconf 85' lang='grc'>‹</span> <span class='ocrx_word' id='word_1_837' title='bbox 2256 4772 2406 4840; x_wconf 89' lang='lat' dir='ltr'>Quia</span> <span class='ocrx_word' id='word_1_838' title='bbox 2431 4776 2518 4843; x_wconf 90' lang='lat' dir='ltr'>tu,</span> <span class='ocrx_word' id='word_1_839' title='bbox 2546 4773 2795 4826; x_wconf 89' lang='lat' dir='ltr'>Domine</span> <span class='ocrx_word' id='word_1_840' title='bbox 2816 4768 3184 4826; x_wconf 83' lang='lat' dir='ltr'>exercituum</span> <span class='ocrx_word' id='word_1_841' title='bbox 3213 4763 3584 4831; x_wconf 86' lang='lat' dir='ltr'>Deuslsrael,</span> <span class='ocrx_word' id='word_1_842' title='bbox 3606 4777 3775 4819; x_wconf 86' lang='lat' dir='ltr'>reve-</span> 
     </span>
    </p>
   </div>
   <div class='ocr_carea' id='block_1_114' title="bbox 2113 4852 3774 4926">
    <p class='ocr_par' dir='ltr' id='par_1_114' title="bbox 2113 4852 3774 4926">
     <span class='ocr_line' id='line_1_114' title="bbox 2113 4852 3774 4926; baseline -0.008 -6"><span class='ocrx_word' id='word_1_843' title='bbox 2113 4887 2142 4914; x_wconf 84' lang='lat'><strong><em>«</em></strong></span> <span class='ocrx_word' id='word_1_844' title='bbox 2181 4862 2314 4920; x_wconf 89' lang='lat' dir='ltr'>lasti</span> <span class='ocrx_word' id='word_1_845' title='bbox 2328 4877 2534 4918; x_wconf 88' lang='lat' dir='ltr'>aurem</span> <span class='ocrx_word' id='word_1_846' title='bbox 2553 4861 2704 4916; x_wconf 87' lang='lat' dir='ltr'>servi</span> <span class='ocrx_word' id='word_1_847' title='bbox 2733 4859 3047 4926; x_wconf 91' lang='lat' dir='ltr'>tui,dicens</span> <span class='ocrx_word' id='word_1_848' title='bbox 3072 4874 3086 4912; x_wconf 88' lang='lat'><strong>:</strong></span> <span class='ocrx_word' id='word_1_849' title='bbox 3108 4855 3428 4912; x_wconf 87' lang='lat' dir='ltr'>Dominum</span> <span class='ocrx_word' id='word_1_850' title='bbox 3451 4852 3774 4909; x_wconf 62' lang='lat' dir='ltr'>aediﬁcabo</span> 
     </span>
    </p>
   </div>
   <div class='ocr_carea' id='block_1_115' title="bbox 2114 4942 3774 5018">
    <p class='ocr_par' dir='ltr' id='par_1_115' title="bbox 2114 4942 3774 5018">
     <span class='ocr_line' id='line_1_115' title="bbox 2114 4942 3774 5018; baseline -0.005 -14"><span class='ocrx_word' id='word_1_851' title='bbox 2114 4975 2142 5004; x_wconf 88' lang='lat'><strong>«</strong></span> <span class='ocrx_word' id='word_1_852' title='bbox 2181 4952 2306 5009; x_wconf 81' lang='lat' dir='ltr'>tibi.</span> <span class='ocrx_word' id='word_1_853' title='bbox 2343 4973 2370 5000; x_wconf 70' lang='grc' dir='ltr'><strong>η</strong></span> <span class='ocrx_word' id='word_1_854' title='bbox 2402 4953 2623 5005; x_wconf 87' lang='lat' dir='ltr'>Aurem</span> <span class='ocrx_word' id='word_1_855' title='bbox 2652 4948 2764 5004; x_wconf 89' lang='lat' dir='ltr'>sibi</span> <span class='ocrx_word' id='word_1_856' title='bbox 2792 4947 3078 5012; x_wconf 87' lang='lat' dir='ltr'>revelare,</span> <span class='ocrx_word' id='word_1_857' title='bbox 3107 4945 3252 5018; x_wconf 88' lang='lat' dir='ltr'>quia</span> <span class='ocrx_word' id='word_1_858' title='bbox 3279 4958 3388 5016; x_wconf 85' lang='lat' dir='ltr'>per</span> <span class='ocrx_word' id='word_1_859' title='bbox 3410 4942 3774 5016; x_wconf 78' lang='lat' dir='ltr'>prophetam</span> 
     </span>
    </p>
   </div>
   <div class='ocr_carea' id='block_1_116' title="bbox 2109 5031 3775 5116">
    <p class='ocr_par' dir='ltr' id='par_1_116' title="bbox 2109 5031 3775 5116">
     <span class='ocr_line' id='line_1_116' title="bbox 2109 5031 3775 5116; baseline -0.008 -18"><span class='ocrx_word' id='word_1_860' title='bbox 2109 5042 2502 5116; x_wconf 80' lang='lat' dir='ltr'>praedicatum</span> <span class='ocrx_word' id='word_1_861' title='bbox 2531 5043 2639 5106; x_wconf 88' lang='lat' dir='ltr'>est,</span> <span class='ocrx_word' id='word_1_862' title='bbox 2658 5039 2911 5094; x_wconf 91' lang='lat' dir='ltr'>domum</span> <span class='ocrx_word' id='word_1_863' title='bbox 2929 5036 3041 5092; x_wconf 90' lang='lat' dir='ltr'>sibi</span> <span class='ocrx_word' id='word_1_864' title='bbox 3067 5032 3490 5091; x_wconf 83' lang='lat' dir='ltr'>aediﬁcandam</span> <span class='ocrx_word' id='word_1_865' title='bbox 3513 5046 3549 5086; x_wconf 84' lang='lat' dir='ltr'><strong>a</strong></span> <span class='ocrx_word' id='word_1_866' title='bbox 3577 5031 3775 5088; x_wconf 88' lang='lat' dir='ltr'>Domi-</span> 
     </span>
    </p>
   </div>
   <div class='ocr_carea' id='block_1_117' title="bbox 2109 5119 3774 5199">
    <p class='ocr_par' dir='ltr' id='par_1_117' title="bbox 2109 5119 3774 5199">
     <span class='ocr_line' id='line_1_117' title="bbox 2109 5119 3774 5199; baseline -0.01 -11"><span class='ocrx_word' id='word_1_867' title='bbox 2109 5148 2190 5188; x_wconf 93' lang='lat' dir='ltr'>no</span> <span class='ocrx_word' id='word_1_868' title='bbox 2235 5155 2263 5183; x_wconf 86' lang='grc'>‹‹</span> <span class='ocrx_word' id='word_1_869' title='bbox 2293 5133 2434 5196; x_wconf 62' lang='lat' dir='ltr'>Quae</span> <span class='ocrx_word' id='word_1_870' title='bbox 2462 5133 2546 5186; x_wconf 90' lang='lat' dir='ltr'>est</span> <span class='ocrx_word' id='word_1_871' title='bbox 2568 5134 2770 5185; x_wconf 89' lang='lat' dir='ltr'>autem</span> <span class='ocrx_word' id='word_1_872' title='bbox 2791 5131 2856 5182; x_wconf 89' lang='lat' dir='ltr'>ut</span> <span class='ocrx_word' id='word_1_873' title='bbox 2879 5124 3142 5199; x_wconf 89' lang='lat' dir='ltr'>populus</span> <span class='ocrx_word' id='word_1_874' title='bbox 3171 5128 3312 5180; x_wconf 86' lang='lat' dir='ltr'>tuus</span> <span class='ocrx_word' id='word_1_875' title='bbox 3339 5119 3516 5176; x_wconf 89' lang='lat' dir='ltr'>Israel</span> <span class='ocrx_word' id='word_1_876' title='bbox 3541 5119 3774 5189; x_wconf 87' lang='lat' dir='ltr'>gensin</span> 
     </span>
    </p>
   </div>
   <div class='ocr_carea' id='block_1_118' title="bbox 2111 5211 3776 5288">
    <p class='ocr_par' dir='ltr' id='par_1_118' title="bbox 2111 5211 3776 5288">
     <span class='ocr_line' id='line_1_118' title="bbox 2111 5211 3776 5288; baseline -0.006 -16"><span class='ocrx_word' id='word_1_877' title='bbox 2111 5245 2139 5272; x_wconf 89' lang='grc'>‹‹</span> <span class='ocrx_word' id='word_1_878' title='bbox 2181 5219 2427 5277; x_wconf 58' lang='lat' dir='ltr'>terra?»</span> <span class='ocrx_word' id='word_1_879' title='bbox 2457 5221 2598 5285; x_wconf 69' lang='lat' dir='ltr'>Quae</span> <span class='ocrx_word' id='word_1_880' title='bbox 2621 5221 2709 5272; x_wconf 91' lang='lat' dir='ltr'>est</span> <span class='ocrx_word' id='word_1_881' title='bbox 2737 5231 2884 5288; x_wconf 89' lang='lat' dir='ltr'>gens</span> <span class='ocrx_word' id='word_1_882' title='bbox 2913 5216 2974 5270; x_wconf 91' lang='lat' dir='ltr'>in</span> <span class='ocrx_word' id='word_1_883' title='bbox 2991 5219 3146 5270; x_wconf 90' lang='lat' dir='ltr'>terra</span> <span class='ocrx_word' id='word_1_884' title='bbox 3173 5211 3290 5268; x_wconf 90' lang='lat' dir='ltr'>alia</span> <span class='ocrx_word' id='word_1_885' title='bbox 3334 5213 3548 5284; x_wconf 68' lang='lat' dir='ltr'>praeter</span> <span class='ocrx_word' id='word_1_886' title='bbox 3577 5223 3776 5280; x_wconf 89' lang='lat' dir='ltr'>popu-</span> 
     </span>
    </p>
   </div>
   <div class='ocr_carea' id='block_1_119' title="bbox 2106 5297 3774 5380">
    <p class='ocr_par' dir='ltr' id='par_1_119' title="bbox 2106 5297 3774 5380">
     <span class='ocr_line' id='line_1_119' title="bbox 2106 5297 3774 5380; baseline -0.009 -14"><span class='ocrx_word' id='word_1_887' title='bbox 2106 5309 2234 5366; x_wconf 92' lang='lat' dir='ltr'>lum</span> <span class='ocrx_word' id='word_1_888' title='bbox 2247 5309 2770 5380; x_wconf 88' lang='lat' dir='ltr'>electum,propter</span> <span class='ocrx_word' id='word_1_889' title='bbox 2785 5320 2968 5377; x_wconf 81' lang='lat' dir='ltr'>quem</span> <span class='ocrx_word' id='word_1_890' title='bbox 2985 5301 3186 5358; x_wconf 88' lang='lat' dir='ltr'>venire</span> <span class='ocrx_word' id='word_1_891' title='bbox 3207 5300 3490 5370; x_wconf 89' lang='lat' dir='ltr'>dignatus</span> <span class='ocrx_word' id='word_1_892' title='bbox 3513 5297 3774 5352; x_wconf 89' lang='lat' dir='ltr'>estDeus</span> 
     </span>
    </p>
   </div>
   <div class='ocr_carea' id='block_1_120' title="bbox 2110 5387 3774 5460">
    <p class='ocr_par' dir='ltr' id='par_1_120' title="bbox 2110 5387 3774 5460">
     <span class='ocr_line' id='line_1_120' title="bbox 2110 5387 3774 5460; baseline -0.01 -5"><span class='ocrx_word' id='word_1_893' title='bbox 2110 5399 2211 5454; x_wconf 91' lang='lat' dir='ltr'>Dei</span> <span class='ocrx_word' id='word_1_894' title='bbox 2243 5398 2417 5454; x_wconf 89' lang='lat' dir='ltr'>Filius</span> <span class='ocrx_word' id='word_1_895' title='bbox 2444 5397 2506 5452; x_wconf 93' lang='lat' dir='ltr'>in</span> <span class='ocrx_word' id='word_1_896' title='bbox 2549 5397 2712 5452; x_wconf 91' lang='lat' dir='ltr'>hunc</span> <span class='ocrx_word' id='word_1_897' title='bbox 2752 5391 3074 5460; x_wconf 90' lang='lat' dir='ltr'>mundum,</span> <span class='ocrx_word' id='word_1_898' title='bbox 3125 5389 3288 5445; x_wconf 89' lang='lat' dir='ltr'>velut</span> <span class='ocrx_word' id='word_1_899' title='bbox 3320 5389 3380 5443; x_wconf 92' lang='lat' dir='ltr'>in</span> <span class='ocrx_word' id='word_1_900' title='bbox 3412 5387 3774 5458; x_wconf 63' lang='lat' dir='ltr'>Egyptum,</span> 
     </span>
    </p>
   </div>
   <div class='ocr_carea' id='block_1_121' title="bbox 2108 5473 3772 5560">
    <p class='ocr_par' dir='ltr' id='par_1_121' title="bbox 2108 5473 3772 5560">
     <span class='ocr_line' id='line_1_121' title="bbox 2108 5473 3772 5560; baseline -0.011 -16"><span class='ocrx_word' id='word_1_901' title='bbox 2108 5493 2172 5544; x_wconf 91' lang='lat' dir='ltr'>ut</span> <span class='ocrx_word' id='word_1_902' title='bbox 2189 5490 2505 5560; x_wconf 89' lang='lat' dir='ltr'>assumpta</span> <span class='ocrx_word' id='word_1_903' title='bbox 2525 5484 2720 5540; x_wconf 81' lang='lat' dir='ltr'>forma</span> <span class='ocrx_word' id='word_1_904' title='bbox 2740 5478 3293 5548; x_wconf 90' lang='lat' dir='ltr'>servi,commercio</span> <span class='ocrx_word' id='word_1_905' title='bbox 3315 5474 3631 5545; x_wconf 85' lang='lat' dir='ltr'>sanguinis</span> <span class='ocrx_word' id='word_1_906' title='bbox 3655 5473 3772 5544; x_wconf 87' lang='lat' dir='ltr'>sui,</span> 
     </span>
    </p>
   </div>
   <div class='ocr_carea' id='block_1_122' title="bbox 2107 5568 3774 5646">
    <p class='ocr_par' dir='ltr' id='par_1_122' title="bbox 2107 5568 3774 5646">
     <span class='ocr_line' id='line_1_122' title="bbox 2107 5568 3774 5646; baseline -0.01 -12"><span class='ocrx_word' id='word_1_907' title='bbox 2107 5579 2424 5634; x_wconf 89' lang='lat' dir='ltr'>redimeret</span> <span class='ocrx_word' id='word_1_908' title='bbox 2453 5574 2563 5630; x_wconf 90' lang='lat' dir='ltr'>sibi</span> <span class='ocrx_word' id='word_1_909' title='bbox 2595 5572 2888 5646; x_wconf 91' lang='lat' dir='ltr'>populum</span> <span class='ocrx_word' id='word_1_910' title='bbox 2919 5568 3370 5642; x_wconf 88' lang='lat' dir='ltr'>acceptabilem,</span> <span class='ocrx_word' id='word_1_911' title='bbox 3414 5568 3774 5620; x_wconf 87' lang='lat' dir='ltr'>sectatorem</span> 
     </span>
    </p>
   </div>
   <div class='ocr_carea' id='block_1_123' title="bbox 2107 5653 3775 5738">
    <p class='ocr_par' dir='ltr' id='par_1_123' title="bbox 2107 5653 3775 5738">
     <span class='ocr_line' id='line_1_123' title="bbox 2107 5653 3775 5738; baseline -0.01 -13"><span class='ocrx_word' id='word_1_912' title='bbox 2107 5668 2410 5724; x_wconf 88' lang='lat' dir='ltr'>bonorum</span> <span class='ocrx_word' id='word_1_913' title='bbox 2442 5664 2742 5738; x_wconf 85' lang='lat' dir='ltr'>operum?</span> <span class='ocrx_word' id='word_1_914' title='bbox 2791 5665 2944 5718; x_wconf 74' lang='lat' dir='ltr'>Deus</span> <span class='ocrx_word' id='word_1_915' title='bbox 2986 5665 3188 5716; x_wconf 87' lang='lat' dir='ltr'>autem</span> <span class='ocrx_word' id='word_1_916' title='bbox 3229 5657 3506 5730; x_wconf 86' lang='lat' dir='ltr'>ejusdem</span> <span class='ocrx_word' id='word_1_917' title='bbox 3559 5653 3775 5728; x_wconf 90' lang='lat' dir='ltr'>populi</span> 
     </span>
    </p>
   </div>
   <div class='ocr_carea' id='block_1_124' title="bbox 2109 5747 3772 5827">
    <p class='ocr_par' dir='ltr' id='par_1_124' title="bbox 2109 5747 3772 5827">
     <span class='ocr_line' id='line_1_124' title="bbox 2109 5747 3772 5827; baseline -0.01 -12"><span class='ocrx_word' id='word_1_918' title='bbox 2109 5756 2672 5827; x_wconf 77' lang='lat' dir='ltr'>e1ecti,dominicum</span> <span class='ocrx_word' id='word_1_919' title='bbox 2689 5751 2998 5810; x_wconf 90' lang='lat' dir='ltr'>hominem</span> <span class='ocrx_word' id='word_1_920' title='bbox 3024 5749 3295 5820; x_wconf 85' lang='lat' dir='ltr'>accipere</span> <span class='ocrx_word' id='word_1_921' title='bbox 3322 5747 3772 5820; x_wconf 85' lang='lat' dir='ltr'>oportet,quem</span> 
     </span>
    </p>
   </div>
  </div>
