3940 6416
100 271 188 324 357

1063 261 1316 319 ENARR.
1358 262 1429 317 IN
1468 256 1717 315 LlBROS
1752 254 2013 313 RBG-UH.
2057 288 2126 302 -—
2165 257 2235 315 IN
2276 257 2408 314 LIB.
2449 257 2515 314 Il.

3410 258 3517 312 388

97 392 162 448 de
180 386 580 461 Egypto,hoc
609 388 697 443 est
727 403 799 443 ex
825 387 941 443 hoc
962 386 1195 443 mundo
1224 403 1333 460 per
1362 391 1599 444 uterum
1626 385 1740 440 vir—
1770 383 1817 438 A
1849 383 2015 456 quod
2039 384 2101 439 in
2129 399 2244 440 sua
2283 386 2577 455 potestate
2608 380 2903 447 habuerit,
2940 380 3111 436 nullo
3140 372 3346 452 utique
3377 394 3518 435 cons

98 480 236 552 ginis
266 476 613 549 assumpsit.
645 497 673 527 «
724 480 790 532 Et
813 476 1034 533 domus
1081 478 1237 532 servi
1263 478 1347 533 tui
1396 476 1586 533 David
1633 476 1742 531 erit

99 548 395 625 istabilita
424 548 633 622 coram
660 566 937 623 Domino.
958 588 986 617 ››
1010 569 1234 622 Domus
1265 567 1473 636 David,
1492 565 1743 622 ecclesia

99 658 292 716 Christi
312 657 441 712 sine
463 656 653 712 dubio
680 660 789 724 est,
815 657 891 712 de
919 672 1043 728 quo
1065 656 1209 712 satis
1234 656 1365 727 jam
1395 656 1623 712 dictum
1654 659 1742 711 est

99 748 380 821 superius.
408 770 435 797 «
466 750 787 819 Propterea
816 746 1040 803 invenit
1078 762 1283 802 servus
1320 751 1458 802 tuus
1489 762 1593 802 cor
1645 762 1742 800 su-

98 855 212 909 um,
235 860 261 887 ‹‹
287 840 349 892 ut
376 840 576 891 oraret
608 840 680 892 te.
716 858 743 885 ››
778 836 926 890 Cum
956 851 1098 906 ergo
1144 836 1426 906 cogitatio
1468 850 1576 907 per
1627 834 1743 890 dis-

99 926 357 983 cretionis
382 924 722 981 custodiam
770 924 1165 995 restringitur,
1192 942 1295 981 cor
1323 925 1491 998 quod
1534 924 1741 995 fugere

100 1015 410 1082 consuevit,
434 1014 753 1070 invenitur.
790 1014 942 1070 Nihil
972 1015 1199 1088 quippe
1230 1015 1288 1071 in
1308 1015 1487 1071 nobis
1512 1020 1743 1071 estcor-

98 1106 164 1162 de
190 1104 479 1176 fugacius,
511 1104 679 1176 quod
708 1120 743 1159 a
783 1103 960 1159 nobis
1002 1105 1171 1160 toties
1219 1105 1462 1174 recedit,
1508 1105 1742 1177 quoties

98 1211 194 1269 per
220 1209 432 1267 pravas
462 1192 853 1263 cogitationes
870 1193 1106 1250 defluit.
1137 1194 1248 1249 Sed
1288 1194 1472 1250 David
1507 1209 1610 1250 cor
1647 1210 1743 1249 su-

98 1301 192 1340 um
217 1283 516 1339 invenisse
546 1282 708 1353 dicit,
736 1282 799 1338 id
853 1287 965 1352 est,
1001 1282 1325 1340 audaciam
1373 1285 1435 1341 in
1469 1284 1648 1340 corde
1681 1286 1746 1339 ut

96 1377 279 1430 oraret
314 1372 639 1429 Dominum
659 1372 930 1428 oratione
968 1373 1104 1428 hac.

719 1464 942 1518 CAPUT
972 1462 1110 1517 VIII.

158 1576 186 1605 α
212 1553 458 1609 Factum
489 1554 579 1607 est
620 1555 824 1607 autem
854 1555 992 1624 post
1021 1551 1170 1620 haec,
1211 1551 1509 1625 percussit
1556 1550 1747 1608 David

98 1666 122 1693 ‹‹
150 1640 519 1707 Philisthiim,
554 1645 612 1697 et
630 1640 973 1697 humiliavit
1003 1656 1106 1697 eos
1133 1658 1145 1696 :
1176 1645 1233 1697 et
1259 1641 1389 1697 tulit
1416 1641 1607 1698 David
1637 1641 1748 1696 fre-

1850 474 2198 545 tradicente,
2239 490 2396 547 quos
2421 488 2633 530 eorum
2663 471 2797 528 neci
2824 472 2997 527 daret
3025 475 3437 541 contumaces,
3463 473 3521 526 et

1849 565 2074 637 quibus
2102 568 2378 637 parceret
2419 563 2723 633 subjectis.
2786 566 2933 618 Nam
2983 561 3150 634 quod
3182 561 3294 616 ait:
3326 582 3354 611 κ
3388 564 3521 616 Per-

1851 656 2034 712 cussit
2064 656 2253 712 David
2283 655 2661 722 Philisthiim,
2692 660 2749 713 et
2777 653 3249 719 humiliaviteos,
3269 652 3519 724 tulitque

1850 748 2088 802 frenum
2114 745 2341 814 tributi,
2379 766 2408 795 ››
2448 750 2584 815 etc.,
2631 747 2828 818 potest
2859 743 3173 813 allegorice
3217 741 3462 812 intelligi
3502 759 3514 797 :

1852 838 2037 893 David
2096 836 2446 893 Philisthiim
2476 836 2789 909 percussit,
2840 834 2985 907 quia
3023 833 3291 889 Christus
3325 832 3521 888 Domi-

1852 943 1966 982 nus
1994 928 2070 982 de
2126 927 2316 982 aereis
2366 925 2765 998 potestatibus
2827 924 3230 997 triumphans,
3280 921 3518 978 frenum

1852 1018 2068 1074 erroris
2098 1018 2266 1090 quod
2312 1016 2582 1071 humano
2609 1014 2812 1084 generi
2847 1015 3237 1086 imposuerat,
3294 1013 3524 1069 confre-

1853 1107 1953 1177 git.
1992 1106 2164 1172 Quod
2192 1111 2397 1162 autem
2429 1106 2548 1160 ait:
2585 1128 2612 1155 «
2648 1104 2943 1159 Percussit
2970 1103 3141 1160 Moab
3169 1108 3227 1158 et
3270 1119 3521 1158 mensus

1852 1201 1941 1253 est
1968 1196 2123 1252 duos
2150 1195 2470 1261 funiculos,
2490 1210 2684 1249 unum
2705 1193 2779 1249 ad
2814 1193 3213 1249 occidendum
3243 1196 3301 1248 et
3329 1208 3522 1251 unum

1854 1286 1934 1343 ad
1973 1285 2425 1342 viviﬁcandum.
2459 1306 2486 1334 ››
2516 1284 2826 1341 Occultam
2859 1283 3046 1355 ipsius
3071 1282 3306 1338 Domini
3336 1282 3525 1339 nostri

1853 1379 1993 1434 Jesu
2024 1377 2237 1434 Christi
2267 1375 2782 1448 dispensationem
2828 1373 3145 1444 signiﬁcat,
3181 1374 3285 1445 qui
3332 1390 3522 1446 quam

1857 1485 1928 1524 ex
1958 1467 2188 1542 populo
2214 1466 2463 1533 inﬁdeli,
2497 1466 2646 1522 alios
2673 1465 2933 1537 gratuita
2963 1464 3345 1520 miseratione
3377 1464 3523 1520 vivi-

1854 1559 2064 1625 ﬁcans,
2098 1558 2178 1615 ad
2200 1562 2489 1613 aeternam
2516 1556 2851 1613 libertatem
2879 1554 3348 1628 przedestinavit,
3376 1554 3525 1610 alios

1856 1666 1997 1707 vero
2019 1648 2253 1705 occulto
2280 1647 2509 1720 judicio
2544 1647 2604 1702 in
2634 1663 2745 1702 sua
2774 1645 3078 1718 impietate
3111 1645 3528 1718 derelinquen-

96 1753 120 1781 “
142 1748 282 1788 nam
330 1730 535 1787 ηὼυίί
583 1729 661 1785 de
697 1745 889 1785 manu
939 1729 1317 1799 Philisthiim,
1368 1736 1424 1787 et
1453 1729 1748 1803 Ρθνϐυεείῒ
1785 1746 1825 1799 Β
1857 1742 1956 1810 do,
1990 1740 2051 1796 in
2072 1744 2365 1813 perpetua
2388 1742 2579 1794 morte
2600 1736 2934 1794 damnavit.
2961 1735 3137 1803 Quod
3180 1740 3378 1793 autem
3411 1736 3526 1792 Da-

98 1843 121 1871 ‹‹
144 1820 332 1888 Moab,
357 1835 616 1876 mensus
651 1823 740 1875 est
762 1834 866 1875 eos
898 1818 1167 1877 funiculo
1199 1836 1525 1893 coaequans
1551 1824 1743 1876 terrae.

96 1933 119 1959 κ
143 1913 371 1968 Mensus
401 1914 493 1966 est
520 1913 724 1966 autem
749 1908 904 1965 duos
925 1909 1249 1977 funiculos,
1274 1927 1465 1967 unum
1489 1911 1567 1967 ad
1593 1910 1749 1967 occi-

98 2024 121 2048 «ι
147 2000 436 2067 dendum,
495 2005 553 2057 et
581 2016 772 2056 unum
812 1999 891 2056 ad
921 1999 1375 2069 viviﬁcandum,
1413 2024 1441 2051 ››
1468 2007 1577 2057 etc.
1612 2003 1750 2056 Fre-

94 2107 228 2148 num
274 2091 498 2159 tributi,
547 2090 817 2163 quinque
861 2094 1030 2147 erant
1084 2090 1350 2147 civitates
1376 2091 1751 2147 Philisthino-

101 2196 250 2246 rum,
280 2197 419 2253 quae
449 2179 791 2252 frequenter
821 2178 999 2235 Israel
1029 2179 1142 2235 sibi
1174 2180 1553 2236 tributarium
1580 2180 1754 2236 facie-

96 2271 263 2327 bant:
296 2288 453 2344 quas
486 2272 570 2326 eis
600 2270 731 2327 tulit
764 2270 950 2325 David
981 2274 1038 2325 et
1068 2270 1412 2327 humiliavit
1442 2287 1567 2340 eas,
1594 2272 1750 2326 fecit-

101 2376 206 2432 que
243 2360 351 2416 sibi
403 2359 769 2415 tributarias.
817 2360 980 2414 Unde
1048 2364 1105 2415 et
1148 2358 1209 2413 in
1248 2359 1752 2431 Paralipomenon

97 2449 332 2519 legitur:
355 2470 385 2502 ‹
416 2448 765 2504 Humiliavit
785 2465 909 2515 eos,
939 2453 996 2504 et
1022 2448 1156 2504 tulit
1187 2450 1330 2505 Getli
1361 2455 1416 2504 et
1446 2449 1601 2505 ﬁlias
1622 2451 1754 2520 ejus

111 2539 216 2594 ede
250 2554 436 2595 manu
466 2553 703 2603 eorum,
748 2541 807 2593 et
853 2538 1146 2609 percussit
1172 2538 1364 2599 Moab,
1409 2543 1464 2594 et
1506 2555 1753 2594 mensus

100 2650 123 2675 ‹‹
152 2633 235 2683 est
262 2645 363 2684 eos
393 2626 668 2683 funiculo
699 2643 1027 2699 coaequans
1059 2632 1225 2683 terrae
1257 2628 1315 2697 (Ι
1336 2629 1483 2683 Par.
1508 2630 1689 2699 xvm).
1723 2649 1754 2678 ››

100 2717 257 2782 Quod
282 2734 427 2773 vero
460 2717 752 2789 scriptum
809 2722 897 2772 est
933 2717 1009 2772 de
1074 2717 1291 2773 David:
1358 2722 1410 2773 et
1458 2717 1758 2792 percussit

98 2808 255 2864 Moab
276 2812 332 2863 et
352 2824 605 2863 mensus
636 2811 725 2861 est
755 2822 857 2862 eos
895 2806 1184 2877 funiculo,
1210 2824 1537 2881 coaequans
1564 2814 1753 2876 terrze,

97 2896 474 2969 hyperbolice
503 2895 935 2968 debetaecipi:
990 2912 1114 2952 non
1145 2898 1303 2952 enim
1354 2898 1481 2953 ﬂeri
1526 2902 1761 2971 poterat

96 2990 156 3041 ut
177 2986 449 3042 homines
484 2985 548 3041 in
596 2990 757 3041 terra
800 2985 1110 3056 degentes,
1157 2986 1219 3041 in
1276 2992 1511 3043 tantum
1558 2987 1758 3042 humi-

1856 1832 1959 1888 vid
1990 1831 2185 1898 Moab,
2218 1830 2322 1903 qui
2372 1829 2794 1901 interpretatur
2841 1828 2915 1883 de
2946 1834 3146 1898 patre,
3197 1830 3254 1882 et
3292 1826 3526 1899 Syriam

1862 1920 2191 1990 Damasi,et
2212 1922 2456 1976 caeteras
2484 1919 2762 1989 regiones
2788 1917 2997 1972 ditioni
3015 1932 3137 1972 sua:
3163 1916 3525 1987 subjugans,

1860 2011 1995 2068 fecit
2044 2027 2176 2067 esse
2234 2008 2621 2066 tributarias:
2665 2007 2917 2081 mystice
2964 2005 3305 2076 signiﬁcant
3361 2005 3528 2079 quod

1863 2102 2126 2160 Christus
2143 2116 2356 2157 omnes
2374 2103 2577 2170 gentes
2601 2097 2715 2154 sub
2741 2113 2849 2153 sua
2864 2096 3274 2153 dominatione
3295 2099 3527 2161 tenens,

1860 2192 2002 2248 facit
2049 2206 2311 2263 pensum
2372 2188 2669 2244 servitutis
2721 2187 2835 2242 sibi
2866 2185 3136 2255 reddere,
3198 2183 3346 2241 dum
3411 2185 3530 2241 sin-

1864 2281 2017 2351 gulae
2041 2296 2299 2354 quaeque
2330 2279 2605 2334 nationes
2634 2276 2970 2333 innominis
2994 2277 3123 2347 ejus
3147 2275 3528 2331 confessione

1864 2371 2165 2440 adunatze,
2189 2369 2401 2425 devote
2433 2384 2682 2423 censum
2706 2366 3009 2422 bonorum
3040 2381 3294 2438 operum
3324 2365 3405 2421 illi
3434 2381 3532 2420 ex-

1868 2460 2129 2516 solvunt.
2163 2459 2497 2515 Damascus
2527 2458 2688 2513 enirn
2719 2456 2936 2512 nobilis
2981 2461 3073 2512 est
3122 2455 3267 2511 urbs
3302 2455 3532 2511 Phoeni-

1865 2550 1993 2617 ciae,
2021 2550 2233 2607 eodem
2258 2546 2557 2605 vocabulo
2580 2562 2703 2620 quo
2725 2551 2782 2602 et
2828 2546 3046 2602 Meseth
3078 2545 3309 2602 ancillae
3350 2545 3532 2602 Abra-

1864 2643 2010 2698 ham
2036 2639 2193 2694 ﬁlius
2219 2637 2556 2711 appellatus
2587 2640 2675 2692 est
2701 2652 2713 2691 :
2749 2640 2806 2691 et
2824 2637 3161 2691 Damascus
3184 2634 3532 2707 interpreta-

1867 2738 1963 2788 tur
1987 2729 2279 2794 sublimis,
2337 2727 2461 2783 sive
2495 2727 2793 2783 humecta.
2838 2729 2906 2781 Et
2960 2725 3116 2782 bene
3170 2741 3307 2798 qute
3365 2724 3533 2797 prius

1833 2813 1836 2815 Α
1871 2825 2153 2879 humecta
2183 2819 2453 2886 libidine,
2487 2817 2751 2891 superba
2773 2817 3003 2891 spiritu,
3038 2817 3398 2887 sanguinem
3418 2816 3532 2871 hu-

1873 2927 2127 2970 manum
2183 2907 2617 2981 inexplebiliter
2689 2907 2972 2962 sitiebat:
3020 2921 3184 2962 nunc
3242 2904 3536 2961 mandata

1875 3002 2236 3074 baptismate
2287 2996 2518 3067 Christi,
2579 2995 2853 3051 sublimis
2900 2996 3171 3068 profectu
3227 2995 3531 3061 virtutum,

103 3074 399 3146 liarentur,
466 3077 664 3132 donec
719 3075 912 3148 ipsius
993 3080 1162 3132 terra:
1231 3077 1434 3145 dorsa,
1494 3078 1761 3135 funiculo
1795 3106 1835 3161 ρ
1880 3088 2194 3159 sanguinis
2227 3087 2357 3158 ejus
2390 3085 2674 3158 poculum
2706 3085 3008 3140 desiderat
3032 3084 3356 3156 percipere.
3381 3083 3536 3144 Quid

100 3172 521 3238 superextenso
564 3164 1030 3238 comprobante,
1064 3172 1426 3238 apparerent
1450 3169 1713 3240 aequales
1738 3186 1750 3223 :

102 3255 198 3310 sed
216 3255 587 3312 immensam
616 3254 1097 3311 humiliationem
1128 3260 1319 3327 captae
1364 3260 1420 3311 et
1446 3272 1755 3330 oppressae

100 3346 279 3413 gentis
325 3346 519 3402 voluit
570 3345 875 3418 Scriptura
937 3346 1053 3401 hoc
1114 3346 1299 3401 verbo
1348 3348 1755 3414 accumulare,

101 3438 160 3488 ut
201 3436 421 3491 diceret
470 3435 610 3490 ideo
642 3438 913 3507 aequatos
946 3452 1046 3490 eos
1075 3440 1267 3502 terrae,
1325 3452 1396 3491 eo
1443 3437 1610 3507 quod
1665 3453 1757 3491 es-

104 3525 452 3596 sentejurati
485 3528 670 3596 atque
701 3525 1050 3597 contempti,
1076 3524 1158 3580 ita
1188 3529 1254 3580 ut
1300 3525 1359 3580 in
1416 3525 1583 3581 nullo
1636 3542 1760 3582 am-

100 3613 247 3684 plius
277 3616 561 3671 homines
588 3615 649 3670 in
673 3619 827 3672 terra
855 3616 1161 3685 degentes,
1186 3620 1432 3687 possent
1452 3616 1536 3671 eis
1552 3616 1760 3688 nequi-

102 3703 173 3759 tia
194 3704 519 3778 cozequari.
555 3705 914 3774 Hujusmodi
966 3704 1286 3760 locutionis
1338 3705 1513 3778 plura
1568 3705 1758 3761 habes

102 3795 366 3869 exempla
412 3797 476 3851 in
513 3795 869 3866 Scripturis:
904 3795 1086 3867 quale
1117 3801 1207 3850 est
1231 3794 1382 3850 illud
1415 3796 1756 3865 Evangelii:

104 3906 127 3933 ‹‹
157 3887 299 3943 Sunt
327 3891 536 3943 autem
581 3890 637 3941 et
663 3885 783 3941 alia
824 3885 1012 3941 multa
1065 3901 1202 3959 quae
1234 3885 1369 3941 fecit
1398 3889 1599 3955 Jesus,
1627 3902 1762 3959 quas

104 3997 129 4024 κ
153 3976 200 4030 si
234 3977 580 4033 scribantur
624 3992 732 4048 per
786 3975 1046 4045 singula,
1085 3991 1196 4031 nec
1244 3976 1445 4047 ipsum
1506 3977 1764 4032 arbitror

107 4067 457 4123 «mundum
488 4081 709 4138 capere
739 4082 843 4121 eos
891 4065 998 4138 qui
1029 4066 1333 4121 scribendi
1381 4070 1521 4122 sunt
1577 4066 1763 4121 libros

105 4176 130 4204 «
159 4156 350 4227 (Joan.
374 4158 515 4229 xxi).
552 4176 582 4206 ››
624 4156 941 4222 Quomodo
972 4156 1132 4211 enim
1158 4171 1281 4212 non
1324 4160 1562 4228 caperet
1588 4172 1764 4211 mun-

106 4243 211 4300 dus
249 4246 456 4309 libros,
489 4245 599 4319 qui
649 4244 827 4301 scribi
871 4245 1207 4317 potuissent
1232 4246 1293 4301 in
1342 4246 1620 4301 mundo?
1652 4244 1766 4300 Sed

107 4333 177 4389 ad
204 4335 644 4392 insinuandam
672 4334 1176 4404 magnitudinem,
1214 4351 1284 4390 ac
1318 4334 1767 4390 multitudinem

1868 3185 2068 3236 autem
2103 3175 2397 3247 signiﬁcat
2417 3174 2583 3248 quod
2624 3174 2813 3229 David
2835 3176 3000 3239 {vasa
3025 3187 3208 3228 aurea
3239 3177 3295 3227 et
3323 3187 3536 3239 argen-

1868 3274 1962 3326 tea
1985 3273 2167 3339 atque
2193 3280 2372 3334 terea,
2397 3280 2534 3336 qua:
2569 3263 2783 3319 tulerat
2811 3262 2886 3317 de
2910 3261 3205 3317 universis
3232 3261 3530 3332 gentibus,

1869 3356 2263 3415 sanctiﬁcavit
2293 3354 2568 3421 Domino,
2619 3352 2731 3407 nisi
2777 3352 2943 3425 quod
2999 3351 3267 3408 Christus
3318 3366 3532 3407 omnes

1870 3463 2030 3520 quos
2092 3445 2168 3501 de
2209 3442 2501 3499 universis
2551 3441 2828 3511 gentibus
2865 3445 3160 3498 convocat
3218 3440 3298 3496 ad
3354 3439 3535 3495 fidem

1874 3552 2053 3592 suam
2077 3534 2259 3590 :alios
2284 3533 2446 3588 aurei
2474 3531 2751 3599 loco,hoc
2784 3536 2875 3586 est
2897 3547 3081 3587 sensu
3114 3528 3359 3602 spiritali
3383 3546 3537 3602 prte-

1874 3626 2096 3682 claros:
2150 3622 2301 3677 alios
2362 3621 2612 3691 argenti,
2656 3621 2771 3676 hoc
2824 3625 2912 3676 est
2941 3619 3297 3692 eloquentite
3346 3619 3538 3674 nitore

1874 3714 2293 3788 splendentes:
2330 3712 2478 3766 alios
2530 3727 2666 3765 vero
2715 3710 3143 3783 praedicatione
3195 3708 3379 3763 divini
3427 3709 3538 3763 ho—

1872 3804 2036 3861 noris
2061 3801 2395 3859 sanctiﬁcat
2426 3799 2703 3865 Domino,
2752 3804 2815 3855 ut
2844 3800 2904 3855 in
2952 3799 3084 3869 ejus
3149 3796 3539 3853 tabernaculo

1871 3893 2125 3950 ﬁdeliter
2154 3890 2579 3955 desea'vientes,
2626 3888 2814 3962 ipsius
2872 3887 3201 3943 ministerio
3260 3886 3320 3942 in
3379 3890 3541 3941 aeter-

1873 4001 2023 4040 num
2048 3981 2466 4038 decentissime
2488 3979 2927 4052 perfungantur
2949 3978 2977 4033 ?

1947 4092 1977 4127 (
2006 4073 2158 4129 Fecit
2186 4087 2429 4144 quoque
2455 4069 2569 4125 sibi
2603 4069 2789 4125 David
2815 4083 3039 4124 nomen
3066 4084 3203 4123 cum
3222 4072 3542 4123 revertere-

1877 4186 1905 4215 ‹‹
1938 4167 2053 4230 tur,
2071 4167 2249 4234 capta
2279 4161 2449 4231 Syria
2470 4160 2532 4215 in
2561 4158 2719 4215 valle
2753 4158 3113 4225 Salinarum,
3138 4157 3308 4213 caesis
3331 4157 3542 4213 decem

1880 4258 1987 4310 «et
2044 4257 2178 4309 octo
2212 4250 2497 4307 millibus.
2534 4272 2562 4301 »
2614 4251 2840 4306 Fecisse
2884 4249 2997 4305 sibi
3037 4265 3261 4305 nomen
3304 4248 3541 4316 dicitur,

1881 4343 2025 4417 quia
2054 4342 2115 4398 in
2146 4340 2304 4397 valle
2327 4340 2664 4395 Salinarum
2690 4340 2858 4396 caesis
2889 4338 3097 4395 decem
3133 4344 3189 4395 et
3208 4342 3343 4394 octo
3375 4338 3546 4393 milli-

108 4438 347 4521 operum
378 4424 644 4521 Domini,
676 4423 777 4479 tali
807 4423 991 4521 verbp
1022 4423 1327 4521 voluit-uti
1354 4424 1678 4521 Seriptura.
1702 4427 1768 4521 Ιεξι
1803 4468 1850 4521 D
1880 4433 2016 4503 bus,
2042 4431 2226 4488 erexit
2246 4430 2357 4486 sibi
2386 4429 2676 4485 fornicem
2701 4428 3145 4503 triumphalem.
3179 4430 3336 4483 Fecit
3364 4427 3545 4483 etiam

107 4512 162 4568 in
181 4514 424 4586 planctu
454 4512 650 4570 David
703 4529 886 4586 super
937 4513 1079 4570 Saul
1116 4517 1173 4570 et
1215 4514 1535 4580 Jonathan,
1594 4513 1764 4585 aqui-

109 4600 173 4657 lis
192 4603 540 4673 velociores,
572 4602 851 4659 leonibus
901 4603 1198 4660 fortiores.
1229 4603 1336 4658 Cui
1394 4602 1769 4659 simillimum

111 4698 192 4749 est
234 4694 382 4751 illud
436 4695 624 4751 etiam
655 4694 1037 4750 szecularium
1076 4693 1430 4751 litterarum.
1476 4694 1585 4760 Qui
1628 4709 1773 4750 can-

111 4782 246 4840 dore
291 4785 465 4842 nives
514 4784 1107 4841 anteirentcursibus
1129 4800 1331 4841 auras.
1366 4784 1538 4849 Quod
1567 4789 1769 4840 autem

113 4888 349 4931 mensus
378 4891 487 4932 eos
514 4873 785 4931 funiculo
833 4874 1000 4941 dixit,
1052 4873 1389 4931 funiculum
1432 4874 1769 4945 allegorice,

116 4975 218 5033 pro
244 4969 399 5021 sorte
429 4962 656 5037 posuit,
688 4979 760 5019 eo
789 4962 958 5036 quod
987 4962 1255 5019 funiculo
1313 4962 1546 5019 soleant
1599 4979 1771 5034 agro-

113 5066 241 5109 rum
272 5054 470 5127 spatia
494 5052 715 5110 metiri.
749 5052 914 5110 Unde
958 5053 1250 5125 scriptum
1278 5058 1399 5109 est:
1432 5075 1461 5103 ‹‹
1511 5055 1577 5108 Et
1617 5057 1773 5109 sorte

117 5138 305 5200 divisit
370 5143 457 5199 eis
519 5147 742 5199 terram
794 5142 857 5198 in
904 5141 1172 5198 funiculo
1222 5142 1682 5199 distributionis.
1743 5164 1773 5193 »

119 5230 413 5300 Signiﬁcat
461 5238 692 5299 autem,
746 5232 891 5305 quia
964 5235 1090 5289 tam
1140 5232 1331 5289 libera
1384 5231 1775 5304 dispositione

120 5319 293 5377 David
311 5324 596 5394 regiones
617 5322 1013 5379 Moabitarum
1043 5320 1384 5378 haeredibus
1414 5320 1637 5394 quibus
1664 5321 1780 5377 vel-

118 5407 208 5476 let,
269 5413 470 5471 divisit
513 5414 691 5487 quasi
744 5429 1058 5486 possessor
1098 5412 1351 5485 quilibet
1409 5426 1588 5481 agros
1644 5428 1779 5485 pro-

118 5500 271 5571 prios
299 5504 380 5560 ad
401 5510 625 5560 nutum
655 5520 855 5576 suum,
888 5504 1069 5560 ducto
1100 5503 1220 5559 huc
1252 5507 1432 5575 atque
1462 5502 1601 5557 inde
1628 5502 1783 5558 funi-

125 5590 271 5660 culo,
326 5594 580 5650 dirimit.
643 5615 670 5643 ‹‹
729 5596 965 5650 Mensus
1024 5597 1114 5649 est
1167 5596 1371 5649 autem
1421 5592 1575 5649 duos
1628 5592 1783 5648 funi-

126 5679 300 5747 culos,
330 5700 523 5739 unum
559 5683 639 5740 ad
687 5683 1089 5740 occidendum
1124 5687 1182 5739 et
1236 5698 1428 5737 unum
1472 5683 1550 5739 ad
1602 5682 1785 5738 viviti-

126 5774 402 5843 candum,
415 5799 467 5838 ,υ
500 5776 697 5831 ethoc
725 5773 1043 5846 allegorice
1060 5773 1291 5830 dictum
1307 5776 1415 5839 est,
1438 5772 1786 5845 signiﬁcans

1881 4522 1994 4578 sibi
2016 4537 2261 4585 nomen,
2293 4520 2435 4594 quia
2464 4520 2621 4576 victa
2650 4519 2821 4591 Syria
2852 4517 3150 4585 Damasci,
3173 4522 3230 4573 et
3253 4517 3421 4589 Syria
3449 4517 3547 4573 So—

1880 4611 2004 4679 bal,
2037 4610 2296 4667 erexisse
2325 4609 2439 4665 sibi
2467 4608 2684 4665 dicitur
2708 4608 2957 4664 alteram
3014 4606 3304 4662 fornicem
3337 4603 3545 4660 trium-

1880 4700 2146 4773 phalem.
2181 4701 2249 4755 Et
2273 4699 2319 4753 si
2351 4714 2535 4770 quem
2566 4702 2785 4765 movet,
2816 4694 2984 4769 quod
3023 4696 3081 4750 in
3113 4694 3416 4766 plerisque
3438 4694 3545 4747 La-

1883 4789 2150 4845 tinorum
2181 4787 2493 4844 codicibus
2525 4786 2845 4847 invenitur,
2879 4782 3069 4839 David
3100 4798 3223 4837 non
3250 4781 3461 4836 decem
3491 4785 3549 4837 et

1883 4883 2019 4935 octo
2050 4877 2239 4933 millia
2263 4876 2326 4931 in
2355 4874 2512 4931 valle
2546 4874 2908 4938 Salinarum,
2940 4872 3048 4926 sed
3078 4869 3400 4926 duodecim
3456 4886 3548 4925 ce-

1884 4968 2099 5023 cidisse
2120 5007 2133 5030 ,
2167 4964 2403 5022 noverit
2427 4964 2543 5020 hoc
2573 4963 2783 5019 vitium
2814 4961 3179 5033 scriptorum
3225 4958 3287 5014 in
3318 4958 3548 5015 eisdem

1885 5055 2195 5112 codicibus
2230 5053 2507 5110 molitum
2564 5068 2717 5108 esse.
2752 5048 3047 5107 Veraciter
3101 5052 3244 5105 tunc
3276 5047 3463 5104 David
3485 5048 3548 5104 in

1885 5144 2101 5201 eadem
2125 5143 2275 5200 valle
2300 5142 2641 5199 Salinarum
2669 5139 2880 5196 decem
2905 5143 2963 5195 et
2990 5144 3126 5196 octo
3177 5138 3370 5195 millia
3394 5137 3542 5194 ceci-

1886 5236 1994 5305 dit,
2026 5239 2083 5291 et
2103 5234 2257 5291 Joab
2283 5249 2423 5289 vero
2453 5231 2775 5288 duodecim
2806 5229 3014 5298 millia,
3061 5230 3213 5287 sicut
3268 5229 3329 5285 in
3358 5226 3547 5284 titulo.

1889 5322 2392 5397 Quinquagesimi
2422 5320 2625 5380 Octavi
2653 5320 2876 5395 psalmi
2906 5319 3201 5376 scribitur.
3256 5319 3551 5373 Caeterum

1889 5415 2206 5485 allegorice
2235 5412 2384 5486 quid
2430 5414 2489 5468 in
2521 5428 2810 5486 percussa
2859 5410 3240 5467 multitudine
3280 5425 3317 5465 a
3366 5407 3552 5464 David

1890 5505 1952 5561 in
1986 5504 2329 5561 Salinarum
2350 5501 2504 5558 valle
2533 5500 2826 5572 signatur,
2858 5498 2975 5556 nisi
3006 5499 3154 5573 quia
3187 5498 3555 5570 Redemptor

1891 5599 2095 5651 noster
2148 5609 2269 5648 suae
2300 5590 2577 5647 videlicet
2618 5590 2999 5647 districtionis
3029 5589 3325 5657 examine,
3359 5587 3420 5644 in
3456 5587 3553 5644 his

1894 5683 1999 5757 qui
2074 5682 2148 5738 de
2211 5682 2311 5737 illo
2374 5697 2557 5754 prave
2625 5680 2909 5750 sentiunt,
2978 5679 3285 5736 stultitiam
3342 5678 3557 5734 immo-

1895 5773 2087 5831 derati
2135 5770 2369 5846 saporis
2416 5771 2801 5843 exstinguit?
2854 5770 3020 5828 Unde
3071 5773 3131 5829 et
3184 5785 3294 5844 per
3346 5784 3557 5843 quem-
