3940 6408
375 265 481 320 359

1467 249 1826 309 ANGELOMI
1865 244 2318 305 LUXOVIENSIS
2355 249 2700 309 HONACHI.

3699 255 3824 310 300

377 386 523 442 dam
563 383 894 458 sapientem
920 377 1166 434 dicitur:
1199 400 1228 427 «
1253 380 1365 434 Cor
1393 375 1614 431 durum
1657 372 1814 428 male
1841 369 2028 426 habe-
2059 377 2105 429 A
2139 387 2275 427 rum
2303 380 2650 433 sanctarum
2680 376 2948 449 quotidie
2974 392 3179 433 secum
3227 376 3434 433 reﬁcit.
3467 377 3636 434 Unde
3661 393 3824 433 eve-

375 476 464 531 bit
490 476 552 530 in
582 472 948 536 novissimo;
1001 471 1058 522 et
1085 466 1189 539 qui
1219 471 1384 522 amat
1436 463 1769 536 periculum
1823 461 1881 515 in
1928 458 2030 514 illo

377 563 612 637 peribit.
647 583 676 612 υ

1018 701 1245 757 CAPUT
1302 701 1385 753 IX.

449 855 474 880 α
509 834 574 886 Et
601 828 748 884 dixit
785 824 1010 881 David:
1045 827 1298 878 Putasne
1342 826 1430 878 est
1477 819 1694 893 aliquis
1722 819 1796 873 de
1843 817 2029 872 domo

376 945 404 974 «ι
443 919 600 988 Saul,
627 923 690 973 ut
723 916 941 972 faciam
973 931 1110 969 cum
1137 929 1208 968 eo
1234 909 1704 968 misericordiam
1738 905 1972 962 Domini
2000 905 2028 959 Ῡ

374 1033 402 1060 ‹‹
435 1008 704 1079 Dixitque
748 1005 887 1061 Siba
912 1003 1034 1072 regi
1060 1021 1072 1058 :
1105 999 1558 1075 Superestﬁlius
1581 996 1897 1053 Jonatham
1925 993 2029 1048 de-

375 1123 402 1148 ‹‹
430 1090 566 1153 bilis
592 1095 868 1168 pedibus.
894 1113 923 1144 »
941 1091 1128 1146 David
1161 1107 1281 1145 non
1310 1090 1630 1144 immemor
1650 1091 1777 1141 erat
1793 1082 2031 1140 ftederis

372 1186 540 1260 quod
568 1184 866 1239 habuerat
888 1198 1027 1237 cum
1057 1180 1376 1235 Jonatham
1405 1182 1464 1234 et
1516 1176 1658 1232 olim
1701 1173 2027 1260 pepigerat,

373 1259 480 1330 sed
505 1270 980 1328 misericordiam
1020 1284 1208 1339 quam
1263 1267 1315 1322 ei
1370 1263 1732 1338 promiserat
1782 1259 2030 1332 implere

375 1362 624 1422 curavit,
648 1359 960 1430 ﬁliumque
991 1357 1122 1426 ejus
1154 1355 1418 1427 requirit,
1449 1357 1506 1408 et
1555 1347 2030 1407 misericordiam

376 1468 514 1507 cum
564 1465 634 1504 eo
680 1448 833 1502 fecit.
878 1450 1004 1502 Non
1036 1445 1193 1500 enim
1225 1450 1350 1499 erat
1385 1440 1567 1497 David
1601 1457 1672 1495 ex
1698 1453 1906 1494 eorum
1934 1452 2030 1491 so-

377 1541 606 1601 cietate,
630 1537 705 1592 de
728 1535 949 1608 quibus
979 1533 1128 1589 alias
1157 1533 1439 1604 scriptum
1472 1540 1557 1586 est
1583 1545 1595 1583 :
1631 1527 1739 1594 Qui
1773 1525 1920 1581 tollit
1952 1523 2030 1580 ab

378 1628 576 1684 amico
618 1643 727 1681 suo
759 1622 1251 1685 misericordiam,
1285 1621 1559 1676 timorem
1602 1615 1836 1672 Domini
1862 1614 2031 1669 dere-

2139 460 2224 516 nit
2259 467 2320 518 ut
2367 465 2513 521 tales
2544 465 2814 522 sobolem
2847 466 3114 536 gignant,
3143 465 3248 538 qui
3285 472 3533 522 vocetur
3583 466 3817 523 Micha.

2139 551 2325 607 Micha
2353 553 2513 608 enim
2559 555 2690 626 quis
2718 560 2802 611 est
2827 555 3027 610 Latine
3058 560 3323 618 resonat,
3353 555 3497 627 quia
3523 555 3826 627 frequen-

2139 644 2225 694 ter
2250 644 2308 696 et
2353 641 2412 696 in
2443 642 2907 698 admirationem
2952 642 3159 715 populi
3186 642 3334 698 tales
3375 642 3666 698 veniunt:
3700 641 3823 714 qui

2138 744 2331 801 nuper
2359 746 2389 785 e
2419 730 2708 803 despectu
2734 731 2946 788 mundi
2975 731 3176 799 ablati,
3211 732 3458 802 gloriosi
3503 731 3565 788 in
3600 731 3821 787 Eccle-

2139 817 2230 872 sia
2261 818 2362 873 Dei
2391 818 2554 875 dono
2579 820 2980 892 apparebunt.

2813 961 3049 1020 CAPUT
3079 967 3119 1020 Χ

2210 1109 2236 1135 ‹‹
2269 1087 2515 1142 Factum
2541 1093 2629 1143 est
2657 1094 2856 1144 autem
2889 1093 3025 1160 post
3054 1089 3181 1144 haec
3213 1093 3274 1144 ut
3319 1095 3655 1144 moreretur
3700 1105 3818 1143 rex

2138 1174 2450 1230 «ﬁliorum
2500 1181 2780 1246 Ammon,
2827 1182 2884 1233 et
2912 1179 3187 1246 regnaret
3243 1177 3458 1232 Hauon
3501 1177 3658 1232 titius
3690 1193 3817 1249 pro

2141 1285 2168 1311 ‹‹
2201 1280 2289 1319 eo.
2325 1265 2590 1338 Dixitque
2619 1265 2840 1321 David:
2869 1265 3105 1321 Faciam
3133 1266 3609 1322 misericordiam
3655 1283 3815 1322 cum

2140 1374 2166 1401 «
2204 1356 2410 1408 Hanon
2436 1353 2556 1410 ﬁlio
2602 1359 2775 1419 Naas,
2811 1355 2963 1410 sicut
3007 1355 3141 1411 fecit
3193 1361 3364 1428 pater
3392 1357 3524 1426 ejus
3554 1371 3816 1410 mecum

2143 1463 2169 1489 ‹‹
2204 1441 2695 1509 misericordiam,
2724 1461 2754 1495 ›
2785 1449 2841 1499 et
2868 1443 3118 1516 reliqua.
3148 1444 3404 1509 Quando
3429 1444 3578 1514 fugit
3609 1443 3818 1500 David

2140 1529 2354 1586 afacie
2380 1533 2555 1587 Achis
2601 1532 2754 1597 regis
2807 1533 2973 1599 Geth,
3032 1533 3188 1589 venit
3244 1534 3325 1589 ad
3379 1537 3532 1589 Naas
3587 1549 3815 1603 regem

2142 1624 2421 1684 Ammon,
2471 1622 2576 1694 qui
2606 1623 2740 1677 fecit
2769 1639 2908 1678 cum
2939 1638 3010 1677 eo
3056 1623 3555 1692 misericordiam,
3603 1623 3818 1678 multa

376 1716 610 1789 linquit.
637 1717 779 1780 Quae
808 1729 900 1767 res
939 1717 994 1766 et
1023 1709 1370 1766 ﬁdelitatem
1402 1705 1676 1780 probavit
1696 1702 2030 1759 secundum
2066 1729 2103 1781 Β
2140 1710 2536 1782 impertiendo
2582 1711 2768 1768 bona,
2831 1715 2907 1767 De
2961 1711 3146 1768 domo
3178 1717 3330 1769 Naas
3383 1713 3588 1785 itaque
3634 1713 3818 1768 venit

377 1805 690 1863 historiam
720 1803 780 1858 in
835 1801 977 1858 viro.
1011 1804 1068 1856 et
1111 1803 1555 1855 sacramentum
1600 1796 1772 1866 juxta
1816 1792 2032 1855 allego-

376 1895 530 1951 riam
562 1892 820 1949 ostendit
849 1890 907 1946 in
942 1891 1118 1944 facto.
1151 1892 1316 1960 Saepe
1340 1886 1498 1942 enim
1537 1884 1766 1940 dictum
1797 1886 1886 1936 est
1919 1881 2031 1934 Da-

378 1982 475 2038 vid
500 1995 822 2055 personam
847 1977 1056 2031 Christi
1089 1977 1370 2044 ﬁgurare,
1403 1988 1639 2030 necnon
1685 1976 1741 2026 et
1767 1970 1826 2025 in
1859 1983 2031 2038 supe-

375 2070 632 2127 rioribus
660 2070 1203 2124 commemoratum
1234 2069 1322 2120 est
1353 2083 1364 2119 :
1398 2062 1700 2118 Jonathan
1730 2059 1834 2132 qui
1861 2058 2036 2112 inter-

375 2163 642 2232 pretatur
694 2157 980 2212 columbae
1017 2155 1260 2219 donum,
1321 2158 1531 2224 typum
1576 2155 1774 2206 tenere
1830 2145 2031 2215 gratiae

377 2247 627 2320 Spiritus
658 2245 866 2300 sancti.
893 2243 1109 2298 Habuit
1157 2259 1300 2311 ergo
1330 2241 1618 2296 Jonathas
1657 2239 1848 2293 ﬁlium
1893 2250 2031 2306 par-

375 2337 581 2393 vulum
621 2333 864 2391 nomine
913 2332 1326 2406 Miphiboseth,
1363 2336 1615 2401 utroque
1672 2327 1823 2400 pede
1873 2323 2032 2378 clau-

376 2429 546 2492 dum,
581 2430 644 2481 ut
675 2426 977 2496 Scriptura
1007 2427 1277 2487 testatur,
1305 2436 1486 2493 quem
1519 2418 1704 2475 David
1729 2417 1807 2472 ad
1839 2431 1900 2470 se
1933 2431 2031 2469 ac-

377 2519 576 2575 cersiri
618 2517 828 2588 jussit:
891 2531 1029 2570 cum
1073 2512 1520 2586 prtedestinatio
1551 2515 1606 2565 et
1661 2506 2033 2581 praescientia

378 2609 502 2672 Dei,
525 2623 664 2662 eum
713 2622 895 2677 quem
925 2603 1003 2659 ad
1034 2602 1232 2657 saeculi
1282 2599 1610 2656 ministeria
1636 2603 1692 2653 et
1724 2596 2034 2652 mundana

377 2698 619 2769 negotia
661 2693 1012 2756 exercenda,
1065 2708 1340 2747 sermone
1397 2695 1454 2744 et
1494 2692 1724 2744 actione
1773 2684 2033 2740 debilem

377 2787 688 2860 conspicit,
727 2787 804 2841 ad
862 2783 1135 2839 divinum
1182 2781 1578 2837 ministerium
1630 2777 1834 2845 eligit:
1889 2775 2036 2848 quia

377 2895 559 2952 quem
585 2876 854 2932 mundus
877 2890 985 2947 per
1028 2873 1247 2929 fastum
1301 2869 1573 2926 elationis
1606 2868 1849 2939 spernit,
1874 2867 2034 2920 hunc

378 2973 533 3026 Deus
555 2973 794 3042 propter
823 2964 1203 3022 devotionem
1253 2959 1602 3017 humilitatis
1636 2957 1907 3030 acquirit.
1943 2961 2033 3010 ln-

377 3064 730 3132 terprctatur
778 3057 939 3112 enim
996 3051 1388 3128 Miphiboseth
1437 3052 1613 3107 decor
1657 3048 2028 3119 ignominiae:
2064 3087 2103 3139 Ο

375 3151 426 3208 is
457 3166 602 3221 ergo
628 3149 799 3220 cujus
825 3146 1130 3220 loquelam
1170 3150 1227 3201 et
1258 3141 1693 3216 preescientiam
1749 3138 2035 3211 superbia

378 3238 588 3295 mundi
612 3237 882 3309 despicit,
909 3235 1006 3291 Dei
1037 3234 1200 3290 dono
1233 3232 1387 3288 utilis
1419 3230 1495 3286 ad
1526 3229 1786 3303 spiritale
1811 3235 2032 3299 myste-

376 3327 533 3383 rium
585 3327 644 3380 in
703 3325 964 3380 Ecclesia
1016 3321 1350 3396 apparebit.
1385 3319 1532 3384 Quid
1560 3325 1818 3386 estergo
1867 3316 2032 3389 quod

377 3413 568 3470 David
602 3413 804 3469 Sibam
834 3429 1074 3467 servum
1097 3410 1237 3467 Saul
1266 3411 1340 3464 de
1368 3411 1549 3481 stirpe
1565 3407 1704 3464 Saul
1728 3422 2029 3479 quaerens,

379 3518 451 3558 eo
481 3500 805 3566 revelante,
839 3498 1230 3571 Miphiboseth
1287 3497 1533 3562 invenit,
1588 3495 1702 3551 nisi
1738 3496 1882 3567 quia
1931 3498 2033 3549 Re-

378 3592 656 3664 demptor
682 3594 887 3645 noster
925 3587 1248 3643 electorum
1308 3601 1629 3640 numerum
1660 3584 2034 3639 discutiendo

377 3682 529 3738 inter
559 3696 664 3736 eos
693 3679 798 3751 qui
829 3676 1152 3749 contempti
1185 3675 1484 3730 mundum
1537 3675 1922 3744 reliquerunt,
1957 3673 2034 3728 ad

379 3789 443 3827 se
469 3771 669 3827 venire
702 3768 886 3824 fecit?
920 3767 1059 3823 Siba
1081 3766 1241 3821 enim
1273 3780 1574 3833 egressus,
1605 3763 1764 3817 venit
1785 3762 1845 3817 in
1886 3770 2034 3817 tem-

375 3877 544 3934 pore.
597 3861 999 3927 Interrogatus
1029 3870 1172 3924 ergo
1205 3853 1346 3911 Siba
1375 3868 1412 3908 a
1458 3867 1618 3923 rege,
1645 3850 2036 3923 Miphiboseth

376 3950 570 4006 ﬁlium
599 3947 893 4014 Jonathae,
927 3945 987 4001 in
1037 3945 1222 4001 domo
1249 3941 1466 4000 Machir
1493 3941 1599 3996 ﬁlii
1623 3940 1810 3996 Amiel
1839 3940 1898 3995 in
1932 3943 2035 3995 Lo-

377 4038 573 4094 dobar
603 4053 732 4093 esse
753 4035 1086 4108 respondit.
1112 4037 1256 4099 Quae
1295 4048 1390 4087 res
1408 4031 1688 4104 praesenti
1719 4029 2035 4102 expositio-

375 4127 440 4183 ni
467 4126 621 4182 bene
648 4129 957 4182 convenit:
997 4124 1420 4194 lnterpretatur
1448 4120 1606 4176 enim
1638 4119 1874 4186 Machir,
1905 4134 2038 4175 ven-

377 4216 523 4272 dens
550 4213 645 4269 vel
674 4215 746 4269 de
771 4213 1140 4281 inﬁmitate:
1155 4209 1636 4280 Amiel,populus
1652 4212 1778 4279 ejus
1799 4209 2032 4264 dicitur:

379 4302 656 4359 Lodobor
678 4302 805 4374 ipse
835 4301 1101 4357 verbum.
1135 4299 1398 4370 Denique
1430 4298 1614 4354 David
1653 4303 1856 4354 noster
1885 4313 2030 4352 con-

378 4390 740 4464 temptibiles
764 4390 946 4460 hujus
975 4389 1208 4444 mundi.
1239 4393 1297 4443 et
1330 4403 1400 4443 ea
1422 4404 1556 4460 quae
1599 4403 1722 4442 non
1775 4392 1916 4442 sunt
1940 4385 2038 4441 eli-

377 4495 550 4551 gens,
574 4484 638 4536 ut
665 4495 739 4536 ea
765 4494 903 4552 quae
927 4481 1066 4533 sunt
1093 4477 1379 4542 destruat,
1395 4491 1498 4530 eos
1516 4474 1848 4530 vendibiles
1865 4490 2038 4530 mun-

376 4569 478 4640 do,
502 4575 560 4626 et
587 4569 648 4625 in
677 4567 1022 4625 inﬁrmitate
1054 4568 1404 4623 constitutos
1436 4563 1809 4636 reperiendo,
1846 4579 2037 4636 popu-

373 4659 433 4718 lo
462 4676 572 4716 suo
603 4659 822 4729 dignos
852 4657 1038 4713 verbo
1084 4654 1528 4730 praedicationis
1559 4653 1785 4717 ascivit,
1833 4652 2036 4724 eisque

373 4750 608 4820 regium
637 4750 931 4806 honorem
952 4747 1104 4804 inter
1123 4746 1277 4803 filios
1303 4743 1525 4801 habere
1551 4741 2036 4798 concessit.Unde

372 4844 430 4895 et
459 4838 649 4895 David
679 4854 858 4908 agros
887 4836 1026 4893 Saul
1052 4835 1317 4892 servituti
1356 4831 1748 4906 Miphiboseth
1776 4829 2033 4892 donans,

373 4926 576 5000 ipsum
609 4926 1007 4999 Miphiboseth
1039 4924 1360 4982 convivam
1401 4937 1580 4977 suum
1638 4935 1822 4990 super
1874 4934 2038 4974 men-

375 5031 507 5070 sam
541 5031 716 5069 suam
750 5013 932 5070 simul
988 5030 1128 5070 cum
1172 5013 1309 5068 ﬁliis
1348 5026 1478 5066 esse
1510 5007 1833 5081 praecepit:
1893 5007 2038 5080 quia

375 5101 725 5158 mediatoris
754 5102 941 5156 nostri
968 5101 1178 5172 gratia,
1210 5115 1347 5174 quae
1366 5096 1697 5153 secundum
1731 5095 1920 5151 Mariae
1937 5113 2036 5152 vo-

372 5207 540 5248 cem:
575 5211 604 5238 «
640 5189 922 5261 Deposuit
953 5194 1224 5261 potentes
1245 5189 1322 5244 de
1350 5186 1586 5250 sede,et
1613 5185 1899 5241 exaltavit
1923 5186 2034 5242 hu-

371 5279 542 5335 miles
569 5280 735 5350 (Luc.
759 5281 823 5343 1).
857 5300 884 5325 »
909 5279 975 5331 Et
993 5277 1166 5346 juxta
1190 5275 1574 5348 prophetiam
1593 5277 1776 5328 Annae
1804 5290 1816 5327 :
1843 5296 1869 5323 «
1901 5276 2038 5330 Sus-

379 5369 570 5424 citans
615 5367 690 5423 de
721 5365 964 5440 pulvere
995 5379 1278 5435 egenum,
1319 5368 1378 5418 et
1406 5361 1481 5417 de
1514 5366 1770 5417 stercore
1801 5362 2035 5432 erigens

381 5473 749 5528 pauperem:
781 5461 842 5511 ut
875 5454 1083 5511 sedeat
1123 5470 1260 5510 cum
1309 5452 1702 5525 principibus,
1730 5457 1785 5508 et
1815 5453 2033 5508 solium

373 5545 574 5614 gloriae
620 5550 818 5601 teneat
861 5545 921 5616 (I
942 5547 1085 5615 Reg.
1116 5545 1197 5615 ιι).
1235 5565 1262 5594 ››
1293 5541 1780 5614 Contemptibiles
1835 5559 2036 5614 perso-

372 5649 486 5688 nas
518 5633 591 5688 de
625 5633 856 5688 mundo
882 5633 1179 5699 auferens,
1214 5647 1600 5704 possessores
1630 5631 1916 5687 virtutum
1944 5632 2032 5687 of-

371 5721 512 5789 ﬁcit,
545 5726 603 5776 et
640 5721 886 5779 scientia
914 5720 1162 5794 spiritali
1190 5737 1371 5795 super
1397 5736 1674 5778 mensam
1707 5721 2034 5792 Scriptura-

2140 1798 2201 1853 in
2228 1800 2580 1871 speluncam
2608 1800 2901 1868 Odollam,
2938 1802 3039 1857 ubi
3083 1807 3375 1858 venerunt
3401 1802 3479 1858 ad
3510 1818 3650 1858 eum
3700 1818 3820 1874 pa-

2145 1893 2228 1943 ter
2253 1895 2308 1944 et
2341 1896 2532 1945 mater
2577 1895 2634 1945 et
2671 1891 2870 1946 omnis
2899 1891 3120 1946 domus
3150 1895 3302 1962 ejus.
3334 1891 3472 1946 Inde
3525 1892 3692 1948 venit
3722 1891 3815 1946 ab

2142 1979 2334 2044 Moab,
2361 1983 2418 2034 et
2443 1979 2667 2035 dimisn
2695 1979 2860 2052 apud
2901 1997 3042 2036 eum
3073 1987 3308 2052 patrem
3339 1985 3396 2036 et
3426 1985 3714 2050 matrem,
3749 1987 3816 2036 et

2142 2083 2386 2123 omnem
2417 2067 2670 2123 domum
2715 2085 2911 2135 suam,
2944 2074 3000 2125 et
3030 2069 3202 2125 rediit
3227 2069 3305 2125 ad
3342 2070 3519 2125 Achis
3567 2085 3811 2139 regem.

2144 2157 2273 2221 Quo
2305 2157 2457 2226 viso,
2486 2157 2633 2212 dixit
2657 2157 2835 2212 Achis
2875 2174 2978 2214 rex
3011 2158 3187 2214 Geth:
3225 2158 3462 2214 Hiccine
3503 2157 3814 2228 ingredie-

2143 2249 2236 2299 tur
2265 2245 2518 2301 domum
2548 2262 2749 2301 meam
2769 2249 2796 2302 ?
2825 2246 2982 2303 Abiit
3008 2247 3147 2302 inde
3175 2252 3233 2302 et
3260 2247 3410 2317 fugit
3437 2248 3496 2302 in
3554 2247 3812 2320 spelun-

2142 2350 2276 2389 cam
2337 2333 2631 2390 Odollam.
2666 2335 2822 2392 Abiit
2850 2335 3010 2399 inde,
3043 2336 3256 2409 inquit,
3313 2336 3676 2392 subauditur
3726 2337 3812 2392 de

2141 2425 2327 2480 domo
2366 2427 2540 2491 Naas,
2585 2429 2643 2480 et
2672 2425 2822 2495 fugit
2873 2426 2952 2481 ad
2983 2427 3262 2482 eamdem
3311 2426 3689 2499 speluncam.
3746 2428 3812 2483 Si

2142 2530 2284 2570 vero
2327 2515 2636 2586 quaeritur,
2672 2521 2852 2587 prout
2897 2515 3075 2586 longe
3107 2517 3387 2588 superius
3417 2517 3651 2586 legitur,
3694 2534 3814 2572 cur

2143 2603 2220 2659 ad
2247 2603 2425 2658 Achis
2457 2603 2645 2658 David
2671 2605 2972 2676 requierit,
3001 2612 3136 2661 ante
3186 2607 3362 2676 cujus
3393 2605 3609 2662 faciem
3636 2607 3814 2676 fuge-

2143 2697 2254 2758 rat,
2287 2691 2741 2760 intelligendum
2769 2698 2859 2749 est
2895 2693 3062 2766 quod
3091 2694 3199 2750 iste
3233 2695 3409 2750 Achis
3438 2695 3596 2751 ﬁlius
3625 2695 3813 2751 fuerit

2143 2776 2318 2831 illius.
2356 2777 2520 2831 Unde
2549 2781 2606 2832 et
2636 2777 2810 2832 Achis
2841 2795 2978 2833 cum
3009 2795 3132 2850 quo
3188 2779 3374 2834 David
3405 2781 3465 2835 in
3524 2779 3810 2852 praelium

2145 2872 2353 2922 contra
2370 2865 2511 2921 Saul
2540 2865 3128 2936 descendebat,ﬁlius
3143 2868 3324 2924 fuisse
3340 2869 3556 2926 dicitur
3570 2870 3777 2925 Maoch
3789 2912 3805 2924 .

2145 2957 2275 3010 Non
2305 2956 2466 3011 enim
2515 2972 2551 3011 a
2578 2961 2768 3027 patre,
2800 2957 2915 3012 hoc
2962 2973 3186 3013 nomen
3232 2959 3579 3031 patronymi
3633 2975 3803 3026 cum,

2145 3047 2251 3101 sed
2278 3062 2314 3100 a
2347 3051 2536 3101 matre
2594 3047 2849 3118 sumpsit
2902 3064 3038 3120 qua:
3088 3049 3332 3105 Maacha
3360 3049 3714 3118 vocabatur,
3749 3055 3814 3105 et

2143 3135 2366 3190 idcirco
2395 3150 2520 3190 non
2545 3151 2581 3190 a
2612 3140 2777 3206 patre
2804 3135 2918 3192 hoc
2947 3138 3203 3210 sumpsit
3253 3153 3500 3207 nomen,
3531 3154 3603 3194 eo
3633 3139 3810 3211 quod

2146 3226 2331 3281 David
2360 3241 2395 3280 a
2428 3243 2488 3281 se
2519 3225 2821 3295 abjecerit.
2858 3227 2952 3282 His
2985 3228 3146 3284 enim
3177 3229 3522 3295 enucleatis,
3555 3229 3633 3285 ad
3687 3230 3810 3302 spi-

2143 3314 2376 3370 ritalem
2412 3314 2869 3384 intelligentiam
2913 3317 3323 3390 apostrophen
3360 3317 3675 3374 faciamus.
3709 3319 3810 3374 Ait

2142 3420 2301 3460 enim
2323 3421 2336 3458 ἶ

2215 3493 2545 3566 «Dixitque
2603 3493 2820 3549 David:
2871 3495 3112 3551 Faciam
3141 3496 3616 3552 misericordiam
3659 3513 3804 3554 cum

2145 3605 2172 3632 «
2202 3583 2434 3648 Hanon,
2471 3605 2497 3631 »
2528 3587 2663 3649 etc.,
2719 3599 3038 3656 usquequo
3068 3584 3186 3640 ait:
3217 3608 3245 3633 «
3277 3584 3428 3641 Tulit
3457 3585 3659 3658 itaque
3690 3587 3808 3644 Ha-

2145 3695 2172 3720 ‹‹
2207 3688 2329 3727 non
2374 3687 2577 3726 servos
2630 3671 2838 3738 David,
2882 3673 3147 3745 rasitque
3197 3673 3511 3730 dimidiam
3567 3681 3802 3747 partem

2145 3783 2173 3810 ‹‹
2205 3759 2409 3815 barbae
2435 3775 2668 3826 eorum,
2705 3784 2733 3809 ››
2766 3766 2823 3816 et
2850 3760 3098 3833 reliqua.
3122 3765 3355 3832 Hanon,
3385 3764 3492 3835 qui
3510 3764 3803 3836 interpre-

2145 3854 2325 3913 tatur,
2355 3849 2530 3904 dolor
2580 3865 2806 3920 eorum,
2861 3851 2999 3923 quis
3052 3852 3268 3908 melius
3325 3852 3571 3923 intelligi
3601 3860 3806 3928 potest

2144 3954 2329 4010 quam
2359 3936 2658 4002 diabolus,
2681 3938 2785 4010 qui
2810 3941 3288 3997 Ammonitarum
3308 3941 3728 4014 spiritualium,
3743 3944 3808 4000 id

2144 4033 2233 4083 est
2274 4025 2682 4096 malignorum
2730 4029 3052 4099 spirituum
3100 4035 3293 4087 rector
3338 4031 3572 4088 videtur
3623 4035 3805 4088 esse?

2147 4117 2308 4172 Idem
2329 4121 2419 4170 est
2447 4121 2506 4171 et
2526 4115 2806 4188 princeps
2833 4118 3015 4189 hujus
3035 4119 3271 4190 mundi,
3301 4120 3601 4194 populum
3634 4122 3807 4178 vide-

2146 4207 2281 4262 licet
2307 4207 2579 4261 moeroris
2608 4211 2665 4261 et
2685 4223 2922 4280 semper
2944 4209 3005 4264 in
3032 4210 3314 4279 angustia
3343 4211 3667 4279 constituti,
3698 4213 3808 4286 qui

2147 4298 2543 4370 comprimere
2574 4295 2664 4352 vel
2719 4305 3114 4368 coangustare
3159 4299 3435 4356 homines
3482 4301 3802 4360 desiderat.

2153 4389 2310 4444 Sicut
2339 4387 2499 4442 enim
2528 4389 2735 4444 Hanon
2778 4404 2881 4444 rex
2913 4389 3082 4446 Moab
3114 4407 3319 4447 servos
3364 4392 3574 4460 David,
3631 4393 3711 4449 ad
3742 4410 3804 4450 se

2149 4478 2385 4544 missos,
2419 4476 2777 4550 deturpavit,
2835 4483 3017 4552 atque
3062 4479 3366 4537 lubriciter
3412 4481 3669 4538 foedatos
3723 4485 3805 4540 ad

2147 4567 2431 4624 eumdem
2463 4568 2650 4623 David
2677 4568 2936 4625 remisit:
2990 4570 3073 4626 ita
3101 4575 3159 4627 et
3204 4570 3483 4628 diabolus
3523 4572 3804 4646 princeps

2146 4657 2327 4728 hujus
2357 4657 2590 4728 mundi,
2623 4658 2945 4732 plerosque
2977 4660 3289 4730 religiosos
3319 4666 3378 4718 et
3409 4662 3805 4735 praedicantes

2147 4746 2325 4802 Verbi
2352 4746 2452 4802 Dei
2484 4749 3024 4817 conversationem,
3075 4767 3183 4823 per
3226 4751 3612 4825 subrepentia
3662 4752 3805 4810 vitia

2145 4835 2464 4907 deturpare
2487 4838 2816 4894 consuevit.
2849 4839 2960 4904 Qui
2980 4839 3126 4895 dum
3158 4856 3369 4897 eorum
3393 4841 3640 4898 latentia
3670 4858 3799 4899 ma-

2144 4924 2224 4994 la,
2264 4923 2326 4979 in
2356 4929 2566 4996 aperta
2586 4925 2882 4996 ﬂagitiosa
2907 4934 3367 5003 perpetrataque
3386 4929 3624 4986 luxuria
3645 4929 3804 4988 dete-

2147 5013 2248 5083 git,
2281 5013 2455 5085 quasi
2484 5029 2694 5070 eorum
2725 5015 3082 5074 indumenta
3106 5034 3303 5091 usque
3348 5019 3426 5075 ad
3466 5023 3636 5075 nates
3667 5018 3804 5076 abs-

2146 5101 2289 5168 cisa,
2316 5101 2554 5158 nudosa
2608 5103 2898 5174 dignitate
2928 5107 3217 5162 castitatis
3246 5107 3582 5180 derelinqui
3610 5124 3623 5162 :
3656 5113 3711 5165 et
3739 5109 3804 5165 in

2145 5190 2333 5247 oculis
2355 5191 2672 5248 hominum
2720 5195 2919 5266 turpia
2947 5195 3124 5266 facta,
3178 5213 3312 5269 quae
3343 5197 3457 5270 ipsi
3487 5213 3801 5269 persuase-

2145 5284 2256 5347 rat,
2284 5280 2526 5336 revelat.
2561 5283 2628 5337 Et
2681 5283 2830 5338 dum
2889 5284 3205 5357 pristinam
3257 5302 3468 5342 eorum
3516 5286 3804 5343 fortitudi-

2143 5384 2283 5423 nem
2313 5369 2504 5440 eripit,
2538 5369 2696 5426 velut
2715 5371 2973 5428 barbam
3005 5375 3181 5430 radit.
3215 5377 3378 5440 Quos
3397 5379 3603 5430 tamen
3628 5391 3800 5431 verus

2146 5456 2355 5520 David,
2389 5458 2678 5514 Dominus
2705 5460 2924 5516 scilicet
2949 5467 3006 5517 et
3060 5462 3330 5519 Salvator
3373 5463 3647 5519 clementi
3677 5479 3798 5519 res-

2143 5550 2340 5617 pectu,
2370 5562 2477 5618 per
2499 5549 2931 5619 paenitentiam,
2952 5551 3032 5606 ab
3053 5551 3425 5622 indulgentia
3447 5567 3569 5608 non
3601 5553 3798 5609 exclu-

2143 5632 2261 5688 dit:
2296 5649 2451 5705 quos
2481 5640 2539 5688 et
2571 5635 2632 5691 in
2678 5636 2934 5706 Jericbo,
2967 5639 3083 5694 hoc
3133 5645 3221 5696 est
3250 5640 3364 5695 sub
3416 5641 3814 5698 anathemate.

2142 5723 2504 5794 poenitentiae
2521 5729 2577 5781 et
2599 5726 2927 5798 opprobrio
2955 5728 3274 5788 meliorum
3302 5729 3566 5788 residem
3589 5730 3796 5802 jubet:
