3940 6428
86 289 185 347 3,,

1107 278 1365 337 ENAKRI
1408 270 1766 331 lN'LIBROS
1794 271 2062 330 AREGUM.
2105 278 2176 333 ΙΝ
2217 277 2353 333 LIB.
2396 281 2461 333 ll.

3407 286 3513 339 362

84 415 261 470 donec
288 410 665 467 sacramenta
695 405 1029 480 spiritualia
1054 410 1113 461 et
1142 402 1549 461 fortitudinem
1569 411 1732 453 men-
1761 401 1809 451 A
1847 396 2150 457 nistratur.
2172 403 2362 467 Quem
2388 418 2530 459 vero
2550 401 2717 459 Urias
2732 402 2847 459 nisi
2867 403 3186 462 Iudaicum
3215 404 3515 479 populum

86 506 166 561 tis.
195 517 379 575 quam
403 497 719 572 peccando
746 495 1152 571 perdiderant,
1188 489 1613 550 satisfaciendo
1640 503 1731 543 re—

85 592 312 665 cipiant,
344 594 402 645 et
428 589 511 644 sic
537 588 787 643 demum
812 586 871 641 in
905 589 1233 657 conspectu
1272 587 1402 654 ejus
1436 584 1591 635 stare
1621 593 1730 632 va-

83 661 248 738 leant.
303 682 417 734 Nec
475 675 848 733 credendum
905 681 993 731 est
1050 673 1275 746 utique,
1319 667 1490 744 quod
1550 661 1736 721 David

85 775 273 827 noster
325 766 540 824 milites
589 782 731 821 suos
784 764 1004 821 inultos
1053 779 1183 819 esse
1233 761 1514 835 patiatur,
1545 752 1738 827 quiin

86 862 272 916 hostes
304 873 446 913 suos
489 855 754 912 exercitu
804 858 1168 925 congregato
1198 848 1486 925 procedit,
1518 861 1587 901 ac
1612 842 1738 898 vin-

86 950 235 1005 dicat
260 962 507 1003 suorum
538 944 824 1015 injuriam
860 961 872 999 :
908 960 1048 999 cum
1079 957 1202 998 non
1234 939 1428 995 solum
1461 937 1742 992 adversa-

86 1038 195 1093 rios
226 1052 384 1102 suos,
419 1051 582 1091 nunc
610 1050 717 1107 per
742 1037 1090 1089 sanctorum
1120 1028 1436 1086 victoriam
1485 1022 1737 1080 confun-

86 1127 181 1196 dit,
212 1125 315 1182 sed
353 1125 530 1180 etiam
566 1124 625 1178 in
650 1126 917 1178 extremo
944 1120 1194 1192 judicio,
1219 1134 1325 1191 per
1347 1116 1581 1188 justam
1610 1127 1739 1167 sen-

88 1215 336 1281 tentiam,
368 1213 673 1286 perpetuis
702 1211 945 1281 ignibus
981 1208 1339 1266 cruciandos
1365 1203 1577 1262 tradet.

729 1355 961 1411 CAPUT
998 1357 1085 1411 XI.

158 1509 183 1536 ‹‹
224 1488 465 1542 Factum
497 1490 586 1540 est
617 1488 841 1551 autem,
870 1486 1136 1539 vertente
1168 1494 1351 1546 anno,
1371 1492 1442 1533 eo
1473 1480 1741 1548 tempore

89 1597 115 1623 «
158 1590 278 1647 quo
309 1574 503 1630 solent
532 1588 702 1643 reges
733 1571 813 1628 ad
846 1570 1005 1627 bella
1035 1569 1382 1643 procedere,
1414 1565 1577 1622 misit
1627 1563 1741 1620 Da-

88 1684 115 1717 ‹
152 1663 243 1719 vid
283 1662 436 1720 Joab
488 1667 543 1717 et
610 1676 815 1717 servos
862 1674 1004 1715 suos
1036 1674 1176 1714 cum
1215 1672 1306 1723 eo,
1333 1678 1362 1705 »
1394 1659 1505 1711 etc.
1534 1657 1598 1709 ln
1629 1652 1740 1708 He-

1848 486 2189 557 signiﬁcat‘?
2218 493 2392 564 cujus
2417 508 2642 549 nomen
2669 491 3125 566 interpretatum
3162 495 3381 552 dicitur
3405 496 3516 553 lux

1845 592 1976 633 mea
2005 579 2296 638 Dominus
2328 599 2341 638 :
2385 581 2674 639 Judaicus
2704 587 2908 640 autem
2947 584 3233 658 populus,
3263 585 3411 658 quia
3438 583 3515 640 de

1844 673 2094 741 accepta
2115 669 2264 742 legis
2294 672 2540 729 scientia
2569 672 2887 741 extollitur,
2915 674 3092 747 quasi
3144 674 3221 731 de
3251 674 3352 731 Dei
3379 674 3516 732 luce

1847 756 2151 827 gloriatur.
2190 761 2305 818 Sed
2352 762 2492 819 huic
2527 763 2672 819 Urius
2730 763 2919 820 David
2968 781 3221 822 uxorem
3270 764 3518 822 abstulit

1847 846 2081 920 sibique
2104 851 2238 922 conj
2250 851 2437 922 unxit,
2456 852 2602 926 quia
2623 852 2895 911 videlicet
2916 869 3105 911 manu
3131 854 3319 923 fortis,
3346 854 3517 928 quod

1847 937 2036 993 David
2062 939 2296 1003 dicitur,
2328 940 2391 997 in
2421 958 2602 999 carne
2631 942 2990 1016 Redemptor
3019 960 3342 1019 apparens,
3365 943 3516 1002 dum

1847 1025 1923 1083 de
1979 1044 2043 1115 se
2091 1030 2432 1102 spiritaliter
2482 1031 2649 1104 loqui
2690 1031 2887 1103 legem
2934 1026 3211 1103 innotuit,
3244 1050 3351 1108 per
3398 1034 3516 1092 hoc

1847 1116 2016 1189 quod
2062 1119 2237 1189 juxta
2287 1119 2545 1177 litteram
2602 1121 2968 1185 tenebratur,
3013 1123 3172 1180 hanc
3211 1140 3248 1180 a
3277 1122 3516 1181 Judicio

1848 1207 2079 1280 populo
2127 1214 2476 1267 extraneam
2534 1210 2972 1268 demonstravit
3018 1212 3251 1286 sibique
3310 1214 3519 1285 conju-

1850 1311 2010 1368 gem,
2061 1298 2208 1371 quia
2269 1316 2511 1373 semper
2567 1300 2730 1357 illam
2796 1300 3114 1374 praedicari
3164 1302 3512 1360 declaravit.

1850 1386 2057 1443 Uriam
2089 1393 2289 1445 tamen
2330 1389 2408 1446 ad
2440 1390 2695 1446 domum
2724 1390 2809 1447 ire
2858 1390 3049 1447 David
3074 1393 3383 1461 admouet,
3413 1408 3516 1466 pe-

1850 1475 2079 1550 desque
2110 1476 2347 1535 lavare:
2375 1480 2523 1553 quia
2550 1480 2899 1539 incarnatus
2919 1480 3210 1537 Dominus
3240 1481 3510 1552 veniens,

1849 1565 2100 1623 Judaico
2139 1568 2368 1642 populo
2418 1569 2704 1643 praecepit
2749 1575 2814 1626 ut
2862 1570 2941 1627 ad
2971 1570 3403 1627 conscientiam
3432 1586 3520 1628 re-

1850 1655 2009 1724 deat,
2024 1661 2082 1713 et
2108 1658 2317 1715 sordes
2340 1675 2591 1733 operum
2617 1664 2809 1730 terget
2830 1659 3069 1716 ﬂetibus
3091 1665 3157 1716 ut
3177 1659 3516 1734 spiritaliter

85 1753 238 1809 braeo
267 1752 350 1808 ita
380 1751 597 1823 legitur
628 1769 640 1806 :
676 1773 704 1801 «
737 1753 816 1805 Eo
842 1754 1109 1822 tempore
1134 1763 1258 1820 quo
1282 1761 1455 1816 reges
1475 1741 1554 1799 ad
1583 1740 1742 1797 bella
1774 1764 1814 1818 Β
1850 1746 2142 1804 mandata
2168 1747 2320 1820 legis
2351 1749 2641 1821 intelligat
2673 1768 2686 1806 :
2716 1755 2774 1806 et
2804 1755 2943 1823 post
2972 1755 3200 1807 tantam
3231 1750 3519 1808 duritiam

83 1846 513 1915 proesserant,
544 1840 706 1896 misit
761 1837 950 1895 David
1001 1836 1176 1900 Joab.
1211 1859 1239 1885 »
1266 1840 1376 1892 etc.
1427 1834 1547 1889 Hos
1573 1847 1743 1901 reges

84 1930 346 2005 dici,qui
398 1933 823 2005 processerunt
853 1931 1063 1984 contra
1093 1925 1282 1982 David
1334 1925 1397 1980 in
1442 1937 1738 1996 pugnam,

86 2020 294 2077 scilicet
317 2036 529 2091 regem
573 2018 803 2089 Rohob,
837 2022 895 2074 et
942 2015 1120 2087 lstob,
1149 2019 1208 2071 et
1255 2013 1436 2083 Soba,
1484 2018 1543 2069 et
1582 2012 1745 2067 Maa-

86 2111 210 2167 cha.
244 2111 356 2176 Qui
380 2108 593 2183 utique
646 2123 820 2178 reges
854 2107 1036 2180 Syriae
1068 2106 1327 2172 fuerunt,
1361 2107 1419 2160 et
1468 2117 1741 2177 pugnare

84 2199 392 2257 voluerunt
425 2197 732 2265 (conducti
761 2196 1038 2253 mercede
1067 2211 1101 2252 a
1127 2210 1268 2265 rege
1297 2192 1488 2263 Moab)
1533 2194 1744 2248 contra

86 2288 283 2356 David,
315 2304 354 2344 a
380 2302 510 2361 quo
566 2284 917 2359 triumphati
963 2298 1094 2340 esse
1145 2282 1446 2353 leguntur.
1481 2302 1510 2331 «
1546 2282 1610 2335 Et
1664 2278 1745 2335 ait

85 2396 113 2431 ‹
147 2378 294 2434 Joab
341 2376 549 2433 Abisai
595 2375 762 2432 fratri
792 2390 903 2431 suo
936 2390 950 2429 :
979 2374 1037 2430 Si
1088 2370 1510 2446 praevaluerint
1538 2368 1744 2427 adver-

84 2491 109 2516 «
146 2485 277 2525 sum
302 2483 403 2525 me
437 2465 727 2540 Syri,eris
752 2464 903 2521 mihi
930 2464 993 2520 in
1022 2461 1397 2535 adjutorium
1422 2478 1435 2516 :
1461 2460 1511 2516 si
1540 2462 1743 2516 autem

90 2577 114 2603 »ι
148 2555 247 2612 ﬁlii
299 2561 566 2613 Ammon
620 2550 1048 2627 praevaluerint
1096 2550 1424 2607 adversum
1472 2553 1547 2616 te,
1580 2546 1745 2603 auxi-

86 2666 121 2693 «·
146 2644 336 2701 liabor
375 2642 510 2700 tibi.
550 2665 578 2691 ››
608 2641 732 2697 Hoc
780 2645 869 2697 est
896 2638 1063 2713 quod
1108 2638 1172 2695 in
1216 2635 1546 2695 Proverbiis
1582 2633 1744 2691 Salo-

85 2748 218 2790 mon
266 2734 351 2791 ait
382 2752 396 2789 :
432 2755 463 2784 «
501 2734 701 2788 Frater
749 2729 854 2803 qui
900 2728 1223 2800 adjuvetur
1271 2743 1309 2785 a
1337 2727 1536 2794 fratre,
1568 2724 1745 2798 quasi

85 2824 280 2881 civitas
338 2821 603 2892 munita,
634 2825 693 2877 et
740 2818 971 2892 judicia
1019 2818 1197 2892 quasi
1250 2822 1446 2874 vectes
1499 2814 1743 2872 urbium

84 2916 275 2980 (Prov.
308 2918 498 2978 xviu).
526 2934 557 2962 »

150 3026 177 3051 «
216 3003 500 3070 Quadam
525 2999 624 3056 die
649 2998 867 3056 accidit
885 3002 952 3054 ut
981 2999 1249 3067 surgeret
1278 2995 1466 3051 David
1491 2994 1567 3051 de
1599 2999 1747 3051 stra-

86 3116 110 3141 «
150 3098 209 3148 tu
240 3108 353 3149 suo
382 3096 524 3164 post
548 3088 881 3157 meridiem,
903 3090 961 3144 et
989 3085 1409 3144 deambularet
1433 3085 1493 3140 in
1527 3083 1746 3141 solario

84 3204 110 3232 «
148 3182 363 3238 domus
389 3179 594 3250 regiae.
622 3176 894 3250 Viditquc
919 3175 1235 3231 mulierem
1272 3190 1345 3230 ex
1394 3173 1654 3230 adverso
1683 3187 1746 3228 se

86 3293 110 3319 ‹‹
149 3271 452 3327 lavantem
493 3283 676 3341 super
733 3265 1021 3322 solarium
1071 3280 1271 3320 suum.
1308 3287 1334 3313 ››
1364 3267 1555 3336 Atque
1613 3265 1752 3335 post

88 3377 271 3433 pauca
300 3359 731 3432 subjungitur:

153 3472 178 3500 α
221 3450 366 3507 Misit
395 3450 608 3520 itaque
640 3446 828 3502 David
853 3444 1117 3510 nuntios,
1148 3447 1205 3498 et
1229 3441 1359 3498 tulit
1407 3458 1564 3499 eam.
1608 3443 1752 3508 Quae

89 3563 113 3589 «
153 3556 286 3595 cum
317 3541 600 3609 ingressa
633 3539 787 3591 esset
829 3534 908 3590 ad
937 3533 1127 3600 illum,
1156 3530 1440 3587 dormivit
1465 3547 1602 3586 cum
1622 3546 1750 3601 ea,»

88 3635 139 3684 et
159 3630 411 3703 reliqua.
438 3630 511 3682 In
542 3627 657 3681 hac
686 3624 979 3681 sententia
1010 3637 1133 3679 non
1161 3638 1235 3677 ex
1264 3626 1470 3677 nostra
1525 3620 1755 3693 aliquid

87 3720 383 3792 ponimus,
419 3716 534 3773 sed
555 3720 906 3771 sanctorum
932 3712 1250 3768 doctorum
1282 3710 1441 3766 dicta
1496 3709 1755 3766 inserere

87 3811 341 3866 nitimur.
389 3808 757 3878 Plerumque
814 3820 909 3859 res
958 3801 1243 3876 quaelibet
1291 3817 1400 3874 per
1444 3799 1755 3856 historiam

89 3898 264 3955 virtus
317 3904 429 3969 est,
462 3912 577 3970 per
627 3892 1129 3965 signiﬁcationem
1182 3890 1382 3963 culpa.
1441 3890 1602 3947 Sicut
1648 3888 1755 3946 ali-

90 3986 328 4060 quando
353 4004 455 4045 res
497 3989 667 4055 gesta
692 3984 755 4039 in
784 3982 943 4038 facto
969 3996 1158 4038 causa
1185 3979 1594 4036 damnationis
1644 3982 1754 4046 est,

91 4077 146 4133 in
191 4078 413 4152 scripto
445 4080 655 4134 autem
683 4072 1002 4147 prophetia
1027 4070 1281 4126 virtutis.
1334 4069 1507 4136 Quod
1551 4084 1759 4125 verum

94 4186 219 4225 esse
272 4169 450 4225 citius
503 4164 903 4235 ostendimus,
935 4162 985 4217 si
1033 4160 1198 4216 istud
1229 4176 1415 4217 sacrae
1446 4161 1759 4233 Scriptura:

96 4259 497 4316 testimonium
559 4255 641 4312 ad
699 4259 954 4325 utraque
1002 4249 1322 4325 probanda
1358 4250 1759 4324 proferamus.

1852 1841 2312 1910 praeceptorum,
2358 1839 2585 1896 fontem
2642 1839 3023 1914 baptismatis
3076 1840 3406 1908 inveniens,
3439 1840 3521 1898 ad

1852 1941 2079 1999 aquam
2109 1934 2247 2000 post
2291 1928 2563 1986 laborem
2607 1934 2893 1987 recurrat.
2922 1930 3036 1986 Sed
3089 1930 3256 1987 Urias
3311 1946 3520 1988 arcam

1852 2016 2088 2072 Domini
2139 2033 2271 2074 esse
2312 2018 2426 2074 sub
2476 2018 2733 2091 pellibus
2765 2019 3057 2082 meminit,
3087 2019 3519 2093 responditque

1851 2104 2019 2175 quod
2048 2103 2301 2161 domum
2335 2122 2512 2163 suam
2542 2105 2763 2163 intrare
2788 2122 2912 2162 non
2949 2111 3189 2179 posset;
3221 2122 3292 2163 ac
3323 2105 3374 2162 si
3418 2105 3522 2164 Ju-

1851 2191 2064 2247 daicus
2091 2193 2356 2266 populus
2384 2192 2581 2250 dicat:
2608 2196 2730 2266 Ego
2753 2193 3047 2251 mandata
3078 2194 3178 2250 Dei
3208 2194 3269 2250 in
3296 2194 3520 2251 sacriﬁ-

1852 2279 1958 2336 ciis
1983 2281 2328 2338 carnalibus
2358 2281 2598 2349 videbo,
2633 2287 2689 2338 et
2735 2281 2929 2339 redire
2957 2282 3037 2340 ad
3063 2282 3514 2341 conscientiam.

1852 2385 1960 2442 per
2010 2370 2339 2444 spiritalem
2386 2372 2841 2443 intelligentiam
2886 2388 3011 2429 non
3041 2373 3303 2446 requiro.
3333 2373 3518 2440 Quasi

1853 2459 2013 2515 enim
2043 2476 2248 2517 arcam
2280 2477 2411 2518 esse
2441 2462 2555 2518 sub
2585 2461 2842 2536 pellibus
2863 2462 3023 2527 dicit,
3058 2463 3162 2536 qui
3215 2468 3520 2538 praecepta

1854 2549 1956 2605 Dei
1986 2566 2108 2607 non
2136 2551 2249 2606 nisi
2272 2550 2351 2607 ad
2382 2551 2793 2609 exhibendum
2826 2552 3223 2609 ministerium
3242 2552 3520 2610 sacriﬁcii

1853 2638 2112 2696 carnalis
2165 2640 2454 2712 intelligit.
2509 2642 2680 2697 Hunc
2731 2647 2935 2699 tamen
2988 2641 3169 2700 etiam
3215 2640 3410 2699 redire
3439 2641 3521 2701 ad

1853 2729 2107 2786 domum
2139 2730 2465 2799 nolentem,
2499 2730 2685 2788 David
2715 2731 2796 2788 ad
2816 2747 3094 2789 mensam
3127 2731 3521 2806 vocatzquia,

1851 2820 2137 2893 quamvis
2165 2820 2453 2877 Judaicus
2484 2821 2749 2895 populus
2777 2821 2854 2879 ad
2876 2820 3311 2879 conscientiam
3324 2820 3521 2880 redire

1853 2914 2221 2982 contemnat,
2252 2910 2305 2967 ei
2332 2915 2532 2967 tamen
2564 2911 2926 2984 Redemptor
2952 2910 3202 2968 veniens
3229 2909 3524 2969 mandata

1855 2999 2139 3073 spiritalia
2192 3000 2480 3072 prtedicat
2530 2999 2738 3056 dicens
2770 3012 2842 3055 :‘u
2874 3000 2931 3057 Si
2962 3000 3279 3057 crederetis
3308 2999 3518 3073 Moysi,

1855 3089 2172 3146 crederetis
2203 3089 2451 3145 forsitan
2481 3095 2537 3145 et
2567 3089 2714 3145 mihi
2734 3089 2809 3144 de
2837 3106 2933 3144 me
2974 3090 3138 3146 enim
3158 3089 3255 3145 ille
3285 3089 3525 3161 scripsit

1855 3178 2057 3251 (Joan.
2086 3180 2165 3252 v).
2201 3201 2229 3229 »
2260 3180 2479 3248 Legem
2501 3178 2703 3251 itaque
2728 3178 3016 3234 Judaicus
3047 3178 3311 3251 populus
3340 3182 3519 3245 tenet,

1856 3285 1994 3343 quae
2020 3268 2391 3325 divinitatem
2420 3267 2704 3341 loquitur,
2729 3267 2826 3323 cui
2845 3267 3007 3323 idem
3037 3267 3302 3341 populus
3316 3267 3523 3324 crede-

1856 3374 1921 3415 re
1951 3359 2333 3431 dedignatur.
2368 3358 2538 3414 Unde
2569 3362 2627 3415 et
2657 3357 2822 3414 Urias
2853 3361 2911 3414 et
2940 3358 3096 3415 Joab
3129 3374 3265 3413 cum
3298 3357 3524 3431 episto-

1858 3449 1954 3519 lis,
1987 3465 2059 3505 ex
2099 3448 2325 3522 quibus
2348 3448 2543 3505 occidi
2590 3447 2832 3518 debeat,
2859 3447 3109 3503 mittitur
3140 3465 3153 3502 :
3187 3446 3333 3520 quia
3360 3447 3527 3504 idem

1858 3539 1992 3613 ipse
2019 3539 2305 3596 Judaicus
2343 3537 2608 3612 populus
2632 3537 2827 3607 legem
2869 3541 3088 3610 portat,
3114 3553 3239 3610 qua
3284 3536 3528 3594 convin-

1863 3632 2033 3685 cente
2063 3629 2369 3685 morietur.
2408 3630 2559 3683 Dum
2589 3628 2751 3683 enim
2772 3627 3065 3684 mandata
3088 3626 3237 3696 legis
3266 3626 3529 3683 retinens

1861 3718 2110 3792 implere
2159 3718 2452 3775 renititur.
2501 3717 2630 3790 ipse
2683 3716 2970 3773 nimirum
3018 3717 3198 3772 refert
3230 3714 3530 3787 judicium
3602 3784 3607 3791 .

1863 3808 2025 3865 unde
2055 3807 2467 3865 damnabitur.
2493 3806 2650 3873 Quid
2678 3821 2822 3876 ergo
2851 3821 2960 3879 per
2974 3805 3202 3861 factum
3230 3804 3390 3861 istud
3420 3806 3530 3860 Da-

1862 3899 1966 3955 vid
1988 3898 2295 3955 scelestius
2312 3898 2339 3952 ?
2360 3896 2513 3962 Quid
2538 3896 2672 3953 Uria
2694 3895 2982 3951 mundius
3004 3894 3123 3950 dici
3151 3894 3394 3968 potest?
3417 3890 3533 3950 Sed

1864 4006 2074 4045 rursus
2098 4004 2207 4062 per
2237 3986 2614 4061 mysterium,
2645 3985 2794 4059 quid
2834 3984 3019 4041 David
3067 3984 3354 4054 sanctius,
3385 3981 3534 4057 quid

1866 4079 2004 4135 Uria
2032 4075 2336 4133 inﬁdelius
2366 4075 2667 4132 invenitur
2688 4074 2715 4130 ?
2746 4073 2996 4147 quando
3027 4079 3085 4131 et
3112 4073 3209 4130 ille
3249 4088 3359 4146 per
3400 4071 3535 4129 vitae

1868 4168 2112 4241 culpam
2138 4165 2467 4240 prophetiae
2499 4165 2697 4237 signat
2724 4163 3135 4221 innocentiam
3168 4182 3181 4220 :
3212 4169 3267 4220 et
3289 4162 3400 4220 iste
3430 4177 3538 4236 per

1868 4258 2006 4315 vitae
2052 4256 2481 4323 innocentiam,
2510 4255 2573 4311 in
2601 4254 2921 4329 prophetia
2963 4253 3243 4328 exprimit
3271 4252 3537 4327 culpam.

96 4351 231 4415 Quis
269 4363 547 4422 namque
605 4344 879 4409 (Indicus,
911 4357 1035 4399 D011
1087 4340 1288 4397 5010111
1330 4340 1621 4407 ﬁdelium,
1655 4337 1764 4394 sed
1872 4345 2075 4403 Virtus
2106 4360 2374 4418 namque
2401 4344 2556 4400 sacri
2583 4342 2808 4417 eloquii
2860 4343 2945 4399 sic
2976 4347 3283 4401 transacta
3310 4344 3540 4411 narrat,

96 4439 361 4513 ipsorum
404 4452 659 4512 quoque
701 4432 1058 4503 inﬁdelium,
1086 4446 1211 4488 non
1263 4430 1463 4487 statim
1515 4429 1757 4486 damna-
1793 4491 1835 4513 η
1876 4441 1942 4493 ut
1982 4439 2238 4491 ventura
2290 4433 2626 4507 exprimat;
2661 4433 2744 4489 sic
2793 4432 3082 4490 factorem
3131 4430 3452 4506 approbat,
3479 4434 3546 4486 ut

97 4491 196 4603 brit,
226 4491 397 4605 quod
410 4491 618 4585 David
642 4491 706 4582 in
731 4523 953 4582 solario
982 4491 1411 4589 deambulans,
1437 4519 1765 4577 Bethsabee
1793 4491 1836 4545 Β
1875 4491 1936 4581 ei
1954 4524 2246 4598 mysterio
2276 4491 2670 4592 coritradicat,
2704 4522 2788 4579 sic
2837 4528 3008 4593 gesta
3035 4491 3310 4586 damnat,
3328 4525 3395 4576 ut
3416 4491 3549 4577 hac

100 4621 239 4677 Uria
268 4615 685 4691 conscupiscit
713 4630 964 4672 uxorem
984 4614 1012 4670 ‘?
1042 4611 1216 4680 Quod
1247 4616 1453 4668 tamen
1498 4626 1535 4669 a
1560 4610 1766 4685 praelio
1875 4614 2131 4689 mystice
2183 4613 2449 4685 gerendo
2496 4610 2881 4686 persuadeat.
2913 4610 3115 4680 Aliter,
3148 4606 3338 4665 David
3370 4608 3550 4663 inter-

98 4714 513 4778 revertentem,
546 4706 632 4762 ire
683 4704 764 4761 ad
812 4704 1070 4760 domum
1127 4700 1433 4765 admonet,
1464 4717 1535 4758 ac
1581 4700 1770 4774 pedes
1876 4707 2147 4778 pretatur
2168 4718 2357 4758 manu
2380 4701 2585 4772 fortis,
2619 4700 2743 4756 sive
2793 4698 3231 4755 desiderabilis.
3255 4696 3323 4750 In
3351 4694 3553 4765 ﬁgura

98 4797 314 4857 lavare.
356 4798 475 4866 Qui
505 4794 783 4871 protinus
825 4790 1141 4867 respondit
1180 4790 1387 4848 dicens
1417 4808 1430 4847 :
1464 4796 1617 4848 Area
1664 4793 1773 4847 Do-
1880 4792 2091 4851 Cbristi
2120 4795 2259 4865 post
2299 4788 2611 4846 meridiem
2644 4788 2707 4843 in
2754 4786 2976 4843 salario
3010 4782 3433 4850 deambulans,
3468 4781 3554 4838 vi-

100 4890 239 4947 mini
286 4889 407 4946 sub
460 4885 727 4961 pellibus
762 4888 875 4953 est,
906 4887 964 4940 et
1010 4897 1125 4953 ego
1173 4881 1237 4938 in
1283 4881 1469 4939 domo
1517 4897 1660 4939 mea
1685 4897 1773 4938 re-
1879 4882 1969 4939 dit
2015 4880 2331 4938 mulierem
2382 4894 2445 4934 se
2492 4877 2821 4945 lavantem,
2845 4881 3024 4949 atque
3064 4871 3430 4946 concupivit.
3463 4872 3557 4929 Sic

100 4979 454 5052 quiescam?
484 4978 680 5040 Quem
705 4973 896 5032 David
920 4972 1002 5031 ad
1027 4987 1303 5029 mensam
1334 4973 1648 5047 propriam
1678 4988 1777 5028 su-
1882 4973 2173 5030 nimirum
2206 4970 2516 5039 Dominus,
2548 4966 2887 5024 declinante
2938 4966 3070 5038 jam
3110 4963 3367 5032 mundo,
3392 4962 3558 5021 velut

104 5070 285 5144 scipit,
311 5070 495 5144 eique
527 5064 835 5140 epistolas,
862 5079 972 5138 per
998 5078 1156 5137 quas
1184 5062 1340 5119 mori
1387 5062 1624 5125 debeat,
1653 5067 1775 5119 tra-
1883 5061 1947 5118 in
2004 5058 2223 5116 solario
2275 5056 2703 5144 deambulans,
2753 5069 2975 5144 corpus
3016 5052 3196 5144 quod
3243 5068 3557 5144 assumere

104 5140 203 5215 dit:
232 5140 417 5231 Cujus
467 5161 679 5214 autem
735 5152 926 5212 David
980 5152 1045 5209 in
1092 5150 1316 5208 solario
1372 5150 1778 5208 deambulans
1886 5150 2173 5220 dignatus
2226 5151 2334 5214 est,
2360 5144 2425 5202 in
2477 5143 2602 5200 sole
2654 5141 2879 5217 posuit,
2926 5141 3072 5231 quia
3121 5140 3351 5231 cunctis
3396 5144 3560 5215 pate-

107 5228 515 5322 typumtenet,
534 5243 652 5302 nisi
668 5244 799 5316 ejus
818 5244 893 5300 de
913 5258 1039 5317 quo
1056 5242 1347 5315 scriptum
1363 5245 1455 5297 est
1477 5257 1490 5296 :
1516 5262 1544 5290 ‹‹
1571 5244 1633 5296 ln
1655 5240 1779 5297 sole
1888 5238 2043 5295 fecit.
2071 5235 2226 5293 Vidit
2252 5234 2592 5303 mulierem,
2624 5232 2740 5322 hoc
2771 5234 2888 5322 est
2922 5228 3277 5322 _l-3cclesiam
3317 5245 3393 5322 ex
3422 5244 3564 5298 gen-

106 5317 298 5409 posuit
315 5333 818 5395 tarbernaculum
843 5332 1110 5389 suum?»
1128 5332 1318 5403 (Psal.
1342 5331 1525 5402 xvm.)
1546 5333 1612 5386 Et
1632 5328 1783 5403 quid
1890 5328 2073 5397 tibus,
2102 5339 2284 5397 super
2340 5327 2584 5391 tectum,
2616 5321 2677 5377 in
2731 5318 3043 5377 altitudine
3102 5317 3377 5409 videlicet
3428 5332 3568 5373 con-

110 5407 193 5483 est
218 5426 564 5487 Bethsabee
594 5421 677 5480 ad
707 5437 770 5480 se
795 5421 1150 5496 perducere,
1177 5419 1297 5477 nisi
1325 5419 1522 5491 legem
1548 5418 1778 5488 litterae,
1893 5412 2320 5490 templationis,
2351 5427 2460 5486 per
2504 5411 2822 5468 lavacrum
2864 5407 3337 5478 regenerationis
3365 5422 3404 5463 a
3437 5421 3568 5463 sor-

111 5513 327 5571 carnali
349 5511 590 5588 populo
619 5507 1313 5583 conjunctam,spiritali
1339 5508 1453 5565 sibi
1480 5507 1782 5565 intellectu
1895 5507 2077 5564 dibus
2107 5502 2311 5561 saeculi
2342 5519 2405 5559 se
2420 5498 3118 5567 mundantem,domum
3139 5496 3365 5555 luteam
3396 5496 3570 5588 spiri-

114 5586 380 5662 sociare“!
432 5586 773 5661 Dethsabee
820 5599 983 5658 enim
1034 5603 1255 5673 puteus
1299 5597 1592 5673 septimus
1638 5597 1783 5655 dici-
1898 5597 2002 5656 tali
2022 5591 2531 5667 contemplatione
2562 5589 3090 5648 transcendentem
3120 5592 3302 5661 atque
3333 5586 3573 5645 calcan-

112 5696 221 5761 tur,
247 5694 389 5768 quia
416 5691 718 5751 nimirum
774 5705 882 5763 per
926 5674 1335 5759 cognitionem
1384 5686 1532 5758 legis
1561 5686 1781 5744 infusio
1901 5692 2023 5743 tem
2070 5682 2373 5756 respexit:
2406 5684 2589 5754 atque
2642 5677 2961 5768 interfecto
2975 5675 3414 5768 diabolo,_eam
3464 5692 3573 5751 per

408 5782 647 5857 gratim,
679 5779 1064 5855 perfectaque
1088 5778 1294 5839 nobis
1336 5777 1630 5854 sapientia
1675 5778 1787 5836 mi-
1908 5775 2094 5842 ﬁdem
2117 5769 2520 5831 indissolubili
2539 5768 2824 5842 coniugio
2851 5766 2968 5825 sibi
2989 5766 3318 5841 copulavit.
3342 5768 3581 5826 Bethsa-

497 5893 749 5948 ΡΑι-ιιοι..
791 5889 922 5945 CXV
936 5926 949 5940 .

3108 5878 3174 5932 12
