3940 6446
407 287 511 341 363

1507 287 1867 346 ANGELOMI
1904 285 2364 343 LUXOVIENSIS
2410 288 2725 343 MONACHI

3738 294 3851 349 366

402 406 515 463 hee
546 407 771 480 quippe
799 408 1220 481 interpretatur
1240 416 1458 479 puteus
1483 414 1786 482 septimus,
1822 428 1930 467 seu
1953 428 2037 481 pu
2091 416 2139 468 A
2180 433 2207 459 «
2253 409 2526 482 Dixitque
2574 410 2810 467 Nathan
2856 409 2935 466 ad
2959 409 3150 465 David
3183 426 3196 465 :
3252 410 3542 469 Dominus
3598 428 3852 486 quoque

405 501 532 553 teut
560 498 873 567 satietatis,
908 503 1182 556 sanctam
1212 499 1485 555 videlicet
1515 501 1912 573 praefigurans
1963 502 2063 556 Ec-

401 584 645 642 clesiam
680 604 693 642 :
727 588 787 643 in
833 604 955 661 qua
1010 592 1102 644 est
1149 589 1511 660 septiformis
1564 591 1756 659 gratia
1816 590 2063 662 Spiritus

402 676 611 744 sancti,
640 678 811 748 cujus
867 677 1030 733 dono
1061 693 1272 733 omnes
1331 678 1501 735 electi
1554 681 1864 737 satiantur.
1896 680 2062 735 Urias

398 781 542 823 vero
570 767 680 823 tua:
731 783 859 823 mea
908 768 1199 823 Dominus
1229 768 1463 825 dicitur.
1501 770 1772 825 Hetlueus
1800 771 2060 826 abscisus

395 854 834 929 interpretatur,
876 871 1203 928 personam
1230 857 1291 912 in
1323 875 1384 914 se
1416 861 1757 931 exprimens
1787 859 2010 915 diaboli
2044 876 2056 913 :

394 943 501 1017 qui
532 960 671 1000 cum
699 945 775 1002 sit
802 945 1176 1013 tenebrosus,
1211 946 1267 1001 et
1296 947 1369 1001 de
1400 952 1556 1004 terra
1599 949 1920 1004 viventium
1951 948 2058 1003 ab-

394 1033 605 1106 scisus,
637 1035 915 1093 transfert
942 1052 1004 1091 se
1065 1036 1127 1091 in
1176 1036 1460 1105 angelum
1516 1038 1686 1107 lucis,
1715 1044 1770 1094 et
1796 1039 1964 1107 tingit
1994 1055 2057 1093 se

392 1137 520 1179 esse
544 1124 713 1196 quod
739 1141 864 1180 non
890 1129 1001 1190 est,
1025 1124 1257 1181 audens
1284 1126 1356 1180 de
1388 1130 1503 1182 Deo
1532 1128 1745 1193 dicere,
1773 1128 1877 1183 lux
1899 1145 2052 1195 mea,

389 1212 492 1268 Dei
522 1218 627 1269 est.
663 1214 979 1270 Oderimus
1007 1230 1149 1283 ergo
1176 1222 1511 1286 peccatum,
1542 1218 1648 1273 sed
1677 1218 2054 1290 prophetiam

386 1318 511 1359 non
537 1304 1014 1374 exstinguamus.
1047 1311 1334 1361 wemus
1363 1307 1507 1362 illud
1542 1309 1726 1364 David
1756 1314 2053 1381 quantum

386 1392 691 1451 amandus
724 1398 832 1465 est,
886 1395 990 1467 qui
1029 1411 1141 1450 nos
1194 1412 1230 1452 a
1286 1397 1528 1454 diabolo
1574 1416 1679 1470 per
1723 1400 2053 1455 misericor-

387 1480 556 1537 diam
583 1481 877 1539 liberavit.
906 1489 1191 1541 Amemus
1222 1491 1277 1541 et
1308 1488 1487 1542 istum
1518 1490 1903 1560 peenitentem
1939 1493 2048 1545 Da-

384 1570 509 1641 vid,
540 1570 645 1643 qui
678 1576 802 1628 tam
833 1588 1011 1642 grave
1042 1574 1103 1629 in
1135 1591 1197 1630 se
1243 1576 1459 1631 vulnus
1503 1578 1829 1650 iniquitatis
1864 1578 2048 1650 poeni-

382 1660 583 1716 tentire
635 1666 693 1717 et
740 1662 1089 1720 humilitatis
1121 1665 1493 1721 confessione
1527 1669 1778 1724 sanavit.
1812 1669 1902 1723 Ad
1932 1670 2046 1724 hoc

2177 521 2206 547 «
2248 499 2546 554 transtulit
2567 506 2883 571 peccatum
2908 504 3099 565 tuum;
3124 514 3245 555 non
3271 500 3565 557 morieris.
3599 501 3852 561 Verum-

2175 610 2202 636 «
2247 593 2448 643 tamen
2504 588 2797 660 quoniam
2852 588 3278 659 blasphemare
3332 588 3519 645 fecisti
3564 589 3848 647 inimicos

2174 699 2201 727 «
2242 693 2469 733 nomen
2518 678 2753 734 Domini
2806 684 3050 750 propter
3094 678 3348 734 verbum
3373 678 3512 749 hoc,
3544 680 3707 739 ﬁlius
3740 681 3847 753 qui

2174 790 2200 817 «
2243 773 2419 823 natus
2450 772 2539 823 est
2570 767 2673 823 tibi
2704 773 2894 824 morte
2925 767 3230 823 morietur.
3263 790 3290 819 ››
3325 769 3426 824 Hic
3458 769 3842 829 considerare

2169 871 2496 928 possumus
2528 862 2824 928 quantum
2881 858 3040 914 valet
3093 857 3260 929 apud
3292 858 3484 913 Deum
3507 858 3757 915 humilis
3787 864 3843 917 et

2169 962 2312 1001 vera
2326 946 2693 1018 poenitentia,
2716 946 2763 1001 si
2785 964 2856 1002 ex
2880 947 3059 1002 corde
3087 946 3279 1003 fuerit.
3304 951 3455 1004 Nam
3477 948 3670 1005 David
3689 949 3840 1005 nihil

2167 1034 2329 1089 aliud
2361 1035 2525 1100 dixit,
2555 1043 2882 1107 postquam
2909 1041 3224 1107 peccatum
3281 1053 3461 1092 suum
3489 1039 3835 1109 increpatus

2165 1139 2201 1179 a
2229 1124 2522 1195 propheta
2566 1126 2861 1193 cognovit,
2894 1126 3009 1180 nisi
3036 1141 3157 1180 uno
3188 1125 3370 1181 verbo
3398 1126 3719 1182 confessus
3747 1132 3839 1183 est

2164 1212 2371 1267 dicens
2398 1230 2410 1267 :
2438 1236 2465 1263 «
2492 1215 2737 1269 Peccavi
2769 1215 3044 1281 Domino,
3067 1238 3096 1265 ››
3119 1220 3176 1271 et
3204 1215 3404 1271 statim
3426 1216 3669 1273 veniam
3688 1232 3836 1273 con-

2162 1308 2402 1357 secutus
2430 1307 2537 1371 est,
2558 1308 2699 1357 teste
2727 1304 3021 1375 propheta
3053 1304 3155 1376 qui
3186 1304 3267 1359 ait
3292 1323 3303 1359 :
3327 1305 3665 1360 «Dominus
3685 1321 3839 1377 quo.

2162 1412 2189 1438 «
2223 1406 2341 1462 que
2372 1391 2669 1446 transtulit
2697 1398 3012 1463 peccatum
3058 1398 3251 1462 tuum,
3299 1409 3418 1448 non
3470 1394 3765 1449 morieris.
3802 1418 3830 1445 η

2161 1479 2284 1534 Hoc
2312 1485 2403 1536 est
2432 1481 2599 1552 quod
2658 1482 2949 1552 scriptum
2979 1486 3067 1537 est
3099 1498 3111 1537 :
3147 1501 3176 1537 ς
3208 1483 3263 1539 Si
3296 1482 3611 1539 confessus
3659 1484 3831 1554 inge-

2158 1569 2403 1639 mueris,
2435 1569 2635 1625 salvus
2668 1571 2801 1625 eris.
2832 1592 2859 1620 »
2890 1574 2955 1627 Et
2978 1571 3126 1627 illud
3150 1590 3161 1627 :
3186 1589 3215 1624 ‹
3240 1571 3385 1627 Nolo
3414 1578 3671 1631 mortem
3690 1590 3833 1646 pec-

2158 1659 2396 1727 catoris,
2431 1660 2534 1714 sed
2565 1660 2764 1732 potius
2796 1666 2860 1717 ut
2890 1664 3269 1717 convertatur
3294 1666 3351 1717 et
3379 1662 3539 1718 vivat
3588 1664 3828 1734 (Ezech-

383 1764 528 1820 ergo
558 1749 619 1806 in
648 1751 951 1824 Scriptura
983 1769 1154 1810 sacra
1180 1755 1447 1811 virorum
1477 1756 1702 1826 talium,
1733 1757 1793 1813 id
1820 1762 1905 1814 est
1937 1808 1939 1814 .

2271 1748 2342 1819 ll).
2385 1768 2403 1799 ι
2442 1749 2585 1804 Hinc
2630 1749 2847 1804 iterum
2892 1752 3179 1822 scriptum
3211 1755 3302 1807 est
3333 1768 3345 1805 :
3379 1774 3405 1800 α
3441 1755 3740 1819 Peccator,
3763 1753 3827 1809 in

381 1838 484 1894 vid
512 1844 567 1896 et
594 1840 770 1909 Petri,
801 1848 1047 1914 peccata
1096 1851 1234 1901 sunt
1283 1846 1562 1914 indicata,
1592 1852 1656 1903 ut
1689 1848 1921 1904 cautela
1974 1849 2047 1904 sit

378 1926 706 1994 minorum,
736 1931 911 1987 ruina
940 1933 1261 2003 majorum.
1296 1935 1381 1989 Ad
1416 1936 1528 1990 hoc
1558 1953 1698 1992 vero
1743 1942 2042 1994 utrorum-

376 2032 495 2089 que
540 2018 660 2073 illic
710 2023 766 2075 et
817 2022 1168 2092 poenitentia
1214 2023 1572 2095 insinuatur,
1625 2032 1680 2081 et
1730 2028 1926 2099 venia,
1983 2033 2044 2083 ut

375 2121 513 2177 spes
565 2109 946 2180 pereuntium
999 2111 1071 2167 sit
1123 2114 1498 2184 recuperatio
1534 2115 1925 2186 perditorum.
1962 2120 2039 2172 De

373 2197 531 2251 statu
576 2213 688 2253 suo
739 2198 929 2254 David
978 2200 1250 2271 cadente,
1308 2219 1489 2258 nemo
1548 2204 1855 2277 superbiat
1902 2222 1915 2261 :
1966 2206 2039 2261 de

289 2320 297 2329 .
370 2281 549 2356 lapsu
578 2285 759 2342 etiam
791 2303 903 2343 suo
950 2289 1139 2345 David
1184 2298 1483 2359 surgente,
1510 2309 1690 2348 nemo
1742 2295 2033 2367 desperet.

370 2373 486 2429 Sed
514 2374 768 2432 fortasse
799 2377 934 2449 quis
955 2378 1137 2450 dicat,
1168 2380 1215 2435 si
1246 2382 1433 2437 David
1464 2383 1791 2450 imaginem
1824 2385 2034 2441 Christi

366 2462 635 2536 gerebat,
669 2468 979 2538 quomodo
1029 2469 1252 2526 multas
1285 2488 1503 2526 uxores
1558 2479 1611 2527 et
1660 2474 2033 2531 concubinas

362 2551 649 2610 habuisse
701 2556 997 2627 scribitur,
1032 2575 1171 2614 cum
1220 2561 1331 2615 has
1379 2578 1470 2616 res
1518 2562 1785 2617 Christus
1817 2564 2031 2619 exhor-

360 2646 557 2699 rescat
597 2648 653 2699 et
699 2644 997 2703 damnet?
1040 2650 1156 2703 Hoc
1189 2650 1349 2705 enim
1379 2668 1484 2723 per
1536 2652 1795 2720 ﬁguram
1826 2653 2026 2709 ﬁebat.

360 2730 548 2787 Multae
602 2733 764 2790 enim
820 2752 1035 2791 uxores
1081 2738 1271 2793 David
1322 2739 1647 2795 multarum
1676 2741 1943 2809 gentium
1975 2747 2030 2799 et

358 2820 675 2879 nationum
718 2825 1049 2896 imaginem
1095 2827 1447 2886 indicabant
1480 2848 1491 2884 :
1527 2847 1662 2902 qua)
1708 2847 1815 2902 per
1844 2832 2027 2887 tidem

360 2910 576 2968 Christi
623 2915 922 2971 consortio
975 2916 1389 2987 jungerentur.
1442 2920 1809 2975 Curioni)ti
1886 2938 2025 2977 vero

359 3000 491 3073 ejus
548 3002 886 3075 signiﬁcant
934 3005 1352 3063 haereticorum
1402 3010 1702 3064 ecclesias.
1732 3026 1867 3081 quae
1910 3011 2023 3067 sub

2158 1853 2522 1909 quacunque
2577 1838 2673 1893 die
2718 1854 3043 1894 conversus
3088 1839 3283 1906 fuerit,
3311 1840 3516 1899 omnia
3574 1847 3829 1912 peccata.

2156 1928 2287 1997 ejus
2319 1927 2379 1982 in
2403 1926 2699 1983 oblivione
2730 1934 2904 1985 erunt
2934 1945 3140 1986 coram
3170 1946 3269 1985 me
3296 1931 3532 1999 (Ezech.
3558 1933 3825 2003 xum)»

2157 2017 2247 2073 Sic
2308 2017 2595 2073 nimirum
2649 2022 2851 2074 Petrus
2895 2024 3202 2092 respectus
3230 2036 3267 2077 a
3296 2020 3550 2077 Domino
3573 2021 3740 2083 ﬂevit
3763 2027 3827 2084 et

2149 2111 2466 2179 peccatum
2517 2109 2855 2177 negationis
2898 2110 3100 2165 ﬂendo
3143 2110 3380 2166 delevit.
3417 2111 3509 2167 Sic
3559 2110 3713 2169 latro
3753 2112 3819 2169 in

2149 2204 2478 2267 momento,
2512 2198 2569 2253 in
2619 2200 2985 2254 extremitate
3016 2200 3147 2255 vitae
3197 2199 3560 2258 conﬁdendo
3600 2204 3815 2270 Deum,

2149 2291 2205 2341 et
2250 2292 2569 2359 peccatum
2613 2304 2791 2343 suum
2838 2290 3282 2360 cognoscendo,
3327 2289 3578 2347 dicens:
3612 2313 3641 2340 «ι
3690 2293 3841 2363 Nos-

2146 2375 2331 2443 digna
2372 2376 2539 2431 factis
2598 2377 2919 2448 recipimus
2970 2380 3166 2445 (Joan.
3201 2381 3345 2449 xm),
3394 2397 3424 2432 ›
3456 2379 3815 2450 paradisum

2144 2467 2493 2537 promeruit.
2528 2467 2641 2522 Sed
2670 2467 2813 2538 quia
2841 2468 3114 2536 exigente
3145 2484 3329 2524 causa
3360 2468 3551 2525 David
3581 2469 3658 2529 ad
3679 2486 3813 2527 me-

2142 2553 2312 2609 dium
2344 2555 2604 2611 deducto
2657 2557 2716 2611 in
2762 2557 2969 2612 ordine
3021 2558 3303 2628 historiae,
3332 2559 3481 2615 tanti
3526 2558 3814 2617 facinoris

2140 2644 2499 2700 memoriam
2544 2646 2818 2715 fecimus,
2849 2645 3082 2701 lectoris
3122 2646 3372 2703 fortasse
3415 2648 3655 2704 animus
3680 2666 3814 2705 mo-

2137 2738 2309 2788 vetur
2340 2750 2353 2787 :
2380 2750 2486 2789 cur
2535 2735 2919 2806 omnipotens
2970 2739 3125 2791 Deus
3184 2752 3286 2791 eos
3315 2753 3470 2809 quos
3498 2738 3560 2794 in
3595 2754 3813 2811 perpe-

2136 2825 2308 2876 tuum
2331 2822 2525 2892 elegit,
2557 2840 2710 2895 quos
2733 2824 2811 2879 ad
2838 2826 3143 2880 honorum
3173 2842 3418 2897 quoque
3448 2827 3809 2899 spiritalium

2136 2910 2376 2965 culmen
2403 2912 2677 2977 assumit,
2711 2912 2927 2968 illaesos
2955 2931 2990 2969 a
3021 2914 3437 2986 corporalibus
3470 2916 3625 2973 vitiis
3675 2932 3805 2974 non

2135 3002 2435 3057 custodit?
2471 3001 2633 3057 Unde
2655 3002 2797 3073 quia
2830 3004 3105 3058 satisfieri
3127 3004 3299 3059 citius
3323 3005 3646 3073 credimus,
3668 3005 3805 3062 bre-

358 3090 571 3148 Christi
616 3094 879 3150 nominis
906 3095 1077 3151 titulo
1133 3113 1378 3152 manere
1414 3116 1476 3153 se
1510 3099 1878 3165 gloriantur:
1914 3101 2019 3156 sed
2049 3131 2091 3186 ο
2132 3090 2279 3146 viter
2333 3092 2817 3164 respondemus:
2848 3093 3127 3148 Nonnulli
3177 3093 3337 3149 enim
3390 3110 3498 3167 per
3549 3101 3804 3167 accepta

350 3182 495 3255 quia
548 3189 794 3257 propter
852 3184 1121 3241 carnalia
1158 3186 1326 3243 lucra
1386 3195 1687 3243 sectantur
1723 3190 2020 3246 Christum
2056 3178 2086 3186 ⁷
2132 3178 2296 3236 dona
2342 3180 2644 3246 Virtutum,
2679 3197 2787 3253 Ι)θῖ
2834 3181 3173 3254 impensam
3203 3183 3459 3252 gratiam
3489 3184 3799 3241 bonorum

348 3287 475 3329 non
525 3274 814 3346 conjuges
864 3274 969 3333 sed
1025 3276 1378 3332 concubinle
1410 3285 1719 3334 vocantur.
1754 3280 2019 3352 Denique

346 3377 461 3419 nec
483 3378 653 3433 reges
685 3364 735 3420 si
782 3364 986 3437 plures
1034 3364 1300 3421 habeant
1350 3384 1565 3423 uxores
1600 3368 1690 3422 vel
1731 3370 2017 3425 concubi-

345 3467 479 3522 nas,
503 3453 730 3511 crimen
759 3459 867 3525 est,
921 3454 1065 3527 quia
1089 3454 1217 3525 jam
1262 3457 1621 3513 transierunt
1666 3460 1875 3527 ﬁgurae
1906 3477 2015 3532 pro

345 3541 570 3615 quibus
600 3560 863 3602 uxorum
890 3545 979 3599 vel
1010 3546 1488 3602 concubinarum
1524 3549 1697 3604 venia
1728 3550 2014 3605 concede-

340 3629 565 3689 batur:
599 3638 661 3690 at
714 3648 899 3704 nunc,
954 3634 1100 3706 quia
1143 3634 1351 3706 ﬁgurae
1410 3638 1793 3707 transierunt,
1840 3639 2011 3695 venia

324 3720 508 3785 ,nulla
534 3721 732 3779 datur.

986 3814 1212 3869 CAPUT
1250 3816 1359 3869 XII.

410 3918 442 3954 ‹
479 3900 628 3956 Misit
646 3916 788 3970 ergo
810 3900 1099 3957 Dominus
1129 3902 1362 3958 Nathan
1392 3902 1470 3958 ad
1500 3902 1712 3973 David,
1735 3903 1839 3977 qui
1864 3920 2003 3960 cum

336 4008 367 4039 «
405 3990 672 4045 venisset
723 3989 802 4045 ad
858 4005 1019 4055 eum,
1053 3989 1202 4045 dixit
1249 3991 1301 4046 ei
1335 4010 1348 4046 :
1379 3995 1509 4047 Duo
1552 3992 1662 4048 viri
1716 3998 1886 4049 erant
1940 3994 2002 4049 in

335 4098 366 4128 «
407 4075 639 4134 civitate
670 4093 812 4145 una,
844 4083 953 4134 etc.
990 4099 1019 4129 »
1050 4078 1373 4135 Sciendum
1421 4085 1513 4136 est
1550 4081 1716 4154 quod
1766 4083 1999 4139 Nathan

330 4165 628 4239 propheta
672 4166 754 4221 ad
800 4167 987 4222 David
1029 4182 1255 4238 regem,
1279 4185 1403 4225 non
1431 4171 1631 4226 statim
1660 4172 1908 4244 quando
1934 4173 1996 4229 in

331 4254 662 4311 Bethsabee
688 4255 815 4326 ipse
862 4254 1049 4311 David
1096 4258 1382 4328 peccavit,
1412 4260 1727 4317 aDomino
1773 4262 1993 4317 missus

330 4348 439 4412 est,
472 4344 579 4399 sed
604 4350 929 4416 postquam
968 4345 1243 4403 eamdem
1296 4350 1609 4407 mulierem
1646 4352 1707 4407 in
1738 4353 1991 4408 domum

329 4448 506 4488 suam
534 4432 883 4503 introduxit,
915 4439 1093 4507 atque
1123 4436 1281 4492 filius
1320 4454 1393 4493 ex
1437 4457 1504 4495 ea
1558 4446 1737 4495 natus
1785 4446 1895 4510 est,
1927 4446 1993 4497 ut

328 4521 651 4580 obstinatio
689 4524 919 4597 peccati
948 4525 1330 4582 occasionem
1363 4544 1485 4583 non
1514 4529 1761 4585 haberet
1784 4530 1989 4585 defen-

327 4612 531 4669 sionis.
564 4615 714 4671 Cum
772 4619 972 4671 autem
1018 4631 1055 4672 a
1099 4617 1435 4689 praepositis
1476 4618 1751 4675 Ecclesiae
1806 4620 1989 4691 hujus

323 4703 527 4760 saeculi
563 4710 834 4778 potentes
884 4710 1239 4776 arguuntur,
1298 4709 1465 4780 prius
1523 4724 1631 4780 per
1685 4708 1987 4781 quasdam

322 4793 739 4852 similitudines
790 4796 951 4852 velut
997 4795 1072 4852 de
1131 4796 1327 4854 alieno
1370 4798 1612 4868 negotio
1641 4799 1987 4870 requirendi

319 4889 480 4941 sunt.
510 4888 578 4942 Et
607 4903 747 4941 cum
777 4891 1004 4942 rectam
1053 4887 1410 4943 sententiam
1439 4887 1617 4959 quasi
1643 4889 1703 4943 in
1732 4888 1984 4945 alterum

318 4978 530 5031 contra
558 4992 619 5031 se
648 4976 767 5048 ipsi
805 4976 1177 5049 protulerint,
1211 4981 1352 5032 tunc
1377 4977 1576 5031 modis
1607 4980 1983 5048 congruenti-

313 5059 433 5118 bus
476 5062 552 5118 de
601 5066 848 5137 proprio
894 5071 1067 5121 reatu
1094 5065 1344 5120 feriendi
1374 5070 1531 5133 sunt,
1561 5071 1617 5122 et
1660 5072 1724 5122 ut
1751 5074 1981 5125 mentes

314 5152 635 5226 temporali
690 5154 957 5225 potentia
1005 5153 1271 5220 tumidae,
1306 5158 1514 5210 contra
1561 5156 1979 5230 corripientem

311 5256 707 5315 nequaquam
736 5258 799 5298 se
826 5244 1080 5313 erigant,
1112 5257 1249 5313 quae
1277 5240 1391 5296 sibi
1441 5259 1550 5299 suo
1584 5244 1813 5316 judicio
1843 5263 1977 5319 pro-

311 5332 427 5405 prii
456 5333 576 5389 oris
600 5331 810 5402 ligant.

384 5438 415 5467 ‹‹
455 5417 865 5482 Quamobrem
888 5430 1014 5471 non
1037 5413 1275 5469 recedet
1297 5413 1532 5484 gladius
1558 5418 1632 5475 de
1661 5420 1847 5477 domo
1871 5425 1977 5479 tua

310 5525 342 5557 α
379 5520 575 5578 usque
628 5506 692 5560 in
748 5505 1204 5577 sempiternum.
1247 5525 1276 5555 »
1329 5509 1476 5563 Nota
1527 5510 1838 5581 quomodo
1896 5511 1973 5566 de

307 5593 493 5651 domo
523 5594 734 5658 David,
778 5595 894 5650 hoc
940 5598 1028 5649 est
1077 5594 1284 5667 populi
1335 5598 1699 5670 Judaaorum,
1728 5601 1971 5657 ultionis

307 5682 548 5755 gladius
579 5699 775 5754 usque
806 5684 865 5737 in
897 5688 1179 5740 aeternum
1209 5702 1333 5741 non
1362 5689 1615 5745 recedet.

378 5790 408 5819 «
450 5769 518 5825 Et
558 5766 709 5824 dixit
751 5767 935 5826 David
979 5768 1058 5827 ad
1102 5772 1338 5829 Nathan
1372 5789 1385 5827 :
1416 5773 1665 5831 Peccavi
1688 5774 1965 5833 Domino.

2130 3284 2405 3341 operum,
2442 3270 2502 3325 in
2549 3270 2845 3341 superbiae
2897 3271 3107 3326 vitium
3151 3273 3394 3341 cadunt,
3441 3273 3546 3329 sed
3589 3278 3799 3331 tamen

2129 3374 2251 3429 quo
2280 3360 2619 3415 ceciderant
2648 3375 2769 3414 non
2798 3365 3151 3429 agnoscunt.
3177 3361 3432 3417 Proinde
3454 3368 3663 3419 contra
3685 3379 3799 3420 eos

2126 3446 2311 3503 hostis
2338 3449 2645 3519 antiquus,
2672 3449 2776 3520 qui
2793 3450 2921 3519 jam
2943 3449 3189 3505 interius
3223 3450 3589 3523 dominatur,
3607 3453 3793 3509 etiam

2124 3538 2380 3593 exterius
2412 3538 2618 3592 saevire
2649 3538 3007 3609 permittitur
3039 3558 3051 3594 :
3086 3543 3152 3595 ut
3179 3540 3283 3611 qui
3315 3540 3378 3596 in
3430 3540 3791 3609 cogitatione

2123 3628 2261 3683 elati
2293 3632 2451 3697 sunt,
2480 3642 2587 3698 per
2613 3628 2810 3682 carnis
2832 3627 3133 3683 luxuriam
3159 3624 3635 3700 prosternamur.
3672 3632 3794 3688 Sci-

2120 3733 2258 3774 mus
2292 3722 2494 3772 autem
2524 3718 2669 3789 quia
2696 3718 3026 3789 aliquando
3054 3718 3255 3774 minus
3284 3724 3394 3790 est,
3418 3720 3482 3776 in
3512 3722 3788 3793 corporis

2118 3806 2563 3878 corruptionem
2596 3807 2830 3877 cadere,
2858 3825 3046 3880 quam
3096 3809 3454 3879 cogitatione
3483 3811 3663 3867 tacita
3711 3828 3789 3869 ex

2116 3896 2445 3953 deliberata
2471 3896 2723 3952 elatione
2745 3914 3016 3970 peccare.
3047 3899 3162 3954 Sed
3189 3915 3329 3955 cum
3357 3900 3559 3955 minus
3590 3901 3785 3974 turpis

2112 3985 2397 4058 superbia
2455 3986 2731 4049 creditur,
2766 3987 2992 4054 minus,
3024 3987 3282 4044 vitatur:
3308 3988 3610 4045 luxuriam
3636 4006 3784 4048 vero

2110 4092 2181 4132 eo
2225 4074 2421 4143 magis
2464 4076 2832 4132 erubescunt
2858 4076 3155 4145 homines,
3184 4078 3291 4150 qui
3334 4078 3513 4134 simul
3561 4096 3782 4137 omnes

2108 4170 2347 4237 turpem
2376 4170 2686 4221 noverunt.
2719 4166 2883 4221 Unde
2903 4166 2970 4222 ﬁt
2998 4166 3375 4239 plerumque,
3404 4173 3471 4224 ut
3498 4170 3779 4229 nonnulli

2104 4259 2243 4327 post
2272 4254 2617 4327 superbiam
2647 4255 2709 4310 in
2739 4254 3041 4311 luxuriam
3072 4261 3437 4329 corruentes,
3460 4273 3534 4313 ex
3567 4264 3778 4331 aperto

2106 4361 2271 4414 casu,
2305 4345 2538 4400 malum
2582 4344 2773 4417 culpae
2820 4346 3060 4402 latentis
3104 4347 3485 4419 erubescant,
3516 4352 3573 4405 et
3628 4353 3778 4406 tunc

2106 4435 2283 4489 etiam
2340 4434 2577 4504 majora
2626 4435 2954 4505 corrigunt,
2983 4452 3124 4491 cum
3166 4438 3453 4508 prostrati
3502 4438 3566 4493 in
3592 4438 3775 4494 mini~

2104 4523 2219 4577 mis
2268 4523 2511 4591 gravius
2570 4523 3043 4580 confunduntur.
3092 4527 3242 4581 Reos
3298 4526 3460 4582 enim
3510 4543 3574 4582 se
3617 4526 3776 4587 inter

2101 4612 2338 4668 minora
2386 4614 2786 4684 conspiciunt,
2843 4614 2951 4684 qui
3000 4613 3222 4670 liberos
3270 4615 3425 4672 inter
3488 4616 3774 4687 graviora

2097 4702 2500 4757 crediderunt.
2532 4703 2631 4759 Pia
2659 4719 2802 4772 ergo
2833 4703 3069 4759 Domini
3120 4704 3568 4778 dispensatione
3602 4705 3775 4765 laxa.

2095 4795 2213 4857 tos,
2242 4808 2685 4864 nonnunquam
2728 4792 3033 4863 malignus
3079 4794 3322 4866 spiritus
3361 4795 3437 4852 de
3479 4795 3661 4869 culpa
3683 4798 3772 4855 ad

2093 4881 2336 4954 culpam
2397 4881 2591 4952 trahit,
2625 4887 2682 4937 et
2732 4882 2881 4937 dum
2922 4882 3059 4954 plus
3106 4884 3380 4956 percutit,
3430 4884 3572 4942 inde
3618 4902 3767 4943 eum

2090 4987 2276 5043 quem
2306 4975 2564 5043 ceperat,
2596 4972 2852 5028 amittit:
2885 4976 3067 5045 atque
3112 4974 3274 5029 unde
3324 4974 3491 5047 prius
3539 4975 3765 5033 vicisse

2089 5060 2370 5129 cernitur,
2424 5060 2561 5115 inde
2607 5065 2940 5133 superatur.
2979 5063 3368 5119 Considerare
3414 5063 3559 5121 libet
3602 5065 3764 5125 inter

2087 5150 2391 5205 munitum
2442 5150 2646 5219 gratiae
2702 5150 2925 5220 sinum,
2982 5151 3232 5222 quando
3305 5153 3461 5233 Deus
3520 5154 3759 5213 miseri-

2087 5239 2305 5295 cordiae
2338 5239 2543 5295 favore
2595 5255 2707 5294 nos
2753 5240 3033 5296 continet.
3067 5243 3214 5297 Ecce
3258 5242 3365 5314 qui
3412 5242 3491 5299 de
3534 5244 3757 5305 virtute

2087 5346 2152 5385 se
2182 5329 2408 5399 extulit,
2442 5345 2546 5399 per
2576 5329 2787 5385 vitium
2834 5330 2914 5385 ad
2959 5330 3362 5388 humilitatem
3405 5333 3580 5390 redit.
3639 5335 3755 5400 Qui

2082 5434 2223 5475 vero
2266 5418 2528 5490 acceptis
2596 5417 2914 5474 virtutibus
2970 5419 3292 5490 extollitur,
3345 5438 3472 5479 non
3522 5422 3750 5493 gladio,

2084 5507 2210 5578 sed,
2261 5511 2328 5562 ut
2392 5507 2476 5563 ita
2534 5507 2809 5577 dixerim,
2867 5507 3310 5567 medicamento
3373 5511 3749 5571 vulneratur.

2084 5596 2236 5661 Quid
2280 5596 2440 5651 enim
2489 5602 2577 5653 est
2628 5596 2833 5667 virtus,
2885 5596 3004 5652 nisi
3064 5599 3635 5660 medicamentum?
3680 5605 3753 5660 Et

2081 5685 2230 5757 quid
2269 5690 2357 5740 est
2395 5685 2627 5755 vitium,
2676 5685 2791 5739 nisi
2840 5685 3102 5743 vulnus?
3139 5690 3286 5760 quia
3338 5706 3481 5760 ergo
3528 5707 3642 5747 nos
3668 5692 3748 5748 de

2079 5773 2525 5833 medicamento
2552 5773 2774 5831 vulnus
2800 5773 3076 5847 facimus,
3102 5776 3243 5835 facit
3268 5778 3368 5837 ille
3390 5780 3469 5837 de
3491 5780 3748 5839 vulnere
