3940 6424
113 302 198 356 365
1052 294 1144 349 EN
1150 294 1311 350 ABR.
1354 295 1423 348 ΙΝ
1464 291 1713 350 LIBROS

1944 282 2025 349 M.‘
2041 324 2110 335 —
2130 295 2202 352 IN
2242 296 2371 354 LIB.
2395 300 2481 356 ΊΙ.

111 421 611 482 medicamentum,
630 418 812 491 utqui
834 418 1042 474 virtute
1064 418 1453 491 percutimur,
1477 418 1621 474 vitio
1647 434 1748 474 cu-
1781 421 1821 472 A

110 527 301 568 remur.
331 510 445 566 Sed
471 510 625 565 inter
643 510 772 565 haec
805 509 1120 565 sciendum
1141 508 1308 581 quod
1338 508 1608 582 plerique
1640 509 1747 564 ho-

113 603 334 666 minum,
366 600 471 671 qui
524 599 587 654 in
621 600 825 655 multis
870 604 1175 666 corruunt,
1211 599 1432 654 arctius
1461 598 1742 668 ligantur.

112 694 348 762 Cumque
379 706 484 744 eos
517 689 804 761 antiquus
833 689 1020 744 hostis
1071 704 1143 744 ex
1170 704 1295 744 uno
1327 689 1461 743 vitio
1492 688 1747 761 percutit

111 787 164 837 ut
185 778 509 844 concidant,
534 794 605 833 ex
633 778 751 833 alio
778 794 1021 851 quoque
1044 777 1275 847 ligatne
1303 782 1572 848 surgant.
1599 780 1746 833 Con-

113 870 298 926 sideret
321 868 527 941 itaque
557 869 744 923 homo
766 884 905 923 cum
953 884 1075 940 quo
1107 868 1459 923 adversario
1516 867 1743 923 bellum

111 965 270 1029 gerat,
299 963 353 1012 et
383 958 583 1027 sijam
642 974 703 1012 se
768 956 973 1029 aliquo
1022 957 1352 1029 deliquisse
1406 956 1743 1030 perpendit,

112 1049 291 1104 saltem
313 1047 391 1104 ad
412 1047 657 1119 culpam
680 1047 945 1119 protrahi
977 1063 1045 1102 ex
1065 1047 1244 1119 culpa
1255 1046 1657 1119 pertimescat,
1682 1048 1748 1101 ut

109 1139 341 1194 studiose
362 1138 625 1193 vitentur
653 1137 921 1203 vulnera,
947 1137 1169 1210 quibus
1196 1137 1537 1209 frequenter
1565 1137 1746 1193 inter-

108 1230 213 1285 ficit
241 1247 252 1284 :
282 1229 424 1302 quia
470 1228 649 1284 valde
692 1244 899 1284 rarum
938 1233 1043 1295 est,
1102 1228 1267 1302 quod
1316 1229 1506 1284 hostis
1547 1233 1753 1284 noster

111 1320 404 1374 electorum
427 1318 626 1387 saluti,
658 1322 838 1374 etiam
864 1318 1213 1373 vulneribus
1239 1318 1435 1374 servit.
1472 1318 1754 1374 Erudien—

110 1409 207 1462 dos
233 1408 405 1475 enim,
431 1408 582 1463 sicut
606 1407 891 1477 diximus,
923 1407 1140 1463 electos
1164 1424 1306 1463 suos
1336 1406 1626 1463 Dominus
1648 1424 1756 1463 saa-

110 1514 173 1570 pe
200 1498 464 1554 tentatori
496 1497 759 1568 subjicit,
799 1499 952 1553 sicut
980 1502 1119 1570 post
1147 1498 1412 1570 paradisi
1464 1498 1750 1568 claustra,

107 1594 229 1661 post
255 1588 399 1645 tertii
421 1588 555 1643 cceli
584 1593 832 1657 secreta,
872 1604 950 1643 ne
977 1587 1417 1644 revelationum
1448 1588 1755 1659 magnitu-

108 1677 229 1733 dine
266 1677 482 1733 Paulus
517 1677 718 1733 extolli
766 1677 1079 1750 potuisset,
1142 1678 1192 1733 ei
1227 1682 1463 1734 Satanae
1502 1677 1755 1749 angelus

3418 317 3521 372 366

1950 440 1969 467 ο
2007 421 2075 475 Et
2093 419 2391 492 jejunavit
2422 425 2609 482 David
2642 426 2897 499 jejunio,
2931 433 2988 487 et
3026 429 3336 502 ingressus
3388 452 3525 495 seor

1862 524 2060 605 «psum
2087 510 2277 581 jacuit
2320 531 2503 587 super
2554 521 2798 591 terram,
2834 543 2864 569 »
2896 523 3006 577 etc.
3067 522 3258 581 David
3290 532 3523 605 septem

1857 596 2071 654 diebus
2100 602 2398 660 recubans
2418 622 2529 679 pro
2573 606 2840 665 facinore
2894 626 3027 684 suo,
3078 611 3273 671 donec
3324 596 3525 675 infans

1856 695 2206 774 moreretur,
2242 694 2569 765 perfectam
2624 699 2809 768 gessit
2855 700 3314 774 paenitudinem,
3348 722 3527 765 cunc-

1856 773 2218 871 tis‘videlicet
2233 778 2744 857 delinquentibus,
2758 784 3020 843 formam
3035 773 3382 862 relinquens
3400 809 3526 871 pm-

1857 862 2118 956 nitentite
2138 884 2164 956 7:
2193 872 2258 923 ut
2282 871 2516 942 quoties
2547 872 2856 949 quispiam
2884 880 3230 934 nostrorum
3258 879 3322 937 in
3377 862 3528 956 quo-

1854 950 1999 1008 libet
2025 953 2248 1012 labitur
2275 957 2560 1033 facinore,
2584 963 2795 1019 tandiu
2825 963 2968 1022 ﬂetu
2983 966 3258 1025 insistere
3287 950 3507 1029 debeat

1858 1041 2052 1109 donec
2078 1047 2305 1116 peccati
2325 1031 2690 1108 desiderium
2719 1054 2783 1109 in
2811 1053 3114 1113 voluntate
3131 1063 3365 1117 ~nostra
3388 1031 3531 1119 funi

1859 1130 2019 1187 ditus
2042 1134 2382 1223 aboleatur.
2411 1141 2648 1212 Septem
2680 1157 2824 1200 vero
2854 1143 3090 1218 diebus,
3116 1148 3529 1223 septiformem

1862 1222 2052 1278 sancti
2081 1225 2331 1297 Spiritus
2382 1230 2639 1301 gratiam
2670 1231 3040 1302 signiﬁcasse
3092 1222 3217 1293 non
3272 1239 3531 1299 dubium

1864 1315 1973 1403 est,
2004 1312 2131 1369 sine
2154 1316 2331 1387 cujus
2364 1318 2549 1390 dono,
2606 1320 2811 1378 nullus
2861 1323 3164 1396 paenitens
3217 1326 3533 1403 indulgen-

1864 1401 2009 1457 tiam
2042 1410 2427 1475 peccatorum
2459 1410 2750 1484 consequi
2772 1417 2987 1486 potest.

1937 1495 2067 1549 «Et
2115 1496 2459 1555 consolatus
2514 1504 2605 1557 est
2664 1502 2852 1558 David
2891 1504 3223 1565 Bethsabee
3279 1522 3532 1567 uxorem

1869 1602 1897 1631 ‹‹
1915 1598 2111 1674 suam,
2130 1584 2561 1674 ingressusque
2579 1590 2657 1647 ad
2675 1608 2811 1649 eam
2829 1591 3110 1651 dormivit
3123 1611 3265 1653 cum
3285 1612 3378 1671 ea,
3396 1614 3536 1674 quae

1871 1693 1897 1720 «
1923 1673 2128 1741 genuit
2154 1672 2368 1747 ﬁlium,
2392 1679 2700 1737 etvocavit
2725 1697 2949 1738 nomen
2980 1682 3110 1755 ejus
3144 1672 3451 1758 Salomon,
3479 1691 3537 1745 et

108 1768 265 1823 datus
297 1769 386 1835 (ΙΙ
413 1769 553 1824 Cor.
588 1769 709 1838 xu).
734 1768 869 1837 Sed,
900 1768 1207 1840 utprrefati
1229 1784 1462 1837 sumus,
1487 1768 1620 1839 ipsa
1642 1769 1755 1824 hac
1794 1789 1835 1843 Β
1868 1780 1899 1814 <
1928 1761 2218 1819 Dominus
2247 1764 2452 1823 dilexit
2476 1783 2636 1826 eum.
2661 1770 2929 1846 Misitque
2951 1788 3092 1830 eum
3120 1773 3184 1830 in
3204 1790 3397 1833 manu
3423 1779 3538 1834 Na-

111 1858 406 1913 tentatione
436 1856 797 1929 disponitur,
826 1860 892 1912 ut
921 1857 1024 1928 qui
1057 1856 1191 1913 elati
1222 1857 1414 1929 perire
1444 1861 1749 1930 poterant,

107 1946 376 2002 humiliati
400 1964 439 2003 a
469 1946 801 2019 perditione
825 1951 1154 2003 serventur.
1180 1948 1416 2002 Secreto
1454 1962 1597 2016 ergo
1628 1947 1753 2002 dis-

108 2036 453 2108 pensationis
483 2035 715 2105 ordine,
734 2036 896 2091 unde
920 2036 1125 2091 saevire
1146 2036 1506 2108 permittitur
1533 2035 1752 2109 iniqui-

106 2129 188 2180 tas
215 2125 452 2197 diaboli,
487 2126 628 2181 inde
649 2126 744 2198 pie
760 2126 1066 2198 perficitur
1078 2126 1416 2195 benignitas
1442 2126 1545 2182 Dei
1569 2142 1582 2181 :
1609 2126 1755 2199 quia

109 2215 467 2271 adversarius
498 2218 733 2286 :noster
786 2215 921 2270 ideo
970 2216 1349 2288 obtemperat
1374 2215 1621 2271 nutibus
1653 2232 1753 2270 su-

109 2321 290 2377 pernae
319 2306 547 2376 gratim,
592 2306 753 2361 unde
785 2312 1017 2361 exercet
1049 2306 1204 2361 iram
1232 2306 1624 2378 nequissimae
1654 2321 1757 2361 vo-

108 2392 328 2450 luntatis
357 2412 504 2451 suae.
571 2395 685 2451 Sed
714 2396 1054 2451 notandum
1103 2400 1212 2461 est,
1246 2396 1390 2468 quia
1420 2395 1499 2451 ad
1529 2396 1644 2451 hoc
1694 2395 1757 2451 in

113 2484 390 2557 Scriptura
443 2501 623 2541 sacra
679 2486 953 2540 vivorum
989 2485 1220 2552 talium,
1255 2485 1315 2540 id
1346 2490 1435 2541 est
1482 2484 1669 2542 David
1701 2489 1759 2541 et

112 2573 263 2640 Petri,
292 2580 546 2647 peccata
578 2578 719 2630 sunt
749 2573 956 2637 indita,
996 2580 1056 2630 ut
1079 2575 1312 2631 cautela
1342 2574 1649 2631 minorum
1686 2576 1760 2630 sit

108 2664 262 2720 ruina
291 2666 614 2736 majorum.
640 2665 730 2720 Ad
760 2666 875 2720 hoc
904 2682 1046 2721 vero
1090 2671 1489 2738 utrorumque
1516 2666 1675 2722 illico
1702 2669 1758 2721 et

112 2756 431 2824 prrniteutia
454 2757 796 2812 insinuatur
816 2760 873 2811 et
893 2757 1087 2823 venia,
1122 2762 1183 2812 ut
1211 2773 1349 2829 spes
1375 2757 1758 2828 pereuntium

112 2842 173 2897 sit
223 2846 595 2918 recuperatio
650 2845 1044 2918 perditorum.
1119 2849 1198 2900 De
1240 2850 1396 2901 statu
1430 2860 1574 2915 ergo
1625 2861 1756 2915 suo,

113 2931 280 2988 David
316 2936 592 2999 cadente,
624 2950 844 3007 nempe
873 2934 1222 3007 superbiat:
1257 2934 1331 2990 de
1353 2934 1533 3007 lapsu
1578 2935 1759 2990 etiam

111 3037 226 3092 suo,
259 3023 439 3079 David
498 3024 770 3093 cadente,
816 3040 997 3080 nemo
1030 3024 1325 3097 desperet.
1382 3027 1527 3080 Ecce
1572 3040 1760 3097 quam

109 3112 434 3171 mirabiliter
457 3115 766 3187 Scriptura
798 3131 971 3171 sacra
991 3115 1203 3172 eodem
1225 3115 1408 3171 modo
1439 3115 1626 3171 verbo
1658 3131 1760 3170 su-
1792 3153 1835 3207 Ο

108 3202 309 3273 pcrbos
327 3205 566 3278 premit,
587 3221 710 3278 quo
730 3205 912 3261 verbo
959 3205 1218 3261 humiles
1244 3204 1424 3275 levat,
1448 3221 1761 3278 unamque

110 3305 221 3347 rem
274 3300 510 3364 gestam
562 3294 779 3364 retulit,
834 3299 891 3351 et
939 3294 1178 3351 diverso
1233 3293 1418 3351 modo
1470 3295 1764 3367 superbos

110 3382 335 3452 quidem
366 3386 441 3442 ad
476 3384 831 3441 humilitatis
882 3384 1316 3451 fortitudinem,
1346 3385 1603 3443 humiles
1624 3401 1765 3441 vero

113 3471 179 3525 ad
208 3474 327 3546 spei
375 3474 673 3531 ﬁduciam
713 3475 1031 3532 revocavit.
1067 3476 1109 3532 Ο
1160 3474 1579 3532 inaestimabile
1626 3474 1766 3532 novi

111 3565 323 3633 generis
355 3567 897 3637 medicamentum,
938 3566 1107 3639 quod
1134 3582 1256 3622 uno
1308 3566 1645 3639 eodemque
1676 3582 1768 3623 or-

112 3651 234 3708 dine
262 3655 547 3728 positum,
582 3656 916 3730 premendo
942 3656 1236 3713 tumentia
1266 3656 1547 3725 exsiccat,
1580 3660 1637 3712 et
1666 3673 1766 3713 su-

110 3740 389 3802 blevando
412 3745 650 3803 arentia
668 3745 949 3802 infundit.
988 3746 1065 3803 De
1100 3747 1401 3817 majorum
1432 3763 1544 3805 nos
1587 3746 1771 3821 lapsu

108 3834 312 3897 terruit,
349 3836 456 3892 sed
505 3837 583 3893 de
631 3835 1008 3909 reparatione
1043 3835 1371 3893 roboravit.
1420 3837 1512 3892 Sic
1542 3837 1768 3910 quippe

106 3936 324 3996 semper
351 3926 436 3982 sic
465 3942 584 3983 nos
624 3925 831 3982 divina
878 3925 1292 3983 misericordia
1351 3927 1769 4000 superbientes

104 4012 371 4085 reprimit,
388 4020 445 4073 et
474 4032 552 4074 ne
586 4016 666 4073 ad
688 4016 1172 4089 desperationem
1194 4032 1549 4075 corruamus
1579 4016 1765 4075 fulcit.

106 4100 205 4157 Sed
224 4105 658 4178 requirendum
680 4109 789 4172 est,
821 4106 868 4161 si
900 4110 1219 4179 peccatum
1268 4105 1454 4163 David
1486 4110 1609 4163 tam
1668 4106 1772 4167 de-

103 4191 348 4248 testabile
392 4195 691 4251 Dominus
721 4195 1041 4263 transtulit,
1074 4194 1223 4268 quid
1249 4200 1338 4251 est
1362 4195 1532 4267 quod
1562 4195 1772 4254 omnia

101 4293 223 4349 quae
251 4283 465 4341 eodem
495 4288 747 4358 peccato
773 4300 884 4358 per
914 4285 1278 4359 prophetam
1326 4283 1380 4340 ci
1428 4301 1465 4342 a
1514 4284 1767 4342 Domino

102 4365 247 4427 dicta
268 4377 425 4446 sunt,
454 4374 858 4449 postmodum
892 4374 1169 4431 toleravit
1198 4375 1225 4430 ?
1255 4373 1369 4431 Sed
1398 4374 1613 4448 procul
1652 4372 1765 4429 du-

104 4455 194 4513 bio
222 4462 508 4520 Dominus
541 4464 701 4522 delet
732 4464 903 4535 illud,
939 4465 1043 4521 sed
1079 4465 1207 4520 sine
1253 4463 1477 4520 ultione
1508 4480 1632 4521 non
1661 4464 1764 4521 de-

106 4549 230 4605 serit
260 4568 272 4607 :
298 4558 401 4610 aut
430 4554 599 4610 enim
625 4553 754 4626 ipse
786 4554 901 4610 hoc
931 4554 1118 4609 homo
1147 4554 1208 4609 in
1234 4553 1626 4633 pcenitentem
1658 4568 1768 4627 pu-

106 4635 199 4706 nit,
224 4645 324 4700 aut
350 4642 468 4701 hoc
504 4644 663 4700 Deus
695 4660 836 4699 cum
864 4643 1111 4701 homine
1146 4641 1460 4699 vindicans
1491 4642 1764 4716 percutit.

106 4729 487 4805 Nequaquam
524 4734 709 4804 igitur
736 4738 1055 4805 peccatiun
1083 4732 1371 4805 parcitur,
1405 4733 1575 4806 quod
1628 4732 1766 4791 nul-

107 4813 323 4876 latenus
356 4822 485 4878 sine
507 4822 777 4879 vindicta
803 4822 1060 4879 laxatur.
1109 4822 1198 4879 Sic
1230 4822 1391 4879 enim
1436 4821 1625 4879 David
1657 4839 1764 4879 au-

107 4904 221 4961 dire
247 4916 380 4981 post
412 4911 877 4969 conversionem
909 4912 1127 4968 meruit
1154 4930 1166 4968 :
1199 4934 1227 4961 «
1259 4910 1548 4969 Dominus
1580 4915 1769 4970 trans-

111 4994 226 5053 tulit
250 5006 572 5072 peccatum
600 5006 795 5069 tuum,
827 5005 883 5057 et
910 5006 1115 5058 tamen
1144 5000 1347 5058 multis
1376 5006 1515 5076 post
1545 5001 1769 5058 crucia-

109 5084 252 5141 tibus
280 5089 542 5148 aﬂlictus
578 5090 919 5162 aufugiens,
942 5095 1177 5148 reatum
1207 5090 1399 5164 culpae
1421 5107 1609 5164 quam
1639 5107 1771 5165 per-

111 5179 431 5245 petraverat
453 5180 730 5237 exsolvit.
772 5182 861 5238 Sic
887 5197 1000 5237 nos
1027 5179 1235 5238 salutis
1264 5179 1550 5251 vindicta,
1578 5196 1615 5237 a
1643 5179 1769 5237 cul-

112 5276 183 5331 pa
208 5268 380 5339 primi
410 5270 683 5344 parentis
714 5270 1101 5342 exsolvimur,
1152 5268 1261 5325 sed
1304 5274 1507 5325 tamen
1535 5272 1769 5325 reatum

114 5352 366 5423 ejusdem
396 5359 596 5434 culpae
622 5358 937 5432 diluentcs,
964 5358 1224 5418 absoluti
1267 5373 1512 5433 quoque
1568 5357 1770 5416 adhuc

115 5447 410 5508 carnaliter
465 5450 753 5507 obimus:
798 5450 943 5523 quia
990 5449 1209 5507 delicta
1250 5452 1478 5516 nostra,
1515 5447 1640 5505 sive
1664 5464 1772 5523 per

116 5546 216 5588 nos
230 5553 329 5593 scu
348 5554 457 5612 per
475 5540 878 5612 semetipsum
898 5543 1128 5597 resecat
1153 5537 1334 5596 etiam
1357 5553 1497 5593 cum
1518 5537 1766 5595 relaxat.

118 5622 197 5677 Ab
223 5627 414 5685 electis
447 5629 617 5686 enim
651 5629 774 5685 suis
825 5630 1213 5703 iniquitatum
1260 5626 1531 5684 maculas
1574 5626 1773 5684 studet

122 5715 411 5788 temporali
475 5718 802 5775 afﬂictione
856 5724 1103 5791 tergere,
1158 5734 1313 5791 quas
1351 5717 1412 5772 in
1443 5716 1527 5773 eis
1557 5731 1772 5792 perpe-

122 5803 279 5862 tuum
304 5823 426 5865 non
450 5807 586 5866 vult
609 5808 837 5865 videre.

1867 1872 1896 1899 ‹‹
1926 1852 2072 1907 than
2102 1855 2434 1926 prophetae,
2469 1862 2527 1914 et
2550 1860 2791 1917 vocavit
2811 1877 3038 1920 nomen
3082 1863 3215 1937 ejus
3245 1865 3538 1923 Amabilis

1867 1962 1896 1992 ‹‹
1925 1941 2198 2011 Domino,
2224 1959 2295 2000 eo
2324 1946 2492 2018 quod
2524 1946 2816 2021 diligeret,
2845 1973 2873 2000 »
2920 1956 2977 2008 et
3026 1952 3281 2027 reliqua.
3324 1958 3394 2013 In
3423 1958 3537 2013 He-

1864 2029 2031 2086 braeo
2060 2031 2340 2107 habetur,
2377 2040 2435 2092 et
2484 2038 2724 2096 vocavit
2752 2055 2980 2098 nomen
3018 2041 3149 2114 ejus
3176 2041 3349 2113 Dida,
3393 2064 3413 2097 ο
3450 2048 3540 2101 est

1868 2119 2122 2176 dilectus
2137 2123 2398 2180 Domini.
2418 2125 2664 2201 PrOpter
2685 2128 3010 2187 Dominum
3021 2130 3237 2188 dicitur
3257 2130 3539 2205 dilectus,

1868 2215 2113 2283 propter
2155 2228 2330 2269 suam
2388 2214 2610 2273 scilicet
2660 2218 3138 2278 misericordiam
3189 2222 3536 2295 gratuitam,

1867 2316 1991 2372 qua
2020 2317 2159 2358 eum
2190 2302 2435 2375 diligere
2466 2306 2750 2378 dignatus
2794 2314 2902 2367 est.
2957 2314 3107 2368 Cum
3137 2311 3345 2388 utique
3402 2314 3537 2387 ejus

1867 2389 2181 2448 dilectione
2211 2397 2268 2450 et
2287 2395 2702 2457 misericordia
2733 2399 3020 2474 indignus
3048 2401 3326 2461 existeret
3353 2419 3540 2479 quem

1868 2481 2189 2539 constabat
2210 2500 2454 2542 manzer
2476 2503 2627 2545 esse.

1942 2590 1972 2624 ‹
1999 2573 2183 2642 Igitur
2210 2576 2527 2647 pugnabat
2569 2577 2723 2636 Joab
2754 2584 2964 2639 contra
2995 2580 3233 2642 Rabath
3273 2582 3544 2644 ﬁliorum

1872 2681 1901 2710 ‹‹
1932 2666 2214 2729 Ammon,
2268 2686 2296 2714 »
2321 2668 2377 2721 et
2430 2666 2683 2741 reliqua.
2740 2670 3091 2728 Notandum
3125 2672 3292 2746 quod
3321 2672 3384 2729 in
3432 2674 3543 2730 He-

1870 2750 2055 2819 brzeo,
2096 2754 2347 2826 quando
2372 2772 2512 2812 cum
2545 2757 2882 2829 adjectione
2906 2760 3149 2836 ponitur
3200 2762 3542 2821 nominum.

1870 2844 2111 2901 Rabath
2154 2844 2450 2915 scribitur,
2476 2847 2629 2905 sicut
2652 2854 2741 2906 est
2770 2850 2887 2908 hic.
2944 2852 3196 2923 Quando
3225 2870 3369 2911 vero
3417 2853 3546 2912 sine

1872 2932 2207 3004 adjectione
2236 2936 2555 2993 nominum
2585 2953 2711 2996 non
2738 2940 2993 3011 Rabath,
3047 2942 3155 2999 sed
3179 2943 3349 3002 Raba
3398 2943 3545 3000 scri-

1870 3020 2050 3077 bitur.

1949 3129 1977 3161 α
2004 3111 2400 3181 Congregavit
2423 3112 2627 3187 itaque
2654 3116 2847 3172 David
2873 3133 3121 3175 omnem
3149 3119 3469 3195 pupulum,
3488 3124 3548 3182 et

1876 3221 1903 3248 ‹‹
1934 3198 2238 3272 profectus
2269 3206 2357 3257 est
2385 3203 2709 3262 adversum
2757 3205 3012 3263 Rabath.
3068 3207 3341 3284 Cumque
3370 3208 3546 3269 dimi.

1880 3310 1908 3338 ‹‹
1940 3295 2151 3352 casset,
2186 3290 2341 3364 cepit
2369 3308 2507 3348 eam
2533 3297 2591 3349 et
2617 3294 2746 3351 tulit
2771 3294 3057 3355 diadema
3110 3297 3270 3370 regis
3328 3314 3546 3358 eorum

1879 3401 1907 3428 ‹‹
1929 3378 2004 3435 de
2030 3379 2224 3453 capite
2257 3381 2386 3452 ejus
2417 3382 2627 3456 pondo
2655 3385 2788 3441 auri
2816 3384 3131 3458 talentum,
3164 3406 3195 3441 ›
3217 3391 3329 3447 etc.
3364 3389 3547 3448 Para-

1876 3468 2228 3543 lipomenon
2265 3470 2418 3528 libro
2465 3472 2548 3529 ita
2585 3473 2879 3531 habetur:
2910 3497 2938 3525 «
2969 3475 3140 3547 Tulit,
3188 3477 3406 3553 inquit,
3438 3480 3549 3536 Da-

1880 3558 1981 3614 vid
2012 3575 2301 3617 coronam
2341 3561 2630 3619 Melchom
2679 3563 2754 3620 de
2787 3564 2980 3640 capite
3024 3566 3176 3640 ejus,
3209 3572 3266 3624 et
3318 3566 3550 3627 invenit

1878 3648 1941 3704 in
1961 3665 2033 3706 ea
2056 3650 2185 3706 auri
2208 3650 2416 3724 pondo
2446 3651 2756 3724 talentum,
2786 3658 2843 3711 et
2866 3656 3333 3730 pretiossisimas
3377 3673 3546 3730 gem-

1879 3754 2032 3808 mas,
2058 3738 2311 3814 fecitque
2328 3740 2612 3800 diadema
2630 3742 2793 3800 inde.
2822 3744 2839 3818 )
2862 3744 3152 3802 Melchom
3171 3745 3399 3822 quippe
3419 3761 3549 3807 non

1881 3833 1970 3885 est
2012 3844 2239 3888 nomen
2286 3832 2601 3907 proprium
2654 3833 2833 3906 regis,
2896 3834 3003 3892 sed
3026 3834 3260 3893 idolum
3296 3835 3408 3894 fuit
3441 3854 3455 3893 :
3489 3839 3549 3896 et

1878 3918 2268 3993 intepretatur
2291 3936 2402 3979 rex
2431 3937 2655 3980 eorum.
2682 3925 2863 3996 Cujus
2892 3924 3268 3995 {diadematis
3327 3942 3549 3986 aurum

1878 4013 1934 4065 et
1960 4024 2235 4080 gemmas
2281 4012 2577 4068 conﬂasse
2628 4016 2685 4069 et
2738 4029 3035 4088 purgasse
3090 4014 3308 4074 dicitur
3352 4014 3547 4077 David

1878 4100 2214 4156 secundum
2229 4100 2453 4173 legem;
2469 4102 2680 4161 fecisse
2703 4103 2819 4160 sibi
2842 4103 3128 4164 diadema
3143 4105 3313 4182 quod
3328 4105 3427 4165 hic
3441 4122 3550 4183 po-

1879 4189 2061 4245 situm
2093 4205 2275 4262 super
2322 4196 2505 4264 caput
2554 4192 2684 4265 ejus
2714 4192 2962 4251 dicitur:
2999 4194 3158 4253 «Sed
3186 4199 3244 4253 et
3273 4195 3551 4271 praedam

1881 4299 1910 4332 α
1940 4278 2190 4335 civitatis
2247 4281 2582 4353 asportavit
2660 4283 2918 4343 multam
2990 4284 3191 4345 valde.
3244 4285 3549 4363 Populum

1878 4392 1907 4421 ‹
1940 4386 2186 4444 quoque
2216 4370 2347 4443 ejus
2367 4370 2679 4429 adducens
2699 4374 2976 4447 servavit,
3000 4380 3057 4436 et
3077 4375 3427 4451 circumegit
3447 4394 3548 4435 su-

1881 4483 1907 4509 ι(
1940 4475 2048 4535 per
2075 4476 2179 4515 eos
2235 4460 2456 4517 ferrata
2507 4468 2814 4536 carpenta.
2878 4464 3194 4541 Divisitque
3243 4467 3450 4526 cultris
3491 4471 3552 4527 et

1880 4572 1909 4601 ‹‹
1943 4550 2283 4607 transduxit
2310 4550 2372 4605 in
2404 4555 2549 4626 typo
2575 4551 2855 4612 laterum.
2890 4577 2919 4605 ››
2951 4554 3017 4612 Id
3045 4560 3135 4613 est
3162 4555 3415 4613 serravit
3438 4555 3550 4615 fer-

1876 4639 2021 4696 ratis
2049 4639 2350 4715 carpentis
2378 4656 2633 4715 corpora
2662 4643 3004 4716 hominum,
3041 4649 3100 4700 et
3123 4644 3323 4703 divisit
3343 4643 3549 4701 cultris

1876 4729 2105 4798 ferreis,
2138 4729 2294 4785 sicut
2314 4728 2530 4786 lateres
2560 4730 2751 4789 dividi
2789 4733 3000 4804 solent,
3031 4732 3139 4805 qui
3167 4747 3242 4791 ex
3265 4730 3456 4806 paleis
3489 4734 3551 4790 et

1877 4812 2002 4871 luto
2027 4812 2445 4871 conﬁciuntur.
2476 4816 2733 4872 Victoria
2792 4820 2995 4873 autem
3051 4816 3181 4873 haec
3232 4815 3424 4873 David
3483 4815 3550 4875 in

1877 4903 2255 4971 Ammonius,
2287 4918 2477 4977 quam
2524 4902 2649 4959 dux
2702 4921 2850 4961 suus
2880 4904 3167 4965 bellando
3216 4904 3547 4979 inchoavit,

1880 4992 1986 5048 sed
2007 5007 2113 5048 rex
2138 4992 2267 5065 ipse
2293 4990 2561 5064 perfecit,
2593 4992 2743 5066 quid
2775 4991 3074 5065 signiﬁcat
3092 4992 3207 5050 nisi
3225 4993 3384 5068 regis
3412 5008 3550 5054 nos-

1881 5081 1951 5139 tri
1979 5080 2291 5137 victoriam
2313 5080 2376 5135 in
2402 5081 2631 5137 cunctis
2652 5081 2934 5152 gentibus
2953 5084 2982 5140 ?
3012 5085 3143 5140 Dux
3168 5083 3332 5142 enim
3358 5084 3551 5144 David

1880 5175 2089 5229 contra
2112 5170 2316 5228 hostes
2342 5169 2570 5228 bellum
2617 5171 2761 5245 agit,
2803 5188 2946 5231 cum
2990 5172 3142 5232 ordo
3198 5178 3550 5232 sanctorum

1877 5260 2366 5335 praedicatorum,
2398 5264 2608 5318 contra
2637 5262 2851 5319 mundi
2883 5266 3180 5339 potentes,
3209 5268 3451 5321 scutum
3476 5262 3549 5321 ﬁ-

1882 5351 1979 5408 dei
2007 5348 2279 5424 opponit.
2305 5348 2421 5405 Sed
2448 5347 2586 5405 ﬁnis
2607 5350 2951 5408 certaminis
2974 5356 3034 5408 et
3056 5350 3401 5426 triumphus
3426 5349 3553 5411 bel-

1878 5435 1935 5499 li’
1977 5440 2058 5498 ad
2122 5454 2329 5511 regem
2409 5438 2708 5497 Christum
2795 5439 3182 5500 solummodo
3248 5439 3552 5500 defertur-

1881 5531 2026 5606 quia
2101 5527 2249 5603 ipsis
2335 5528 2535 5585 omnis
2589 5533 2879 5604 potestas,
2937 5533 2995 5588 et
3045 5530 3318 5606 potentia
3379 5530 3552 5606 regni

1884 5619 2221 5680 ascribitur.
2280 5635 2313 5673 ‹
2393 5617 2549 5675 Deus
2585 5623 2675 5677 est
2711 5619 2895 5692 enim,
2966 5620 3309 5681 secundum
3362 5624 3555 5698 Apos—

1885 5712 2098 5779 tolum,
2175 5706 2279 5783 qui
2333 5711 2618 5783 operatur
2696 5710 2758 5768 in
2863 5710 3042 5769 nobis
3148 5713 3208 5770 et
3262 5709 3415 5769 velle
3490 5714 3554 5770 et

1896 5800 2204 5877 perﬁcere,
2274 5800 2333 5855 et
2389 5798 2518 5873 ipse
2590 5798 2923 5875 triumphat
2989 5816 3104 5860 nos
3193 5814 3435 5875 semper
3487 5801 3552 5857 in
