3940 6410
374 286 476 338 367

1421 280 1464 329 A
1474 278 1777 333 NGELOMI
1816 269 2180 330 LUXOVIEN
2190 272 2293 329 SIS
2331 274 2644 331 MONACHI

3686 276 3796 331 368

373 405 601 462 Christo
626 404 793 457 Jesu.
814 424 840 450 ››
876 404 1170 459 Coronam
1196 416 1338 471 ergo
1366 400 1522 470 regis
1561 398 1770 473 populi
1797 396 2025 454 hostilis
2055 397 2102 450 A
2132 400 2330 451 rantes
2359 396 2471 453 sibi
2502 398 2805 469 malignos
2857 398 3117 471 spiritus,
3161 397 3221 453 in
3264 413 3474 455 necem
3514 411 3795 454 nostram

376 490 565 548 David
593 491 667 545 de
690 490 883 562 capite
911 489 1060 558 tulit,
1092 492 1150 543 et
1176 488 1289 543 sibi
1319 488 1603 543 diadema
1632 487 1771 542 inde
1798 486 2023 541 forma-

372 582 477 652 vit,
511 596 650 636 cum
678 578 1043 650 Redemptor
1066 583 1266 632 noster
1294 592 1366 631 ex
1398 576 1694 632 contraria
1735 577 2025 648 potestate

374 686 631 741 regnum
663 667 960 735 auferens,
992 666 1228 721 sibimet
1253 665 1485 735 insigne
1517 665 1804 720 decorum
1856 677 2028 735 para-

374 761 477 815 vit.
515 761 655 824 Quae
686 760 887 811 autem
918 754 1132 810 melius
1169 771 1393 809 corona
1443 754 1630 809 David
1663 751 2023 821 intelligitur,

375 864 562 922 quam
595 850 921 901 conventus
953 843 1458 916 populiczitholici
1486 840 1512 894 ?
1538 858 1673 915 quae
1696 845 1878 913 caput
1894 855 2029 893 nos-

378 942 556 1004 trum,
588 950 791 1001 regem
846 933 1114 988 videlicet
1168 932 1486 1000 Christum,
1541 930 1721 986 corde
1781 926 2027 984 credulo

376 1024 651 1081 nobiliter
675 1022 862 1078 ambit
891 1027 945 1077 et
977 1021 1156 1089 digne
1183 1036 1551 1076 conversans
1575 1020 2031 1075 decentercoro-

376 1113 522 1169 nat?
548 1110 746 1167 omnis
769 1110 928 1165 enim
961 1109 1517 1171 sanctorumlabor,
1534 1112 1591 1163 et
1619 1111 1923 1163 certamen
1949 1108 2033 1160 at-

377 1219 495 1275 que
524 1200 792 1267 victoria,
827 1200 905 1254 ad
930 1200 1223 1253 honorem
1258 1198 1511 1253 ccelcstis
1547 1196 1702 1267 regis
1758 1194 2026 1255 refertur,

380 1316 407 1341 α
441 1290 585 1362 quia
614 1289 741 1361 ipse
768 1294 857 1343 est
887 1290 981 1343 cui
999 1303 1177 1342 omne
1209 1302 1366 1356 genu
1399 1286 1667 1351 ﬂectitur,
1701 1283 2031 1340 caelestium

379 1378 841 1440 etterrestrium,
877 1383 1056 1449 atque
1106 1376 1480 1431 internorum
1515 1392 1527 1429 :
1562 1379 1620 1429 et
1672 1372 1871 1429 omnis
1924 1370 2033 1426 lin-

382 1486 499 1537 gua
531 1467 864 1533 conﬁtetur,
910 1466 1055 1537 quia
1106 1465 1397 1519 Dominus
1426 1467 1597 1519 Jesus
1654 1461 1919 1517 Christus
1967 1459 2033 1514 in

380 1557 568 1627 gloria
600 1561 690 1611 est
712 1555 808 1610 Dei
840 1554 1027 1610 Patris
1060 1554 1247 1622 (Phil.
1280 1554 1360 1623 ιι).
1395 1576 1421 1601 ››
1456 1551 1686 1608 Rabath
1718 1565 1860 1619 ergo
1891 1546 2031 1604 civi-

380 1651 469 1701 tas
500 1644 771 1713 estregni
801 1646 1083 1709 Ammon,
1114 1658 1249 1715 quas
1276 1658 1439 1697 nunc
1474 1638 1882 1711 Philadelphia
1932 1652 2034 1692 vo-

2135 486 2452 557 conspiret,
2479 504 2547 543 ac
2560 488 2737 543 morti
2765 492 3067 560 perpetuae
3098 484 3312 543 tradat.

2208 598 2235 623 ‹‹
2271 576 2452 630 Porro
2478 576 2767 632 Absalom
2791 577 3028 647 fugiens
3068 576 3215 632 abiit
3242 576 3321 632 ad
3350 576 3667 632 Tholomai
3726 576 3797 631 ﬁ-

2134 662 2283 719 lium
2340 665 2650 736 Ammiud,
2683 681 2888 735 regem
2920 669 3157 732 Gessur,
3196 687 3223 715 ››
3282 670 3418 734 etc.,
3468 680 3799 738 usquequo

2137 752 2218 809 ait
2246 772 2308 808 :«
2331 755 2709 828 Cessavitque
2736 754 2923 811 David
2951 772 3054 811 rex
3079 754 3356 828 persequi
3388 753 3701 821 Absalom,
3727 770 3798 809 eo

2138 864 2166 890 »
2194 843 2361 914 quod
2390 844 2735 899 consolatus
2767 859 2949 916 super
2978 850 3216 899 Amnon
3242 843 3502 899 interitu.
3529 842 3802 899 Tradunt

2137 931 2298 986 enim
2322 932 2569 1000 Hebraei,
2602 933 2802 989 sicuta
2819 931 3190 1004 quibusdam
3215 931 3419 1001 didici,
3451 931 3621 1004 quod
3651 932 3801 988 Tho—

2137 1017 2321 1075 lomai
2350 1025 2519 1092 pater
2571 1020 2681 1076 fuit
2732 1022 2976 1077 Maacha
3014 1020 3221 1077 matris
3263 1019 3575 1087 Absalom,
3607 1035 3800 1092 quam

2137 1107 2327 1163 David
2351 1109 2413 1163 in
2452 1108 2659 1181 pmelio
2707 1108 2881 1181 cepit,
2942 1114 2999 1164 et
3051 1112 3355 1176 Caesareae,
3419 1113 3480 1163 ut
3534 1107 3798 1180 inquint,

2140 1196 2445 1265 unguibus
2472 1197 2736 1270 praecisis
2763 1197 3097 1253 secundum
3120 1197 3337 1267 legem,
3379 1198 3612 1270 accepit
3655 1212 3802 1252 uxo-

2138 1303 2288 1357 rem,
2319 1292 2377 1344 et
2400 1304 2470 1343 ex
2499 1305 2570 1344 ea
2600 1288 2806 1358 genuit
2833 1288 3093 1344 Thamar
3121 1293 3180 1343 et
3220 1287 3505 1343 Absalom
3536 1306 3549 1356 ;
3584 1292 3643 1344 et
3662 1286 3802 1341 ideo

2141 1376 2220 1431 ad
2252 1394 2391 1431 eum
2417 1376 2643 1447 fugisse
2696 1377 3030 1450 perhibent.
3074 1380 3223 1433 Nam
3271 1377 3437 1448 quod
3487 1376 3798 1449 sequitur:

2142 1466 2579 1539 «Cessavitque
2608 1466 2793 1522 David
2847 1467 3127 1539 persequi
3176 1465 3541 1536 Absalom,»
3587 1466 3649 1520 in
3701 1467 3809 1521 He-

2144 1555 2330 1624 braeo,
2358 1561 2423 1611 ut
2466 1556 2646 1611 iidem
2703 1556 2934 1611 Hebraai
2976 1556 3193 1625 ierunt,
3225 1555 3485 1624 legitur:
3535 1553 3807 1611 Cessavit

2144 1646 2345 1718 itaque
2370 1661 2474 1700 rex
2505 1646 2684 1707 exire,
2717 1668 2744 1695 »
2776 1645 2839 1701 id
2864 1650 2953 1701 est
2980 1644 3246 1701 voluisse
3271 1644 3434 1700 idem
3468 1644 3655 1701 David
3682 1643 3811 1699 exi-

382 1740 570 1799 catur,
596 1733 767 1803 cujus
794 1732 1067 1787 menimit
1095 1735 1151 1786 et
1205 1732 1490 1785 Jeremias
1550 1727 1844 1801 propheta
1893 1729 2031 1793 (Jer-
2063 1746 2109 1799 Β
2143 1750 2206 1790 re
2237 1738 2302 1789 ut
2324 1733 2633 1790 reduceret
2656 1733 2965 1802 Absalom,
2998 1733 3104 1789 sed
3128 1737 3499 1806 pertractans
3528 1733 3591 1789 in
3621 1731 3809 1789 corde

380 1824 556 1893 xux),
590 1822 1006 1893 interpretatur
1043 1835 1185 1889 ergo
1214 1819 1448 1875 Rabath
1476 1819 1691 1873 multi:
1726 1820 1781 1871 et
1836 1813 2036 1871 Salva-

384 1918 474 1967 tor
505 1913 563 1966 in
603 1910 917 1981 Evangelio
947 1909 1130 1965 dicit:
1167 1927 1197 1963 ‹
1231 1907 1381 1974 Quia
1439 1905 1611 1962 multi
1660 1904 1899 1960 venient
1953 1902 2031 1959 ab

383 2002 607 2057 oriente
639 2003 695 2055 et
724 1999 1050 2066 occidente,
1086 2003 1141 2054 et
1171 1997 1525 2053 recumbent
1559 2010 1701 2051 cum
1729 1993 2039 2049 Abraham

384 2095 439 2145 et
466 2094 629 2145 Isaac
656 2093 712 2143 et
736 2087 919 2144 Jacob
952 2087 1013 2143 in
1042 2103 1229 2158 regno
1278 2086 1568 2142 caelorum
1598 2084 1815 2153 (Marc.
1869 2084 1974 2153 1x).
2008 2102 2036 2131 »

384 2180 608 2235 Verum
662 2179 836 2251 juxta
892 2176 1205 2233 historiam
1258 2176 1396 2232 hinc
1427 2173 1618 2230 Verba
1671 2173 1905 2228 dierum
1956 2171 2042 2227 ita

382 2273 630 2324 narrant
659 2285 671 2323 :
703 2290 732 2321 ‹‹
768 2265 1077 2323 Manubias
1097 2281 1341 2338 quoque
1362 2262 1527 2319 urbis
1551 2261 1842 2335 plurimas
1873 2259 2035 2316 tulit:

383 2358 680 2430 populum
708 2361 911 2412 autem
940 2356 1045 2427 qui
1074 2358 1201 2411 erat
1226 2354 1287 2409 in
1318 2370 1389 2408 ea
1414 2351 1638 2418 eduxit,
1671 2355 1728 2407 et
1760 2349 1896 2405 fecit
1944 2365 2043 2404 su-

384 2463 491 2519 per
540 2463 644 2503 eos
700 2443 951 2501 tribulas
999 2447 1055 2498 et
1104 2443 1325 2508 trahas,
1386 2446 1442 2497 et
1488 2440 1708 2497 ferrata
1755 2442 2042 2511 carpenta

384 2536 636 2592 transire
671 2552 684 2589 :
714 2534 798 2589 ita
827 2537 891 2588 ut
921 2532 1362 2587 dissecarentur
1403 2534 1457 2584 et
1508 2530 1973 2583 contererentur.
2009 2549 2038 2577 »

387 2624 479 2680 Sic
508 2623 645 2678 fecit
692 2620 876 2676 David
906 2620 1133 2675 cunctis
1166 2617 1415 2674 urbibus
1448 2616 1710 2672 filiorum
1753 2618 2037 2686 Ammon,

385 2717 443 2767 et
469 2728 747 2767 reversus
773 2713 862 2764 est
891 2725 1031 2763 cum
1089 2707 1255 2763 omni
1304 2706 1533 2780 populo
1580 2706 1641 2762 in
1683 2704 2035 2761 Jerusalem.

384 2799 613 2855 Idcirco
642 2799 757 2854 ista
796 2796 1147 2853 subnectere
1192 2795 1417 2861 curavi,
1468 2800 1531 2851 ut
1582 2793 1896 2851 historiam
1945 2792 2038 2849 lu-

384 2888 578 2944 cidius
608 2884 1014 2962 proparalem.

1026 2975 1254 3033 CAPUT
1292 2976 1427 3030 Xlll.

456 3065 677 3122 Deinde
707 3065 976 3156 sequitur
1000 3063 1254 3137 qualiter
1282 3078 1530 3119 exosam
1559 3062 1771 3118 habuit
1800 3066 2036 3116 Amnon
2067 3100 2110 3156 ϐ

381 3172 649 3211 sororem
682 3171 856 3212 suam
909 3154 1169 3210 Thamar
1225 3158 1366 3226 post
1417 3156 1754 3224 peccatum,
1812 3164 2037 3219 magno

380 3244 519 3300 odio
549 3244 748 3312 nimis,
790 3249 900 3300 etc.
941 3246 1182 3299 Amnon
1235 3239 1504 3297 Thamar
1538 3256 1804 3295 sororem
1862 3254 2035 3294 suam

380 3350 567 3389 causa
588 3332 939 3388 offensidnis
963 3332 1149 3388 David
1175 3330 1361 3404 patris
1393 3330 1504 3395 sui,
1533 3327 1844 3385 incestavit
1875 3346 1888 3383 :
1922 3328 2037 3383 hoc

381 3422 543 3475 enim
577 3421 689 3476 fuit
715 3420 949 3475 initium
980 3419 1249 3476 scandali
1298 3418 1509 3474 domui
1535 3418 1687 3488 ejus.
1736 3416 1908 3480 Quod
1938 3433 2040 3472 au-

380 3513 501 3563 tem
531 3513 668 3577 post
686 3512 1026 3580 perpetrato
1062 3507 1282 3562 scelere
1305 3522 1551 3561 exosam
1585 3522 1721 3561 eam
1752 3505 2038 3560 habuisse

378 3596 615 3667 legitur,
649 3611 856 3651 eorum
885 3610 1211 3667 personam
1241 3594 1549 3666 expressit,
1583 3596 1686 3666 qui
1745 3598 1881 3665 post
1928 3593 2036 3648 ad-

380 3685 637 3740 missum
690 3682 1005 3756 quodlibet
1053 3681 1287 3738 facinus
1341 3682 1542 3751 majus
1622 3680 1761 3736 odio
1812 3680 2040 3736 habent

379 3789 567 3846 quam
594 3778 731 3829 ante
762 3772 1268 3846 perpetrationem
1297 3769 1445 3825 illud
1474 3768 1826 3834 dilexerant,
1860 3773 1917 3824 et
1957 3768 2036 3823 ob

379 3864 493 3919 hoc
521 3863 693 3919 citius
723 3862 963 3918 veniam
994 3864 1468 3933 consequuntur,
1499 3875 1686 3930 quam
1718 3857 1798 3912 illi
1820 3856 1924 3929 qui
1956 3857 2038 3912 fa-

380 3954 545 4007 ciunt
571 3956 627 4007 et
652 3951 927 4021 diligunt,
982 3950 1031 4005 si
1061 3955 1263 4006 tamen
1291 3948 1352 4004 in
1384 3947 1545 4004 aliud
1574 3946 1805 4002 malum
1834 3944 2036 4002 denuo

378 4055 501 4095 non
532 4039 866 4095 offendunt.
900 4039 1061 4096 Sicut
1107 4042 1367 4103 Amnon,
1399 4036 1503 4109 qui
1532 4039 1670 4109 post
1694 4034 2035 4091 admissum

383 4133 661 4201 stuprum
684 4128 746 4182 in
772 4143 974 4182 sorore
1002 4142 1133 4197 sua,
1166 4125 1247 4182 ob
1274 4126 1387 4181 hoc
1410 4129 1664 4180 mortem
1680 4139 1802 4179 non
1824 4125 2032 4187 evasit,

378 4217 524 4289 quia
551 4215 921 4285 ebrietatem,
953 4229 1090 4286 quas
1144 4214 1336 4269 fomes
1362 4218 1450 4269 est
1476 4213 1747 4281 luxurias,
1781 4229 1906 4269 non
1952 4212 2037 4268 vi-

380 4304 545 4360 tavit.
579 4303 867 4360 Moraliter
890 4319 1032 4358 vero
1062 4318 1383 4359 monemur
1409 4303 1524 4359 hoc
1550 4302 1729 4372 facto,
1758 4307 1825 4358 ut
1874 4318 2034 4357 sem-

382 4408 489 4464 per
505 4396 677 4448 caute
710 4406 780 4447 ac
833 4392 1159 4465 prudenter
1208 4407 1492 4461 agamus,
1536 4407 1610 4446 ne
1640 4390 1793 4447 forte
1836 4390 2032 4445 domi-

381 4480 865 4537 nenturinnobis
905 4480 1050 4537 vitia
1079 4486 1134 4537 et
1164 4480 1445 4554 princeps
1484 4479 1736 4553 peccati,
1777 4478 1881 4551 qui
1924 4478 2031 4534 fal-

384 4589 515 4629 sam
544 4588 757 4645 pacem
801 4570 1272 4644 periclitantibus
1306 4569 1583 4644 spondet,
1624 4585 1737 4625 nos
1773 4569 2036 4641 impara-

379 4667 471 4719 tos
543 4661 876 4728 inveniens,
994 4665 1174 4733 atque
1264 4660 1632 4733 improvisos
1734 4657 2033 4714 trucidet:

380 4751 532 4807 sicut
596 4751 887 4807 Absalom
943 4755 1182 4806 Amnon
1263 4749 1509 4805 fratrem
1598 4762 1799 4814 suum,
1884 4762 2037 4801 sem-

378 4857 486 4913 per
516 4848 794 4913 stuprum
826 4842 1086 4897 Thamar
1114 4840 1424 4896 incautum
1453 4835 1710 4893 necavit.
1745 4834 2037 4891 Absolum

375 4936 552 4997 pater
595 4932 769 4999 pacis
826 4930 947 4986 sive
993 4931 1193 4999 patris
1233 4943 1361 4998 pax
1409 4927 2038 4997 interpretatur:Am-

379 5031 503 5072 non
555 5017 808 5083 donans,
862 5023 918 5073 et
970 5018 1231 5073 Thamar
1280 5013 1669 5079 amaritudo;
1720 5011 1823 5083 qui
1875 5013 2036 5068 enim

380 5104 657 5159 membra
684 5120 794 5159 sua
821 5104 1009 5159 donat
1035 5104 1288 5169 libidini,
1344 5101 1736 5172 semetipsum
1796 5100 2037 5157 tradidit

381 5192 600 5249 servire
620 5192 912 5264 iniquitati
946 5192 1023 5248 ad
1050 5192 1449 5263 iniquitatem,
1498 5189 1560 5244 in
1590 5189 1817 5261 peccati
1865 5206 2034 5246 ama-

379 5281 702 5338 ritudinem
729 5281 888 5337 cadit
919 5297 932 5335 :
966 5280 1102 5335 licet
1130 5279 1408 5335 inimicus
1453 5294 1517 5334 se
1572 5278 1747 5350 quasi
1796 5283 2033 5351 patrem

379 5371 543 5442 pacis
574 5374 845 5437 ostentet;
880 5375 936 5425 et
965 5383 1253 5442 prospera
1282 5383 1392 5440 pro
1431 5365 1652 5422 talibus
1683 5366 1851 5422 factis
1898 5384 2044 5441 prOs

378 5458 582 5513 venire
614 5459 763 5515 falso
783 5459 1111 5531 promittat.
1145 5460 1394 5513 Necesse
1417 5460 1505 5511 est
1528 5455 1687 5511 enim
1718 5460 1784 5511 ut
1813 5457 1927 5513 cito
1953 5457 2031 5514 ad

378 5546 789 5616 paenitentiam
861 5552 997 5618 post
1056 5545 1249 5601 scelus
1309 5545 1647 5615 redeamus,
1736 5562 1811 5601 ne
1880 5546 2030 5603 forte

376 5632 681 5704 diabolus,
729 5635 779 5689 si
806 5636 1006 5691 adhuc
1034 5634 1300 5691 ebrietati
1353 5634 1817 5704 inservierimus,
1881 5640 1940 5693 et
1966 5637 2028 5693 in

375 5717 589 5773 luxum
664 5717 863 5774 saeculi
985 5719 1374 5789 resolvamur,
1495 5735 1603 5793 per
1712 5721 2024 5794 obtempe-

2148 1839 2281 1893 suo,
2329 1822 2494 1895 quod
2541 1823 2775 1896 quoties
2822 1839 2963 1878 eum
3019 1822 3267 1885 videret,
3318 1821 3488 1877 toties
3527 1821 3808 1878 dolorem

2145 1911 2355 1968 mortis
2385 1915 2623 1967 Amnon
2649 1911 2791 1967 eiad
2815 1911 3171 1967 memoriam
3196 1910 3540 1967 reduceret:
3575 1909 3807 1966 idcirco

2147 2017 2416 2057 cessasse
2473 2000 2689 2056 dicitur
2728 2000 2886 2056 exire
2938 2005 3075 2073 post
3103 2000 3407 2063 Absalom,
3442 1999 3811 2057 subauditur

2145 2094 2211 2146 ut
2238 2107 2377 2145 eum
2406 2088 2485 2145 ad
2516 2089 2759 2162 propria
2783 2093 3111 2145 revocaret.
3138 2088 3287 2144 Illud
3313 2088 3492 2144 etiam
3523 2088 3689 2161 quod
3711 2105 3810 2144 su-

2145 2177 2438 2235 binfertur
2471 2196 2483 2233 :
2519 2178 2871 2235 Consolatus
2896 2183 2988 2233 est
3009 2176 3196 2234 David
3243 2194 3423 2251 super
3446 2182 3688 2234 Amnon
3717 2177 3809 2233 in-

2146 2268 2382 2339 teritu,»
2414 2268 2498 2323 ita
2525 2268 2768 2337 intelligi
2797 2267 3025 2336 volunt,
3056 2266 3669 2339 videlicetpostquam
3699 2282 3811 2323 no-

2147 2356 2256 2412 luit
2286 2356 2444 2412 exire
2474 2361 2607 2429 post
2638 2356 2947 2423 Absalom,
2970 2360 3033 2412 ut
3056 2356 3364 2412 reduceret
3394 2371 3535 2411 eum
3561 2360 3619 2411 et
3638 2356 3809 2411 vide-

2149 2450 2309 2502 retur
2330 2462 2366 2501 a
2396 2445 2474 2501 ab
2504 2462 2575 2501 eo
2601 2446 2780 2518 coepit
2796 2444 3096 2501 consolari
3123 2460 3306 2517 super
3327 2450 3517 2500 morte
3537 2448 3811 2502 Amnon.

2149 2535 2429 2601 Quandiu
2444 2535 2603 2591 enim
2618 2535 2946 2608 putabatur
2963 2534 3169 2590 reduci
3182 2534 3488 2601 Absalom,
3507 2540 3570 2590 ut
3585 2535 3816 2590 videre-

2150 2629 2242 2679 tur
2271 2640 2309 2681 a
2339 2624 2545 2695 David,
2580 2640 2818 2698 semper
2832 2641 2996 2681 mors
3026 2627 3267 2680 Amnon
3296 2623 3399 2679 lilii
3448 2623 3539 2679 sui
3598 2624 3814 2680 animo

2148 2713 2277 2784 ejus
2328 2714 2727 2769 occurrebat:
2780 2714 2902 2769 sive
2947 2713 3290 2769 consolatus
3341 2718 3432 2769 est
3461 2728 3643 2785 super
3669 2713 3811 2784 ejus

2144 2801 2402 2869 interitu,
2436 2802 2589 2857 sicut
2611 2802 2785 2858 nobis
2810 2802 3066 2873 videtur,
3096 2818 3167 2857 eo
3196 2801 3366 2874 quod
3404 2801 3638 2857 noverit
3662 2818 3811 2857 eum

2146 2892 2513 2962 ﬂagitiosum
2571 2897 2629 2947 et
2695 2891 2949 2961 dignum
3007 2896 3218 2960 morte,
3320 2892 3651 2963 meritoque
3703 2907 3812 2963 pe-

2146 2997 2312 3037 l‘lSSG.

2680 3109 2904 3162 CAPUT
2924 3106 3048 3160 XIV
3068 3109 3125 3161 et
3155 3108 3261 3161 XV.

2220 3238 2248 3265 ‹‹
2272 3214 2609 3286 Intelligens
2638 3219 2840 3270 autem
2860 3213 3009 3269 Joab
3044 3213 3201 3268 ﬁlius
3233 3212 3471 3282 Sill'VitB,
3504 3211 3667 3285 quod
3699 3229 3815 3269 cor

2147 3326 2174 3354 ‹‹
2214 3304 2370 3373 regis
2400 3320 2640 3359 versum
2654 3302 2909 3359 essetad
2934 3302 3245 3368 Absalom,
3283 3301 3445 3358 misit
3470 3302 3817 3370 Thecuam,

2146 3415 2172 3442 «
2216 3398 2272 3449 et
2302 3393 2432 3449 tulit
2476 3393 2615 3448 inde
2647 3392 2958 3448 mulierem
3019 3391 3372 3463 sapientem,
3422 3390 3693 3464 dixitque
3725 3391 3817 3446 ad

2146 3503 2175 3531 «
2217 3498 2350 3538 eam
2381 3499 2394 3537 :
2429 3483 2656 3553 Lugere
2689 3487 2741 3537 te
2769 3480 3008 3551 simula,
3038 3486 3099 3537 at
3126 3480 3372 3536 induere
3424 3483 3586 3535 veste
3632 3478 3820 3550 lugu-

2147 3595 2171 3619 ‹‹
2215 3571 2328 3637 bri,
2361 3577 2417 3628 et
2444 3588 2519 3627 ne
2551 3571 2797 3641 ungaris
2822 3570 2976 3639 oleo,
3007 3575 3071 3626 ut
3100 3570 3179 3625 sis
3204 3570 3379 3643 quasi
3408 3568 3624 3625 mulier
3672 3569 3818 3641 plu-

2146 3682 2173 3709 «
2213 3660 2367 3717 rimo
2393 3661 2521 3732 jam
2542 3665 2810 3733 tempore
2840 3659 3053 3730 lugens
3081 3665 3408 3715 mortuum.
3443 3682 3470 3708 ››
3503 3658 3615 3714 Cor
3643 3659 3817 3728 regis

2144 3766 2387 3805 versum
2414 3766 2543 3805 esse
2570 3750 2649 3804 ad
2676 3749 2965 3805 Absalom
3010 3748 3230 3805 vidisse
3277 3748 3493 3804 dicitur
3519 3748 3692 3816 Joab,
3733 3764 3815 3804 eo

2142 3839 2306 3911 quod
2339 3839 2551 3894 viderit
2571 3856 2708 3894 cuin
2741 3855 2849 3911 pro
2881 3838 3164 3894 Absalom
3197 3837 3522 3910 suspirare,
3554 3842 3609 3893 et
3648 3836 3711 3892 in
3733 3854 3814 3893 eo

2143 3928 2429 3984 intellexit
2456 3928 2622 4001 quod
2652 3944 2755 3983 cor
2786 3928 2915 3998 ejus
2937 3942 3174 3983 versum
3205 3932 3361 3983 esset
3389 3926 3469 3983 ad
3488 3925 3811 3983 Absalom.

2216 4038 2243 4067 ‹‹
2274 4016 2423 4073 Misit
2468 4018 2769 4073 Thecuam
2801 4020 2857 4072 et
2877 4016 3007 4073 tulit
3056 4015 3197 4073 inde
3225 4015 3538 4071 mulierem
3568 4015 3815 4088 sapien-

2146 4127 2174 4155 ι(
2207 4110 2346 4162 tem.
2384 4129 2411 4155 »
2430 4106 2666 4162 Thecua
2696 4104 2901 4161 civitas
2926 4109 3033 4171 est,
3075 4103 3149 4159 de
3178 4119 3301 4177 qua
3324 4103 3433 4159 fuit
3460 4109 3645 4159 Amos
3665 4119 3815 4177 prO‘

2143 4194 2345 4268 pheta.
2398 4198 2642 4251 Putatur
2678 4198 2882 4250 autem
2926 4192 3141 4249 eadem
3196 4192 3382 4249 vidua
3424 4193 3558 4249 avia
3612 4192 3812 4249 fuisse

2142 4284 2415 4355 ejusdem
2444 4290 2627 4341 Amos
2653 4284 2982 4358 prophetas.
3017 4284 3159 4349 Quae
3192 4281 3536 4355 respondit:

2216 4397 2242 4425 ‹‹
2276 4378 2397 4430 Heu
2424 4373 2636 4430 mulier
2664 4372 2847 4429 vidua
2868 4388 2981 4442 ego
3009 4388 3165 4428 sum.
3200 4374 3461 4429 Mortuus
3483 4375 3571 4427 est
3596 4376 3813 4429 autem

2063 4447 2111 4501 D
2148 4487 2175 4515 ‹‹
2199 4465 2285 4521 vir
2313 4480 2507 4534 meus,
2539 4468 2595 4520 et
2632 4462 2860 4519 ancillas
2908 4466 3023 4517 tuae
3047 4464 3218 4517 erant
3255 4459 3379 4517 duo
3404 4459 3530 4527 ﬁlii,
3563 4459 3670 4539 qui
3728 4462 3813 4517 ri-

2146 4577 2174 4605 ‹‹
2205 4555 2330 4611 xati
2378 4558 2519 4609 sunt
2566 4552 2857 4608 adversus
2886 4567 2949 4607 se
2995 4551 3057 4606 in
3098 4566 3266 4620 agro,
3300 4548 3625 4623 nullusque
3674 4559 3816 4613 erat

2144 4667 2173 4694 «
2213 4644 2315 4718 qui
2340 4660 2443 4700 eos
2471 4642 2789 4716 prohibere
2815 4640 3023 4714 possit,
3058 4645 3116 4696 et
3158 4639 3452 4712 percussit
3471 4639 3618 4695 alter
3661 4639 3815 4697 alte-

2144 4757 2172 4785 ‹‹
2212 4751 2350 4791 rum
2424 4739 2481 4790 et
2528 4731 2836 4789 interfecit.
2897 4733 2964 4787 Et
3026 4746 3162 4787 ecce
3245 4745 3617 4799 consurgens
3663 4731 3809 4786 uni-

2145 4848 2172 4875 ‹‹
2215 4841 2388 4881 versa
2425 4822 2701 4895 cognatio
2730 4821 3021 4878 adversus
3042 4820 3325 4878 ancillam
3372 4825 3560 4888 tuam,
3614 4820 3804 4880 dicit:

2144 4936 2173 4964 «
2213 4914 2400 4970 Trade
2465 4929 2605 4969 eum
2683 4911 2785 4984 qui
2870 4911 3164 4984 percussit
3236 4910 3482 4967 fratrem
3536 4926 3743 4967 suum.
3771 4936 3805 4964 »

2141 5003 2206 5060 In
2235 5004 2479 5060 veritate
2506 5007 2727 5069 autem,
2760 5005 2824 5057 ut
2855 5000 3083 5057 Hebraei
3110 4999 3374 5068 tradunt,
3422 5001 3552 5057 haec
3581 5000 3808 5058 mulier

2141 5093 2344 5163 vidua,
2426 5093 2580 5149 duos
2634 5091 2788 5147 filios
2862 5090 3085 5147 habere
3136 5094 3388 5163 poterat,
3459 5091 3564 5162 qui
3620 5091 3804 5148 rixati

2142 5189 2280 5240 sunt
2307 5185 2368 5239 in
2390 5198 2538 5254 agro
2587 5197 2769 5254 super
2796 5180 3140 5238 haereditate
3169 5182 3357 5254 patris
3397 5180 3511 5251 sui,
3550 5186 3609 5238 et
3656 5181 3806 5239 alte-

2137 5290 2273 5330 rum
2299 5274 2377 5329 ab
2404 5272 2588 5328 altero
2609 5270 3034 5343 interemptum
3066 5287 3079 5326 :
3111 5270 3218 5326 sed
3239 5270 3436 5344 seipsa
3460 5276 3666 5326 tamen
3695 5288 3800 5329 ea-

2138 5364 2277 5419 dem
2325 5362 2511 5418 vidua
2538 5361 2600 5416 in
2621 5374 2885 5433 persona
2917 5358 3103 5416 David
3124 5360 3344 5433 posuit,
3369 5365 3426 5416 et
3454 5358 3612 5415 duos
3641 5359 3802 5417 ﬁlios

2138 5469 2281 5508 suos
2339 5452 2400 5507 in
2440 5465 2699 5524 persona
2770 5451 3009 5505 Amnon
3059 5453 3114 5505 et
3171 5448 3481 5505 Absalom.
3565 5449 3804 5520 Cogna-

2136 5542 2359 5598 tionem
2416 5555 2557 5595 vero
2613 5554 2749 5611 quae
2799 5537 3171 5593 consurrexit
3244 5538 3537 5594 adversus
3599 5539 3799 5596 tilium

2135 5647 2334 5698 suum,
2356 5632 2416 5686 in
2437 5643 2698 5702 persona
2725 5631 3077 5683 ceterorum
3095 5627 3358 5685 ﬁliorum
3387 5628 3596 5684 David.
3622 5630 3802 5688 Dixit-

2134 5735 2255 5792 que
2274 5718 2487 5776 mulier
2509 5737 2523 5775 :
