3940 6406
140 264 249 319 309

1154 271 1411 327 ENARR.
1437 272 1505 326 IN
1537 267 1798 325 LIBROS
1824 270 2090 330 REGUM.
2124 308 2191 317 —
2214 278 2284 334 IN
2311 279 2442 334 LIB.
2478 283 2542 335 11.

3470 284 3577 338 370

212 410 242 438 ι(
270 392 476 477 tnrme,
504 388 754 447 Domine
801 390 882 447 mi
934 407 1058 460 rex,
1105 392 1391 466 iniquitas
1440 398 1498 451 et
1524 394 1586 450 in
1617 393 1805 449 domo
1838 398 1885 451 A
1914 402 2068 455 rant.
2106 402 2217 467 Qui
2266 420 2479 477 pacem
2509 422 2648 461 cum
2678 409 2887 461 nostro
2918 404 3105 461 David
3146 404 3398 461 Domino
3430 404 3578 460 scili-

145 497 165 528 ι
200 476 389 551 patris
420 478 561 547 mei,
593 495 697 534 rex
739 484 941 537 autem
969 487 1026 537 et
1053 481 1275 539 domus
1330 484 1461 554 ejus
1519 483 1593 539 sit
1634 483 1806 539 inno-

142 588 171 616 ι(
201 582 364 623 cens.
392 588 421 616 »
449 572 531 623 Ac
562 567 611 623 si
631 568 854 626 diceret
885 588 898 626 :
932 571 1046 627 Pro
1071 587 1143 628 eo
1172 572 1341 645 quod
1375 572 1522 629 alter
1549 572 1712 628 ﬁlius
1742 572 1803 627 in

135 658 394 715 alterum
425 660 887 727 consurrexerit,
921 661 983 717 in
1031 677 1129 719 me
1180 662 1254 718 sit
1309 662 1621 736 iniquitas,
1660 662 1806 735 quia

141 748 379 822 absque
405 748 587 822 culpa
626 767 689 808 es
719 751 781 807 in
810 768 884 809 eo
920 753 1088 825 quod
1114 753 1193 809 illi
1226 753 1350 810 duo
1401 753 1614 809 fratres
1653 753 1807 809 inter

142 838 648 897 seconﬂixerant.
683 844 751 898 Et
794 841 948 899 sicut
975 858 1089 913 ego
1132 843 1366 917 absque
1420 843 1600 917 culpa
1644 859 1801 911 sum,

140 945 252 1003 pro
280 945 352 985 eo
393 930 563 1003 quod
591 930 716 987 duo
759 931 865 988 ﬁlii
893 933 1015 989 mei
1043 938 1544 990 consurrexerunt
1589 934 1803 989 adver-

141 1035 280 1076 sum
307 1035 393 1085 se,
424 1025 480 1075 et
502 1020 849 1078 interfectus
880 1027 971 1079 est
996 1022 1143 1079 alter
1184 1024 1263 1080 ab
1293 1024 1498 1092 altero,
1548 1023 1632 1079 ita
1658 1028 1714 1079 et
1740 1027 1806 1079 tu

140 1108 375 1182 absque
405 1109 586 1183 culpa
639 1127 723 1179 es,
756 1127 868 1185 pro
913 1128 985 1168 eo
1015 1112 1182 1185 quod
1213 1113 1501 1170 Absalom
1540 1114 1802 1180 Amnon,

138 1198 396 1271 dignum
421 1205 635 1271 morte,
661 1201 972 1259 interfecit.

212 1308 244 1342 ‹
277 1290 424 1355 Quae
454 1289 576 1347 ait:
608 1291 971 1348 Recordetur
999 1308 1106 1348 rex
1135 1291 1373 1348 Domini
1423 1292 1525 1349 Dei
1580 1291 1692 1363 sui,
1742 1294 1809 1347 ut

143 1399 171 1428 «ι
200 1394 325 1435 non
354 1379 828 1453 multiplicentur
849 1382 1109 1456 proximi
1155 1383 1468 1453 sanguinis
1519 1382 1598 1439 ad
1627 1381 1807 1438 ulcis-

143 1489 172 1520 ι
202 1468 489 1537 cendum,
518 1475 576 1527 et
623 1486 1012 1545 nequaquam
1068 1472 1428 1529 interﬁciant
1456 1472 1648 1528 ﬁlium
1678 1487 1806 1527 me-

142 1581 170 1605 a
203 1574 330 1615 um.
356 1582 386 1608 ››
417 1560 769 1617 Recordatio
800 1561 895 1617 hic
943 1576 1054 1635 pro
1078 1562 1424 1633 juramento
1467 1560 1665 1634 posita
1693 1565 1805 1631 est,

142 1665 211 1705 ac
242 1650 292 1705 si
322 1657 530 1724 aperte
557 1652 855 1709 diceretur
887 1671 900 1710 :
933 1652 1301 1710 Recordetur
1325 1669 1426 1709 rex
1454 1650 1807 1724 promissio-

138 1738 230 1794 nis
251 1756 398 1805 θυαε,
450 1740 572 1797 imo
597 1742 944 1813 juramenti,
975 1759 1100 1816 quo
1130 1742 1276 1798 mihi
1331 1758 1438 1816 per
1481 1742 1805 1798 Dominum
1836 1753 1876 1806 Β

141 1830 327 1885 Deum
355 1846 537 1886 suum
565 1832 865 1905 pollicitus
891 1838 996 1897 est,
1044 1838 1109 1888 ut
1156 1847 1280 1888 non
1338 1831 1808 1904 multiplicentur

138 1919 399 1991 proximi
435 1921 749 1991 sanguinis
774 1921 854 1977 ad
874 1921 1308 1977 ulciscendum.

209 2030 237 2059 «
270 2008 548 2082 Dixitque
578 2010 829 2066 mulier:
888 2012 1083 2077 Quare
1125 2009 1403 2081 cogitasti
1460 2007 1808 2065 istiusmodi

140 2120 168 2146 «ι
207 2113 333 2154 rem
355 2103 569 2155 contra
590 2098 885 2171 populum
920 2099 1041 2170 Dei,
1065 2103 1123 2154 et
1150 2098 1386 2154 locutus
1416 2104 1503 2154 est
1530 2114 1635 2154 rex
1673 2113 1805 2153 ver-

139 2209 165 2237 «
192 2185 340 2242 bum
371 2187 533 2243 istud
557 2192 619 2243 ut
649 2192 872 2259 peccet,
904 2192 961 2244 et
989 2203 1115 2243 non
1144 2188 1673 2258 reducatejectum
1702 2201 1804 2242 su-

143 2300 168 2326 a
197 2293 322 2333 um.
360 2300 386 2326 ι»
426 2280 507 2333 Ex
549 2278 666 2333 hoc
694 2278 828 2334 loco
859 2279 1308 2335 demonstratur
1338 2277 1484 2333 illud
1515 2276 1683 2350 quod
1712 2292 1806 2331 su-

140 2366 335 2439 perius
362 2366 595 2423 dictum
625 2372 744 2423 est:
778 2389 805 2417 ‹‹
849 2367 1113 2423 Cessavit
1136 2366 1326 2422 David
1347 2382 1455 2422 rex
1484 2366 1643 2421 exire
1666 2368 1805 2438 post

134 2456 444 2528 Absalom,
466 2478 494 2506 »
515 2455 578 2513 id
608 2462 715 2525 est,
740 2456 999 2513 cessavit
1038 2462 1101 2512 ut
1130 2472 1253 2512 non
1281 2456 1540 2512 exiretur
1568 2455 1647 2512 ab
1701 2453 1807 2511 ali-

139 2561 256 2619 quo
287 2553 344 2602 et
370 2562 499 2602 non
523 2547 837 2603 reduceret
854 2546 1159 2603 Absalom.

206 2634 347 2691 Inde
379 2635 467 2691 ait
498 2635 749 2691 mulier:
789 2640 845 2691 et
872 2634 1109 2691 locutus
1133 2639 1223 2690 est
1246 2649 1348 2689 rex
1374 2633 1628 2689 verbum
1660 2633 1809 2689 illud

140 2749 165 2773 ‹‹
194 2730 253 2781 ut
280 2731 512 2799 peccet,
544 2730 600 2781 et
629 2741 753 2781 non
777 2724 1027 2781 reducat
1054 2725 1311 2795 ejectum
1345 2740 1546 2778 suum.
1582 2746 1608 2772 »
1634 2723 1807 2790 Quod

138 2832 273 2871 vero
303 2817 421 2871 ait:
453 2839 481 2864 ‹‹
514 2818 710 2882 Quare
742 2814 1017 2886 cogitasti
1038 2814 1380 2870 istiusmodi
1418 2830 1545 2869 rem
1597 2818 1808 2870 contra

138 2901 432 2974 populum
464 2904 563 2958 Dei
587 2903 615 2958 ?
641 2924 667 2952 ››
698 2902 992 2976 Populum
1032 2902 1133 2958 Dei
1171 2908 1344 2957 vocat
1371 2902 1657 2957 eumdem
1684 2901 1805 2957 Ab-

140 2991 347 3058 salom,
383 2993 512 3048 sive
538 3009 643 3048 eos
672 2993 776 3066 qui
802 3009 941 3049 cum
971 2991 1073 3047 illo
1107 2995 1307 3048 erant:
1338 2991 1443 3064 qui
1468 2990 1641 3063 quasi
1670 3007 1808 3063 cap-

1913 491 2006 543 cet
2019 490 2323 549 Salvatore
2340 494 2563 549 habere
2576 494 2784 550 noluit.
2800 494 2893 549 Ait
2908 495 3067 550 enim
3084 493 3247 550 idem
3264 493 3575 550 Absalom.

1989 600 2017 626 «
2052 579 2194 644 Quis
2220 598 2316 637 me
2366 583 2692 639 constituat
2722 582 2990 654 judicem
3021 599 3201 657 super
3251 584 3514 639 terram?
3545 600 3577 636 ›

1914 669 2024 722 etc.
2058 669 2349 728 Simulata
2390 672 2697 729 humilitas
2724 672 2785 728 in
2839 673 3126 729 Absalom
3158 672 3578 729 demonstrata

1914 761 2038 811 est:
2073 758 2221 814 nihil
2246 760 2406 816 enim
2439 769 2529 816 est
2551 761 2835 831 deterius,
2858 778 3045 836 quam
3070 778 3178 834 per
3204 762 3577 834 hypocrisim

1914 844 2100 902 falsas
2123 848 2365 906 virtutes
2394 852 2749 924 quempiam
2780 868 3170 922 exaggerare,
3202 855 3259 907 et
3298 867 3404 924 per
3457 851 3577 906 ela-

1912 933 2137 991 tionem
2174 939 2372 994 cordis
2421 941 2726 1011 majorum
2756 945 2890 996 acta
2920 946 2978 996 et
3032 940 3206 997 fortia
3252 940 3577 1013 reprehen-

1913 1023 2117 1100 dendo
2146 1026 2483 1084 diﬁ‘amare.
2521 1030 2679 1085 Sicut
2698 1034 2753 1085 et
2774 1029 3063 1086 Absalom
3092 1030 3276 1102 patris
3300 1029 3390 1085 sui
3410 1029 3578 1101 justa

1910 1114 2139 1186 judicia
2167 1133 2321 1173 ausu
2350 1119 2667 1175 temerario
2690 1135 2896 1175 coram
2936 1116 3103 1175 omni
3132 1120 3361 1192 populo
3383 1135 3578 1192 repre-

1911 1203 2175 1263 hendere
2194 1222 2318 1263 non
2359 1207 2573 1263 timuit.

1988 1316 2017 1343 «
2050 1295 2191 1351 Post
2226 1296 2634 1369 quadraginta
2661 1300 2862 1353 autem
2890 1313 3082 1353 annos
3112 1297 3259 1353 dixit
3288 1297 3577 1353 Absalom

1916 1405 1944 1431 «
1981 1384 2057 1439 ad
2099 1400 2336 1455 regem:
2372 1385 2631 1453 Vadam,
2665 1389 2722 1443 et
2769 1386 3026 1442 reddam
3062 1390 3201 1442 vota
3231 1403 3389 1455 mea,
3438 1403 3576 1458 quae

1918 1496 1946 1524 ‹‹
1980 1474 2118 1530 vovi
2148 1477 2405 1532 Domino
2444 1477 2505 1532 in
2538 1476 2798 1533 Hebron.
2837 1500 2864 1527 ››
2897 1476 3409 1545 Quadragesimus
3443 1492 3579 1543 age-

1915 1562 2095 1620 batur
2125 1582 2323 1622 annus
2357 1581 2429 1621 ex
2451 1581 2522 1622 eo
2553 1570 2823 1639 tempore
2852 1581 2975 1639 quo
3009 1565 3149 1622 Saul
3181 1563 3344 1621 Nobe
3375 1564 3578 1619 civita-

1918 1656 2037 1709 tem
2077 1670 2217 1710 cum
2249 1655 2665 1711 sacerdotibus
2694 1654 2999 1724 octoginta
3026 1653 3297 1726 quinque
3338 1659 3582 1725 propter

1918 1744 2108 1799 David
2141 1744 2455 1814 interemit,
2488 1750 2545 1801 et
2572 1745 2794 1801 idcirco
2839 1744 2935 1801 hic
2974 1743 3136 1800 idem
3185 1742 3579 1815 quadragesi-

1916 1850 2057 1890 mus
2106 1850 2304 1890 annus
2332 1835 2596 1908 ponitur,
2629 1839 2695 1891 ut
2734 1838 3102 1890 monstretur
3118 1832 3389 1889 divinam
3413 1832 3581 1888 ultio-

1918 1938 2061 1979 nem
2089 1924 2361 1980 suscitari
2398 1940 2580 1996 super
2602 1922 2812 1989 David,
2839 1939 2907 1979 eo
2932 1922 3098 1996 quod
3128 1921 3472 1977 Abimelech
3490 1936 3581 1976 sa-

1921 2015 2226 2070 cerdotem
2294 2013 2590 2081 fefellerit,
2670 2017 2727 2069 et
2784 2017 3032 2086 propter
3093 2027 3233 2067 eum
3310 2010 3584 2067 sacerdo-

1920 2107 2049 2158 tum
2088 2102 2283 2159 caades
2333 2102 2490 2159 facta
2548 2102 2741 2159 fuerit.
2803 2104 2979 2169 Cave,
3012 2101 3218 2168 lector,
3258 2100 3581 2173 plerosque

1920 2192 2249 2248 mendosos
2286 2191 2544 2257 codices,
2583 2192 2644 2247 in
2670 2190 2893 2263 quibus
2925 2189 3215 2263 scriptum
3258 2188 3579 2255 invenitur,

1921 2285 2060 2353 post
2086 2286 2370 2353 quatuor,
2405 2297 2526 2337 non
2556 2285 2697 2354 post
2720 2279 3130 2353 quadraginta
3156 2294 3377 2334 annos:
3411 2278 3470 2332 in
3486 2294 3583 2333 ve-

1920 2370 2273 2427 tustioribus
2303 2386 2445 2426 vero
2468 2370 2800 2437 codicibus,
2835 2375 2891 2425 et
2916 2369 2977 2425 in
3003 2367 3293 2424 Hebraica
3312 2366 3581 2436 veritate,

1919 2475 2043 2516 non
2077 2464 2358 2533 quatuor,
2390 2460 2497 2516 sed
2526 2458 2932 2532 quadraginta
2953 2457 3298 2513 scribuntur
3322 2455 3485 2511 anni.
3527 2456 3583 2511 Si

1918 2565 2058 2605 vero
2088 2549 2228 2622 quis
2258 2549 2666 2605 contentiosus
2697 2548 2943 2604 eosdem
2975 2552 3237 2620 quatuor
3265 2561 3462 2601 annos
3487 2560 3582 2599 as-

1919 2643 2114 2695 truere
2144 2638 2417 2701 voluerit,
2447 2638 2526 2694 ab
2574 2653 2645 2693 eo
2693 2643 2959 2709 tempore
2989 2652 3114 2709 quo
3138 2634 3423 2691 Absalom
3450 2640 3584 2688 Am-

1920 2746 2042 2786 non
2067 2730 2309 2785 fratrem
2334 2745 2512 2784 suum
2543 2727 3056 2799 interfecit,usque
3077 2724 3155 2781 ad
3177 2723 3325 2779 illud
3348 2729 3585 2795 tempus

1917 2835 2042 2892 quo
2064 2818 2215 2891 patri
2233 2818 2413 2873 dixit:
2444 2841 2471 2868 ‹‹
2487 2817 2745 2887 Vadam,
2765 2821 2818 2872 et
2844 2815 3098 2871 reddam
3122 2818 3264 2870 vota
3293 2828 3430 2868 mea
3450 2828 3586 2885 quae

1918 2906 2059 2960 vovi
2080 2907 2340 2962 Domino
2368 2905 2431 2961 in
2481 2907 2740 2967 Hebron.
2774 2928 2802 2956 ››
2830 2905 3148 2978 perspicue
3199 2920 3261 2959 se
3292 2918 3511 2964 errare,
3538 2902 3586 2956 si

1920 2994 2237 3063 diligenter
2260 2999 2669 3066 perscrutatus
2692 2994 2886 3065 fuerit,
2910 2993 3168 3049 inveniet
3190 3010 3203 3047 :
3224 3007 3363 3047 cum
3381 2992 3585 3063 utique

145 3079 239 3178 tivi
270 3086 330 3178 et
348 3080 527 3152 ejecti
549 3086 738 3147 erant,
771 3084 829 3136 et
864 3079 1031 3153 quod
1081 3078 1685 3178 nonnreducerentur
1728 3078 1809 3134 ad
1839 3123 1880 3178 Ο
1921 3087 2160 3139 Amnon
2184 3084 2512 3149 interfecto,
2547 3082 2834 3139 Absalom
2863 3083 3172 3149 ingressus
3194 3080 3360 3153 apud
3376 3079 3586 3135 Tholo-

140 3167 545 3227 haereditatem
560 3170 686 3242 Dei,
708 3186 782 3226 ne
812 3170 960 3227 forte
984 3169 1173 3225 coacti
1195 3168 1310 3225 diis
1332 3167 1540 3224 alienis
1564 3168 1628 3224 in
1652 3173 1810 3225 terra

144 3257 330 3316 aliena
362 3259 680 3317 servirent.
1396 3278 1401 3283 '

208 3372 232 3401 ι
268 3352 379 3405 Nec
411 3348 543 3405 vult
568 3349 760 3421 perire
784 3350 938 3405 Deus
967 3348 1258 3409 animam.
1280 3349 1385 3404 sed
1410 3350 1693 3403 retractat
1714 3361 1809 3401 co-

143 3461 168 3487 ‹‹
196 3441 388 3507 gitans
408 3455 489 3496 ne
518 3444 725 3513 pereat
751 3440 990 3512 penitus
1020 3438 1125 3512 qui
1157 3439 1429 3510 abjectus
1451 3442 1560 3494 est.
1596 3458 1623 3485 »
1653 3443 1735 3492 Ac
1763 3453 1791 3489 s

141 3527 355 3585 diceret
378 3548 390 3585 :
417 3531 583 3585 Deus
620 3534 971 3601 peccatores
992 3530 1096 3601 qui
1129 3545 1165 3583 a
1188 3527 1434 3583 diabolo
1465 3525 1686 3600 captivi
1715 3525 1790 3581 de

157 3618 436 3682 tinentur,
470 3623 538 3673 ut
567 3618 645 3674 ad
678 3634 738 3674 se
766 3622 1209 3687 convertantur,
1242 3622 1450 3672 vocat:
1483 3621 1541 3671 ct
1592 3618 1656 3671 tu
1708 3614 1813 3687 qui

142 3722 272 3763 eum
296 3707 522 3764 imitari
546 3707 755 3775 debes,
780 3724 885 3764 cur
909 3724 1033 3763 non
1055 3724 1126 3764 eo
1154 3707 1339 3763 modo
1362 3706 1529 3777 agis?

206 3822 231 3847 κ
254 3801 317 3854 Et
343 3798 601 3871 quando
630 3798 921 3855 tondebat
947 3797 1234 3871 capillum
1274 3796 1483 3867 (semel
1515 3799 1720 3852 autem
1749 3794 1811 3849 in

143 3909 167 3935 «
193 3903 349 3944 anno
381 3887 797 3959 tondebatur).
832 3910 860 3938 ιι
889 3892 951 3943 ln
985 3888 1228 3944 Hebraeo
1259 3888 1438 3957 igitur
1465 3887 1549 3943 ita
1575 3885 1808 3956 legitur:

138 3997 164 4023 «
197 3979 257 4032 Et
284 3977 540 4051 quando
580 3976 954 4033 tondebatur
992 3981 1177 4050 caput
1230 3977 1381 4047 ejus,
1415 3980 1634 4031 statuto
1666 3978 1814 4030 tem-

138 4079 273 4138 pore
297 4066 710 4135 tondebatur,
745 4090 771 4115 »
800 4072 857 4123 et
886 4066 1134 4139 reliqua.
1176 4068 1303 4121 Non
1340 4065 1502 4121 enim
1534 4062 1721 4119 semel
1750 4062 1809 4118 in

143 4169 321 4222 anno,
356 4164 422 4213 ut
453 4157 651 4213 Latini
707 4156 944 4213 codices
998 4156 1244 4221 habent,
1280 4154 1665 4223 tondebatur,
1706 4153 1811 4209 sed

142 4249 356 4302 statuto
385 4252 689 4320 tempore,
722 4246 782 4302 id
816 4252 902 4301 est
922 4246 985 4301 in
1015 4246 1259 4315 triginta
1288 4244 1522 4300 diebus.
1557 4243 1670 4300 Sed
1701 4259 1812 4299 nos

139 4332 287 4390 hanc
321 4336 679 4409 opinionem
712 4336 1054 4409 aliquorum
1087 4333 1814 4406 omittentes.simpliciter

137 4422 277 4479 sicut
303 4425 468 4498 apud
506 4440 617 4480 nos
665 4424 902 4493 legitur.
929 4424 1203 4480 videlicet
1242 4422 1495 4495 quando
1525 4421 1816 4479 tondebat

138 4520 307 4585 caput
327 4514 536 4585 (semel
568 4518 771 4571 autem
801 4515 861 4570 in
892 4530 1056 4569 anno
1089 4512 1469 4583 tond:batur)
1497 4511 1693 4583 legere
1714 4512 1811 4568 de-

142 4602 462 4659 crevimus:
497 4603 649 4677 quia
701 4603 859 4660 hanc
898 4602 1354 4659 translationem
1386 4617 1460 4656 ex
1516 4601 1809 4659 Hebraico

144 4689 291 4747 fonte
316 4693 599 4750 haustam
632 4692 959 4749 credimus.
989 4692 1175 4747 Porro
1199 4695 1402 4746 autem
1425 4690 1591 4763 quod
1613 4690 1730 4747 ait:

208 4802 233 4828 «
259 4779 404 4838 Nam
432 4782 593 4837 sicut
639 4781 924 4838 Absalom
964 4781 1054 4836 vir
1081 4796 1202 4836 non
1264 4784 1391 4836 erat
1446 4779 1700 4852 pulcher
1743 4780 1803 4838 in

147 4891 169 4915 α
203 4871 360 4925 omni
415 4870 595 4926 Israel
643 4875 701 4925 et
729 4869 985 4926 decorus
1016 4868 1217 4924 nimis.
1253 4872 1300 4923 A
1337 4868 1584 4939 vestigio
1631 4869 1802 4941 pedis

148 4979 171 5003 «
204 4974 392 5032 usque
432 4960 510 5017 ad
542 4962 846 5025 verticem,
880 4975 1003 5014 non
1034 4962 1162 5014 erat
1190 4958 1250 5014 in
1280 4974 1352 5014 eo
1383 4958 1508 5013 ulla
1538 4959 1797 5016 macula.

148 5068 173 5093 α
204 5048 306 5113 Qui
329 5051 509 5105 etiam
538 5055 747 5122 postea
783 5048 924 5104 facit
954 5047 1069 5103 sibi
1096 5064 1306 5103 currus
1337 5053 1394 5102 et
1418 5047 1672 5119 equites,
1695 5048 1799 5121 qui

153 5141 250 5189 «et
267 5137 565 5207 judicium
585 5137 771 5210 patris
798 5142 964 5194 stans
990 5137 1050 5192 in
1068 5141 1243 5209 porta
1264 5136 1798 5208 reprehendebat.»

152 5224 332 5281 Potest
360 5227 691 5298 figuraliter
718 5226 963 5297 intelligi
981 5226 1268 5282 Absalom
1292 5225 1418 5297 ipse
1435 5224 1590 5280 ﬁlius
1613 5226 1799 5282 David

152 5310 265 5383 (qui
311 5315 731 5389 interpretatur
775 5318 969 5386 patris
994 5330 1145 5386 pax.
1184 5313 1258 5369 de
1289 5330 1413 5386 qua
1461 5314 1802 5386 interpreta-

154 5400 299 5459 tione
329 5404 544 5461 dicturi
576 5421 787 5461 sumus
838 5405 894 5461 in
928 5404 1343 5477 sequentibus)
1382 5403 1640 5472 figuram
1674 5419 1805 5474 ges-

156 5491 288 5547 tavit
312 5494 519 5567 p0puli
565 5494 940 5550 Judaeorum:
1000 5494 1103 5567 qui
1144 5492 1296 5548 bene
1361 5492 1618 5548 decorus
1670 5509 1803 5549 esse

159 5576 396 5650 dicitur,
453 5583 622 5656 quod
680 5583 758 5639 ad
823 5583 1106 5639 eumdem
1174 5581 1473 5654 pOpulum
1539 5581 1804 5652 ﬁgurali-

161 5669 238 5721 ter
286 5671 571 5741 refertur,
637 5677 883 5746 propter
935 5687 1194 5741 regnum
1261 5675 1317 5725 et
1378 5670 1803 5736 sacerdotium,

165 5759 322 5830 atque
351 5766 566 5819 αδδιδι-δ
593 5762 759 5820 dona
787 5778 925 5836 quae
974 5761 1118 5822 olim
1174 5775 1210 5818 a
1266 5760 1383 5814 Deo
1426 5759 1645 5819 collata
1675 5760 1803 5818 fue-

1921 3172 2043 3228 mai
2073 3187 2277 3243 regem
2308 3171 2496 3228 tribus
2530 3172 2726 3241 annis,
2746 3176 2804 3227 et
2831 3172 2889 3226 in
2921 3168 3286 3225 Hierusalem
3320 3168 3460 3223 inde
3500 3181 3588 3222 re-

1922 3266 2194 3328 vocatos,
2216 3277 2337 3317 non
2356 3261 2481 3316 viso
2508 3266 2679 3333 patre
2708 3260 2950 3316 duobus
2977 3263 3247 3315 moratus
3270 3256 3444 3313 annis
3469 3256 3589 3311 fue-

1922 3350 2017 3407 rit.
2043 3355 2099 3406 et
2128 3356 2295 3405 sexto
2326 3366 2489 3406 anno
2520 3350 2735 3405 faciem
2780 3348 2967 3421 patris
3010 3346 3241 3413 viderit,
3292 3352 3349 3402 et
3379 3350 3586 3401 contra

1925 3454 2064 3493 eum
2090 3438 2563 3511 perduellionem
2583 3438 2966 3511 praeparavit.
2986 3437 3207 3492 Votum
3238 3451 3505 3507 namque
3524 3450 3585 3488 se

1925 3528 2162 3583 vovisse
2186 3528 2533 3583 mentiendo
2559 3527 2800 3594 dixit,id
2821 3532 2928 3596 est,
2959 3526 3290 3583 orationem
3322 3525 3587 3579 facturus

1922 3616 2138 3673 inloco
2168 3632 2291 3690 quo
2321 3618 2704 3689 requiescunt
2731 3616 3061 3683 Abraham,
3092 3619 3254 3671 Isaac
3287 3618 3339 3670 et
3378 3613 3582 3670 Jacob.

2000 3730 2026 3756 ι(
2069 3708 2235 3762 Venit
2262 3711 2465 3763 autem
2496 3711 2552 3762 et
2581 3706 2799 3773 Zadoc,
2825 3710 2882 3762 et
2913 3703 3173 3761 universi
3202 3704 3414 3759 Levites
3446 3719 3585 3758 cum

1924 3818 1951 3845 «ι
1980 3811 2070 3862 eo,
2102 3800 2412 3868 portantes
2440 3811 2644 3851 arcam
2673 3795 2913 3851 foederis
2940 3792 3261 3861 Domini,et
3290 3791 3586 3863 deposue-

1925 3907 1953 3935 ‹‹
1979 3890 2120 3941 runt
2143 3901 2348 3941 arcam
2377 3885 2497 3941 Dei.
2537 3887 2600 3941 Et
2648 3883 2921 3939 ascendit
2944 3881 3231 3938 Abiathar
3260 3881 3453 3937 donec
3486 3898 3585 3936 ex-

1926 4000 1952 4026 ‹‹
1986 3975 2182 4048 pletus
2215 3980 2371 4031 esset
2398 3974 2599 4029 omnis
2631 3973 2894 4047 populus
2924 3973 3028 4045 qui
3083 3987 3364 4042 egressus
3395 3971 3589 4027 fuerat

1922 4089 1949 4117 ‹‹
1980 4064 2055 4120 de
2084 4065 2347 4120 civitate.
2383 4085 2411 4114 »
2443 4065 2583 4120 Ideo
2605 4079 2810 4120 arcam
2860 4062 2961 4117 Dei
2990 4060 3342 4134 deposuisse
3373 4060 3588 4117 dicun-

1923 4160 2038 4222 tur,
2062 4158 2127 4209 nt
2152 4154 2441 4209 Dominus
2466 4153 2545 4209 ab
2577 4153 2865 4209 Abiathar
2890 4150 3198 4208 sacerdote
3249 4151 3588 4206 consulere-

1924 4247 2038 4310 tur,
2068 4258 2192 4315 quo
2222 4259 2433 4298 versus
2457 4242 2645 4298 David
2675 4242 2760 4299 ire
2789 4242 3052 4298 deberet.
3105 4239 3455 4297 Ascendisse
3482 4256 3586 4297 au-

1924 4338 2043 4390 tem
2066 4332 2353 4388 Abiathar
2380 4331 2617 4395 dicitur,
2651 4331 2711 4387 id
2743 4338 2834 4387 est
2858 4347 3083 4399 orasse,
3118 4336 3175 4387 ct
3202 4331 3348 4403 quia
3378 4346 3587 4386 oracu-

1924 4424 2050 4480 lum
2074 4422 2344 4478 divinum
2364 4437 2489 4485 non
2519 4420 2572 4477 ei
2598 4437 2958 4495 responsum
2983 4426 3093 4488 est,
3118 4420 3339 4475 idcirco
3360 4421 3419 4475 in
3446 4420 3585 4475 sub-

1926 4512 2320 4585 sequentibus
2336 4511 2484 4567 dixit
2516 4510 2724 4574 David,
2755 4515 2819 4567 ut
2844 4514 3249 4583 reportaretur
3289 4524 3427 4566 arca
3485 4508 3585 4565 Dei

1921 4602 1984 4659 in
2026 4601 2257 4658 urbem.

2563 4693 2792 4749 CAPUT
2820 4694 2951 4748 XVI.

1990 4804 2017 4830 «
2044 4786 2110 4839 Et
2132 4780 2505 4838 venitDavid
2540 4796 2729 4853 usque
2764 4779 3062 4836 Bahurim.
3110 4782 3175 4833 Et
3218 4792 3356 4832 ecce
3416 4790 3581 4845 egre-

1916 4895 1944 4922 «
1968 4872 2247 4928 diebatur
2272 4870 2412 4926 inde
2432 4870 2524 4924 vir
2549 4869 2623 4925 de
2657 4868 3017 4939 cognatione
3039 4865 3178 4922 Sanl
3205 4864 3449 4921 nomine
3484 4867 3582 4921 Se-

1915 4982 1946 5016 ‹
1978 4963 2117 5030 mei,
2150 4961 2308 5017 ﬁlius
2368 4963 2539 5029 Gera,
2573 4964 2632 5015 et
2686 4956 3086 5014 maledicebat
3132 4955 3342 5011 David.
3378 4954 3580 5011 Abisai

1915 5072 1945 5105 ‹
1977 5056 2179 5106 autem
2210 5050 2394 5105 dixit:
2421 5048 2658 5104 Vadam
2689 5052 2747 5102 et
2786 5045 3120 5118 amputabo
3152 5050 3335 5118 caput
3364 5045 3514 5115 ejus,
3548 5066 3576 5093 ››

1915 5146 1971 5196 et
2018 5139 2268 5211 reliqua,
2332 5153 2652 5211 usquequo
2694 5137 2822 5193 ait:
2877 5134 3031 5201 Quid
3081 5135 3227 5190 mihi
3279 5138 3335 5189 et
3381 5134 3575 5200 vobis,

1913 5229 2020 5285 ﬁlii
2046 5229 2265 5287 Sarvias
2289 5230 2317 5286 ?
2340 5250 2368 5276 ‹‹
2402 5226 2677 5284 dimittite
2716 5231 2781 5282 ut
2832 5226 3173 5282 maledicat.
3210 5247 3238 5275 ››
3290 5223 3578 5278 Hebraeus

1914 5333 2040 5375 non
2087 5317 2293 5387 habet,
2357 5338 2385 5365 «
2438 5316 2712 5373 dimittite
2754 5321 2819 5372 ut
2860 5314 3202 5373 maledicat.
3237 5336 3265 5363 »
3299 5311 3405 5367 sed
3456 5317 3579 5366 tan-

1914 5412 2048 5464 tum
2080 5430 2109 5457 α
2142 5406 2484 5463 maledicat.
2512 5428 2541 5455 ››
2590 5405 2796 5462 Abisai
2844 5403 3011 5460 solus
3061 5402 3336 5457 dixerat:
3384 5422 3411 5449 ‹‹
3466 5402 3581 5456 Va-

1915 5495 2063 5552 dam
2093 5500 2150 5551 et
2176 5494 2512 5567 amputabo
2542 5499 2726 5568 caput
2753 5494 2919 5565 ejus;
2942 5515 2970 5541 ››
3013 5496 3069 5547 et
3100 5489 3285 5546 David
3339 5489 3416 5545 ad
3447 5488 3580 5545 Abi-

1918 5585 2008 5641 sai
2033 5590 2090 5641 et
2114 5583 2269 5641 Joab
2297 5582 2633 5655 respondit,
2656 5583 2898 5639 dicens:
2926 5604 2953 5631 ‹‹
2987 5579 3138 5644 Quid
3192 5579 3335 5634 mihi
3386 5585 3442 5634 et
3479 5593 3582 5634 vo-

1916 5672 2034 5743 bis,
2057 5672 2161 5728 ﬁlii
2190 5672 2454 5730 Sarviae?
2482 5695 2509 5721 ››
2541 5676 2622 5727 Ac
2677 5672 2721 5727 si
2763 5671 3022 5727 diceret:
3070 5668 3351 5741 Nunquid
3403 5666 3578 5722 vultis

1918 5761 2252 5820 interficere
2282 5762 2485 5831 istum,
2515 5761 2670 5821 sicut
2705 5759 3079 5820 interfecistis
3110 5757 3352 5816 Abner‘?
3378 5755 3578 5812 Domi—
