3940 6404
350 250 453 307 371

1460 250 1834 307 ANGELOMI
1872 249 2327 311 LUXOVIENSIS
2365 255 2674 312 MONACHI

3600 236 3601 239 ‘
3682 249 3795 302 372

353 388 473 430 nus
501 372 663 429 enim
691 374 975 447 praecepit
1012 373 1065 430 ei
1122 377 1187 430 ut
1243 374 1625 432 malediceret
1682 373 1889 430 David.
1947 377 2015 430 Et
2044 376 2093 428 A
2130 376 2355 447 (Isa.1).
2394 398 2421 426 ››
2480 376 2655 432 Filius
2682 392 2824 441 ergo
2875 374 3005 444 ejus
3052 372 3273 444 impius
3322 372 3547 442 tropice
3592 368 3797 440 accipi

356 460 494 537 quis
515 466 607 518 est
633 463 738 537 qui
766 463 946 534 dicat,
978 478 1166 535 quare
1198 462 1281 521 sic
1308 463 1554 521 fecerit?
1605 463 2010 521 Subauditur:

360 552 555 619 Quare
576 552 659 609 sic
688 550 909 619 fecerit,
941 567 1065 608 non
1094 552 1403 621 Dominus,
1441 553 1548 610 sed
1580 552 1793 610 Semei.
1824 552 2016 608 Semei

358 640 466 717 qui
490 640 797 699 maledixit
838 640 1049 706 David,
1081 640 1209 714 ipse
1252 647 1362 712 est,
1402 647 1467 699 ut
1519 642 1752 699 Hebraei
1784 642 2013 709 dicunt,

359 730 613 797 Nabath,
642 735 813 803 pater
847 730 1189 801 Jeroboam,
1219 733 1323 806 qui
1354 733 1510 789 ﬁlius
1533 733 1749 790 Jemini
1779 733 2016 802 dicitur,

361 824 419 879 et
447 820 506 876 in
536 819 658 877 zelo
689 820 908 876 domus
951 821 1092 877 Saul
1122 822 1521 879 maledicebat
1545 823 1755 879 David.
1791 827 2019 879 Nomen

358 924 499 965 Vero
529 908 623 966 avi
653 909 783 980 ejus
811 909 1005 966 Semei
1057 910 1186 981 fuit,
1243 916 1300 968 et
1341 911 1469 985 ipse
1516 912 1708 968 Semei
1739 928 1811 967 ex
1863 912 2020 967 tribu

360 996 643 1071 Ephraim
671 998 778 1055 ﬁlii
820 1000 1044 1073 Joseph
1074 1000 1314 1058 exstitit.
1352 1001 1515 1059 Unde
1545 1006 1601 1057 et
1637 1001 1799 1058 idem
1830 1001 2021 1058 Semei

357 1086 438 1145 ad
471 1088 655 1146 David
683 1088 872 1146 dixit:
909 1112 937 1141 ‹‹
983 1089 1217 1147 Primus
1246 1107 1493 1164 quoque
1534 1091 1667 1147 veni
1718 1091 1897 1149 hodie
1946 1091 2021 1148 de

358 1176 525 1233 omni
555 1176 715 1233 tribu
742 1178 985 1252 Ioseph.
1020 1200 1049 1227 »

432 1289 461 1315 «
494 1268 643 1323 Cum
670 1270 873 1324 autem
903 1267 1166 1326 venisset
1205 1268 1424 1325 Chusai
1453 1269 1761 1326 Arachites
1790 1268 2022 1325 amicus

366 1378 396 1407 «
425 1355 616 1414 David
646 1355 727 1412 ad
767 1355 1079 1427 Absalom,
1128 1356 1365 1414 locutus
1406 1362 1494 1414 est
1521 1358 1601 1415 ad
1646 1374 1821 1415 eum:
1851 1358 2022 1415 Salve

362 1466 391 1497 ι(
424 1461 549 1514 rex,
584 1444 748 1502 salve
776 1460 902 1502 rex.
930 1445 1023 1502 Ad
1049 1462 1233 1519 quem
1262 1447 1547 1505 Absalom
1572 1466 1585 1504 :
1618 1448 1755 1504 Haec
1783 1452 1889 1517 est,
1931 1446 2021 1503 in-

362 1552 395 1590 ‹
425 1532 574 1607 quit,
602 1534 797 1604 gratia
822 1533 902 1592 ad
932 1534 1198 1593 amicum
1220 1537 1433 1594 tuum?
1468 1559 1494 1586 ››
1525 1537 1591 1592 In
1614 1536 1858 1592 Hebraeo
1884 1535 2024 1607 legi-

362 1626 499 1681 tur:
532 1643 561 1673 «
592 1626 727 1681 Haec
757 1627 865 1692 est,
919 1622 1135 1699 inquit,
1164 1625 1579 1682 misericordia
1630 1625 1709 1682 ad
1757 1626 2023 1682 amicum

364 1734 393 1767 α
426 1717 620 1786 tuum,
655 1736 685 1766 »
716 1712 883 1786 quod
904 1730 1029 1772 non
1053 1714 1437 1780 afﬁrmando,
1456 1716 1561 1772 sed
1590 1716 1871 1784 negando
1888 1731 2021 1788 pro-

363 1802 770 1863 nuntiandum
800 1807 920 1874 est;
948 1808 1005 1863 et
1051 1810 1141 1862 est
1189 1822 1440 1862 sensus:
1499 1805 1897 1864 Misericordia
1935 1810 2026 1861 est

370 1896 476 1953 aut
494 1892 611 1953 dici
642 1893 840 1964 debet,
864 1895 1033 1969 quod
1056 1895 1246 1954 David
1270 1896 1538 1954 amicum
1567 1900 1739 1955 tuum
1759 1895 2024 1953 dimisis-

368 1980 429 2050 ti,
454 1988 511 2042 et
533 1997 673 2040 cum
694 1996 766 2040 eo
790 1998 916 2040 non
943 1981 1061 2040 isti.

972 2074 1198 2130 CAPUT
1258 2074 1417 2130 XVII.

439 2180 469 2210 ‹‹
497 2158 654 2218 Dixit
706 2158 889 2231 igitur
915 2160 1272 2236 Achitophel
1300 2161 1381 2218 ad
1408 2160 1737 2218 Absalom:
1800 2160 2027 2232 Eligam

372 2270 401 2303 ‹‹
432 2248 582 2306 mihi
610 2247 935 2307 duodecim
962 2249 1153 2307 millia
1210 2250 1499 2316 virorum,
1543 2254 1599 2307 et
1656 2265 2029 2319 consurgens

366 2359 397 2392 κ
422 2354 752 2414 persequar
781 2338 973 2398 David
1032 2340 1149 2397 hac
1205 2343 1414 2397 nocte:
1466 2344 1524 2396 et
1576 2340 1803 2396 irruam
1848 2355 2030 2412 super

366 2451 398 2483 κ
424 2444 587 2501 eum,
616 2428 846 2505 quippe
873 2429 983 2504 qui
1031 2429 1229 2487 lassus
1276 2434 1363 2487 est
1402 2434 1459 2487 et
1512 2429 1789 2486 resolutis
1836 2431 2025 2487 mani-

370 2540 400 2572 u
426 2518 565 2590 bus,
587 2520 925 2594 percutiam
954 2535 1114 2577 eum.
1148 2520 1419 2593 Cumque
1443 2519 1660 2591 fugerit
1688 2521 1888 2576 omnis
1920 2536 2029 2593 po-

367 2631 398 2663 u
426 2608 608 2683 putus
638 2608 747 2682 qui
773 2624 914 2667 cum
943 2623 1015 2665 eo
1044 2613 1152 2677 est,
1198 2609 1533 2682 percutiam
1560 2624 1765 2679 regem
1792 2609 2027 2665 desola-

370 2719 399 2751 α
432 2701 584 2767 tum,
614 2701 672 2755 et
696 2697 987 2756 reducam
1015 2698 1367 2755 universum
1398 2698 1694 2772 populum
1714 2699 2029 2772 quomodo

370 2809 400 2840 α
430 2801 643 2845 omnes
670 2786 887 2845 reverti
915 2786 1126 2844 solent.
1160 2806 1191 2840 ›
1226 2787 1478 2859 Scilicet,
1508 2788 1661 2845 sicut
1689 2788 1904 2845 reverti
1932 2805 2028 2844 so-

366 2875 493 2938 lent
517 2874 582 2933 hi
609 2876 715 2948 qui
742 2876 970 2933 amisso
1000 2876 1062 2935 in
1107 2876 1313 2949 praelio
1342 2894 1481 2950 rege
1511 2882 1909 2948 revertuntur,
1944 2878 2029 2933 sic

370 2964 689 3025 universus
709 2964 972 3039 populus
998 2965 1176 3023 Israel
1201 2972 1528 3023 revertetur
1557 2966 1633 3022 ad
1668 2971 1741 3024 te.

441 3057 572 3145 {Et
590 3070 730 3145 cum
759 3054 1036 3112 ceciderit
1054 3071 1217 3145 unus
1245 3055 1495 3128 quilibet
1513 3056 1575 3111 in
1606 3055 2031 3145 principio,au-
2059 3092 2100 3145 Ο

369 3167 399 3196 α
435 3143 559 3202 dist
580 3143 929 3217 quicunque
949 3144 1224 3214 audierit,
1249 3148 1306 3203 et
1333 3145 1522 3203 dicet:
1543 3147 1722 3201 Facta
1747 3150 1834 3202 est
1850 3144 2031 3217 plaga

368 3254 403 3292 ‹
426 3234 490 3293 in
517 3234 746 3308 populo
776 3234 883 3308 qui
911 3234 1280 3307 sequebatur
1311 3235 1619 3292 Absalom.
1668 3239 1733 3292 Et
1786 3234 2033 3291 fortissi-

371 3348 401 3377 α
435 3342 573 3383 mus
595 3324 874 3397 quisque,
904 3325 1077 3397 cujus
1109 3342 1212 3383 cor
1239 3330 1330 3382 est
1354 3326 1532 3398 quasi
1561 3325 1779 3393 leonis,
1810 3341 2034 3397 pavore

371 3436 403 3469 α
437 3413 719 3473 solvetur.
748 3434 779 3467 »
809 3415 876 3471 In
905 3414 1152 3472 Hebraeo
1197 3415 1280 3473 ita
1310 3415 1605 3472 habetur:
1662 3418 1729 3471 Et
1784 3414 2033 3471 fortissi-

371 3519 511 3563 mus
539 3502 672 3575 ipse
720 3502 894 3574 cujus
920 3519 1025 3561 cor
1055 3504 1185 3574 ejus
1213 3504 1389 3576 quasi
1417 3503 1632 3572 leonis,
1666 3520 1889 3577 pavore
1922 3502 2035 3560 sol-

371 3596 562 3650 vetur.
590 3614 619 3643 »
652 3591 825 3659 Quod
853 3607 977 3650 non
1003 3592 1386 3660 afﬁrmando,
1438 3593 1545 3649 sed
1585 3592 1869 3663 negando
1900 3607 2035 3665 pro-

371 3680 781 3741 nuntiandum
806 3686 913 3738 est.
942 3682 1324 3741 Fortissimus
1355 3682 1463 3739 iste
1487 3682 1673 3739 David
1699 3681 2034 3751 intelligen-

375 3770 493 3831 dus
513 3775 621 3840 est,
644 3770 814 3844 quod
845 3774 903 3829 et
932 3771 1244 3845 sequentia
1269 3769 1600 3829 declarant.

447 3883 477 3912 «
510 3860 628 3920 Scit
655 3860 819 3919 enim
843 3860 1043 3919 omnis
1074 3860 1258 3919 Israel
1282 3860 1492 3919 fortem
1520 3876 1651 3919 esse
1685 3862 1917 3932 patrem
1950 3864 2038 3916 tu-

376 3976 408 4007 a
439 3968 567 4018 um,
590 3956 649 4010 et
666 3952 949 4010 robustos
976 3968 1191 4010 omnes
1219 3951 1324 4025 qui
1370 3968 1510 4009 cum
1536 3967 1608 4009 eo
1661 3954 1818 4008 sunt.
1853 3973 1881 4000 ››
1924 3951 2039 4008 Sed

374 4042 524 4116 quid
539 4042 647 4101 iste
658 4042 967 4116 Aehitopel
982 4043 1301 4114 signiﬁcet,
1319 4042 1593 4100 dicemus
1622 4041 1683 4099 in
1706 4046 2036 4113 posterum.

448 4153 479 4182 α
501 4131 791 4191 Jonathas
812 4135 1013 4190 autem
1037 4136 1093 4190 et
1109 4132 1437 4189 Achimaas
1465 4130 1707 4188 stabant
1720 4130 1740 4200 j
1754 4134 1896 4187 uxta
1912 4129 2041 4186 fon-

377 4243 408 4275 ι(
440 4224 561 4279 tem
591 4220 793 4291 Rogel.
828 4221 987 4279 Abiit
1015 4221 1237 4279 ancilla
1280 4225 1338 4279 et
1365 4219 1664 4278 nuntiavit
1705 4219 1811 4287 eis,
1860 4224 1917 4275 et
1955 4219 2039 4275 illi

379 4331 410 4362 κ
439 4309 687 4383 profecti
714 4314 870 4368 sunt.
900 4331 930 4363 »
959 4312 1095 4368 Haec
1128 4309 1345 4367 ancilla
1364 4309 1542 4383 quasi
1570 4308 1816 4366 lavandi
1846 4312 2039 4377 gratia

378 4415 518 4457 cum
538 4400 756 4473 pannis
776 4400 856 4460 ad
885 4400 1113 4459 fontem
1147 4399 1328 4469 Rogel
1356 4399 1523 4465 ierat,
1556 4404 1622 4455 ut
1665 4398 1904 4469 penitus
1940 4414 2034 4452 res

2127 472 2321 538 potest
2350 468 2613 540 populus
2643 466 2952 530 Judaicus,
2995 463 3102 535 qui
3129 479 3269 518 eum
3304 461 3565 517 tradidit.
3602 459 3799 515 Absa-

2126 556 2252 612 lom
2284 562 2509 623 autem,
2545 558 2695 612 sicut
2726 560 2861 611 ante
2889 555 3016 625 jam
3044 553 3271 607 dictum
3301 556 3408 613 est,
3440 549 3797 618 intelligitur

2120 649 2319 717 patris
2338 664 2488 717 pax.
2526 647 2697 713 Quod
2730 646 2949 701 mirum
2971 642 3201 699 videtur
3226 642 3288 697 in
3308 640 3583 706 historia,
3601 639 3795 712 patris

2126 754 2247 809 pax
2277 736 2801 810 quemadmodum
2851 734 3042 806 possit
3094 732 3362 800 intelligi,
3392 731 3501 803 qui
3550 735 3793 802 patrem

2124 826 2285 883 bello
2316 832 2404 882 est
2434 832 2799 899 persecutus.
2832 824 2945 880 Sed
2960 822 3065 894 qui
3094 822 3406 891 diligenter
3435 819 3789 890 allegoriam

2129 915 2466 985 intendunt,
2498 915 2823 987 inspiciunt
2868 912 3157 967 Alisalom
3196 927 3324 965 esse
3376 908 3787 965 Hierusalem:

2127 1021 2263 1076 quae
2288 1005 2466 1060 etiam
2493 1008 2549 1059 et
2583 1006 2714 1072 ipsa
2740 1018 2871 1070 pax
2892 1001 3332 1071 interpretatur.
3364 1002 3410 1053 A
3440 998 3616 1067 cujus
3638 996 3791 1052 facie
3860 1028 3883 1037 ο

2126 1094 2188 1151 in
2223 1094 2528 1150 Galilaeam
2560 1093 2732 1159 fugit,
2764 1091 3031 1148 Christus
3058 1089 3347 1153 videlicet,
3375 1089 3479 1159 qui
3516 1104 3654 1143 eam
3684 1102 3794 1158 pa-

2132 1183 2331 1237 tiendo
2360 1182 2661 1248 deserens,
2696 1182 2756 1236 in
2809 1180 3087 1249 gentibus
3144 1194 3251 1249 per
3294 1178 3480 1233 ﬁdem
3523 1176 3789 1232 secessit.

2130 1272 2239 1328 Alii
2267 1273 2574 1341 Absalom,
2603 1272 2829 1326 Judam
2870 1270 3216 1325 traditorem
3249 1268 3571 1339 accipiunt,
3603 1282 3795 1338 quem

2130 1377 2253 1416 non
2284 1361 2515 1417 bonum
2544 1366 2711 1416 tanta
2736 1360 2917 1415 etiam
2966 1358 3247 1413 miranda
3275 1356 3559 1429 patientia
3596 1355 3780 1409 Chris-

2132 1455 2225 1506 tus
2252 1451 2490 1522 pertulit
2522 1457 2813 1521 tanquam
2842 1449 3095 1511 bonum,
3128 1464 3267 1502 cum
3313 1447 3443 1516 ejus
3480 1444 3794 1515 cogitatio-

2131 1555 2239 1595 nes
2268 1555 2391 1595 non
2416 1540 2890 1609 ignoraret.Cum
2919 1536 3193 1592 adhibuit
3209 1535 3571 1598 convivium,
3589 1534 3651 1589 in
3666 1549 3797 1605 quo

2131 1631 2399 1701 corporis
2430 1635 2487 1684 et
2517 1629 2826 1695 sanguinis
2855 1628 2943 1682 sui
2976 1628 3255 1695 figuram,
3285 1625 3594 1696 discipulis
3625 1640 3797 1678 com-

2055 1736 2095 1791 Β
2135 1720 2443 1776 mendavit
2470 1725 2526 1775 et
2559 1718 2797 1774 tradidit
2823 1736 2834 1773 :
2868 1717 3033 1790 quod
3066 1716 3328 1787 denique
3358 1715 3419 1770 in
3449 1715 3585 1786 ipsa
3616 1713 3801 1769 ιι·δὼ-

2135 1808 2294 1864 tione
2326 1812 2383 1864 et
2411 1807 2686 1863 osculum
2718 1806 2970 1877 accepit.
3008 1808 3159 1861 Bene
3191 1803 3538 1871 intelligitur
3576 1818 3801 1873 pacem

2137 1898 2437 1954 Christum
2495 1896 2842 1952 exhibuisse
2878 1894 3149 1951 traditori
3198 1910 3329 1956 suo,
3376 1892 3657 1964 quamvis
3700 1891 3800 1947 ille

2138 1987 2439 2043 sceleratae
2468 1986 2845 2055 cogitationis
2876 1986 3110 2040 interno
3162 1983 3319 2038 bello
3346 1986 3696 2038 vastaretur.
3734 1984 3803 2037 Et

2139 2077 2274 2133 ideo
2304 2076 2593 2132 Absalom
2612 2077 2811 2144 patris
2832 2090 2962 2143 pax
2986 2074 3217 2137 dicitur,
3234 2072 3378 2144 quia
3399 2076 3567 2144 pater
3586 2070 3803 2127 habuit

2138 2182 2352 2239 pacem
2382 2181 2573 2236 quam
2600 2164 2695 2219 ille
2727 2180 2848 2219 non
2880 2163 3113 2219 habuit.
3144 2165 3303 2217 Hanc
3323 2162 3480 2215 enim
3507 2160 3802 2232 posterio-

2137 2272 2266 2311 rem
2298 2254 2655 2309 sententiam
2708 2270 2831 2308 non
2886 2251 3356 2307 commentando
3414 2249 3798 2321 protulimus,

2138 2345 2246 2399 sed
2277 2344 2352 2400 de
2384 2344 2553 2399 dictis
2576 2343 2731 2399 beati
2763 2341 3075 2407 Augustini
3104 2357 3177 2395 ex
3208 2339 3374 2395 titulo
3390 2338 3664 2394 videlicet
3685 2344 3800 2393 ter-

2138 2434 2201 2491 tii
2230 2433 2454 2506 psalmi
2477 2432 2538 2488 in
2564 2431 2785 2504 quibus
2810 2436 3103 2501 tanquam
3142 2428 3479 2483 clarissima
3507 2427 3655 2482 tuba
3680 2428 3803 2482 dis-

2138 2522 2410 2596 putando
2442 2537 2732 2576 resonans
2764 2518 3055 2587 edisserit,
3083 2517 3517 2589 decerpsimus.
3564 2516 3805 2571 Achito-

2138 2612 2279 2685 phel
2326 2610 2506 2681 igitur
2556 2609 2681 2682 qui,
2724 2610 3009 2664 recedens
3040 2624 3076 2663 a
3131 2606 3336 2670 David,
3391 2606 3471 2661 ad
3512 2605 3799 2660 Absalom

2137 2699 3017 2769 transmigraverat,haereticos
3048 2696 3345 2766 significat
3363 2695 3487 2767 qui,
3516 2696 3802 2751 receden-

2139 2797 2226 2848 tes
2254 2807 2291 2847 a
2320 2790 2559 2846 tramite
2608 2789 2890 2855 veritatis,
2920 2805 2981 2843 se
3010 2788 3243 2844 sociant
3270 2786 3425 2842 hosti
3447 2786 3716 2858 antiquo,
3746 2791 3803 2841 et

2140 2880 2594 2952 subsequuntur
2624 2895 2926 2933 errorem:
2975 2879 3397 2949 interpretatur
3444 2879 3647 2931 autem
3671 2876 3805 2945 fra-

2138 2976 2230 3027 ter
2273 2986 2438 3025 meus
2486 2970 2703 3025 cadens
2740 2988 2752 3023 :
2794 2967 3075 3022 Gilonites
3126 2982 3267 3021 vero
3320 2966 3798 3034 transmigratio.

2137 3063 2358 3116 Contra
2382 3076 2535 3133 quos
2575 3060 2868 3131 propheta
2895 3058 3235 3130 increpans,
3259 3055 3430 3111 dicit:
3459 3077 3486 3104 «
3520 3057 3583 3109 In
3609 3056 3804 3110 Domi-

2138 3166 2219 3207 no
2248 3150 2509 3209 conﬁdo.
2536 3148 2848 3221 quomodo
2903 3147 3094 3201 dicitis
3134 3146 3350 3201 animm
3384 3161 3554 3211 mere,
3613 3149 3805 3199 trans-

2139 3240 2335 3309 migra
2365 3240 2426 3294 in
2451 3244 2716 3293 montem
2750 3237 2901 3292 sicut
2932 3252 3137 3309 passer
3159 3238 3347 3302 (Psal.
3384 3236 3443 3305 Χ)
3474 3236 3500 3289 ‘I
3526 3259 3551 3283 ιι
3590 3238 3655 3290 Et
3675 3252 3802 3290 me-

2140 3330 2252 3386 rito
2286 3330 2434 3385 tales
2458 3329 2677 3401 laqueo
2706 3328 2929 3382 diaboli
2964 3334 3142 3398 atque
3172 3326 3409 3381 malitiae
3441 3342 3564 3379 suae
3616 3325 3802 3381 vitam

2141 3420 2453 3492 propriam
2484 3418 2720 3487 finiunt,
2754 3417 2861 3488 qui
2894 3416 3150 3471 alienam
3183 3415 3385 3487 pravis
3416 3414 3805 3469 suasionibus

2143 3523 2528 3580 corrumpere
2561 3511 2863 3575 satagunt.
2896 3505 3053 3561 Sicut
3085 3505 3211 3576 ipse
3251 3504 3311 3559 in
3340 3504 3587 3577 propria
3617 3504 3804 3559 domo

2145 3597 2471 3671 suspendio
2520 3596 2756 3664 interiit,
2791 3594 2895 3667 qui
2927 3594 3135 3649 alienae
3166 3593 3323 3657 vitae,
3354 3593 3467 3647 hoc
3501 3597 3589 3648 est
3616 3594 3804 3648 David

2143 3686 2459 3743 insidiatus
2514 3690 2622 3741 est.
2659 3686 2824 3741 Unde
2857 3685 3147 3756 scriptum
3178 3688 3303 3738 est:
3337 3704 3366 3733 «
3400 3682 3510 3747 Qui
3542 3682 3691 3738 fodit
3721 3685 3806 3739 fo-

2144 3792 2342 3844 veam,
2414 3774 2636 3829 incidet
2708 3776 2770 3829 in
2840 3774 3005 3829 illam
3078 3774 3278 3844 (Prov.
3348 3788 3551 3839 xxv1;
3632 3773 3804 3828 Eccl.

2143 3869 2229 3932 x).
2253 3886 2281 3915 »
2333 3863 2449 3919 Sed
2477 3863 2624 3936 quid
2655 3863 2824 3919 aliter
2868 3861 3181 3932 signiﬁcet,
3211 3862 3479 3917 dicemus
3512 3861 3575 3916 in
3605 3867 3806 3933 poste-

2144 3972 2281 4011 rum
2291 3997 2302 4010 .

2220 4066 2249 4095 α
2280 4043 2452 4099 Venit
2480 4047 2682 4099 autem
2713 4047 2768 4099 et
2801 4042 2992 4099 Sadoc
3041 4046 3092 4097 et
3148 4040 3407 4097 universi
3440 4040 3633 4096 levitas
3667 4056 3807 4096 cum

2146 4153 2179 4189 ‹
2210 4151 2301 4200 eo,
2335 4139 2643 4207 portantes
2677 4149 2879 4188 arcam
2910 4130 3149 4187 foederis
3179 4132 3370 4197 Dei,et
3397 4131 3811 4202 deposuerunt

2148 4246 2178 4275 ‹‹
2208 4239 2410 4279 arcam
2445 4223 2566 4278 Dei.
2602 4226 2665 4277 Et
2693 4222 2965 4277 ascendit
2990 4220 3504 4287 Abiathar,donec
3534 4221 3808 4292 expletus

2150 4333 2180 4366 ‹
2211 4319 2299 4369 est
2329 4314 2526 4369 omnis
2557 4312 2841 4385 populus.
2862 4311 2966 4383 qui
2998 4327 3279 4381 egressus
3302 4309 3493 4366 fuerat
3514 4310 3589 4365 de
3614 4310 3811 4366 civita-

2149 4424 2179 4452 «
2213 4407 2284 4459 te.
2324 4406 2388 4458 Et
2416 4402 2562 4457 dixit
2591 4418 2694 4457 rex
2719 4402 2795 4456 ad
2831 4400 3021 4456 Sadoc
3048 4417 3060 4455 :
3097 4404 3351 4472 Reporta
3379 4415 3585 4455 arcam
3617 4400 3717 4454 Dei
3749 4399 3809 4455 in

381 4451 753 4473 _—__r___.-
777 4451 856 4460 .._.
885 4451 1113 4459 --.ηπ-
1147 4451 1328 4469 mo"
1356 4451 1522 4465 φτ,
1667 4451 1692 4469 ιν
1882 4451 1899 4453 ἡ
1943 4451 1994 4452 η
2157 4451 2161 4452 ν
2217 4451 2284 4459 --.
2326 4451 2388 4458 _-
2591 4451 2694 4457 --η
2721 4451 2795 4456 η
2832 4451 3016 4456 πη--
3050 4451 3060 4455 -
3384 4451 3585 4455 ᾑ-η-
3635 4451 3638 4452 ν
3675 4451 3717 4454 -_

375 4503 503 4548 non
531 4488 1058 4562 deprehendetur:
1086 4504 1239 4561 puer
1265 4491 1470 4546 autem
1499 4486 1606 4558 qui
1652 4502 1782 4542 rem
1814 4485 2035 4542 indicat
2064 4451 2109 4510 Β
2148 4514 2176 4544 ι(
2212 4492 2447 4548 urbem.
2492 4491 2549 4545 Si
2578 4491 2863 4545 invenero
2911 4451 3255 4557 gratiamrin
3308 4488 3497 4543 oculis
3551 4488 3807 4549 Domini.

376 4576 683 4647 Absalom,
714 4579 873 4635 ﬁlius
899 4577 1176 4649 ejusdem
1220 4575 1451 4632 ancillae
1500 4573 1791 4646 parvulus
1819 4574 2036 4632 dicitur

376 4666 580 4725 fuisse.
610 4668 781 4725 Prius
793 4668 955 4724 enim
973 4665 1268 4739 paulatim
1287 4663 1599 4725 historiam
1626 4664 2036 4720 continuando

375 4756 475 4820 hic
528 4762 773 4829 tangere
823 4754 1229 4824 decrevimus,
1294 4756 1360 4811 ut
1426 4752 1818 4825 postmodum
1889 4752 2039 4825 quid

377 4849 634 4922 mystice
665 4847 1000 4909 continuat,
1049 4844 1405 4916 indaganda
1453 4843 1863 4917 propalemus.
1926 4844 2039 4900 Sed

376 4940 523 5015 quia
550 4939 625 4997 de
653 4937 943 4999 Absalom
995 4934 1249 4995 historia
1278 4933 1781 5008 praetergreditur,
1834 4950 2041 4990 secun-

376 5030 529 5089 dum
566 5028 917 5098 allegoriam
948 5024 1331 5083 considerare
1368 5025 1530 5090 libet,
1588 5023 1737 5096 quid
1782 5024 1928 5080 illud
1967 5024 2038 5080 si-

378 5120 640 5190 gniticet,
673 5116 834 5188 quod
863 5113 1169 5189 parricida
1192 5114 1352 5171 ﬁlius
1398 5118 1633 5187 patrem
1681 5113 2034 5186 insequitur.

377 5208 605 5275 Primo,
631 5210 804 5278 pater
827 5204 960 5275 ejus
975 5200 1289 5262 declinans
1308 5203 1461 5273 fugit
1485 5206 1621 5260 ante
1648 5202 1861 5259 faciem
1882 5204 2035 5275 ejus,

381 5313 630 5357 securus
661 5294 736 5351 de
756 5292 1034 5352 victoria:
1068 5292 1214 5363 quia
1254 5293 1483 5351 sciebat
1523 5294 1778 5367 impium
1821 5294 2036 5367 perire,

379 5401 567 5461 quem
596 5382 779 5440 etiam
807 5380 976 5439 ﬂevit
1018 5395 1247 5451 magno
1300 5382 1486 5452 luctu,
1538 5387 1596 5440 et
1645 5382 1887 5440 deﬂevit
1914 5383 2039 5439 exi-

380 5480 514 5533 tum
568 5471 908 5545 parricidae.
942 5467 1228 5528 Scribitur
1277 5473 1438 5529 enim
1491 5472 1715 5543 fugisse
1766 5472 1950 5529 David
2002 5488 2039 5528 a

382 5561 535 5619 facie
558 5558 836 5615 bellantis
874 5557 1199 5617 adversum
1230 5579 1291 5619 se
1480 5566 1547 5619 Et
1575 5562 1719 5619 alibi
1749 5562 2037 5635 scriptum

384 5653 477 5707 est
501 5647 576 5703 de
607 5645 835 5717 populo
864 5646 1252 5719 Hierusalem,
1294 5653 1545 5709 Domino
1589 5652 1855 5708 dicente:
1892 5674 1918 5701 «
1951 5651 2038 5705 Fi-

383 5738 499 5796 lios
519 5732 778 5795 enutrivi
795 5740 854 5796 et
873 5736 1146 5809 exaltavi,
1177 5741 1291 5819 ipsi
1319 5746 1523 5802 autem
1552 5744 1908 5816 spreverunt
1933 5756 2032 5797 me

2149 4604 2179 4631 ι(
2207 4580 2451 4635 reducet
2482 4595 2579 4634 me
2626 4584 2684 4634 et
2710 4578 2982 4633 ostendet
3010 4577 3155 4631 mihi
3187 4593 3325 4631 eam
3354 4581 3409 4631 et
3456 4576 3810 4631 tabernacu-

2149 4670 2325 4725 «lum
2361 4685 2559 4723 suum.
2594 4669 2649 4723 Si
2681 4673 2883 4723 autem
2904 4664 3134 4731 dixerit,
3172 4670 3295 4721 Non
3319 4666 3523 4738 places
3550 4685 3599 4737 ι,
3632 4671 3688 4721 et
3715 4683 3810 4721 re-

2146 4759 2330 4831 liqua.
2358 4761 2489 4813 Jam
2520 4758 2679 4812 enim
2710 4757 2873 4829 quod
2908 4757 3240 4811 secundum
3262 4756 3574 4811 historiam
3603 4756 3714 4810 ista
3738 4756 3813 4811 si-

2151 4847 2435 4917 gniﬁcent
2462 4847 2918 4902 inculcavimus.
2953 4848 3244 4900 (ueterum
3284 4849 3578 4917 quantum
3612 4845 3689 4900 ad
3726 4846 3809 4900 al-

2148 4938 2359 4994 tiorem
2420 4936 2871 5003 intelligentiam
2914 4935 3184 5007 pertinet,
3259 4934 3451 4988 Sadoc
3501 4934 3809 4999 sacerdos,

2147 5027 2251 5099 qui
2278 5027 2697 5098 interpretatur
2707 5030 2932 5093 justus,
2962 5024 3064 5096 qui
3097 5039 3298 5078 arcam
3346 5023 3579 5078 Domini
3611 5039 3812 5095 repor-

2150 5116 2292 5172 tavit
2333 5115 2395 5171 in
2424 5116 2659 5183 urbem,
2707 5130 3033 5187 personam
3068 5113 3319 5181 gestavit
3350 5117 3722 5181 sanctorum,
3756 5119 3811 5169 et

2147 5223 2360 5263 eorum
2398 5206 2671 5261 videlicet
2716 5204 2821 5276 qui
2873 5208 3141 5276 tempore
3187 5202 3488 5275 passionis
3548 5202 3807 5273 Domini,

2148 5295 2282 5351 licet
2302 5310 2553 5367 corpore
2579 5295 2641 5350 in
2672 5293 2837 5348 brevi
2883 5293 2961 5348 ab
2993 5307 3063 5347 eo
3115 5292 3537 5361 discesserunt,
3577 5290 3700 5347 ﬁde
3729 5296 3811 5348 ta-

2148 5400 2288 5440 men
2319 5388 2378 5439 et
2404 5383 2719 5439 dilectione
2751 5382 2998 5437 minime
3040 5380 3297 5453 separati
3326 5384 3483 5434 sunt.

2222 5495 2249 5521 ‹‹
2280 5473 2509 5528 Etdixit
2528 5471 2715 5527 David
2749 5470 2827 5525 ad
2861 5469 3433 5525 ChusaiArachitem
3468 5468 3810 5524 :Siveneris

2147 5583 2175 5611 ‹‹
2202 5578 2460 5623 mecum,
2486 5562 2599 5617 eris
2625 5560 2767 5615 mihi
2807 5560 2991 5623 oneri,
3024 5580 3048 5607 ››
3086 5563 3195 5613 etc.
3235 5562 3381 5613 Nam
3421 5556 3607 5613 etiste
3629 5560 3809 5615 etiam

2148 5651 2365 5707 Chusai
2381 5651 2611 5705 amicus
2632 5649 2945 5720 David,qui
2961 5648 3692 5719 interprctaturfeslinans
3707 5650 3809 5720 qui

2147 5743 2204 5796 et
2219 5739 2297 5796 ab
2313 5754 2384 5795 eo
2397 5738 2461 5795 in
2476 5739 2843 5796 Hierusalem
2872 5741 3196 5805 revertens,
3230 5734 3549 5793 consilium
3572 5736 3787 5794 Achito
