3940 6408
42 504 61 539 7'

207 270 315 327 3‘13
1210 263 1467 321 ENARR.
1511 263 1580 318 IN
1619 255 1885 316 LIBROS
1927 254 2192 315 REGUM.
2230 290 2299 302 -—
2337 261 2407 316 IN
2447 260 2574 315 LIB.
2618 260 2684 315 II.
3563 262 3670 316 374

204 388 345 466 phel
374 388 717 465 dissipavit,
744 404 1072 463 personam
1103 388 1353 460 gestavit
1397 403 1604 443 eorum
1650 384 1756 458 qui
1785 400 1879 439 oc-
1913 382 1965 436 Α
1996 385 2212 440 mentis
2236 386 2311 441 ad
2332 384 2488 441 male
2506 388 2847 458 perpetrata
2862 385 3245 440 recurrimus.
3274 386 3423 441 Leve
3438 382 3668 457 quippe

204 483 362 539 culte
393 486 569 539 erant
598 498 673 537 ex
702 480 930 554 populo
950 480 1297 537 Iudaeorum
1323 477 1605 551 discipuli
1625 474 1879 541 Domini,

199 574 359 630 sicut
387 573 499 630 fuit
532 571 894 629 Nicodemus
921 571 1219 643 etJoseph
1240 570 1319 625 ab
1371 568 1757 635 Arimathtea,
1788 564 1883 621 vel

201 660 403 720 creteri
434 659 815 733 hujusmodl.
860 661 1059 717 Potest
1101 661 1280 716 etiam
1331 658 1492 714 credi
1546 656 1883 725 signiﬁcare

199 754 519 809 credentes
551 766 624 807 ex
654 750 955 821 gentibus,
986 750 1091 823 qui
1122 750 1257 805 licet
1288 764 1428 804 cum
1459 746 1744 803 Absalom
1775 745 1880 800 ali-

199 842 460 918 quando
481 842 666 899 fuisse
683 842 790 897 visi
815 845 971 909 sunt,
992 845 1195 897 tamen
1213 839 1417 913 pravis
1440 839 1570 909 ejus
1596 836 1880 909 operibus

198 951 325 992 non
360 936 534 991 erant
563 932 1101 994 communicantes,
1143 946 1253 985 nec
1285 928 1629 1002 Achitophel
1660 926 1881 998 iniquis

200 1023 704 1093 suggestionibus
748 1037 1021 1094 unquam
1048 1020 1523 1077 consentientes:
1582 1018 1686 1073 sed
1739 1032 1879 1072 cum

198 1113 397 1172 David
415 1109 674 1169 ﬁdeliter
702 1115 1183 1185 permanserunt.
1217 1113 1642 1182 Interpretatur
1674 1112 1877 1163 autem

197 1201 771 1273 Chusai/Ethiops,
823 1201 1129 1258 Arachites
1178 1200 1490 1271 longitudo
1530 1215 1680 1255 mea.
1729 1199 1874 1253 Hinc

196 1306 451 1367 quoque
498 1292 558 1349 in
629 1292 927 1365 propheta
981 1291 1273 1363 scriptum
1328 1293 1415 1345 est
1462 1307 1474 1344 :
1554 1309 1583 1338 κ
1637 1287 1878 1343 Mutavit

200 1378 480 1453 zEthiOps
494 1379 715 1455 pellem
738 1397 913 1436 suam
932 1380 1072 1451 (Jer.
1096 1384 1292 1444 xm);»
1324 1377 1562 1434 etillud:
1589 1398 1617 1428 «
1652 1377 1875 1433 [Ethio-

193 1470 323 1543 pia,
358 1470 572 1545 inquit,
608 1469 843 1527 festinet
873 1486 1090 1526 manus
1139 1470 1283 1526 dare
1315 1471 1456 1526 Deo.
1490 1491 1518 1518 »
1551 1468 1702 1533 Quia
1728 1482 1874 1535 gen-

192 1559 317 1615 tilis
350 1559 615 1634 populus
643 1563 970 1633 postquam
1012 1577 1073 1614 se
1118 1559 1433 1629 nigredine
1484 1562 1872 1630 peccatorum

193 1649 385 1720 exuit,
434 1666 754 1723 nunquam
787 1667 823 1707 a
876 1656 1041 1717 tergo
1095 1649 1331 1705 Domini
1360 1648 1642 1703 recessit:
1682 1651 1738 1703 et
1769 1648 1875 1721 qui

190 1746 325 1797 erat
353 1740 555 1812 longe,
588 1741 782 1799 factus
812 1746 899 1798 est
928 1758 1117 1815 prope
1151 1742 1212 1797 in
1242 1741 1534 1809 sanguine
1564 1739 1796 1794 Christi.

264 1867 289 1894 ι
322 1837 549 1896 Deinde
600 1840 870 1914 sequitur
916 1839 1174 1913 qualiter
1209 1839 1467 1895 occurrit
1516 1838 1701 1894 David
1732 1837 1872 1896 Siba

188 1944 352 2004 puer
381 1926 800 2003 Miphiboseth,
834 1946 973 1986 cum
1005 1930 1246 1986 duobus
1278 1929 1464 1986 asinis
1504 1928 1783 1999 oneratis,
1817 1933 1874 1985 ct

188 2018 485 2076 mentitus
539 2024 629 2077 est
657 2020 732 2077 de
781 2020 1030 2076 domino
1080 2037 1210 2087 suo,
1260 2024 1315 2075 et
1360 2022 1678 2092 propterea
1709 2019 1789 2074 ait
1818 2020 1871 2075 ei

187 2106 427 2165 David:
467 2127 488 2162 ι
523 2112 649 2165 Tua
708 2108 823 2165 sint
849 2110 1073 2176 omnia,
1108 2124 1245 2182 quae
1297 2107 1540 2164 fuerunt
1587 2107 1871 2180 Miphibo—

188 2199 347 2256 seth.
392 2222 421 2249 ››
483 2198 631 2255 Hinc
692 2200 852 2256 enim
908 2199 1376 2265 demonstratur,
1425 2199 1571 2271 quia
1628 2196 1869 2269 spiritus

186 2289 530 2367 prophetiae
563 2290 741 2359 (sicut
773 2290 1050 2363 superius
1067 2289 1379 2359 diximus),
1402 2287 1712 2361 prophetis
1744 2303 1868 2343 non

189 2396 437 2453 semper
463 2379 656 2450 adest,
689 2396 800 2436 nec
822 2397 852 2436 e
881 2381 1161 2453 proximo
1194 2384 1544 2449 tanguntur.
1572 2382 1721 2434 Nam
1756 2381 1867 2435 Da-

185 2468 293 2527 vid
316 2486 563 2526 servum
596 2469 1010 2543 Miphiboseth,
1058 2469 1197 2525 Siba
1240 2469 1537 2533 videlicet,
1590 2466 1701 2524 sibi
1728 2485 1869 2525 con-

185 2560 281 2616 tra
311 2559 635 2616 dominum
681 2576 860 2615 suum
902 2559 1290 2615 mentientem
1321 2575 1442 2615 non
1474 2559 1777 2621 intellexit,
1811 2563 1867 2616 et

186 2650 329 2707 ideo
361 2650 569 2706 omnia
601 2649 834 2706 domini
862 2649 951 2705 sui
983 2651 1036 2705 ei
1064 2650 1375 2706 concessit.
1408 2649 1511 2705 Cui
1544 2650 1591 2705 si
1623 2650 1864 2722 spiritus

184 2739 525 2813 prophetiae
592 2739 850 2806 adesset,
915 2738 1303 2795 mentientem
1368 2737 1862 2811 deprehenderet.

182 2829 411 2884 Verum
456 2843 488 2883 e
518 2828 801 2900 proximo
849 2831 1041 2883 tactus
1073 2842 1195 2883 non
1227 2827 1438 2893 fuerat,
1488 2843 1627 2883 cum
1682 2843 1862 2900 supe-

182 2916 316 2974 rius
343 2919 584 2974 Amasae
615 2918 994 2991 promiserat,
1042 2917 1289 2973 dicens:
1340 2920 1473 2973 Haec
1506 2916 1683 2974 faciat
1715 2917 1862 2973 mihi

182 3010 244 3064 et
271 3007 404 3062 haec
435 3006 642 3075 addat,
674 3006 722 3062 si
766 3022 889 3062 non
932 3007 1217 3076 magister
1260 3006 1483 3062 militize
1534 3007 1715 3063 fueris
1765 3024 1861 3063 co-

1994 474 2293 531 videbitur
2321 475 2487 548 quod
2516 475 2737 547 injuria
2759 476 3150 547 percutimur,
3164 474 3314 530 dum
3334 474 3399 530 in
3431 473 3668 532 actione

1993 569 2199 621 nostra
2243 565 2671 637 conspicimus,
2725 565 2870 638 quia
2911 566 3088 637 pejus
3139 568 3232 621 est
3266 563 3436 637 quod
3483 578 3666 623 mere-

1994 670 2149 709 mur.
2174 654 2385 727 Sicque
2416 654 2482 710 ﬁt
2508 659 2572 710 ut
2602 654 3004 717 contumeliis,
3021 654 3229 725 gratias
3254 653 3454 726 potius
3473 669 3664 727 quam

1989 744 2091 799 irze
2121 745 2291 800 reddi
2307 745 2655 815 jubeantur,
2676 761 2940 819 quarum
2960 744 3299 801 interventu
3322 747 3442 801 Deo
3458 744 3663 816 judice

1989 850 2174 907 poena
2212 835 2452 903 gravior
2481 835 2770 892 declinari
2818 851 2997 909 posse
3037 834 3382 891 conﬁditur.
3430 853 3461 888 ‹
3489 837 3557 891 Et
3580 834 3664 892 ait

1992 925 2212 980 David:
2249 928 2364 980 Cur
2384 925 2689 981 etﬁcimini
2722 926 2870 981 mihi
2901 925 3081 982 hodie
3110 926 3171 981 in
3206 924 3432 982 Satan?
3453 946 3482 974 »
3516 924 3662 981 Huic

1989 1014 2181 1069 simile
2220 1019 2418 1071 Petrus
2464 1016 2798 1087 apostolus,
2848 1015 2983 1071 licet
3028 1014 3372 1071 inﬁrmitate
3417 1014 3656 1084 mentis,

1987 1121 2110 1161 non
2136 1110 2368 1161 tumore
2390 1106 2608 1169 cordis,
2635 1107 2785 1162 sicut
2806 1106 3010 1162 Abisai
3035 1124 3047 1161 :
3069 1106 3276 1162 audita
3298 1106 3501 1161 futura
3521 1119 3657 1178 pas-

1989 1196 2158 1253 sione
2187 1196 2422 1251 Domini
2456 1197 2586 1268 ipse
2633 1196 3022 1268 respondisse
3055 1197 3119 1251 in
3165 1195 3487 1267 Evangelia
3510 1195 3657 1266 legi-

1986 1290 2102 1356 tur,
2134 1286 2339 1341 dicens
2365 1304 2376 1342 :
2408 1307 2436 1335 «
2488 1286 2656 1341 Absit
2686 1302 2723 1342 a
2752 1289 2828 1355 te,
2884 1286 3158 1356 Domine,
3186 1300 3310 1341 non
3364 1285 3467 1341 ﬁet
3491 1284 3658 1343 istud

1987 1377 2202 1447 (Marc.
2227 1381 2375 1437 vm).
2414 1398 2439 1427 ››
2489 1380 2605 1434 Cur
2650 1376 2940 1432 Dominus
2989 1392 3020 1432 e
3053 1375 3376 1446 contrario,
3409 1376 3561 1433 sicut
3599 1380 3659 1433 et

1986 1465 2171 1521 David
2202 1464 2423 1532 Abisai,
2476 1464 2848 1538 increpando
2878 1463 3227 1537 respondit:
3268 1486 3293 1517 ς
3328 1463 3491 1520 Vade
3519 1467 3658 1537 post

1984 1571 2081 1610 me
2127 1557 2368 1617 Satana,
2424 1555 2568 1628 quia
2632 1570 2754 1611 non
2816 1555 2978 1628 sapis
3022 1570 3094 1610 ea
3146 1569 3283 1626 quae
3339 1552 3441 1609 Dei
3494 1556 3652 1622 sunt,

1984 1645 2089 1700 sed
2116 1661 2253 1718 quas
2278 1645 2596 1701 hominum
2622 1646 2821 1715 (Ibid).
2856 1666 2886 1696 »
2922 1676 2993 1686 —
3038 1666 3068 1693 «
3100 1646 3168 1699 Et
3193 1643 3273 1700 ait
3302 1642 3655 1716 Acbitophel

1904 1740 1945 1795 Β
1983 1735 2063 1791 ad
2113 1735 2433 1791 Absalom:
2489 1736 2849 1801 lnngredere
2906 1735 2986 1790 ad
3041 1733 3415 1790 concubinas
3467 1732 3654 1806 patris

1982 1825 2086 1881 tui.
2121 1843 2150 1875 >
2182 1831 2294 1881 etc.
2323 1826 2708 1881 Conculiinas
2738 1824 2924 1881 David
2974 1841 3132 1899 quas
3162 1823 3453 1881 Absalom
3491 1824 3652 1882 ﬁlius

1982 1916 2112 1987 ejus
2155 1916 2383 1972 nefarie
2437 1916 2671 1988 polluit,
2726 1916 2989 1985 ﬁguram
3041 1914 3329 1971 habuisse
3382 1914 3652 1973 Judaica:

1979 2004 2173 2078 plebis
2220 2021 2343 2062 non
2394 2005 2649 2061 dubium
2708 2009 2818 2073 est,
2874 2020 3033 2077 quas
3080 2004 3353 2073 magistri
3408 2005 3649 2077 erroris,

1981 2095 2199 2151 Scriba:
2220 2095 2495 2151 videlicet
2520 2102 2575 2151 et
2598 2093 2899 2159 Pharisrei,
2919 2093 3094 2149 vanis
3120 2092 3648 2165 superstitionibus

1979 2185 2122 2250 suis,
2158 2189 2336 2257 atque
2368 2200 2475 2257 per
2506 2199 2760 2257 pravam
2804 2182 3142 2239 doctrinam
3172 2186 3646 2255 corrumpentes,

1978 2289 2016 2331 a
2040 2275 2297 2330 Domino
2327 2278 2467 2331 Jesu
2498 2275 2731 2330 Christo
2771 2290 2908 2330 eam
2953 2272 3216 2329 alienam
3248 2271 3535 2340 fecerunt,
3568 2273 3647 2330 si-

1977 2369 2077 2421 cut
2105 2370 2162 2421 et
2208 2366 2464 2421 haeretici
2512 2364 2724 2421 crebro
2772 2364 2970 2421 facere
2999 2378 3124 2419 non
3152 2365 3467 2418 verentur:
3496 2362 3648 2420 dum

1976 2459 2255 2527 apostata
2280 2455 2545 2523 Angelus
2572 2454 2876 2527 quosdam
2907 2452 3011 2527 qui
3050 2452 3331 2509 videntur
3354 2464 3561 2522 regere
3591 2456 3649 2511 et

1974 2544 2274 2600 custodire
2302 2544 2600 2617 populum
2632 2544 2752 2611 Dei,
2790 2546 3085 2617 tanquam
3132 2540 3503 2598 concubinas
3535 2540 3646 2599 do-

1973 2650 2143 2689 mum
2172 2634 2381 2703 David,
2433 2634 2714 2690 haeretica
2766 2632 3060 2706 pravitate
3092 2631 3459 2702 seducendo,
3491 2628 3647 2688 deci-

1970 2723 2059 2797 pit
2088 2741 2197 2797 per
2226 2741 2348 2781 eos.
2385 2724 2477 2779 Ad
2525 2741 2678 2798 quas
2727 2727 2931 2780 tamen
2976 2720 3166 2780 David
3216 2720 3371 2778 ultra
3398 2735 3522 2778 non
3552 2722 3645 2779 in-

1974 2814 2259 2883 greditur,
2286 2815 2389 2871 sed
2422 2815 2481 2870 in
2504 2813 2778 2870 custodia
2807 2812 3017 2887 positis
3051 2810 3339 2868 alimenta
3376 2810 3643 2885 praebet;

1968 2902 2241 2977 ipsaeque
2272 2905 2331 2961 in
2358 2905 2647 2962 viduitate
2677 2904 2962 2976 viventes,
3014 2902 3238 2959 clausae
3285 2905 3425 2958 sunt
3450 2917 3645 2975 usque

1972 2994 2049 3049 ad
2073 2993 2233 3051 diem
2267 2995 2476 3051 mortis
2503 3012 2647 3063 suae,
2679 2994 2824 3067 quia
2855 2993 3005 3049 dum
3036 2992 3270 3065 decepti
3306 2990 3384 3047 ab
3412 2988 3646 3049 haereti-

181 3108 321 3152 ι-ειω
352 3111 451 3151 ωε
476 3095 643 3151 omni
688 3098 958 3169 tempore
1008 3111 1119 3168 ριοο
1166 3094 1337 3165 Joab,
1392 3093 1665 3151 videlicet
1710 3096 1859 3169 quid
1892 3102 1935 3161 α
1971 3083 2054 3138 cis
2082 3099 2118 3139 a
2146 3084 2244 3139 via
2269 3083 2531 3139 veritatis
2566 3083 2937 3153 oberrantes,
2958 3082 3160 3169 denuo
3184 3080 3259 3169 ad
3285 3080 3644 3169 eamgredire

182 3189 541 3259 sequeretur
570 3167 1040 3256 ignorans.Quia
1082 3187 1307 3241 Amasa
1327 3184 1487 3240 idem
1508 3199 1632 3240 non
1664 3167 1861 3241 solum
1970 3171 2378 3239 ἀίεείωιιῖειηῑ,
2405 3187 2528 3227 Ποῦ
2567 3174 2705 3227 sunt
2734 3170 2900 3239 digni
2931 3167 3377 3225 COhabitatione
3406 3167 3640 3259 βδΐίβΐί,

180 3257 597 3350 principatum
630 3274 850 3331 militiae
874 3290 983 3348 pro
1008 3274 1156 3331 Joab
1199 3290 1323 3330 non
1368 3274 1713 3346 susciperet,
1756 3275 1861 3331 sed
1970 3263 2075 3319 Sed
2133 3262 2343 3332 0131193,
2398 3261 2457 3318 id
2518 3264 2607 3317 est
2656 3260 2915 3333 separati
2967 3261 3025 3315 et
3069 3274 3105 3315 δ’
3142 3257 3463 3350 ξοηεονῖιίο
3509 3258 3641 3350 {lius

182 3346 536 3439 etiam—post
562 3365 714 3421 Joab
764 3346 1086 3438 paululum
1136 3365 1325 3420 vitam
1356 3365 1570 3419 ﬁniret.
1615 3367 1680 3420 Et
1720 3381 1858 3421 cum
1969 3352 2168 3420 alieni,
2220 3354 2598 3424 Ρθνῑῑιᾶῐιθηῗο
2650 3350 2763 3407 sed
2823 3350 3088 3406 Clemens
3136 3346 3251 3439 me:
3297 3346 3403 3420 qui
3452 3346 3642 3439 εοῙθῐζι

179 3454 483 3529 templum
518 3457 637 3511 Deo
686 3458 1033 3511 construere
1076 3454 1280 3521 voluit,
1312 3453 1459 3527 quid
1490 3469 1521 3509 e
1543 3454 1741 3525 vicino
1772 3472 1862 3511 se-

179 3548 472 3619 queretur
503 3544 805 3615 nesciens,
858 3544 1218 3617 prophetam
1250 3542 1503 3599 alterum
1530 3544 1855 3616 requisivit.

181 3654 216 3689 ‹
277 3632 455 3691 Venit
505 3648 650 3705 ergo
695 3649 801 3689 rex
858 3632 1042 3690 David
1091 3649 1283 3704 usque
1341 3631 1647 3689 Bahurim.
1712 3636 1857 3691 Ecce

179 3718 610 3793 egrediebatur
681 3722 822 3779 inde
893 3721 984 3778 vir
1053 3720 1129 3777 de
1200 3721 1556 3791 cognatione
1633 3721 1856 3779 domus

178 3812 348 3879 Saul,
397 3814 646 3869 nomine
703 3810 916 3880 Semei,
975 3811 1135 3867 ﬁlius
1200 3814 1362 3875 Bera,
1422 3816 1479 3867 et
1535 3811 1857 3870 maledice-

176 3898 309 3969 bat,
356 3924 385 3951 ››
438 3899 649 3971 David,
701 3905 837 3973 etc.,
885 3916 1077 3973 usque
1129 3916 1251 3973 quo
1295 3900 1411 3956 ait:
1465 3902 1681 3967 «Quid
1711 3900 1859 3958 mihi

176 3994 237 4050 et
266 3990 462 4057 vobis,
495 3990 599 4048 ﬁlii
648 3992 889 4058 Sarviaa,
943 4006 1050 4047 cur
1098 3989 1442 4046 eﬂiciamiui
1491 3991 1639 4047 mihi
1677 3990 1856 4049 hodie

174 4081 239 4138 in
290 4082 525 4140 Satan?
571 4081 805 4137 Dimitte
851 4096 1009 4137 eum.
1063 4101 1092 4131 »
1142 4080 1405 4136 Perfecta
1442 4081 1729 4153 patientia
1760 4081 1859 4138 illa

175 4176 268 4227 est
298 4188 438 4228 eum
482 4171 736 4227 libenter
771 4171 1080 4238 sustinere,
1111 4169 1207 4225 cui
1237 4169 1406 4224 facile
1437 4170 1574 4241 quis
1607 4171 1856 4228 reddere

174 4260 469 4318 talionem
500 4264 735 4334 potest:
792 4259 943 4315 sicut
972 4258 1033 4315 in
1086 4258 1275 4315 David
1318 4262 1560 4315 ostensa
1589 4264 1695 4327 est,
1753 4261 1860 4333 qui

171 4348 714 4421 blasphemantem
741 4366 803 4405 se
833 4349 1024 4406 Semei
1073 4348 1268 4417 magis
1302 4348 1530 4404 studuit
1567 4349 1859 4422 patienter

1968 3459 2146 3497 suum
2177 3440 2316 3497 oriri
2349 3441 2486 3497 facit
2517 3456 2698 3513 super
2724 3439 2920 3495 bonos
2949 3443 3006 3495 et
3043 3438 3260 3503 malos,
3292 3452 3415 3493 non
3446 3437 3643 3495 renuit

1965 3528 2275 3587 beneﬁciis
2307 3531 2430 3586 suis
2459 3534 2705 3603 pastum
2738 3528 2959 3584 talibus
2990 3528 3051 3585 in
3085 3526 3202 3583 hoc
3230 3526 3463 3584 mundo
3491 3542 3643 3601 pra;-

1965 3622 2125 3687 bere,
2156 3625 2222 3677 ut
2249 3637 2359 3689 per
2388 3620 2605 3677 collata
2649 3619 2944 3677 beneﬁcia
2993 3619 3375 3676 occasionem
3419 3617 3643 3677 tribuat

1966 3711 2371 3769 convertendi.

2041 3821 2069 3861 b
2102 3843 2131 3870 α
2165 3819 2317 3877 Dixit
2344 3819 2523 3888 igitur
2556 3815 2907 3891 Actitophel
2930 3815 3005 3874 ad
3042 3815 3371 3873 Absalom:
3407 3814 3640 3887 Eligam

1969 3932 1997 3961 ‹‹
2039 3908 2206 3977 mihi,
2236 3907 2561 3965 duodecim
2608 3907 2796 3963 millia
2838 3905 3129 3978 virorum,
3161 3909 3219 3963 et
3262 3921 3639 3976 consurgens

1966 4022 1994 4051 ‹‹
2037 4015 2369 4072 persequar
2410 3997 2597 4055 David
2644 3997 2759 4053 hac
2785 3999 2980 4053 nocte.
3035 4020 3061 4045 ιο
3105 3994 3481 4068 Achitophel,
3531 3996 3639 4070 qui

1966 4089 2256 4145 adversus
2290 4086 2476 4144 David
2503 4086 2840 4160 pessimum
2891 4084 3057 4142 dedit
3095 4084 3434 4149 consilium,
3465 4084 3639 4142 Juda:

1967 4177 2292 4252 proditoris
2348 4176 2602 4243 gestavit
2635 4192 2982 4250 personam,
3030 4174 3135 4248 qui
3164 4174 3386 4231 Judaais
3434 4174 3641 4232 adver-

1971 4284 2075 4321 sus
2107 4265 2404 4321 Christum
2439 4265 2603 4321 dedit
2637 4264 2954 4322 consilium
2998 4262 3377 4338 proditionis.
3408 4263 3640 4322 Achito-

1968 4355 2109 4431 phel
2138 4355 2365 4428 quippe
2392 4355 2815 4427 interpretatur
2844 4356 3028 4412 ruina
3055 4355 3298 4427 fratris,
3331 4354 3499 4429 quod
3524 4352 3641 4428 ipsi

174 4437 332 4495 ferre
362 4455 553 4512 quam
584 4437 789 4494 ulcisci
817 4456 829 4493 :
865 4454 1002 4493 cum
1048 4453 1188 4493 eum
1218 4442 1303 4493 tot
1331 4437 1483 4493 vitiis
1512 4443 1766 4508 urgeret,
1801 4446 1856 4497 et
1889 4465 1935 4521 υ
1970 4445 2141 4501 Judre
2159 4444 2446 4519 proditori
2466 4442 2879 4518 proculdubio
2900 4445 3195 4515 congruit:
3220 4444 3321 4518 qui
3340 4445 3517 4501 ruina
3536 4460 3639 4501 ex-

178 4529 399 4586 armati
432 4545 714 4602 proceres
746 4526 951 4584 ulcisci
985 4526 1434 4593 contenderent,
1470 4526 1587 4583 ait:
1641 4551 1670 4579 ‹‹
1705 4530 1858 4595 Quid

176 4619 329 4675 mihi
362 4622 421 4674 et
450 4618 626 4674 vobis
658 4618 763 4673 filii
793 4618 1015 4673 Sarviaa
1035 4620 1063 4673 ?
1086 4616 1363 4672 Dimittite
1413 4632 1552 4673 eum
1585 4620 1650 4674 ut
1679 4619 1861 4675 male-

175 4707 343 4766 dicat
369 4708 547 4779 juxta
590 4712 961 4782 praeceptum
1004 4707 1261 4776 Domini,
1297 4707 1343 4763 si
1374 4707 1524 4764 forte
1584 4711 1865 4783 respiciat

178 4798 477 4855 Dominus
502 4790 580 4854 ad
612 4797 998 4854 aﬂlictionem
1022 4813 1246 4867 meam,
1265 4801 1323 4852 et
1351 4796 1564 4854 reddat
1591 4798 1738 4855 mihi
1756 4800 1865 4857 bo-

174 4905 327 4946 num
361 4904 475 4962 pro
509 4886 929 4945 maledictione
947 4889 1063 4944 hac
1080 4884 1392 4943 hodierna.
1419 4908 1445 4936 »
1471 4887 1700 4954 Quibus
1722 4907 1864 4964 pro-

177 4978 335 5036 fecto
360 4979 565 5036 verbis
592 4978 839 5048 indicat,
858 4979 1002 5053 quia
1018 4993 1130 5051 pro
1160 4981 1501 5051 perpetrato
1526 4974 1861 5037 Bethsabee

177 5068 424 5139 scelere,
448 5073 875 5140 exsurgentem
910 5072 1119 5124 contra
1159 5083 1221 5123 se
1266 5067 1459 5123 ﬁlium
1486 5068 1740 5137 fugiens,
1768 5087 1863 5126 re-

178 5158 353 5216 duxit
374 5159 451 5216 ad
467 5159 746 5216 animum
766 5157 995 5215 malum
1015 5156 1183 5230 quod
1198 5158 1646 5231 perpetravit,et
1662 5176 1865 5232 {equa-

178 5250 423 5306 nimiter
438 5246 686 5322 pertulit
710 5247 877 5320 quod
896 5246 1209 5311 audivit,et
1225 5246 1663 5303 contumeliosa
1675 5249 1864 5308 verba

178 5355 303 5397 non
336 5344 465 5395 tam
500 5338 780 5394 convicia
810 5352 999 5411 quam
1031 5336 1333 5409 adjutoria
1354 5336 1863 5411 credidit.quibus

182 5446 245 5485 se
278 5429 531 5504 purgari
559 5426 798 5501 sibique
830 5426 1099 5483 misereri
1126 5441 1304 5499 posse
1352 5425 1660 5485 indicavit.
1700 5431 1864 5488 Tunc

180 5520 340 5577 enim
367 5518 533 5577 illata
550 5516 827 5575 convicia
843 5516 997 5573 bene
1026 5517 1371 5588 toleramus,
1387 5531 1525 5572 cum
1548 5517 1609 5573 in
1633 5524 1862 5577 secreto

251 5711 275 5739 ι
303 5699 431 5767 Hic,
464 5696 527 5753 in
559 5694 897 5767 exemplari
920 5699 1153 5765 nostro,
1199 5710 1445 5768 rursum
1475 5696 1721 5768 ponitur
1748 5699 1863 5756 CA-

182 5771 317 5828 PUT
344 5771 486 5832 XVI.
520 5768 832 5844 Expositio
858 5768 1020 5828 enim
1050 5772 1189 5827 ante
1218 5767 1380 5826 dicta
1400 5767 1696 5828 retractat.
1776 5856 1781 5863 ἰ

1970 4536 2115 4592 stitit
2132 4534 2288 4591 illius
2311 4534 2413 4608 qui
2444 4534 2729 4605 dignatus
2748 4539 2834 4591 est
2854 4534 3084 4592 dicere:
3114 4533 3385 4591 Narrabo
3411 4550 3639 4591 nomen

1971 4629 2142 4683 tuum
2174 4624 2457 4681 fratribus
2487 4624 2637 4680 meis
2665 4625 2851 4694 (Psal.
2886 4628 3019 4689 χχι).
3059 4646 3087 4673 ››
3124 4623 3235 4690 Qui
3265 4627 3322 4679 et
3346 4621 3642 4695 disposita

1970 4716 2157 4773 domo
2184 4732 2314 4784 sua,
2348 4717 2559 4787 postea
2587 4714 2918 4788 suspendio
2943 4712 3180 4769 interiit.
3218 4715 3338 4767 Hoc
3365 4715 3422 4767 et
3449 4709 3639 4768 Judas

1968 4806 2031 4862 in
2060 4803 2377 4875 Evangelio
2411 4802 2773 4872 similiter,ut
2789 4800 3144 4874 Achitophel
3162 4799 3373 4859 fecisse
3398 4798 3635 4870 legitur.

1972 4892 2116 4952 Hinc
2148 4892 2417 4967 sequitur
2468 4890 2725 4965 qualiter
2769 4890 3061 4946 Jonathas
3088 4893 3145 4946 et
3180 4887 3507 4946 Achimaas
3558 4887 3640 4947 ad

1971 4983 2412 5058 explorandum
2444 4981 2760 5038 consilium
2789 4978 3097 5047 Absalom,
3122 4982 3180 5036 et
3203 4978 3394 5036 David
3422 4994 3641 5037 renun-

1971 5074 2268 5141 tiandum,
2298 5071 2560 5129 derelicti
2592 5075 2752 5142 sunt,
2786 5074 2842 5127 et
2871 5068 3165 5139 fugientes
3186 5068 3642 5129 declinaverunt

1970 5165 2031 5220 in
2051 5186 2076 5213 ‹‹
2096 5162 2350 5218 domum
2376 5160 2697 5233 cujusdam
2714 5159 2821 5216 viri
2841 5158 2903 5216 in
2933 5158 3351 5234 Bahurim,qui
3374 5159 3642 5220 habebat

1970 5257 2223 5328 puteum
2253 5253 2315 5307 in
2344 5249 2642 5307 vestibulo
2674 5265 2805 5317 suo,
2836 5254 2894 5306 et
2922 5248 3364 5307 descenderunt
3388 5249 3451 5307 in
3474 5265 3635 5307 eum.

1970 5340 2120 5396 Tulit
2132 5343 2333 5396 autem
2346 5338 2643 5409 mulier,et
2661 5337 3228 5412 expanditvelamen
3246 5355 3427 5413 super
3450 5354 3519 5396 os
3530 5355 3642 5413 pu-

1970 5430 2045 5485 tei
2075 5431 2249 5503 quasi
2282 5430 2512 5485 siccans
2534 5429 2892 5502 ptisanas,et
2916 5427 2998 5485 sic
3015 5426 3317 5486 reslatuit.
3342 5447 3372 5482 ›
3404 5427 3640 5500 Signiﬁ-

1971 5521 2106 5575 cant
2124 5522 2325 5575 autem
2350 5517 2446 5574 isti
2476 5515 2599 5575 duo
2626 5514 3209 5590 juvenes,Jonathas
3228 5514 3521 5590 videlicet,
3536 5517 3643 5593 qui

2041 5696 2071 5739 b
2098 5698 2317 5756 Iterum
2349 5711 2594 5770 quoque
2624 5695 2723 5753 hic
2748 5694 2975 5754 CAPUT
3001 5692 3156 5754 XVII.
