3940 6414
397 261 504 313 375

1503 263 1861 319 ANGELOMI
1913 255 2367 314 LUXOVIENSIS
2406 256 2724 319 MONACHI
2792 278 2795 285 ί

3739 259 3841 311 376

397 385 817 456 interpretatur
845 384 1133 440 columba
1160 384 1483 451 domum,et
1510 386 2063 455 Achimaas,/‘rater
2093 384 2140 436 Α
2174 384 2560 446 ειιιιιιωοιηῐ,ει
2589 380 2810 453 quibus
2838 378 3036 453 plures
3059 378 3401 452 consumpti
3425 394 3615 451 quam
3635 377 3841 448 gladio

401 487 589 543 meus,
613 487 715 528 eos
744 487 848 544 qui
876 486 983 544 per
1024 473 1278 540 gratiam
1327 475 1517 529 sancti
1569 475 1818 547 Spiritus
1846 473 2056 537 renati,

402 564 463 618 et
489 560 552 616 in
580 576 833 616 numero
857 560 1106 616 fratrum
1138 565 1277 617 sunt
1320 563 1578 635 ascripti.
1614 564 1725 630 Qui
1788 564 2066 621 receden-

404 653 492 707 tes
535 649 614 706 ab
658 648 947 704 Absalom
993 648 1251 719 fugiunt.
1296 667 1434 707 curn
1484 653 1784 723 malignos
1824 653 2063 727 spiritus

402 737 655 794 evadere
684 741 981 808 quarunt.
1035 738 1099 794 Hi
1142 754 1287 807 ergo
1338 740 1579 797 stabant
1615 743 1789 812 juxta
1836 743 2063 799 fontem

404 827 606 897 Bogel,
638 828 742 898 qui
771 827 1195 899 interpretatur
1220 831 1409 885 tristis
1453 831 1547 887 vel
1593 833 1886 889 deorsum.
1922 850 2062 889 cum

403 915 700 972 tristitiam
749 919 806 970 et
851 916 1205 987 despectum
1252 917 1314 973 in
1371 919 1486 975 hoc
1516 921 1746 976 mundo
1772 926 2065 994 appetunt

401 1002 644 1070 habere,
675 1009 920 1076 propter
958 1004 1213 1060 caelestis
1242 1008 1410 1076 regni
1457 1008 1842 1065 desiderium.
1878 1010 2063 1066 Decli-

400 1096 549 1148 nant
575 1108 719 1162 ergo
749 1093 983 1149 concito
1010 1094 1202 1164 gradu
1224 1095 1518 1165 fugientes
1539 1097 1597 1152 in
1617 1096 1868 1153 domum
1899 1099 2064 1169 cuju-

405 1181 582 1238 sdam
608 1181 720 1237 viri
739 1182 800 1237 in
833 1182 1136 1250 Baliurim,
1166 1184 1271 1256 qui
1299 1186 1462 1241 locus
1490 1186 1912 1258 interpretatur
1948 1189 2063 1244 ele-

404 1277 532 1328 ctus
560 1270 683 1327 sive
718 1273 983 1341 juvenis.
1031 1289 1171 1328 cum
1218 1273 1637 1331 adolescentia
1683 1282 1955 1349 tempora
2003 1277 2063 1332 in

404 1359 765 1416 memoriam
795 1360 1107 1417 reducunt.
1156 1363 1535 1419 Descendunt
1579 1364 1638 1419 in
1663 1370 1913 1437 puteum
1959 1366 2065 1439 qui

406 1453 536 1504 erat
553 1447 615 1503 in
644 1448 962 1518 vestibulo,
986 1465 1125 1504 cum
1146 1452 1446 1523 patientia
1476 1469 1536 1508 se
1556 1453 1859 1509 humiliter
1884 1455 2066 1525 subji-

409 1534 575 1592 ciunt
602 1551 736 1608 qua
766 1538 993 1593 cunctis
1038 1540 1377 1595 necessaria
1402 1545 1508 1609 est,
1536 1546 1672 1597 ante
1702 1542 1886 1599 ﬁnem
1918 1543 2068 1599 scili-

411 1629 501 1682 cet
529 1625 838 1699 prasentis
868 1626 1021 1683 vita.
1042 1629 1564 1701 Expanditmulier
1584 1631 1858 1689 velamen
1889 1649 2070 1706 super

2174 468 2363 523 vorati
2395 468 2653 525 fuerunt.

2245 580 2273 607 ιι
2321 559 2582 615 Acccidit
2624 564 2825 616 autem
2881 564 2943 614 ut
2997 561 3267 613 occurret
3321 556 3610 613 Absalom
3651 557 3842 613 servis

2178 648 2383 717 David,
2417 650 2635 705 sedens
2664 649 2849 719 mulo,
2885 673 2911 697 ››
2956 653 3063 704 etc.
3097 647 3380 704 Absalom
3428 647 3594 702 mulo
3622 647 3723 702 cui
3752 647 3842 703 iu-

2173 737 2409 794 sederat
2435 743 2908 811 pertranseunte,
2938 738 3066 811 ipse
3105 736 3353 809 quercui
3378 736 3701 797 inharens,
3747 735 3840 792 in-

2175 832 2259 881 ter
2288 828 2504 883 crrlum
2532 833 2588 884 et
2618 835 2835 884 terram
2882 843 3216 900 suspensus
3264 830 3369 882 est.
3425 826 3515 882 Sic
3547 826 3844 883 nimirum

2170 917 2388 972 Scriba
2420 926 2476 973 et
2506 918 2800 984 Pharisai,
2848 916 3148 990 principes
3180 915 3553 982 Judaeorum,
3584 915 3648 969 in
3675 914 3847 983 ligno

2173 1008 2362 1063 crucis
2392 1009 2451 1062 in
2481 1024 2605 1080 quo
2630 1008 2950 1063 Dominum
3002 1009 3208 1061 Jesum
3261 1004 3560 1059 Christum
3592 1004 3848 1073 afﬁgen-

2175 1101 2259 1151 tes
2292 1096 2722 1167 supenderunt,
2755 1096 2987 1151 occulto
3026 1094 3252 1165 judicio
3296 1095 3355 1148 in
3406 1093 3619 1148 eodem
3672 1092 3846 1162 ligno

2170 1185 2440 1241 damnati
2465 1192 2816 1258 sunt,atquc
2848 1187 3130 1241 eumdem
3159 1183 3454 1256 populum
3484 1182 3842 1237 Judaorum

2171 1276 2275 1347 qui
2305 1276 2527 1329 carnali
2563 1276 2785 1345 sensui,
2811 1274 2967 1330 velut
3010 1272 3397 1329 irrationabili
3446 1271 3612 1326 mulo
3642 1273 3851 1344 prasi-

2172 1364 2310 1419 dere
2360 1364 2733 1428 videbantur,
2781 1364 2843 1420 in
2893 1362 3329 1435 dispersionem
3379 1361 3643 1430 gentium
3698 1376 3838 1432 per-

2176 1458 2572 1522 transeuntes,
2609 1453 2717 1524 ipi
2752 1453 3154 1525 principatum
3203 1451 3424 1523 pariter
3450 1456 3507 1505 et
3535 1448 3843 1522 populum

2174 1542 2519 1596 amiserunt.
2546 1541 2821 1596 Dicamus
2849 1547 2903 1595 et
2930 1539 3322 1603 manifestius,
3349 1538 3511 1610 quod
3546 1536 3847 1592 Absalom

2176 1629 2340 1686 mulo
2368 1630 2600 1698 fugiens
2651 1630 2711 1684 in
2738 1645 2963 1701 quercu
3017 1645 3123 1701 per
3156 1627 3462 1682 caesariem
3494 1625 3705 1697 capitis
3750 1624 3850 1679 sui

411 1729 482 1770 os
512 1714 677 1787 putei
703 1731 841 1770 cum
871 1716 1134 1773 Ecclesia
1165 1734 1410 1789 precum
1454 1719 1806 1777 assiduitate
1855 1722 2071 1778 delicta
2097 1734 2140 1788 Β
2178 1736 2509 1791 suspensus
2536 1725 2641 1783 est,
2671 1719 2783 1774 hoc
2826 1719 3203 1785 significabat
3244 1717 3410 1789 quod
3451 1715 3670 1771 Judais
3703 1714 3853 1770 stul-

406 1805 738 1877 juventutis
766 1810 821 1861 et
856 1806 1207 1875 ignorantia
1239 1825 1485 1865 suorum
1530 1810 1791 1867 ﬁliorum
1821 1812 2074 1869 abscon-

412 1893 554 1950 dere
585 1897 769 1951 certat
791 1895 971 1967 quasi
994 1896 1225 1952 siccans
1262 1899 1555 1969 ptisanas,
1588 1916 1728 1956 eum
1763 1902 1959 1958 carnis
1983 1901 2072 1958 la-

409 1983 660 2039 sciviam
700 1999 806 2055 per
851 1984 1227 2041 continentia
1275 1988 1536 2057 rigorem
1568 1991 1942 2061 constringit.
1978 1992 2070 2049 Sic

411 2076 469 2128 et
495 2087 593 2128 res
623 2071 763 2128 latet
814 2075 1307 2143 transgressionis
1360 2078 1634 2135 videlicet
1678 2080 1962 2137 humana
1990 2082 2075 2137 vi-

412 2165 504 2227 ta,
533 2160 678 2232 quia
707 2177 814 2234 per
844 2163 1258 2220 assiduitatem
1290 2181 1538 2237 precum
1570 2169 1629 2224 in
1661 2171 2074 2243 compunctio-

409 2266 488 2306 ne
515 2250 947 2323 lacrymarum,
971 2257 1030 2308 et
1054 2269 1159 2325 per
1180 2256 1635 2325 castigationem
1654 2261 1920 2332 corporis
1951 2277 2076 2316 om-

409 2333 512 2389 nia
530 2333 745 2391 delicta
765 2336 1241 2409 absconduntur,
1290 2356 1359 2396 ac
1390 2342 1667 2398 homines
1706 2360 1742 2400 a
1772 2360 2076 2417 persecus—

411 2418 578 2475 sione
607 2420 1051 2493 antiquibostis
1084 2424 1330 2495 protecti
1358 2426 1709 2485 liberantur.
1743 2452 1769 2479 «
1806 2432 2075 2503 Cumque

409 2508 671 2564 venisset
697 2509 885 2565 David
913 2510 975 2565 in
998 2517 1198 2568 castra
1224 2515 1397 2571 Sochi
1428 2515 1584 2571 ﬁlius
1610 2519 1843 2573 Naahas
1871 2519 1945 2574 de
1968 2522 2075 2575 Ra-

410 2594 559 2652 bath
583 2597 845 2653 ﬁliorum
878 2600 1160 2666 Ammon,
1195 2606 1251 2657 et
1287 2604 1504 2659 Machir
1540 2605 1699 2661 ﬁlius
1740 2608 1973 2663 Amihel
2000 2609 2074 2665 de

412 2678 709 2747 Lodabar,
741 2686 798 2736 et
828 2682 1103 2739 Berzellai
1124 2684 1462 2742 Galaadites
1494 2688 1568 2743 de
1591 2690 1877 2761 Rogelim,
1906 2693 2077 2749 obtu-

410 2768 609 2824 lerunt
634 2770 686 2825 ei
716 2770 993 2827 stratoria
1040 2777 1096 2828 et
1128 2775 1369 2844 tapetia,
1404 2800 1431 2825 »
1464 2781 1571 2833 etc.
1607 2780 1812 2835 Castra
1841 2781 1944 2836 ubi
1976 2800 2073 2838 ve-

413 2856 502 2912 nit
530 2857 717 2913 David
750 2859 1037 2916 Hebraice
1067 2862 1336 2920 Manaim
1366 2864 1667 2935 leguntur,
1700 2869 1849 2925 sicut
1892 2888 2075 2944 supra

412 2944 747 3015 innuimus,
790 2948 886 3004 hic
937 2954 1029 3005 est
1076 2949 1245 3006 locus
1278 2952 1378 3009 ubi
1405 2954 1568 3011 obvii
1606 2955 1847 3014 fuerunt
1889 2960 2074 3016 Iacob

412 3035 612 3105 angeli
638 3037 760 3106 Dei,
794 3037 946 3094 sicut
972 3038 1033 3095 in
1064 3042 1275 3097 Genesi
1299 3042 1531 3113 legitur.
1591 3046 1755 3102 Unde
1782 3048 2070 3121 scriptum

411 3127 532 3180 est:
590 3146 621 3174 ‹‹
650 3126 893 3183 Vocavit
941 3129 1126 3185 Jacob
1179 3146 1403 3188 nomen
1445 3132 1562 3189 loci
1605 3135 1871 3193 Manaim
1906 3126 2107 3209 (Genf'

408 3214 624 3285 χχχιι),
644 3236 671 3265 ››
689 3215 749 3271 id
767 3221 854 3273 est
883 3222 1099 3274 castra.
1127 3220 1266 3275 Sobi
1289 3236 1556 3295 namque
1576 3224 1801 3297 quievit
1820 3226 1901 3283 ibi
1933 3245 2072 3284 cum

409 3303 783 3373 muneribus,
818 3305 896 3362 ad
928 3307 1136 3376 David,
1166 3307 1323 3364 filius
1366 3310 1475 3367 fuit
1502 3313 1698 3369 Nahas
1728 3316 1903 3383 regis,
1934 3334 2072 3374 cum

411 3408 535 3464 quo
564 3395 858 3464 pugnavit
881 3397 1055 3453 Saul:
1085 3415 1208 3471 quo
1239 3406 1498 3470 mortuo,
1530 3402 1673 3459 dixit
1706 3404 1929 3461 David:
1968 3408 2073 3461 Fa-

413 3480 571 3536 ciam
600 3481 1071 3541 misericordiam
1102 3503 1240 3542 cum
1271 3494 1529 3546 Ammon
1561 3492 1713 3548 sicut
1743 3493 1878 3550 fecit
1906 3499 2076 3567 pater

415 3568 544 3639 ejus
573 3570 776 3625 Nahas
808 3588 1069 3628 mecum.
1098 3578 1457 3649 lnterempto
1487 3595 1627 3634 vero
1658 3596 1694 3636 a
1724 3583 1908 3637 David
1938 3587 2073 3638 Am—

413 3673 581 3727 mon,
612 3659 717 3731 qui
742 3661 795 3715 ei
823 3660 962 3716 inde
994 3661 1301 3719 calvandis
1331 3667 1516 3721 servis
1546 3669 1668 3723 suis
1697 3670 1945 3739 injurias
1990 3672 2073 3727 fe-

413 3752 593 3815 cerat,
617 3749 974 3806 constitutus
1005 3756 1094 3807 est
1123 3752 1201 3808 ab
1225 3753 1441 3810 eodem
1478 3757 1681 3827 David,
1711 3758 1771 3814 in
1802 3759 1935 3815 loco
1964 3761 2077 3817 fra-

413 3836 517 3892 tris
548 3837 644 3893 sui
667 3838 827 3895 Sobi.
862 3840 1152 3898 Caterum
1180 3843 1517 3915 spiritaliter
1536 3847 1896 3920 obsequium
1920 3852 2071 3922 ejus,

413 3924 510 3982 vel
537 3931 890 3985 caterorum
920 3929 1297 3989 Galilaorum
1326 3934 1536 4002 David,
1570 3936 1859 4004 delatum,
1890 3939 2075 3996 ﬁdem

412 4016 828 4086 praetendebat
855 4019 1064 4092 populi
1110 4022 1378 4091 gentium
1407 4023 1467 4079 in
1525 4026 1843 4083 Dominum
1873 4031 2075 4086 Jesum

416 4104 736 4162 Christum.
771 4111 917 4164 Nam
964 4110 1116 4165 sicut
1161 4112 1348 4168 David
1380 4118 1853 4186 persecutionem
1898 4120 2076 4176 decli-

413 4206 579 4281 nans
600 4192 705 4250 ﬁlii
735 4196 825 4250 sui
855 4196 934 4252 ab
960 4199 1326 4257 Hierusalem
1358 4206 1617 4270 recessit,
1645 4214 1824 4281 atque
1858 4226 1895 4266 a
1926 4210 2076 4266 Gali-

416 4278 543 4335 lais
569 4280 829 4353 benigne
855 4291 1167 4359 susceptus
1196 4294 1317 4345 est:
1357 4293 1440 4348 sic
1471 4278 1751 4352 nimirum
1788 4299 2076 4354 Dominus

414 4369 589 4425 Iesus
615 4372 874 4428 Christus
904 4374 983 4430 ob
1013 4377 1372 4451 impietatem
1420 4384 1659 4440 Judaos
1704 4386 2006 4457 deserens,
2041 4403 2077 4443 a

417 4458 645 4546 populo
692 4462 956 4531 gentium
1006 4444 1323 4541 Stisceptus
1367 4476 1492 4527 est:
1548 4474 1650 4546 qui
1681 4474 1899 4530 multos
1924 4444 2073 4531 ﬁde—
2103 4444 2146 4497 Β

416 4545 567 4603 lium
606 4550 888 4609 varietate
926 4554 1214 4614 virtutum
1270 4564 1327 4614 et
1378 4545 1787 4618 doctrinarum
1828 4568 2074 4620 ornatos

418 4637 665 4695 contulit
690 4639 958 4698 Domino.

1028 4736 1254 4791 CAPUT
1291 4735 1477 4793 XVIII.

489 4836 518 4867 «
562 4817 627 4872 Et
654 4820 938 4892 pracepit
964 4836 1069 4878 rex
1087 4822 1237 4878 Joab
1260 4829 1317 4880 et
1341 4825 1541 4883 Abisai
1572 4832 1630 4883 et
1651 4828 1830 4884 Ethai
1848 4830 2073 4889 dicens:

417 4923 446 4953 ‹‹
490 4906 730 4963 Servate
769 4910 917 4965 mihi
958 4926 1212 4983 puerum
1243 4914 1549 4971 Absalom.
1581 4935 1613 4968 ›
1663 4918 1836 4982 Quod
1876 4925 2077 4978 autem

416 4991 703 5079 Absalom
733 5002 902 5068 pater
931 5000 1061 5070 ejus
1111 5002 1294 5058 David
1340 4994 1596 5075 puerum
1639 5008 1922 5079 appellat,
1955 5027 2076 5068 non

421 5078 625 5150 utique
653 5087 824 5137 atate
855 5087 1073 5155 carnis,
1103 5088 1206 5146 sed
1234 5091 1521 5162 parvitate
1554 5078 1786 5164 sensus,
1850 5097 1961 5154 hoc
1993 5105 2080 5157 est

418 5164 683 5230 stultitia.
715 5184 838 5225 non
861 5173 1017 5229 mole
1048 5178 1315 5250 corporis
1346 5180 1504 5237 dicit.

489 5278 537 5352 cc
560 5256 689 5313 Fuit
716 5263 919 5352 autem
948 5260 1031 5318 ibi
1068 5265 1346 5337 pralium
1392 5270 1731 5344 dispersum
1785 5295 1964 5352 super
1994 5281 2076 5338 fa-

416 5364 449 5399 ‹
487 5344 642 5443 ciem
672 5347 871 5404 omnis
897 5353 1086 5421 terra,
1137 5357 1195 5410 et
1222 5356 1413 5415 multo
1452 5361 1652 5433 plures
1703 5344 1877 5424 erant
1917 5387 2075 5443 quos

417 5453 447 5480 «
488 5433 673 5489 saltus
700 5447 1166 5531 consumpserat
1201 5442 1275 5500 de
1318 5450 1565 5522 populo,
1615 5469 1801 5526 quam
1830 5456 1889 5512 hi
1918 5433 2075 5531 quos

414 5533 445 5567 ‹
483 5526 798 5578 voraverat
827 5524 1061 5619 gladius
1095 5530 1155 5588 in
1179 5533 1356 5594 bello.
1389 5558 1419 5590 ›
1448 5524 1653 5597 δειΙωέ
1680 5545 1775 5601 hic
1806 5547 1910 5618 qui
1936 5524 2096 5619 plu?
2124 5578 2129 5581 ~

411 5619 507 5706 res
526 5613 987 5706 consumpsisse
1029 5620 1242 5681 dicitur
1265 5644 1453 5701 quam
1506 5633 1741 5702 gladius
1791 5613 2072 5695 vorasse:

410 5692 633 5753 bestias
680 5698 1097 5784 ferocissimas,
1129 5729 1266 5792 qua
1283 5692 1375 5778 -in
1425 5692 1579 5783 saltu
1615 5730 1806 5794 erant,
1838 5692 2069 5788 Hebraei

2179 1808 2314 1864 titia
2342 1808 2598 1864 carnalis
2643 1825 2824 1864 sensu
2872 1808 3312 1869 incumbentes,
3366 1812 3611 1879 propter
3640 1820 3851 1876 super-

2181 1898 2572 1953 stitiositatem
2599 1897 3006 1969 pliarisaicam
3056 1896 3250 1961 legem
3290 1898 3697 1966 corrumpent,
3742 1909 3857 1964 per

2180 1988 2375 2061 ipsam
2404 2004 2590 2059 quam
2642 1987 2719 2043 ad
2761 1988 3188 2042 correct‘onem
3248 1986 3377 2040 vita
3430 1987 3854 2057 perceperant,

2181 2078 2388 2133 mortis
2412 2078 2793 2133 occasionem
2817 2076 3172 2132 habuerant.
3209 2075 3371 2131 Unde
3399 2080 3456 2129 et
3483 2074 3758 2130 Salvator
3788 2073 3851 2128 in

2184 2166 2503 2237 Evangelio
2530 2166 2679 2222 dixit
2708 2165 2787 2221 ad
2817 2182 2918 2221 eos
2942 2184 2953 2220 :
2988 2189 3013 2214 ‹‹
3048 2165 3229 2220 Nolite
3246 2164 3519 2221 arbitrari
3540 2162 3707 2235 quod
3734 2178 3859 2230 ego

2183 2261 2573 2312 accusaturus
2597 2257 2709 2310 sim
2739 2272 2847 2310 vos
2880 2254 3041 2327 apud
3077 2258 3305 2309 Patrem
3352 2269 3578 2307 meum.
3613 2254 3856 2323 Moyses

2184 2344 2344 2400 enim
2400 2344 2460 2400 in
2517 2360 2699 2417 quem
2761 2361 2865 2398 vos
2924 2344 3241 2412 conﬁditis,
3292 2342 3387 2397 ille
3440 2358 3549 2396 vos
3602 2344 3864 2396 accusat

2185 2436 2384 2505 (Joan.
2418 2435 2493 2503 v).
2532 2457 2559 2483 ››
2589 2433 2741 2489 .Ioab
2789 2450 2925 2488 vero
2974 2432 3029 2488 in
3086 2449 3187 2487 cor
3230 2431 3514 2488 Absalom
3568 2436 3685 2484 tres
3716 2429 3856 2485 lan-

2185 2540 2322 2580 ceas
2352 2523 2562 2593 inﬁgit,
2599 2539 2737 2579 cum
2768 2523 3053 2595 antiquus
3083 2522 3269 2578 hostis
3301 2520 3671 2593 superbiam,
3706 2535 3858 2574 ava-

2184 2613 2384 2668 ritiam
2411 2617 2469 2668 et
2516 2612 2802 2667 invidiam
2864 2628 2968 2667 seu
3027 2610 3341 2683 perﬁdiam
3390 2609 3451 2665 in
3485 2626 3587 2663 cor
3615 2607 3857 2663 Judaici

2186 2700 2391 2773 populi
2413 2701 2679 2767 immisit,
2696 2717 2832 2772 qua
2864 2700 2974 2756 illis
2995 2701 3258 2756 maxime
3286 2698 3635 2772 perditionis
3660 2713 3861 2753 causa

2184 2794 2373 2846 erant.
2407 2790 2657 2862 Superbi
2673 2790 2934 2855 fuerunt,
2957 2790 3056 2863 qui
3091 2790 3149 2845 in
3182 2794 3531 2861 contemptu
3566 2787 3663 2842 Dei
3683 2786 3859 2843 idola

2185 2879 2647 2936 fabricaverunt.
2677 2879 2888 2953 Cupidi
2919 2880 3179 2949 fuerunt,
3206 2878 3310 2951 qui
3338 2894 3443 2950 per
3476 2876 3859 2933 transitorias

2185 2969 2469 3024 virtutum
2502 2968 2726 3024 deliciis
2756 2968 3226 3041 praponebant:
3263 2966 3474 3039 perﬁdi
3498 2982 3638 3022 vero
3669 2970 3727 3021 et
3757 2965 3858 3021 in-

2188 3058 2327 3123 vidi,
2365 3058 2469 3130 qui
2512 3073 2635 3113 non
2667 3057 2862 3114 solum
2916 3057 3087 3114 dictis
3112 3057 3258 3127 legis
3312 3061 3368 3112 et
3411 3054 3858 3128 prophetarum

2186 3148 2629 3221 repugnabant,
2658 3148 2762 3203 sed
2793 3147 2971 3205 etiam
3001 3147 3190 3220 ipsius
3219 3145 3544 3203 Salvatoris
3574 3161 3857 3218 prasen-

2185 3237 2327 3293 tiam
2362 3236 2747 3309 spernebant,
2782 3242 2840 3293 et
2864 3236 3169 3293 beneﬁciis
3212 3236 3343 3306 ejus
3368 3234 3585 3305 ingrati
3614 3234 3863 3290 exstite-

2181 3331 2336 3383 rant.
2373 3326 2514 3383 Hinc
2540 3331 2597 3382 et
2651 3326 2710 3381 in
2736 3327 3017 3399 passione
3046 3342 3156 3381 sua
3184 3325 3543 3397 blasphema
3590 3340 3736 3379 voce
3770 3324 3862 3380 ad

2184 3415 2435 3471 Pilatum
2470 3414 2790 3472 dicebant:
2825 3438 2853 3463 ‹‹
2888 3419 3013 3470 Non
3036 3413 3334 3471 habemus
3358 3429 3560 3484 regem
3583 3413 3698 3469 nisi
3731 3417 3861 3470 Ca-

2181 3521 2397 3561 sarem.
2432 3528 2459 3554 ι»
2488 3504 2716 3574 Ingrati
2740 3504 3085 3561 exstiterant
3106 3504 3403 3560 dicentes:
3432 3523 3462 3555 ‹
3488 3502 3545 3561 Si
3571 3503 3737 3558 hunc
3768 3503 3863 3558 di-

2180 3594 2385 3661 mittis,
2414 3610 2535 3649 non
2566 3610 2628 3649 es
2658 3595 2887 3649 amicus
2910 3592 3163 3649 Caesaris
3200 3593 3394 3662 (Joan.
3415 3597 3562 3658 xix).
3600 3614 3628 3640 »
3662 3592 3864 3647 Absa-

2181 3681 2303 3737 lout
2360 3699 2603 3755 quoque
2662 3689 2799 3755 post
2827 3684 3127 3738 interitum
3177 3682 3236 3738 in
3282 3680 3860 3749 foveamjgrandem

2184 3772 2404 3826 missus
2435 3776 2524 3827 est
2554 3788 2693 3826 cum
2726 3772 2967 3844 iniquus
2992 3771 3247 3844 quisque
3280 3777 3416 3844 post
3439 3769 3670 3825 obitum
3721 3785 3859 3825 car-

2185 3859 2279 3914 nis
2312 3860 2370 3914 in
2401 3858 2602 3915 lacum
2652 3859 2868 3916 inferni
2899 3860 3202 3929 mergitur.
3248 3861 3436 3931 Super
3463 3874 3648 3931 quem
3679 3873 3859 3913 acer-

2186 3964 2297 4003 vus
2327 3947 2593 4020 lapidem
2622 3948 3001 4018 congeritur:
3054 3964 3193 4004 cum
3223 3947 3442 4003 duritia
3480 3947 3695 4002 mentis
3723 3964 3861 4002 sua

2186 4036 2266 4092 illi
2289 4035 2707 4109 exprobratur.
2729 4036 2908 4093 David
2927 4036 3285 4093 exstinctum
3305 4035 3548 4109 quidem
3591 4034 3863 4107 ploravit

2187 4143 2325 4182 cum
2358 4126 2657 4181 interitum
2692 4126 2896 4199 populi
2937 4125 3164 4182 Iudaici
3216 4126 3505 4181 Dominus
3549 4124 3731 4192 ﬂevit,
3780 4125 3863 4179 si-

2189 4221 2287 4271 cut
2312 4217 2371 4270 in
2398 4215 2713 4285 Evangelio
2744 4216 2958 4285 legitur
2982 4233 2994 4270 :
3024 4238 3051 4267 «
3078 4215 3291 4272 Videns
3312 4214 3611 4270 civitatem
3644 4213 3861 4269 Hieru-

2188 4303 2396 4369 salem,
2430 4303 2592 4360 ﬂevit
2623 4320 2805 4377 super
2829 4303 2992 4361 illam
3033 4304 3200 4375 (Luc.
3235 4308 3333 4365 IX).
3373 4326 3400 4351 »
3457 4302 3639 4373 Cujus
3668 4302 3863 4358 mise-

2187 4393 2287 4449 ria
2319 4393 2379 4448 in
2412 4397 2641 4449 tantum
2695 4408 3053 4466 compassus
3085 4397 3190 4458 est,
3226 4397 3288 4447 ut
3331 4391 3511 4447 etiam
3540 4406 3737 4462 usque
3770 4391 3862 4446 ad

2190 4488 2441 4538 mortem
2496 4482 2706 4551 crucis,
2739 4482 2801 4538 in
2849 4481 3179 4537 eruditione
3210 4485 3267 4537 et
3307 4497 3450 4536 cura
3481 4479 3688 4535 salutis
3722 4496 3862 4535 sum

2186 4571 2599 4642 permanserit.

2261 4683 2285 4710 ιι
2318 4659 2572 4715 Currens
2616 4675 2758 4730 ergo
2788 4659 3109 4716 Achimaas
3142 4675 3247 4733 per
3283 4658 3448 4714 viam
3476 4658 3859 4729 compendii,

2188 4747 2456 4805 transivit
2487 4749 2683 4806 Chusi.
2719 4772 2748 4799 ››
2774 4749 3090 4805 Achimaas
3129 4747 3284 4803 ﬁlius
3318 4746 3577 4813 Sadoch,
3607 4745 3713 4819 qui
3746 4764 3863 4819 po-

2187 4837 2395 4893 sterior
2423 4838 2602 4910 capit
2629 4843 2686 4893 et
2707 4838 2869 4912 prior
2897 4838 3023 4911 ipse
3044 4836 3451 4911 praecucurrit,
3475 4835 3857 4892 alacritatem

2186 4926 2596 4999 quorumdam
2614 4932 2958 4983 sanctorum
2992 4928 3407 4999 pratigurasse
3432 4940 3555 4980 non
3586 4923 3857 4981 dubium

2186 5020 2293 5071 est.
2319 5016 2427 5081 Qui
2459 5033 2596 5072 cum
2630 5017 2746 5072 sint
2772 5017 3161 5073 conversione
3192 5014 3520 5083 novissimi,
3552 5013 3859 5087 plurimos

2187 5110 2389 5161 tamen
2420 5106 2598 5162 exeis
2627 5105 2729 5179 qui
2777 5106 2911 5162 illos
2958 5107 3166 5179 praeire
3213 5105 3593 5169 videbantur,
3640 5104 3764 5159 ﬁde
3796 5113 3862 5161 et

2184 5194 2498 5253 dilectione
2528 5201 2708 5268 atque
2737 5195 2967 5251 fervore
2998 5195 3241 5267 spiritus
3272 5193 3653 5250 antecedunt.

2800 5285 3030 5341 CAPUT
3068 5284 3226 5339 XIX.

2254 5396 2283 5428 ‹
2316 5375 2600 5449 Venitque
2629 5374 2945 5431 universus
2972 5372 3235 5445 populus
3264 5388 3469 5428 coram
3500 5387 3660 5441 rege.
3694 5395 3722 5421 »
3757 5372 3860 5428 Ille

2180 5463 2454 5520 videlicet
2483 5464 2753 5538 quicum
2796 5462 2986 5519 David
3023 5466 3457 5534 permanserat.
3503 5460 3679 5526 Quod
3706 5477 3862 5517 vero

2182 5552 2284 5608 ait.
2314 5577 2340 5603 ‹‹
2375 5553 2553 5609 Israel
2583 5552 2732 5622 fugit
2779 5552 2841 5607 in
2871 5550 3260 5609 tabernacula
3295 5565 3427 5613 sua,
3466 5574 3491 5597 ››
3540 5548 3603 5605 hi
3631 5548 3859 5605 intelli-

2180 5642 2355 5711 gendi
2391 5647 2531 5699 sunt
2558 5643 2824 5715 quicum
2852 5639 3138 5701 Absalom
3160 5637 3639 5716 perduellionem
3660 5636 3861 5693 rebel-

2176 5730 2263 5785 les
2283 5733 2647 5791 exstiterant.
