3940 6406
92 269 194 323 377

1102 269 1357 324 ENARB.
1402 269 1468 323 IN
1510 265 2054 322 LIBROS'REGUM.
2096 297 2162 308 —-
2202 265 2272 324 IN
2315 269 2442 324 LIB.
2483 273 2548 326 II.

3447 273 3551 326 378

166 414 193 438 «
236 389 633 464 Miphiboseth
662 406 929 464 quoque,
953 389 1111 447 ﬁlius
1136 391 1430 458 Jonathaa,
1461 388 1772 446 descendit
1798 391 1849 442 Α
1888 389 2039 446 vitas
2063 391 2207 446 urbs
2233 393 2459 448 consilii
2486 393 2723 450 exstitit.
2757 397 2813 449 et
2837 393 2940 466 qui
2964 391 3208 466 aliquod
3231 393 3549 450 consilium

96 505 121 528 «
164 479 225 535 in
253 496 581 536 occursum
613 481 772 549 regis
823 479 1000 536 illotis
1033 479 1318 552 pedibus.
1353 501 1380 529 »
1429 484 1490 536 In
1527 479 1772 535 Hebraeo

94 585 216 626 non
248 571 407 636 lotis,
427 569 533 624 sed
565 571 806 639 infectis
825 568 1041 639 legitur
1055 570 1772 644 pedibus.Feceratnam-

93 675 211 732 que
244 658 384 728 sibi,
419 663 485 713 ut
518 658 747 715 Hebraei
773 659 1040 729 tradunt,
1062 659 1294 730 ligneos
1321 658 1526 732 pedes,
1551 658 1773 730 quibus

97 749 179 804 uti
207 747 386 820 quasi
417 763 529 819 pro
559 747 941 803 naturalibus
999 747 1252 810 solebat,
1287 748 1437 804 sicut
1468 747 1663 803 solent
1691 747 1774 802 fa-

97 853 224 894 cere
249 836 473 904 claudi,
496 837 1025 909 quemadmodum
1056 843 1113 894 et
1141 837 1237 893 ille
1270 843 1419 894 erat.

168 950 195 975 ‹‹
238 925 335 981 Ait
380 930 584 981 autem
640 941 744 980 rex
787 926 865 981 ad
907 926 1301 1000 Miphiboseth
1349 945 1362 982 :
1412 925 1564 992 Quid
1619 924 1773 980 ultra

99 1039 124 1064 α
165 1015 433 1088 loqueris
463 1016 490 1071 ?
524 1015 734 1070 Fixum
763 1021 849 1072 est
907 1016 1074 1089 quod
1122 1017 1358 1072 locutus
1390 1033 1548 1072 sum.
1604 1019 1687 1070 Tu
1717 1019 1775 1070 et

100 1130 124 1155 ‹‹
170 1106 311 1162 Siba
341 1104 591 1160 dividite
610 1105 1047 1178 possessiones.
1091 1129 1118 1156 »
1180 1108 1243 1162 In
1279 1106 1523 1162 Hebrieo
1555 1121 1770 1175 agrum

99 1195 330 1264 legitur.
371 1193 526 1259 Quia
573 1193 633 1250 in
675 1195 787 1250 hoc
823 1194 955 1250 loco
988 1195 1177 1252 David
1225 1195 1548 1251 immemor
1573 1193 1773 1250 amici-

100 1284 193 1338 tiae
224 1282 334 1338 fuit
361 1287 418 1338 et
476 1281 738 1349 faaderis,
789 1283 913 1339 imo
966 1285 1296 1354 juramenti
1343 1284 1510 1358 quod
1562 1282 1776 1338 habuit

99 1388 232 1426 cum
263 1371 592 1441 Jonathan,
625 1377 682 1426 et
715 1377 836 1426 tam
868 1373 1108 1428 crudele
1138 1373 1304 1429 dedit
1337 1373 1655 1444 judicium,
1688 1370 1773 1426 di-

99 1477 236 1517 cens
272 1477 284 1514 :
323 1484 351 1509 «
385 1463 469 1516 Tu
508 1466 565 1516 et
595 1461 736 1515 Siba
763 1461 1006 1518 dividite
1038 1478 1274 1533 agrum.
1313 1486 1342 1513 »
1399 1463 1622 1517 Idcirco
1659 1464 1772 1516 Ro-

98 1549 275 1605 boam
327 1555 385 1604 et
442 1549 785 1615 Jeroboam,
842 1556 906 1607 ut
937 1552 1124 1618 aiunt,
1171 1551 1503 1607 diviserunt
1530 1552 1660 1622 ejus
1687 1567 1776 1606 re-

103 1656 307 1709 gnum.
340 1639 738 1710 Miphibosetli
772 1641 930 1695 enim
955 1641 1015 1696 in
1041 1642 1333 1697 Samuelis
1358 1641 1512 1697 libro
1532 1641 1769 1711 legitur,

1886 481 2296 551 requirebant.
2321 483 2414 539 hic
2438 483 2910 553 interrogabant.
2975 485 3038 537 Et
3065 488 3129 538 tu
3165 483 3387 554 quaeris
3416 488 3547 538 tan-

1885 575 2004 624 tam
2035 570 2338 628 destruere
2370 573 2688 642 civitatem,
2719 578 2774 628 et
2807 577 3063 628 matrem
3096 572 3328 627 consilii
3382 589 3547 629 ever-

1883 665 2001 714 tere
2033 661 2093 715 in
2127 662 2300 717 Israel
2328 663 2355 717 ?
2389 663 2665 717 Dicamus
2689 662 3160 718 convenientius.
3219 661 3311 717 Ait
3340 663 3501 718 enim
3531 681 3544 718 :

1884 772 1909 797 «
1949 752 2155 806 Sermo
2185 751 2400 806 dicitur
2429 752 2487 807 in
2515 752 2697 806 veteri
2729 751 3069 820 proverbio,
3116 774 3142 798 ››
3182 757 3292 806 etc.
3345 755 3406 806 In
3435 752 3548 806 He-

1881 838 2046 895 braeo
2075 856 2197 895 non
2219 840 2475 897 habetur
2505 841 2894 912 «proverbio,
2932 862 2958 888 »
2993 841 3106 894 Iste
3158 856 3379 907 sermo,
3425 857 3546 896 ser-

1882 944 1984 983 mo
2013 929 2162 997 legis
2191 935 2280 985 est
2304 930 2364 984 in
2396 947 2520 1002 qua
2545 931 2791 1000 jubetur
2812 948 2846 984 a
2874 931 3125 986 Domino
3151 945 3258 1002 per
3279 933 3543 1002 Moysen,

1882 1023 1946 1072 ut
1974 1019 2224 1090 quando
2279 1019 2608 1089 ingressuri
2663 1025 2859 1076 essent
2899 1025 3118 1076 terram
3177 1021 3461 1077 Chanaan
3493 1026 3549 1076 et

1883 1098 2088 1175 gentes
2132 1106 2403 1169 deleturi,
2459 1108 2722 1180 primum
2775 1123 2989 1179 pacem
3028 1109 3355 1163 offerrent:
3390 1113 3447 1163 et
3500 1107 3547 1162 si

1881 1210 2001 1266 pax
2023 1195 2101 1251 ab
2124 1195 2207 1250 eis
2239 1196 2615 1269 reciperetur,
2667 1213 2880 1269 pacem
2911 1197 3265 1268 recipientes
3297 1198 3544 1252 tributa-

1881 1285 1950 1340 rii
1979 1301 2190 1340 eorum
2221 1284 2597 1341 efﬁcerentur
2631 1304 2642 1340 :
2677 1290 2734 1341 et
2791 1287 2837 1340 si
2895 1302 3110 1358 pacem
3169 1301 3288 1341 non
3327 1287 3547 1358 recipe-

1881 1379 2029 1440 rent,
2063 1376 2270 1443 tuncja
2299 1375 2434 1429 filiis
2464 1375 2639 1430 Israel
2666 1374 3024 1430 delerentur.
3087 1374 3309 1430 Idcirco
3349 1375 3544 1431 excla-

1883 1479 2080 1518 masse
2108 1464 2322 1519 mulier
2352 1464 2595 1536 sapiens
2626 1465 2699 1519 de
2730 1464 2964 1518 civitate
2997 1463 3175 1518 fertur
3217 1481 3230 1518 :

1955 1575 1983 1602 «
2034 1556 2238 1608 Nonne
2266 1569 2377 1624 ego
2409 1570 2542 1608 sum
2566 1569 2702 1625 quae
2735 1551 3117 1625 respondebo
3151 1551 3454 1607 veritatem
3486 1553 3548 1607 in

1883 1665 1910 1691 «
1953 1641 2152 1708 Israel,
2175 1648 2232 1697 et
2254 1647 2316 1698 tu
2336 1643 2556 1714 quieris
2588 1643 2930 1697 subvertere
2963 1642 3261 1696 civitatem
3291 1641 3318 1697 ?
3351 1642 3546 1706 Quare

100 1729 156 1783 id
182 1735 288 1795 est,
318 1728 720 1800 Miphibosetli
754 1728 1176 1802 interpretatur
1207 1732 1455 1801 litigans
1506 1746 1635 1785 cum
1670 1730 1759 1784 Αι-

1957 1732 2290 1804 praacipitas
2318 1731 2725 1787 hiereditatem
2771 1730 3002 1786 Domini
3036 1731 3064 1785 ?
3096 1753 3122 1779 »
3155 1737 3236 1786 Ac
3286 1730 3332 1785 si
3387 1731 3545 1785 dice-

103 1819 339 1873 tissimo.
386 1817 653 1886 Litigans
684 1817 844 1873 enim
877 1835 1015 1874 cum
1057 1819 1382 1886 Altissimo,
1443 1820 1501 1874 id
1534 1823 1621 1874 est
1653 1821 1770 1873 Deo

103 1909 275 1961 fuisse.
298 1906 538 1973 dicitur,
569 1923 642 1962 eo
663 1910 826 1978 quod
852 1907 1192 1964 reduxisset
1218 1909 1402 1964 David
1428 1925 1566 1964 cum
1597 1924 1769 1981 pace.

106 1996 260 2051 Unde
291 1995 466 2068 quod
497 1996 578 2051 ait
603 1997 728 2065 regi
763 2013 776 2050 :
809 2020 836 2046 ‹‹
864 1998 1051 2052 Etiam
1083 2003 1300 2054 cuncta
1331 1997 1586 2070 accipiat
1607 2002 1772 2069 post-

105 2111 128 2132 ιι
169 2101 349 2157 quam
380 2101 662 2140 reversus
684 2090 772 2140 est
800 2085 1086 2140 dominus
1103 2103 1276 2142 meus
1298 2102 1400 2141 rex
1426 2086 1487 2140 in
1519 2085 1771 2140 domum

106 2196 130 2220 α
171 2190 339 2229 suam
403 2174 682 2246 paciﬁca,
719 2196 746 2222 »
807 2191 930 2230 non
989 2175 1104 2230 hoc
1156 2174 1377 2231 dixisse
1435 2174 1775 2246 suspicatur

107 2263 421 2332 gratulanti
482 2263 711 2326 animo,
764 2263 868 2318 sed
899 2263 1229 2331 insultanti,
1279 2269 1335 2320 et
1366 2263 1540 2336 quasi
1568 2266 1776 2317 contra

110 2354 284 2407 Deum
322 2353 754 2421 murmuranti,
804 2368 876 2408 eo
932 2354 1096 2426 quod
1144 2353 1433 2409 Dominus
1473 2350 1672 2422 ,David
1714 2350 1773 2405 in

111 2460 248 2516 pace
277 2443 642 2499 reduxisset.

175 2554 199 2581 α
244 2535 308 2588 Et
337 2534 418 2589 ait
449 2533 730 2588 Berzellai
781 2533 861 2590 ad
917 2549 1122 2603 regem
1169 2551 1182 2588 :
1243 2536 1340 2589 Est
1387 2537 1589 2588 autem
1628 2531 1774 2585 Cha-

114 2645 136 2670 υ
179 2637 375 2678 maam
409 2638 627 2677 servus
658 2628 816 2693 tuus,
849 2623 977 2696 ipse
1004 2622 1292 2679 ascendat
1313 2627 1532 2678 tecum.
1570 2644 1596 2670 »
1631 2620 1778 2674 Cha-

113 2728 306 2768 maam
336 2713 766 2785 interpretatur
793 2716 1129 2784 suspirans,
1153 2712 1429 2786 quandiu
1455 2711 1615 2767 enim
1633 2726 1774 2766 cum

115 2807 267 2872 patre
297 2803 656 2874 permansit,
691 2803 1005 2876 suspirans
1032 2809 1277 2859 vocatus
1303 2806 1408 2858 est.
1447 2802 1774 2872 Postquam

114 2905 245 2945 vero
271 2889 329 2945 in
357 2891 703 2946 doctrinam
735 2891 924 2947 David
959 2891 1209 2959 transiit,
1242 2907 1366 2948 non
1419 2891 1772 2953 Chamaam,

114 2979 210 3033 sed
240 2979 490 3050 Chama,
519 2979 690 3052 quod
720 2980 1140 3053 interpretatur
1167 2981 1384 3049 ﬁdelis,
1439 2977 1775 3052 appellatus

114 3073 213 3122 est.

753 3160 982 3217 CAPUT
1026 3163 1131 3216 XX.

181 3270 204 3296 «
243 3248 467 3304 Accidit
503 3252 706 3304 autem
732 3255 798 3304 ut
829 3249 910 3304 ibi
943 3255 1101 3304 esset
1152 3249 1243 3304 vir
1300 3248 1498 3317 Belial,
1527 3248 1774 3304 nomine

117 3361 139 3382 «ε
183 3336 347 3407 Seba,
387 3337 554 3393 ﬁlius
617 3339 844 3405 Bochri,
903 3339 991 3394 vir
1017 3339 1342 3406 Jemineus,
1377 3362 1405 3387 ››
1447 3344 1559 3394 etc.
1620 3336 1775 3393 Seba

118 3425 197 3481 vir
224 3428 420 3494 Belial,
450 3429 562 3501 qui
595 3428 982 3485 lsraeliticum
1004 3429 1302 3502 populum
1319 3445 1354 3484 a
1376 3428 1562 3484 domo
1587 3425 1776 3482 David

115 3514 365 3574 dividere
403 3523 667 3574 conatus
709 3523 820 3586 est,
874 3518 1137 3590 ﬁguram
1180 3517 1436 3589 gestavit
1465 3516 1772 3573 haeretico-

119 3621 260 3674 rum,
289 3608 390 3680 qui
447 3607 696 3681 plebem
751 3608 852 3664 Dei
883 3608 1156 3664 scindere
1213 3607 1508 3677 volentes,
1550 3607 1611 3662 in
1644 3607 1778 3678 ipsa

121 3711 220 3751 sua
248 3712 434 3770 prava
456 3698 793 3754 intentione
846 3698 1014 3771 prius
1047 3697 1319 3754 damnati
1367 3697 1446 3753 ab
1491 3694 1773 3764 Ecclesia,

122 3786 463 3855 moriuntur,
509 3802 704 3860 quam
752 3787 868 3842 hoc
915 3786 1082 3859 quod
1141 3790 1468 3859 cceperant,
1529 3784 1776 3857 implere

121 3875 360 3945 possint.
397 3879 475 3932 De
507 3891 637 3948 quo
668 3875 903 3948 plenius
930 3875 1202 3931 dicemus
1231 3876 1294 3930 in
1332 3879 1663 3948 posterum.

186 3988 209 4012 ιι
251 3964 399 4022 Dixit
420 3965 631 4039 itaque
659 3965 813 4022 Joab
842 3964 921 4022 ad
950 3970 1237 4022 Amasam
1270 3983 1283 4020 :
1315 3964 1508 4032 Salve,
1546 3964 1629 4020 mi
1655 3964 1774 4020 fra-

122 4074 146 4101 α
185 4058 281 4111 ter.
335 4058 398 4110 Et
434 4054 630 4111 tenuit
674 4071 864 4110 manu
916 4054 1162 4110 dextera
1219 4059 1488 4111 mentum
1541 4059 1774 4108 Amasze

123 4167 146 4190 ιι
182 4145 351 4214 quasi
381 4144 674 4200 osculans
697 4160 859 4200 eum.
892 4147 1072 4199 Porro
1095 4149 1317 4199 Amasa
1341 4159 1464 4199 non
1495 4143 1777 4198 observa-

124 4253 146 4274 «ι
186 4232 259 4289 vit
283 4232 554 4303 gladium
607 4249 794 4305 quem
823 4232 1090 4289 habebat
1135 4233 1306 4300 Joab,
1351 4233 1456 4305 qui
1482 4233 1780 4305 percussit

123 4343 145 4364 α
184 4337 316 4378 eum
339 4323 397 4378 in
419 4323 631 4389 latere,
647 4327 704 4378 et
721 4321 931 4378 effudit
951 4322 1233 4379 intestina
1254 4323 1385 4394 ejus
1404 4323 1465 4377 in
1490 4328 1726 4377 terram.
1749 4345 1775 4370 ››

125 4410 262 4473 Quid
289 4417 374 4466 est
398 4412 568 4485 quod
601 4411 756 4466 Joab
805 4416 1040 4468 Amasae
1099 4417 1373 4467 mentum
1422 4411 1666 4466 dextera
1701 4416 1778 4466 te-

124 4502 256 4562 nuit,
285 4501 386 4555 sed
428 4502 737 4556 sinistram
765 4500 845 4556 ad
889 4501 1160 4570 gladium
1212 4501 1464 4556 latenter
1514 4500 1773 4568 mittens,

125 4588 241 4655 ejus
274 4589 500 4646 viscera
528 4589 761 4657 effudit,
797 4589 909 4645 nisi
934 4590 1051 4645 hoc
1076 4589 1245 4663 quod
1273 4595 1549 4663 patenter
1601 4590 1779 4645 datur

125 4675 407 4749 intelligi?
458 4681 714 4735 Dextera
765 4696 1033 4753 namque
1093 4685 1362 4736 mentum
1420 4685 1617 4736 tenere
1668 4685 1778 4743 est,

127 4768 285 4838 quasi
327 4786 398 4823 ex
436 4769 808 4840 benignitate
855 4769 1137 4826 blandiri.
1188 4770 1301 4826 Sed
1348 4770 1652 4825 sinistram
1702 4768 1781 4824 ad

131 4855 376 4922 gladium
428 4859 626 4922 mittit,
659 4858 764 4930 qui
817 4858 1068 4914 latenter
1105 4875 1179 4914 cx
1230 4858 1460 4916 malitia
1507 4858 1779 4931 percutit.

130 4943 208 4997 Sic
236 4947 380 5001 loab
406 4962 656 5019 quoque
680 4946 899 5002 blande
927 4952 984 5003 et
1004 4947 1264 5019 benigne
1282 4947 1520 5004 locutus
1547 4953 1652 5009 est,
1675 4947 1781 5003 sed

132 5046 193 5086 ex
224 5035 440 5091 malitia
468 5037 529 5090 in
559 5034 702 5091 dolo
725 5035 963 5092 occidit.

195 5144 220 5168 α
261 5125 321 5178 Et
347 5124 712 5180 exclamavit
745 5123 960 5181 mulier
999 5124 1240 5197 sapiens
1282 5124 1357 5182 de
1407 5125 1642 5180 civitate
1702 5126 1780 5180 ad

136 5231 158 5252 υ
193 5211 354 5283 Joab,
383 5213 595 5270 dicens
627 5231 640 5269 :
675 5215 902 5280 Sermo,
935 5213 1148 5287 inquit,
1173 5214 1486 5270 dicebatur
1514 5215 1574 5269 in
1604 5216 1781 5269 veteri

138 5320 158 5342 α
199 5303 502 5370 proverbio
541 5320 553 5358 :
591 5304 700 5367 Qui
729 5303 1118 5374 interrogant,
1174 5303 1540 5372 interrogent
1572 5303 1777 5369 Abelzi,

138 5406 160 5430 «
197 5393 248 5441 et
275 5389 352 5444 sic
379 5390 797 5463 proﬁciebant.
836 5396 1184 5461 Nonneego
1215 5409 1351 5448 sum
1380 5409 1516 5464 qua:
1540 5409 1782 5465 respon-

137 5495 159 5519 «
196 5474 342 5533 debo
373 5480 681 5537 veritatem
704 5482 908 5552 Israel,
933 5487 989 5539 et
1012 5487 1073 5538 tu
1095 5482 1312 5555 quaeris
1336 5481 1680 5537 subvertere
1706 5483 1780 5536 ci-

143 5583 164 5606 (ί
202 5565 467 5624 vitatem?
495 5575 554 5626 et
585 5570 836 5643 reliqua.
870 5594 897 5620 ››
928 5571 1020 5628 Ait
1051 5571 1210 5628 enim
1234 5587 1298 5641 :_«
1321 5570 1778 5642 Sermo,inquit,

143 5649 422 5712 dicebatur
456 5657 514 5713 in
538 5659 792 5731 antiquo
836 5660 1176 5734 proverbio,
1227 5659 1331 5731 qui
1386 5659 1778 5729 interrogant.

145 5736 499 5815 interrogent,
528 5772 558 5798 κ
591 5754 702 5806 etc.
726 5754 806 5806 Ac
832 5750 880 5805 si
909 5754 1113 5822 aperte
1140 5749 1438 5806 diceretur
1468 5765 1480 5802 :
1531 5749 1667 5805 Haec
1698 5750 1778 5806 ei-

1883 1827 1970 1877 ret
1999 1839 2011 1876 :
2044 1821 2160 1876 Cur
2181 1821 2270 1876 vis
2302 1820 2606 1876 destruere
2661 1821 2961 1876 civitatem
3004 1821 3159 1875 hanc
3219 1824 3547 1891 antequam

1881 1927 2095 1983 pacem
2115 1910 2552 1981 interrogando
2583 1910 2826 1980 otferas,
2849 1910 3001 1964 sicut
3024 1910 3083 1964 in
3106 1909 3235 1978 lege
3253 1909 3548 1979 jubetur?

1884 2003 1999 2056 Cur
2021 2000 2200 2055 etiam
2233 2015 2354 2054 non
2409 1999 2603 2068 legem
2662 2000 2722 2054 in
2772 1999 2948 2054 nobis
2989 1997 3266 2053 lsraelitis
3320 2014 3545 2061 servas,

1881 2105 2018 2162 quae
2049 2089 2108 2144 in
2149 2088 2497 2159 alienigenis
2528 2088 2671 2143 olim
2695 2092 2930 2143 servata
2957 2087 3099 2142 est?

1957 2202 1983 2226 ‹‹
2029 2180 2154 2234 Fuit
2183 2183 2383 2234 autem
2415 2177 2569 2233 Joab
2599 2193 2780 2250 super
2809 2191 3053 2232 omnem
3089 2175 3284 2230 Israel.
3320 2198 3349 2225 »
3382 2174 3548 2230 Redi-

1885 2272 1978 2323 tus
2000 2269 2202 2339 itaque
2223 2267 2528 2322 lsraelitici
2559 2266 2766 2338 populi
2793 2265 2872 2320 ad
2912 2265 3094 2320 David
3127 2268 3264 2336 post
3279 2264 3547 2320 interfec-

1883 2357 2108 2413 tionem
2126 2355 2429 2422 Absalom,
2457 2356 2713 2411 reditum
2741 2355 2956 2427 prioris
2983 2353 3224 2426 populis
3251 2352 3328 2408 ad
3359 2352 3550 2407 Chris-

1885 2451 2012 2501 tum
2035 2450 2174 2518 post
2212 2445 2517 2501 interitum
2550 2460 2875 2517 pravorum
2903 2443 3328 2514 magistrorum
3362 2441 3547 2511 signi-

1884 2536 2126 2591 ﬁcabat.
2178 2534 2332 2590 Seba
2387 2549 2530 2602 ergo
2585 2534 2740 2588 illius
2801 2532 3028 2599 Bochri,
3091 2532 3195 2604 qui
3252 2531 3549 2604 populum

1885 2625 2230 2680 seducendo
2260 2624 2338 2680 ad
2367 2624 2568 2689 David,
2602 2623 2927 2684 avertebat,
2959 2637 3222 2677 errorem
3253 2620 3550 2690 signiﬁcat

1883 2717 1988 2787 qui
2024 2715 2084 2768 in
2109 2717 2432 2786 Synagoga
2456 2712 2802 2767 Iudaeorum
2831 2711 3056 2766 diutius
3099 2709 3549 2772 dominabatur,

1885 2808 1998 2875 etja
2018 2803 2278 2859 veritatis
2294 2801 2504 2858 auditu
2527 2801 2822 2873 populum
2842 2799 3244 2856 subvertebat.
3264 2799 3550 2870 Interpre-

1886 2898 2042 2949 tatur
2059 2898 2260 2950 autem
2277 2891 2428 2948 Seba
2455 2898 2633 2956 secta,
2661 2890 2993 2957 asecando,
3022 2905 3143 2944 non
3171 2904 3207 2944 a
3238 2887 3551 2943 sectando.

1889 2982 2095 3037 Bochri
2119 2986 2320 3036 autem
2343 2980 2763 3052 interpretatur
2789 2979 3224 3048 primogenitus
3254 2993 3436 3032 meus.
3476 2980 3552 3031 Is-

1884 3072 2004 3127 rael
2027 3086 2170 3140 ergo
2187 3070 2261 3125 de
2277 3086 2402 3142 quo
2423 3068 2710 3141 scriptum
2731 3072 2847 3123 est:
2875 3067 3100 3122 «Filius
3118 3065 3553 3138 primogenitus

1888 3160 2069 3216 Israel
2091 3175 2274 3231 quem
2296 3158 2475 3213 eduxi
2497 3157 2570 3211 de
2600 3160 2853 3228 Egypto
2883 3155 3090 3224 (Mich.
3116 3155 3214 3224 v1),
3245 3176 3272 3202 »
3309 3153 3548 3218 Sebam,

1885 3251 1946 3306 id
1974 3255 2065 3305 est
2084 3263 2345 3305 errorem
2366 3253 2620 3309 secutus,
2646 3244 3130 3316 resequestrabat
3161 3260 3198 3300 a
3224 3242 3409 3299 domo
3442 3242 3552 3298 Da-

1885 3340 2009 3409 vid,
2045 3337 2366 3395 Ecclesiam
2407 3335 2793 3407 semetipsam
2847 3333 3185 3407 separabat,
3242 3350 3381 3389 cum
3423 3333 3552 3403 ejus

1886 3435 2248 3487 conventum
2309 3425 2679 3482 exsecrando
2731 3425 3014 3495 negabat.
3079 3425 3138 3479 Hi
3195 3439 3336 3492 ergo
3395 3428 3555 3495 post-

1885 3536 2075 3592 quam
2105 3534 2210 3590 per
2241 3515 2505 3572 mulieris
2537 3514 2822 3587 sapientis
2863 3513 3330 3582 suggestionem,
3357 3518 3413 3567 et
3439 3512 3555 3584 spi-

1886 3609 2073 3665 ritalis
2106 3606 2393 3662 doctrinze
2436 3604 2828 3660 eruditionem
2865 3608 3045 3677 caput
3093 3601 3249 3658 Seba
3278 3601 3552 3657 abscide-

1886 3703 2040 3766 rant,
2075 3697 2133 3752 id
2167 3701 2253 3751 est
2273 3694 2584 3750 diabolum
2613 3709 2648 3748 a
2679 3693 2857 3749 corde
2886 3709 2997 3747 suo
3018 3691 3382 3762 abjecerant,
3411 3706 3554 3745 mox

1888 3787 1966 3842 ad
2002 3786 2188 3843 David
2235 3787 2632 3846 revertuntur,
2667 3799 2807 3838 cum
2865 3781 3161 3836 Christum
3204 3779 3419 3834 Filium
3454 3778 3552 3834 Dei

1889 3875 2068 3931 corde
2100 3873 2345 3930 credulo
2376 3874 2760 3928 venerantur.

2514 4012 2751 4069 CAPUT
2792 4011 2923 4067 XXI.

1961 4143 2059 4198 Hic
2087 4141 2353 4213 sequitur
2378 4139 2632 4212 qualiter
2661 4137 2852 4193 fames
2883 4135 3038 4191 facta
3091 4140 3182 4190 est
3221 4135 3280 4190 in
3340 4133 3552 4189 diebus

1889 4231 2076 4288 David
2131 4230 2321 4286 tribus
2378 4228 2572 4284 annis.
2611 4231 2671 4282 Et
2716 4243 2853 4282 cum
2913 4225 3316 4280 consuluisset
3361 4223 3555 4279 Domi-

1887 4334 2442 4391 num,responsum
2474 4320 2564 4372 est
2614 4334 2626 4371 :
2689 4316 2860 4382 Quod
2899 4320 3144 4389 propter
3192 4312 3335 4370 Saul
3365 4319 3420 4368 et
3445 4312 3553 4368 do-

1891 4427 2059 4467 mum
2093 4410 2223 4480 ejus
2256 4413 2312 4463 et
2343 4406 2724 4476 sanguinem,
2757 4405 2902 4478 quia
2927 4403 3146 4461 occidit
3163 4402 3550 4468 Gabaonitas,

1891 4505 1947 4556 et
1977 4499 2224 4571 reliqua.
2261 4497 2380 4554 Filii
2414 4495 2554 4553 Saul
2586 4495 2688 4568 qui
2720 4511 2857 4550 cum
2893 4496 3055 4560 Doeg
3085 4493 3373 4558 ldumaeo,
3405 4492 3553 4547 dum

1892 4589 2092 4646 adhuc
2125 4588 2292 4661 pueri
2341 4589 2564 4650 essent,
2597 4584 2938 4640 sacerdotes
2992 4587 3050 4637 et
3095 4581 3458 4636 Gabaonitas
3492 4580 3553 4634 in

1893 4679 2055 4736 Nobe
2087 4677 2449 4743 occiderant,
2482 4675 2542 4730 hi
2573 4678 2714 4729 sunt
2751 4672 2998 4728 Armoni
3051 4674 3105 4724 et
3137 4667 3552 4749 Miphiboseth,

1893 4785 2048 4840 quos
2080 4765 2310 4839 peperit
2338 4763 2390 4819 ei
2418 4762 2654 4834 Respha
2680 4761 2804 4816 ﬁlia
2849 4759 3024 4821 Ahia,
3065 4764 3122 4812 et
3149 4757 3419 4829 quinque
3450 4753 3556 4810 ﬁli1

1893 4856 2103 4914 Michol
2124 4854 2259 4909 ﬁliae
2294 4851 2454 4915 Saul,
2486 4866 2641 4922 quos
2686 4847 2892 4919 genuit
2917 4845 3132 4902 Adrieli
3182 4844 3304 4900 ﬁlio
3338 4843 3554 4899 Berzel-

1894 4947 1992 5006 Iai.
2025 4945 2129 5017 qui
2161 4944 2267 4999 fuit
2302 4942 2376 4998 de
2407 4941 2593 4996 domo
2626 4937 2812 4995 Lathi.‘
2859 4934 3151 5001 Quaeritur
3182 4950 3288 4990 cur
3317 4933 3419 4989 ﬁlii
3462 4933 3555 4989 Mi-

1894 5035 2028 5090 chol
2049 5035 2350 5099 dicuntur,
2392 5046 2530 5086 cum
2579 5043 2701 5083 non
2755 5024 2986 5091 Michol,
3046 5023 3151 5079 sed
3205 5024 3337 5095 ejus
3387 5039 3557 5080 soror

1893 5123 2087 5181 Merod
2118 5138 2268 5176 uxor
2299 5119 2472 5174 fuerit
2500 5115 2716 5172 Adrieli
2739 5114 2862 5170 tilio
2895 5113 3212 5171 Bercellai?
3261 5113 3432 5180 Quod
3478 5113 3557 5168 ita

1894 5212 2172 5269 solvitur:
2208 5207 2404 5266 Merob
2451 5206 2676 5278 quippe
2707 5220 2810 5261 eos
2840 5204 3188 5261 naturaliter
3245 5202 3470 5271 genuit,
3501 5205 3558 5256 et

1893 5300 2102 5360 Micliol
2132 5314 2283 5354 uxor
2313 5296 2520 5367 David,
2549 5310 2684 5368 quae
2715 5299 2771 5350 et
2794 5293 2935 5364 Egla
2956 5293 3192 5357 dicitur,
3218 5308 3322 5346 eos
3342 5290 3403 5344 in
3423 5289 3557 5344 loco

1895 5391 2154 5446 ﬁliorum
2188 5385 2452 5450 nutrivit,
2479 5390 2537 5439 et
2561 5383 2670 5439 sibi
2694 5384 2754 5438 in
2799 5382 2954 5437 filios
2985 5379 3312 5451 adaptavit,
3335 5377 3558 5434 idcirco

1895 5481 2022 5551 ejus
2050 5478 2150 5533 lilii
2186 5476 2468 5531 dicuntur
2501 5493 2513 5529 :
2551 5496 2578 5523 «
2615 5472 2733 5528 Filii
2767 5472 2926 5526 enim
2984 5468 3185 5531 Israel,
3251 5473 3315 5523 ut
3371 5467 3562 5540 Scrip-

1894 5579 2027 5625 tura
2056 5567 2250 5626 refert,
2280 5565 2636 5634 juraverunt
2670 5559 3038 5625 Gabaonitis,
3066 5559 3172 5613 sed
3204 5556 3344 5614 Saul
3371 5555 3561 5613 voluit

1894 5664 2198 5731 percutere
2231 5671 2333 5709 cos
2361 5651 2479 5707 zelo
2512 5651 2682 5723 quasi
2717 5666 2826 5722 pro
2859 5649 2993 5704 liliis
3031 5648 3202 5704 Israel
3241 5652 3296 5702 et
3326 5646 3498 5702 Juda.
3533 5669 3558 5695 η

1889 5764 1962 5803 eo
1985 5745 2152 5820 quod
2181 5743 2428 5800 eosdem
2452 5741 2652 5798 vivere
2680 5743 2856 5796 Josue
2887 5739 3070 5810 gratis
3099 5735 3560 5810 quodammodo
