3940 6404
366 265 472 320 3‘19

1482 256 1840 315 ANGELOMI
1875 250 2338 312 LUXOVIENSIS
2375 256 2696 315 MONACHI

3711 254 3828 314 380

368 385 723 461 permiserit,
753 388 811 440 et
838 382 1146 439 abstulerit
1176 398 1211 439 a
1248 383 1386 438 ﬁliis
1426 382 1607 438 Israel
1636 380 1905 453 praedam
1939 393 2035 433 eo-
2062 379 2112 433 Α
2150 381 2277 434 tum
2309 381 2517 453 Ephan
2565 381 2926 457 apellaverit,
2960 383 3056 439 vel
3085 382 3272 438 alium
3314 378 3650 456 quemlibet
3701 381 3825 438 hoc

369 492 507 532 rum
538 475 775 545 injuste.
818 472 1002 542 Hujus
1036 471 1273 526 ultionis
1321 488 1510 526 causa
1547 470 1609 525 in
1660 466 2033 523 Gabaonitas

375 563 726 620 Ahimelech
786 559 1070 615 sacerdos
1097 560 1333 631 exstitit,
1359 565 1417 615 et
1451 560 1584 614 ideo
1615 559 1804 613 fames
1832 558 2039 611 exorta

372 656 480 710 est.
513 653 723 707 Fames
745 650 945 721 itaque
966 649 1094 704 haec
1132 648 1430 718 signiﬁcat
1459 648 1822 704 sterilitatem
1844 644 2037 700 bono-

371 759 506 799 rum
524 756 774 813 Operum
794 739 855 793 in
876 737 1175 809 plebibus,
1192 744 1434 811 propter
1447 735 1875 805 negligentiam
1900 733 2038 788 doc-

372 834 566 887 torum
588 828 735 885 dum
756 826 1089 882 inserviunt
1107 827 1538 899 cupiditatibus
1560 824 1829 885 terrenis,
1846 827 2039 877 etnon

370 923 692 993 procurant
740 921 984 989 pastum
1032 916 1381 988 impendere
1432 912 1899 989 praedicationis.
1936 914 2041 965 Ns-

371 1013 581 1064 cantur
602 1022 743 1075 ergo
763 1006 1131 1073 Gabaonitae,
1156 1023 1296 1061 cum
1317 1006 1586 1061 studium
1603 1007 1776 1060 rectas
1799 1016 2044 1057 conver-

371 1097 639 1166 sationis,
670 1102 728 1152 et
756 1096 1112 1153 restauratio
1144 1096 1502 1168 penitentiae,
1533 1100 1671 1168 post
1696 1094 1937 1164 lapsum
1963 1089 2042 1146 ab

369 1186 629 1242 incautis
656 1201 764 1257 per
808 1184 1119 1241 haereticos
1161 1200 1266 1239 seu
1296 1200 1403 1256 per
1448 1183 1747 1249 malignos
1800 1180 2041 1252 spiritus

373 1275 761 1332 subtrahitur.
799 1274 1047 1331 Gabaon
1081 1274 1243 1330 enim
1269 1276 1439 1329 collis
1470 1271 2046 1341 mcm'orisinterpre-

372 1368 549 1421 tatur.
584 1367 650 1419 Et
677 1364 831 1419 bene
862 1362 1208 1419 Gabaonitas
1243 1362 1533 1419 interfecti
1568 1362 1871 1423 dicuntur,
1901 1374 2041 1413 cum

373 1452 659 1511 desidiosi
688 1452 914 1524 quique
940 1457 1076 1524 post
1101 1458 1443 1524 perpetrata
1469 1451 1715 1517 scelera,
1749 1463 1907 1503 vana
1937 1464 2042 1520 spe

376 1542 710 1598 securitatis
742 1557 779 1597 a
807 1540 1053 1596 diabolo
1080 1541 1466 1607 deluduntur,
1499 1541 1606 1612 qui
1622 1540 1835 1594 dicunt
1866 1555 1878 1592 :
1910 1540 2047 1592 «Fa-

376 1632 611 1688 ciamus
636 1630 818 1698 mala,
863 1636 927 1686 ut
966 1631 1204 1685 veniant
1227 1631 1402 1686 nobis
1442 1630 1603 1685 bona
1646 1628 1979 1697 (Rom.m):
2014 1650 2040 1675 ››

2149 472 2392 528 nomine
2421 475 2729 541 notaverit,
2762 474 3055 530 incertum
3085 476 3191 529 est.

2221 584 2249 611 ‹‹
2273 564 2560 628 Quartum
2593 560 2819 620 bellum
2868 562 2976 618 fuit
3003 562 3063 618 in
3091 561 3255 631 Geth,
3281 574 3311 611 »
3343 565 3399 617 et
3427 560 3687 634 reliqua,
3721 574 3825 616 us-

2147 664 2392 724 quequo
2431 653 2529 719 ait,
2555 676 2585 704 ‹‹
2621 653 2685 708 Hi
2730 656 2991 725 quatuor
3018 651 3142 708 nati
3170 654 3310 707 sunt
3337 650 3413 707 de
3465 650 3719 723 Arapha
3760 649 3821 705 in

2149 763 2179 791 «
2213 742 2377 811 Geth,
2406 746 2462 797 et
2500 742 2843 797 ceciderunt
2870 742 2931 797 in
2960 756 3147 797 manu
3190 740 3376 797 David
3406 742 3463 796 et
3492 750 3821 795 servorum

2151 852 2179 880 ‹‹
2207 832 2356 901 ejus.
2390 855 2417 881 ››
2444 833 2710 895 Quatuor
2752 832 2865 887 ista
2889 829 3047 887 bella
3072 836 3280 886 contra
3308 829 3657 886 Palmstinos
3694 827 3825 885 bel-

2150 919 2276 974 lum
2309 919 2645 990 significant
2697 920 2905 976 Christi
2945 920 3113 992 quod
3144 920 3311 975 omni
3340 923 3610 992 tempore
3639 918 3824 973 istius

2149 1009 2284 1063 vitae
2332 1009 2391 1064 in
2420 1009 2705 1065 membris
2745 1009 2867 1064 suis
2898 1014 3103 1065 contra
3131 1008 3396 1081 perﬁdos
3429 1020 3713 1081 quosque
3743 1007 3827 1062 is-

2150 1098 2265 1156 tius
2296 1099 2517 1161 saeculi,
2549 1103 2607 1155 et
2627 1104 2835 1156 contra
2862 1099 3154 1173 spiritales
3183 1098 3478 1171 nequitias
3509 1097 3828 1153 incessan-

2151 1193 2237 1244 ter
2268 1188 2406 1256 agit.
2434 1188 2587 1243 Licet
2625 1189 2784 1243 enim
2814 1189 3006 1244 fastus
3038 1188 3407 1258 mundanus,
3451 1187 3545 1242 vel
3567 1188 3831 1259 propter

2150 1278 2303 1333 vitas
2356 1277 2759 1348 malignorum
2784 1279 3120 1351 spirituum,
3157 1294 3219 1334 se
3260 1277 3449 1345 erigat
3476 1279 3689 1333 contra
3720 1278 3826 1331 Ec-

2153 1367 2395 1423 clesiam
2425 1367 2657 1429 Christi.
2680 1369 2877 1423 omnis
2894 1373 3095 1424 tamen
3124 1367 3495 1439 principatus
3521 1365 3826 1422 adversa-

2152 1456 2399 1524 riorum,
2433 1471 2573 1511 vero
2597 1456 2804 1522 David,
2836 1458 2948 1512 hoc
2970 1461 3214 1527 estrege
3245 1455 3475 1511 Christo
3504 1455 3828 1528 imperan-

2152 1550 2207 1602 te
2237 1562 2306 1602 ac
2328 1547 2532 1618 praelia
2574 1562 2881 1603 servorum
2930 1563 3180 1602 suorum
3227 1545 3604 1618 disponente,
3636 1543 3828 1609 cedit,

2156 1640 2209 1690 et
2236 1649 2446 1691 omnes
2482 1635 2806 1691 adversarii
2830 1636 3171 1691 vincuntur.
3206 1634 3371 1690 Unde
3402 1631 3718 1689 Psalmista
3749 1646 3833 1686 ex

382 1737 646 1795 quorum
675 1720 983 1776 damnatio
1008 1721 1177 1791 juxta
1206 1721 1439 1775 est.Sed
1458 1720 1695 1791 Bespha
1713 1734 1848 1790 qua:
1868 1716 2042 1771 inter-
2069 1731 2112 1785 Β
2157 1740 2414 1797 persona
2446 1724 2714 1780 Ecclesiae
2738 1723 3106 1781 conﬁdenter
3133 1723 3309 1780 dicit:
3347 1745 3375 1773 ‹‹
3397 1726 3461 1779 ln
3488 1725 3609 1779 Deo
3635 1718 3831 1777 facie-

379 1814 645 1884 pretatur
672 1826 903 1879 cursus,
957 1809 1079 1865 iilia
1098 1810 1283 1875 AhltB,
1318 1810 1421 1881 qui
1470 1810 1890 1880 interpretatur
1912 1807 2042 1875 fra-

382 1907 474 1958 ter
503 1904 651 1971 eius,
687 1902 904 1957 tollens
933 1901 1216 1967 cilicium,
1243 1900 1569 1955 substravit
1591 1898 1704 1953 sibi
1735 1913 1915 1969 super
1943 1912 2044 1968 pe-

379 1994 554 2057 tram,
581 1995 638 2046 et
678 1990 870 2045 donec
910 1989 1155 2045 stillaret
1184 2006 1348 2061 aqua
1400 2004 1581 2061 super
1631 2004 1735 2043 eos
1764 1987 1838 2042 de
1870 1986 2042 2053 coelo,

380 2084 437 2135 et
465 2095 589 2134 non
639 2078 864 2134 dimisit
904 2094 1043 2135 aves
1076 2078 1339 2135 lacerare
1369 2094 1472 2133 eos
1500 2093 1609 2150 per
1630 2077 1813 2141 diem,
1848 2091 2045 2146 neque

380 2167 605 2224 bestias
635 2184 742 2241 per
770 2173 1185 2229 noctem,cum
1208 2168 1309 2240 pia
1338 2166 1674 2222 sollicitudo
1697 2169 2045 2221 sanctorum

382 2257 606 2314 talibus
657 2246 1014 2313 succurrens
1056 2258 1250 2327 rigore
1277 2257 1487 2327 jejunii
1521 2261 1701 2327 atque
1747 2253 2045 2309 instantiae

380 2360 632 2417 precum
660 2344 974 2411 incumbit,
1010 2345 1205 2401 donec
1234 2344 1709 2400 misericordiam
1736 2343 1834 2398 Dei
1856 2342 2047 2412 impe-

380 2437 492 2490 tret
549 2451 729 2507 super
771 2451 875 2491 eos
950 2434 1026 2490 de
1085 2434 1267 2490 cmlo:
1327 2448 1721 2505 compescens
1778 2431 2051 2486 videlicet

383 2536 603 2594 pravos
659 2524 955 2591 homines,
998 2539 1235 2579 necnon
1302 2528 1359 2578 et
1420 2522 1718 2591 malignos
1778 2520 2049 2605 spiritus,

383 2613 590 2684 pravis
622 2612 1113 2682 suggestionibus
1141 2627 1354 2667 eorum
1400 2612 1587 2667 vitam
1636 2610 1878 2665 ulterius
1926 2624 2054 2664 cor-

384 2716 687 2774 rumpere.

460 2846 488 2874 κ
522 2827 767 2881 Factum
820 2828 907 2881 est
938 2829 1137 2881 autem
1191 2838 1433 2880 rursum
1490 2822 1759 2896 praelium
1804 2820 2053 2877 Philisti-

391 2935 420 2965 α
460 2928 681 2971 norum
711 2915 996 2970 adversus
1027 2912 1223 2981 lsrael,
1260 2938 1289 2965 »
1322 2919 1378 2970 et
1419 2913 1669 2986 reliqua,
1731 2928 2050 2985 usquequo

390 3003 491 3069 ait,
521 3028 548 3055 ‹‹
582 3003 819 3061 tertium
867 3019 1110 3077 quoque
1158 3003 1384 3059 bellum
1442 3001 1552 3058 fuit
1599 3003 1659 3058 in
1689 3002 1813 3059 Gob
1842 3007 2049 3057 contra

2152 1828 2291 1870 mus
2313 1813 2610 1885 virtutem,
2640 1837 2667 1864 ››
2689 1817 2797 1870 etc.

2748 2083 2755 2090 η
2785 2008 3011 2066 CAPUT
3048 2007 3201 2066 xxu.

2228 2192 2257 2222 «
2291 2174 2543 2227 Locutus
2572 2173 2659 2226 est
2688 2174 2889 2227 autem
2938 2169 3124 2226 David
3168 2169 3421 2225 Domino
3462 2164 3652 2224 verba
3695 2181 3830 2222 car-

2157 2282 2186 2310 «
2225 2261 2403 2317 minis
2431 2260 2635 2331 hujus,
2674 2260 2735 2315 in
2780 2260 2875 2315 die
2905 2276 3027 2332 qua
3056 2256 3326 2315 liberavit
3350 2272 3489 2313 eum
3527 2256 3829 2312 Dominus

2160 2374 2187 2402 α
2228 2351 2302 2406 de
2355 2364 2541 2406 manu
2591 2348 2866 2405 omnium
2919 2348 3301 2404 inimicorum
3352 2361 3621 2413 suorum,
3646 2350 3705 2402 et
3745 2345 3827 2400 de

2162 2464 2189 2490 ‹‹
2232 2457 2417 2499 manu
2459 2439 2617 2495 Saul.
2654 2443 2718 2495 Et
2768 2439 2884 2494 ait:
2920 2438 3207 2494 Dominus
3246 2442 3415 2511 petra
3452 2450 3610 2507 mea,
3648 2454 3676 2484 »
3705 2439 3823 2490 etc.

2162 2529 2454 2595 Quaaritur
2494 2544 2600 2583 cur
2660 2528 2825 2584 solus
2879 2527 3168 2599 septimus
3216 2524 3488 2582 decimus
3541 2524 3827 2598 psalmus

2160 2619 2582 2677 tantummodo
2613 2617 2671 2673 in
2702 2617 2852 2673 libro
2883 2620 3113 2685 Regum
3161 2616 3489 2690 reperiatur
3517 2613 3829 2685 conscrip.

2161 2714 2255 2765 tus
2275 2710 2303 2764 ?
2330 2712 2441 2763 Nec
2472 2708 2768 2763 immerito
2794 2707 3062 2780 psalmus
3080 2705 3185 2762 iste
3213 2702 3269 2761 in
3297 2706 3636 2774 Regnorum
3651 2702 3828 2759 libris

2162 2798 2324 2853 solus
2358 2796 2674 2863 invenitur,
2719 2796 2862 2869 quia
2892 2811 3146 2865 regnum
3189 2794 3335 2850 illud
3366 2792 3682 2861 signiﬁcat,
3716 2791 3829 2847 ubi

2163 2887 2575 2943 adversarium
2596 2887 2828 2942 nullum
2869 2885 3248 2942 habebimus.
3283 2887 3349 2941 Et
3378 2884 3492 2940 hoc
3513 2885 3619 2951 est,
3650 2881 3830 2955 quod

2161 2976 2221 3033 in
2278 2976 2735 3048 przetitulatione
2786 2975 3001 3047 psalmi
3057 2973 3240 3045 hujus
3299 2972 3689 3039 scribitur;ln
3723 2969 3829 3026 die

390 3110 421 3147 ‹
460 3090 851 3161 Philisthaaos,
874 3056 962 3150 1in
1000 3056 1123 3167 quo
1174 3092 1465 3168 percussit
1515 3092 1858 3148 Adeodatus
1890 3091 2047 3145 illius
2092 3092 2131 3147 Ω
2162 3083 2284 3138 qua
2313 3066 2523 3138 Grip“it
2555 3082 2692 3120 eum
2728 3066 3013 3168 po‘minus
3034 3065 3312 3168 denma‘nu
3338 3063 3611 3119 omnium
3627 3056 3830 3117 iniml‘

390 3205 419 3233 ‹‹
461 3184 645 3240 saltus
692 3182 1109 3257 polymitarius
1159 3182 1612 3239 Bethlehemites
1667 3181 1896 3238 Goliath
1949 3184 2051 3236 Ge-

391 3290 420 3326 ε
458 3275 702 3329 ιὶιωιιω.
738 3296 765 3323 ››
799 3271 953 3330 Multi
994 3273 1171 3344 igitur
1208 3273 1519 3345 requirunt
1560 3271 1695 3345 quis
1740 3269 1913 3327 fuerit
1941 3270 2048 3325 iste

390 3358 760 3433 Adeodatus,
806 3360 963 3417 ﬁlius
995 3363 1199 3427 saltus,
1234 3360 1674 3435 polymitarius,
1703 3356 2051 3415 Betlchemi-

391 3452 500 3506 tes.
534 3449 647 3506 Sed
679 3450 957 3505 Hebraeus
980 3466 1139 3523 saepe
1163 3451 1356 3506 dictus
1382 3450 1462 3505 ita
1492 3449 1755 3521 exponit.
1782 3447 2052 3503 Adeoda—

393 3541 509 3606 tus,
541 3535 752 3612 inquit,
785 3538 911 3612 ipse
934 3545 1021 3595 est
1048 3538 1253 3595 David.
1284 3538 1509 3595 ldcirco
1541 3536 1756 3593 dicitur
1782 3536 2051 3593 Adcoda-

394 3630 508 3695 tus,
542 3627 685 3701 quia
712 3643 748 3684 a
787 3629 905 3684 Deo
933 3625 1153 3685 electus
1184 3632 1274 3685 est
1325 3629 1386 3683 in
1428 3643 1704 3698 regnum.
1736 3626 1912 3682 Filius
1944 3623 2054 3682 sal-

392 3720 508 3787 tus,
533 3720 677 3791 quia
706 3716 779 3773 de
807 3717 962 3774 saltu
986 3719 1089 3774 ubi
1120 3734 1264 3775 oves
1307 3714 1613 3791 pascebat,
1644 3714 1896 3770 eductus
1940 3719 2048 3771 est.

397 3808 814 3881 Polymiiarius
845 3825 1008 3875 vero,
1032 3806 1198 3880 {quia
1227 3806 1301 3862 de
1335 3821 1549 3877 genere
1580 3803 1837 3860 Bcselcel
1866 3809 2054 3860 mater

396 3898 523 3968 ejus
553 3896 661 3952 fuit
694 3897 1167 3963 Bethlehemites,
1201 3895 1346 3967 quia
1371 3894 1445 3949 de
1490 3890 1827 3949 Bethlehem
1858 3893 2056 3949 civita-

394 3988 451 4039 te
482 3985 715 4040 exstitit.
762 3988 911 4040 Nam
938 3983 1144 4039 Noemi
1183 3988 1239 4039 et
1270 3983 1421 4038 Ruth
1448 3987 1715 4052 tempore
1745 3981 2051 4049 ubertatis,

397 4091 471 4130 ex
500 4075 722 4146 quibus
754 4074 941 4129 David
962 4080 1127 4130 ortus
1159 4078 1266 4140 est,
1295 4089 1547 4129 reversae
1571 4078 1709 4127 sunt
1746 4073 1806 4127 in
1837 4072 2053 4127 Bethle-

395 4158 558 4218 hem.
593 4165 658 4217 Et
706 4162 851 4233 quia
899 4177 1086 4217 causa
1144 4162 1318 4233 panis
1369 4161 1521 4217 Ruth
1566 4164 1715 4216 Booz
1752 4167 1894 4216 nota
1926 4164 2049 4215 est:

397 4242 620 4306 idcirco
648 4250 811 4306 idem
840 4250 1009 4306 locus
1033 4251 1252 4306 domus
1281 4250 1453 4323 panis
1476 4255 1721 4306 vocatus
1747 4256 1852 4305 est.
1886 4248 2051 4305 Unde

401 4337 527 4393 Gob
556 4336 618 4393 in
648 4355 770 4411 quo
796 4337 905 4394 fuit
930 4338 1173 4412 bellum,
1206 4345 1269 4395 ut
1297 4339 1457 4396 idem
1492 4339 1772 4394 Hebraeus
1804 4340 2052 4394 transtu-

2164 3172 2369 3210 corum
2394 3170 2663 3223 suorum,
2696 3160 2752 3210 et
2775 3153 2849 3209 de
2881 3170 3067 3209 manu
3103 3153 3262 3211 Saul.
3292 3176 3319 3203 η

2234 3247 2336 3300 «Et
2359 3246 2470 3299 ait:
2507 3244 2792 3299 Dominus
2808 3248 2977 3317 petra
2996 3260 3129 3300 mea
3159 3241 3528 3313 etrei‘ugium
3554 3254 3826 3295 meum.»

2161 3335 2300 3400 Quis
2332 3333 2491 3389 enim
2522 3334 2815 3401 ﬁguratur
2843 3334 2902 3389 in
2939 3332 3121 3389 David
3142 3332 3255 3388 nisi
3287 3332 3381 3387 ille
3410 3330 3515 3405 qui
3547 3329 3706 3385 venit
3734 3344 3829 3384 se-

2160 3422 2430 3479 cundum
2455 3436 2696 3478 carnem
2718 3438 2790 3478 ex
2841 3421 3070 3477 semine
3102 3421 3327 3477 David?
3366 3420 3474 3487 Qui
3506 3410 3711 3491 utique
3760 3417 3828 3474 in

2160 3526 2408 3585 corpore
2440 3530 2549 3569 suo
2570 3512 2736 3585 quod
2761 3517 2851 3567 est
2890 3511 3167 3577 Ecclesia,
3199 3510 3397 3568 adhuc
3448 3508 3670 3584 patitur
3716 3506 3829 3563 ini-

2161 3602 2368 3667 micos,
2394 3601 2558 3675 quod
2586 3618 2803 3674 corpus
2825 3615 2947 3657 non
2978 3599 3225 3674 eripitur
3243 3596 3317 3657 de
3345 3612 3531 3657 manu
3555 3595 3830 3654 inimicm

2160 3706 2318 3757 rum,
2346 3690 2459 3745 nisi
2491 3706 2629 3745 cum
2658 3694 2715 3746 et
2745 3710 2773 3739 ‹‹
2803 3688 2905 3747 illa
2933 3689 3261 3745 novissima
3286 3687 3531 3745 inimica
3560 3682 3829 3742 destrue-

2162 3784 2257 3838 tur
2277 3797 2439 3836 mors
2466 3783 2520 3848 (I
2552 3781 2687 3836 Cor.
2722 3786 2840 3849 xv),
2877 3804 2905 3830 »
2945 3784 3009 3836 ut
3034 3779 3412 3853 perveniatur
3442 3776 3519 3834 ad
3562 3788 3824 3847 regnum

2163 3870 2283 3925 Dei.
2319 3872 2465 3925 Nam
2496 3870 2766 3941 psalmus
2799 3869 2894 3925 hic
2927 3869 3027 3925 uni
3059 3873 3291 3925 tantum
3323 3882 3443 3923 non
3467 3870 3663 3940 potest
3684 3878 3829 3921 con-

2162 3959 2364 4014 venire
2394 3974 2685 4032 personzr,
2713 3958 2819 4014 scd
2844 3963 3108 4032 quatuor
3123 3956 3519 4014 divisionibus
3554 3956 3833 4025 subjace-

2163 4048 2265 4104 bit.
2302 4048 2365 4103 ld
2392 4053 2478 4104 est
2516 4049 2711 4120 primo
2769 4047 2977 4103 ordine
3030 4048 3325 4120 propheta
3382 4045 3668 4118 loquitur,
3721 4045 3833 4116 qui

2164 4138 2385 4209 gratias
2416 4137 2537 4205 agit
2566 4136 2730 4209 quod
2752 4150 2891 4193 eum
2913 4137 2987 4192 de
3012 4136 3291 4207 gravibus
3312 4132 3590 4209 periculis
3620 4131 3834 4189 divina

2169 4228 2359 4302 pietas
2384 4228 2634 4283 liberare
2657 4227 2905 4298 dignata
2943 4230 3051 4283 est.
3100 4227 3395 4294 Secundo,
3441 4224 3721 4289 Ecclesia,
3754 4239 3832 4281 eo

2165 4317 2331 4389 quod
2354 4333 2459 4389 per
2484 4315 2703 4372 multas
2725 4315 3093 4372 calamitates
3114 4314 3515 4371 Christianum
3531 4308 3833 4386 populum

398 4424 485 4496 lit,
521 4400 687 4483 lacus
706 4428 1122 4501 interpretatur
1142 4400 1171 4483 τ’
1186 4426 1406 4484 idcirco
1428 4427 1572 4501 quia
1603 4425 1833 4482 sicutin
1853 4426 2050 4480 lacum
2093 4442 2136 4499 ι)
2169 4408 2246 4501 ait
2270 4405 2646 4501 baptisnlum
2678 4402 2753 4501 de
2993 4400 3657 4501 uniVFFSltafﬁcouégif-
3690 4403 3829 4501 1:?!“

400 4514 642 4572 leonum
666 4520 800 4591 quis
829 4518 1084 4574 nutritur
1109 4523 1164 4574 et
1184 4535 1452 4591 praeceps
1481 4515 1722 4584 labitur,
1754 4515 1833 4570 ita
1869 4514 2054 4569 David

401 4603 792 4679 semetipsum
815 4612 1020 4663 contra
1051 4607 1277 4664 Goliath
1304 4606 1528 4663 fortiter
1554 4605 1630 4660 ad
1654 4602 2055 4677 pugnandum

401 4694 699 4769 opposuit.
728 4698 916 4762 Quem
949 4696 1126 4752 etiam
1159 4713 1402 4752 sensum
1442 4692 1716 4750 videlicet
1753 4690 1919 4765 quod
1978 4690 2055 4747 ab

401 4802 471 4842 eo
497 4787 672 4843 datus
714 4788 898 4844 David
949 4784 1312 4857 intelligitur,
1364 4782 1676 4857 sequentia
1725 4781 2053 4849 declarant,

401 4873 525 4945 ubi,
558 4876 803 4949 expletis
836 4875 1076 4950 praeliis,
1112 4872 1498 4947 subjungitur
1526 4891 1537 4927 :

475 5038 504 5068 ‹‹
536 5018 603 5072 Hi
627 5023 887 5090 quatuor
908 5019 1027 5074 nati
1063 5020 1201 5073 sunt
1227 5016 1302 5071 de
1328 5013 1570 5085 Arapha
1609 5013 1670 5067 in
1702 5012 1864 5078 Geth,
1884 5017 1940 5067 et
1969 5028 2059 5068 ce-

406 5128 434 5158 α
467 5106 740 5162 ciderunt
764 5107 823 5161 in
854 5122 1040 5163 manu
1069 5104 1257 5162 David
1282 5109 1338 5160 et
1369 5116 1681 5157 servorum
1723 5102 1871 5171 ejus.
1902 5123 1927 5151 »
1961 5104 2062 5157 Ju-

405 5196 520 5251 daei
558 5209 805 5267 quoque
844 5197 1003 5251 hanc
1038 5195 1368 5267 Arapham,
1411 5195 1666 5246 matrem
1714 5191 2057 5260 gigantum:

404 5282 668 5354 Orphan,
701 5299 923 5339 nurum
972 5283 1179 5339 Noemi
1208 5297 1340 5337 esse
1388 5279 1769 5335 arbitrantur.
1822 5284 1969 5335 Nam
2009 5285 2066 5336 et

404 5370 596 5426 taliter
623 5388 736 5427 nos
784 5374 963 5428 etiam
994 5373 1054 5426 in
1085 5370 1404 5440 cujusdam
1444 5368 1747 5425 volumine
1779 5370 2066 5441 scriptum

405 5459 759 5528 reperimus.
791 5461 1089 5531 Josephus
1128 5459 1189 5513 in
1221 5458 1459 5513 duobus
1500 5458 1714 5529 prreliis
1740 5459 2073 5526 concordat

2168 4498 2267 4561 tio,
2298 4512 2409 4551 vox
2436 4495 2753 4551 Salvatoris
2775 4495 3059 4565 illabitur,
3092 4490 3195 4551 ubi
3234 4490 3653 4567 pulcherrimis
3681 4488 3834 4547 allu-

2167 4584 2435 4640 sionibus
2466 4583 2651 4640 virtus
2681 4584 2811 4654 ejus
2842 4586 3180 4656 etpotestas
3208 4580 3579 4638 describitur.
3605 4581 3830 4645 Quarto

2166 4673 2381 4729 iterum
2408 4672 2679 4727 Ecclesiae
2711 4672 2870 4728 dicta
2890 4672 3293 4745 proferuntur,
3316 4674 3371 4726 et
3393 4682 3678 4726 concessa
3697 4682 3834 4723 mu-

2164 4778 2311 4820 nera
2342 4762 2551 4819 Christi
2581 4760 2924 4818 laudantur.
3342 4772 3345 4777 ‘

2238 4893 2268 4924 ‹
2294 4873 2359 4926 Et
2383 4869 2663 4926 exaudiet
2688 4870 2762 4927 de
2794 4870 3018 4943 templo
3051 4872 3260 4925 sancto
3290 4884 3423 4924 suo.
3458 4889 3485 4916 ››
3513 4864 3831 4940 Templum

2168 4961 2289 5027 Dei,
2322 4959 2493 5015 Filius
2520 4957 2640 5014 Dei.

2242 5090 2267 5118 ‹‹
2298 5069 2363 5122 Et
2392 5065 2750 5122 contremuit
2778 5070 3000 5122 terra.»
3040 5067 3215 5121 Terra
3237 5067 3505 5137 peccato.
3535 5086 3565 5113 ι(
3600 5061 3807 5119 Funda

2172 5180 2201 5233 ς(
2243 5160 2446 5212 menta
2473 5154 2786 5221 montium,
2820 5177 2845 5204 ››
2879 5171 3017 5228 spes
3048 5152 3472 5227 superborum.
3498 5153 3834 5217 «Quoniam

2177 5268 2203 5298 α
2243 5246 2429 5302 iratus
2462 5249 2550 5300 est
2568 5244 2677 5313 eis,
2709 5266 2736 5293 »
2756 5244 2901 5316 quia
2931 5257 3404 5313 recognoverunt
3430 5242 3581 5297 iram
3612 5241 3732 5297 Dei.

2249 5376 2275 5402 «
2304 5354 2590 5419 Fumus,»
2612 5352 2997 5423 compunctio
3020 5350 3457 5423 pmnitentium.
3485 5367 3514 5400 α
3535 5349 3840 5406 Carbones

2181 5466 2209 5493 α
2253 5441 2528 5496 succensi
2554 5445 2693 5496 sunt
2722 5440 2800 5497 ab
2830 5456 2923 5496 eo.
2956 5458 2987 5493 ›
3011 5440 3209 5496 Lorda
3237 5438 3551 5495 hominum
3603 5438 3844 5495 inﬂam-

409 5562 549 5602 cum
583 5549 884 5620 Scriptura
926 5530 1174 5615 Degum.
1230 5546 1308 5602 De
1336 5548 1503 5603 tertio
1532 5548 1736 5620 praelio
1767 5550 1874 5604 ait:
1904 5550 2071 5621 quod
2181 5535 2345 5588 mata
2364 5534 2401 5587 θ’
2425 5530 2643 5602 Spiritu
2668 5535 2895 5587 Sancto-

410 5636 693 5709 apparuit
742 5636 929 5697 fortis,
959 5633 1225 5692 mittente
1260 5638 1443 5693 David
1466 5640 1791 5694 exercitum
1822 5640 2068 5695 nomine

410 5727 642 5802 Ephan,
675 5732 968 5797 cognatus
993 5727 1145 5798 ejus.
1183 5728 1297 5786 Sed
1324 5735 1526 5787 utrum
1569 5730 1771 5802 ipsum
1802 5728 2071 5786 Adeoda-

2256 5660 2282 5687 ‹‹
2298 5636 2609 5693 lnclinavit
2626 5637 2866 5693 ccelos.»
2888 5637 3037 5704 Quia
3056 5635 3241 5710 ipsos.
3265 5630 3339 5691 de
3369 5633 3593 5708 quibus
3609 5632 3842 5693 dictum

2187 5732 2275 5784 est
2291 5743 2303 5783 :
2320 5727 2499 5784 «Coeli
2518 5732 2800 5786 enarrant
2820 5726 3073 5799 gloriam
3094 5726 3196 5785 Dei
3212 5722 3568 5799 (Psal,xv1u)
3580 5768 3590 5781 .
3602 5744 3629 5773 η
3643 5722 3719 5782 de
3732 5722 3841 5784 ad-
