3940 6406
97 262 190 316 381

1132 260 1388 317 amna.
1419 259 1491 317 IN
1519 258 1764 315 LIBROS
1786 258 2052 317 neeum
2084 220 2156 305 -ζ
2186 266 2255 321 m
2283 266 2418 321 LIB.
2446 265 2512 321 u.

95 386 276 439 ventu
318 399 434 438 suo
472 384 721 439 nuntios
763 382 949 451 misit,
1007 388 1065 441 et
1117 385 1446 455 descendit,
1502 385 1762 441 formam
1791 387 1838 439 A
1878 391 2085 457 parato
2113 389 2303 457 hoste,
2334 395 2392 446 et
2431 394 2675 464 peracta
2728 390 2976 447 victoria
3028 389 3259 459 mortis,
3287 389 3536 446 laudem

94 474 247 530 servi
280 474 698 545 suscipiendo.

161 588 189 616 α
231 564 586 629 Cherubim,
613 586 639 613 ››
663 564 924 621 scientias
954 565 1285 639 plenitudo.
1307 589 1337 616 ‹‹
1361 568 1596 623 Pennas
1626 582 1767 623 ven-

94 678 123 705 «
162 660 390 721 torum,
431 678 458 705 »
489 655 746 710 scientiae
778 662 1146 713 sanctorum.

160 763 196 798 ι
234 745 495 801 Tonahit
514 744 589 799 de
607 745 771 800 cmlis
792 746 1136 814 Dominus,»
1152 746 1209 801 id
1233 746 1428 812 cst,de
1452 747 1759 818 apostolis.

162 857 195 887 κ
234 837 388 893 Misit
445 836 696 902 sagittas
757 852 919 891 suas.
974 858 1002 885 »
1046 838 1304 907 Sagittam
1362 838 1758 907 evangelista.

94 948 123 973 «
164 926 449 994 Fulgura,
485 948 515 975 ››
546 925 840 981 miracula
878 931 1249 982 sanctorum.

162 1032 194 1069 ‹
236 1015 659 1071 Fundamenta
689 1019 879 1087 terrae,
915 1037 944 1066 »
984 1016 1136 1072 ﬁdes
1170 1017 1440 1073 Ecclesiae
1479 1018 1762 1075 manifes-

93 1108 233 1161 tata.

162 1212 195 1248 ‹
231 1193 389 1250 Misit
406 1194 483 1248 de
514 1194 668 1249 caelo
699 1199 755 1250 et
784 1195 1115 1266 assumpsit
1136 1212 1254 1251 me.
1280 1218 1307 1245 ››
1328 1197 1391 1252 Id
1405 1201 1513 1263 est,
1548 1197 1761 1254 Filium

94 1300 271 1340 suum
313 1288 487 1340 Pater
514 1285 695 1351 misit,
726 1289 784 1342 et
812 1287 1140 1358 assumpsit
1190 1288 1514 1343 Ecclesiam
1563 1304 1758 1345 suam.

161 1397 189 1425 ‹‹
234 1375 535 1431 Liberavit
565 1392 661 1431 me
692 1375 767 1431 de
798 1376 1041 1432 inimico
1072 1393 1210 1433 meo
1258 1379 1695 1451 potentissimo,
1728 1399 1759 1433 »

94 1464 149 1521 Id
182 1470 289 1532 est,
324 1481 398 1520 ex
431 1465 698 1522 diabolo.

160 1576 188 1603 ‹‹
229 1557 296 1610 Et
321 1554 538 1611 eduxit
586 1572 683 1612 me
726 1556 788 1612 in
817 1555 1150 1625 latitudine,
1185 1582 1212 1609 ››
1241 1560 1354 1615 hoc
1384 1565 1489 1627 est,
1522 1560 1582 1615 in
1615 1561 1757 1617 cha-

91 1644 276 1699 ritate.

1877 478 2062 532 sancti
2090 479 2149 534 in
2182 485 2473 535 aeternum
2517 483 2636 535 Deo
2680 479 3029 535 cantabunt.
3065 501 3093 529 α
3126 479 3280 535 Dixit
3300 479 3392 535 vir
3439 478 3536 535 cui

1875 587 1904 614 «
1945 568 2333 623 constitutum
2364 574 2455 625 est
2482 569 2557 624 de
2608 569 2839 625 Christo
2868 569 2969 624 Dei
2997 568 3219 624 Iacob:
3257 568 3535 639 egregius

1875 676 1903 704 ‹‹
1945 656 2165 726 psaltes
2198 658 2395 714 Israel.
2433 681 2459 707 η
2488 659 2553 714 Id
2583 664 2693 727 est,
2726 658 2943 713 nobilis
2967 657 3302 731 psalmista,
3325 657 3430 730 qui
3451 656 3537 714 vi-

1870 744 2082 802 delicet
2102 753 2157 803 et
2173 750 2469 822 propheta
2483 749 2785 805 luculento
2805 764 3083 804 sermone
3102 752 3161 803 et
3178 747 3535 803 manifestis-

1872 835 2020 889 sime
2051 836 2125 890 de
2153 838 2383 893 Christo
2416 838 2556 893 Filio
2586 838 2684 893 Dei
2710 837 2913 904 Iacob,
2939 837 3090 893 etde
3118 837 3533 893 incarnatione

1873 923 2026 993 ejus,
2052 940 2122 979 ac
2152 926 2564 998 redemptione
2596 927 2849 982 humani
2870 926 3105 995 generis
3132 924 3529 999 prophetavit.

1942 1035 1969 1061 «ι
2013 1014 2261 1086 Spiritus
2294 1016 2527 1071 Domini
2569 1016 2803 1073 locutus
2837 1020 2926 1072 est
2957 1032 3063 1088 per
3105 1032 3221 1086 me,
3251 1018 3309 1072 et
3333 1028 3531 1071 sermo

1872 1123 1899 1152 «ι
1941 1102 2071 1173 ejus
2097 1120 2204 1175 per
2232 1105 2505 1173 linguam
2549 1123 2772 1162 meam.
2802 1108 2958 1161 Deus
2986 1105 3165 1162 Israel
3188 1105 3335 1161 mihi
3362 1105 3530 1161 locu-

1870 1212 1899 1241 ‹‹
1944 1196 2037 1247 tus
2094 1198 2204 1260 est,
2239 1195 2405 1250 fortis
2455 1196 2651 1262 Israel,
2706 1196 3050 1251 dominator
3098 1196 3415 1251 hominum
3438 1195 3533 1266 ju-

1869 1304 1899 1333 «
1941 1287 2090 1339 stus.
2134 1302 2164 1336 »
2212 1286 2463 1357 Spiritus
2520 1286 2682 1341 enim
2714 1286 2969 1356 Domini,
3001 1285 3108 1357 qui
3146 1290 3235 1340 est
3280 1284 3530 1357 Spiritus

1866 1378 2113 1428 sanctus
2149 1390 2162 1429 :
2198 1379 2255 1429 et
2283 1391 2481 1430 sermo
2533 1375 2789 1443 Domini,
2833 1375 2939 1447 qui
2977 1380 3065 1430 est
3093 1375 3251 1429 ﬁlius
3282 1375 3382 1429 Dei
3415 1390 3530 1430 :ea

1867 1479 2003 1535 quas
2057 1465 2352 1537 propheta
2399 1466 2849 1534 vaticinaverat,
2900 1481 3008 1539 per
3045 1465 3301 1535 gratiam
3353 1478 3529 1520 suam

1864 1556 2155 1609 veraciter
2184 1555 2448 1627 proferre
2479 1555 2829 1612 donaverat.

1939 1666 1968 1695 «
2010 1648 2141 1716 Ipse
2173 1646 2333 1701 enim
2361 1648 2602 1720 spiritus
2634 1646 2732 1702 Dei
2757 1646 2942 1702 Jacob
2985 1646 3333 1701 dominatur
3360 1643 3419 1699 in
3458 1642 3531 1699 ti-

157 1755 185 1782 «ι
225 1732 537 1789 Retribuet
561 1733 706 1789 mihi
750 1736 1086 1791 secundum
1127 1737 1417 1807 justitiam
1473 1754 1693 1795 meam,
1728 1759 1755 1788 »
1789 1750 1827 1807 Β
1867 1756 1895 1784 ‹‹
1939 1750 2105 1789 more
2162 1737 2415 1801 Domini,
2447 1738 2600 1793 sicut
2649 1737 2753 1791 lux
2810 1752 3043 1792 aurorae
3098 1735 3324 1790 oriente
3381 1732 3525 1797 sole,

94 1823 151 1879 Id
181 1826 289 1884 est,
324 1823 670 1878 secundum
701 1823 1108 1881 innocentiam
1164 1826 1305 1883 lidei
1356 1833 1412 1883 et
1453 1828 1756 1885 bonorum

93 1928 340 1985 operum
363 1917 424 1967 et
453 1916 725 1969 actuum.

161 2024 189 2051 «
230 2003 382 2057 Cum
413 2006 631 2057 sancto
660 2007 903 2059 sanctus
934 2004 1068 2060 eris.
1096 2028 1124 2054 ››
1153 2006 1239 2061 Ad
1268 2007 1590 2063 Dominum
1610 2007 1755 2064 dici-

95 2096 199 2157 tur,
228 2093 334 2163 qui
366 2106 515 2147 cum
546 2096 755 2148 saneto
783 2093 988 2166 utique
1017 2099 1281 2150 sanctus.

159 2204 186 2229 «
225 2182 375 2236 Cum
406 2180 599 2237 electo
626 2182 846 2237 electus
877 2184 1014 2249 eris,
1048 2188 1103 2239 et
1134 2201 1271 2240 cum
1304 2201 1585 2256 perverso
1626 2203 1756 2259 per-

95 2289 121 2322 ‹
158 2271 425 2327 verteris.
456 2292 485 2319 ››
522 2272 609 2326 Ob
632 2271 747 2326 hoc
774 2271 939 2344 quod
966 2272 1049 2327 eis
1083 2288 1202 2328 non
1233 2274 1409 2335 favet,
1433 2291 1752 2346 pervorsus

94 2375 215 2413 esse
247 2360 485 2414 videtur
519 2376 531 2414 :
566 2360 710 2432 quia
741 2384 767 2409 «ι
799 2362 1074 2434 superbis
1132 2364 1365 2429 resistit,
1420 2364 1753 2420 humilibus

92 2449 185 2503 dat
216 2450 475 2517 gratiam
513 2450 660 2519 (Jac.
694 2452 793 2521 IV).
830 2474 857 2500 ››

156 2562 181 2589 ε(
222 2540 287 2595 In
317 2542 440 2597 Deo
473 2556 615 2596 meo
650 2542 981 2598 transiliam
1012 2558 1277 2598 murum.
1314 2566 1341 2593 ››
1375 2548 1604 2600 Murum
1643 2545 1752 2601 ita-

92 2630 420 2702 queillum,
456 2648 645 2705 quem
700 2632 972 2688 humano
1028 2634 1228 2703 generi
1277 2635 1428 2690 inter
1475 2636 1663 2691 Deum
1697 2641 1753 2693 et

91 2717 385 2777 hominem
416 2726 739 2778 erexerant
767 2728 1037 2795 peccata.

155 2832 180 2857 ‹‹
222 2814 563 2885 Coaequans
590 2812 774 2883 pedes
799 2829 968 2868 meos
998 2814 1210 2871 cervis.
1250 2837 1276 2863 η
1307 2817 1522 2870 Cervos
1576 2816 1750 2887 spiri-

90 2897 266 2954 tuales
318 2900 485 2956 viros
516 2900 800 2972 appellat,
827 2906 1073 2974 propter
1127 2902 1497 2959 alacritatem
1525 2904 1750 2960 velocis

90 3003 305 3044 cursus.
342 3012 369 3039 ‹‹
407 2990 633 3062 Spinas
690 2994 746 3045 et
799 3007 1031 3062 vepres.
1072 3012 1098 3039 ››
1146 2992 1267 3047 Hoc
1324 2996 1430 3056 est,
1482 2993 1749 3065 implica-

90 3082 277 3133 menta
307 3078 521 3133 saeculi
550 3078 733 3149 hujus
767 3080 1183 3136 transilientes.

155 3188 181 3215 ‹‹
219 3170 558 3241 Persequar
584 3168 859 3225 inimicos
890 3185 1058 3225 meos
1090 3176 1147 3227 et
1176 3176 1504 3237 conteram,
1538 3177 1595 3227 et
1624 3187 1746 3228 non

91 3276 115 3303 ‹‹
152 3262 407 3314 revertar
460 3258 664 3313 donec
706 3275 1064 3314 consumam
1099 3275 1218 3315 eos.
1272 3283 1299 3310 ››
1331 3262 1596 3316 Christus
1652 3265 1747 3317 .Iu-

90 3344 237 3401 dreos
269 3354 450 3420 atque
489 3363 703 3403 omnes
735 3347 1003 3405 infideles
1043 3351 1367 3415 consumit,
1397 3351 1662 3406 similiter
1692 3356 1749 3407 et

90 3436 275 3491 anima
321 3438 519 3493 electa
572 3437 714 3493 vitia
761 3454 871 3493 sua
923 3454 1032 3511 per
1081 3445 1407 3509 augmenta
1456 3440 1744 3496 virtutum

86 3530 481 3584 consummat.

148 3636 172 3661 ‹‹
213 3616 503 3672 Inimicos
556 3632 724 3672 meos
774 3617 991 3674 dedisti
1032 3618 1176 3674 mihi
1221 3618 1495 3675 dorsum.
1549 3641 1577 3668 ››
1626 3623 1746 3677 Hoc

85 3704 235 3774 quod
266 3706 406 3761 alibi
466 3706 763 3779 scriptum
810 3711 938 3763 est:
973 3730 1000 3756 «
1034 3708 1182 3764 Sede
1213 3724 1249 3764 a
1295 3708 1517 3764 dextris
1574 3710 1742 3777 meis,

84 3811 109 3839 «ι
146 3792 329 3851 donec
360 3811 605 3868 ponam
657 3796 931 3852 inimicos
959 3800 1094 3853 tuos
1143 3796 1473 3854 scabellum
1516 3799 1746 3871 pedum

84 3885 306 3941 tuorum
339 3886 537 3956 (Psnl.
574 3888 714 3957 cur).
756 3909 781 3935 υ

150 3994 175 4019 α
216 3974 494 4031 Salvabis
524 3991 625 4031 me
658 3992 693 4031 a
723 3975 1273 4031 contradicentibus
1304 3977 1511 4050 populi
1544 3978 1682 4034 mei.
1718 4002 1746 4028 ››

86 4060 195 4116 Vox
221 4064 428 4120 Christi
461 4082 499 4121 a
528 4064 999 4121 contradictione
1030 4066 1400 4136 Judaeorum,
1427 4084 1536 4139 per
1557 4068 1744 4124 Patris

88 4151 165 4205 sui
213 4156 553 4225 potentiam
609 4153 874 4210 salvatus
924 4156 1191 4228 atquein
1238 4161 1420 4228 caput
1477 4158 1744 4225 gentium

86 4243 443 4300 constitutus.

148 4352 173 4377 «
220 4332 339 4389 Filii
367 4332 552 4389 alieni
604 4333 877 4391 resistent
928 4333 1093 4389 mihi.
1126 4353 1156 4386 »
1198 4333 1323 4389 Filii
1349 4334 1524 4390 alieni
1553 4335 1744 4391 Judaei

86 4426 231 4491 sunt,
265 4424 491 4495 quibus
537 4423 765 4479 dictum
810 4429 899 4480 est
926 4442 938 4479 :
970 4447 998 4473 ‹‹
1025 4424 1147 4480 Vos
1179 4440 1251 4480 ex
1282 4430 1450 4497 patre
1499 4424 1742 4483 diabolo

85 4511 208 4565 estis
240 4514 429 4582 (Joan.
466 4515 610 4581 vm).
648 4536 677 4564 η

152 4622 175 4645 ‹‹
216 4604 367 4672 Deus
390 4604 498 4676 qui
523 4603 638 4658 das
661 4603 958 4659 vindictas
982 4603 1321 4659 mihi.»Hoc
1338 4604 1521 4667 est,in
1543 4605 1744 4661 futuro

80 4686 312 4762 judicio,
343 4710 484 4749 cum
523 4692 608 4748 eis
638 4693 882 4765 cmperit
910 4693 1159 4748 reddere
1206 4693 1372 4766 quod
1418 4700 1741 4750 merentur.

149 4803 173 4828 «
214 4786 256 4837 Α
280 4785 404 4839 viro
452 4783 668 4855 iniquo
711 4783 996 4839 liberabis
1042 4800 1157 4840 me.
1192 4806 1219 4833 »
1248 4785 1369 4840 Hoc
1401 4789 1512 4849 est,
1548 4784 1743 4842 Eccle-

87 4868 221 4925 siam
252 4889 423 4928 suam
458 4874 537 4929 de
567 4876 861 4945 potestate
885 4873 1111 4929 diaboli
1139 4878 1454 4947 erepturus
1486 4879 1595 4931 est.

150 4982 173 5005 α
218 4963 278 5017 Et
309 4963 538 5019 faciens
570 4962 1047 5019 misericordiam
1078 4965 1311 5021 Christo
1344 4981 1453 5020 suo
1484 4963 1687 5021 David.
1716 4988 1743 5015 ››

89 5047 255 5105 David
286 5052 588 5108 Christum
622 5051 939 5122 signiﬁcat,
974 5069 1180 5110 semen
1212 5056 1342 5125 ejus
1386 5070 1599 5110 omnes
1633 5054 1746 5111 ele-

86 5138 199 5190 ctos

658 5266 898 5324 CAPUT
940 5267 1150 5324 XXIII.

151 5427 175 5451 α
215 5406 347 5464 Haec
378 5414 519 5466 sunt
546 5410 735 5466 verba
781 5411 1113 5467 novissima
1174 5409 1362 5466 David
1408 5408 1511 5464 ﬁlii
1543 5408 1675 5465 Isai.
1709 5431 1738 5460 ››

88 5493 259 5551 Verba
280 5499 615 5555 novissima
642 5500 828 5555 David
850 5516 971 5556 non
998 5500 1266 5556 ﬁnienda
1288 5499 1448 5561 dicit,
1475 5498 1581 5555 sed
1610 5514 1741 5571 per-

89 5581 360 5644 ﬁcienda:
390 5606 513 5645 non
544 5591 981 5657 consumenda,
1012 5591 1116 5646 sed
1165 5607 1300 5662 quae
1334 5589 1561 5643 cunctis
1591 5587 1746 5651 ﬁde-,

90 5667 230 5727 libus
260 5679 637 5747 perfectionis
668 5678 1103 5752 plenitudinem
1136 5677 1483 5734 conferant:
1519 5682 1575 5732 et
1598 5676 1735 5734 ideo

93 5758 341 5822 ultimam
369 5770 810 5827 confessionem
831 5769 1028 5828 laudis
1051 5769 1409 5842 signiﬁcant,
1424 5782 1612 5843 quam
1640 5778 1736 5824 81h

1868 1846 1895 1873 ‹‹
1938 1840 2117 1880 mane
2140 1826 2371 1898 absque
2397 1827 2661 1882 nubibus
2679 1826 2947 1881 rutilat.»
2972 1828 3224 1891 Aurora,
3246 1823 3527 1894 Ecclesia,

1865 1914 2091 1968 oriente
2118 1916 2262 1985 sole,
2298 1917 2529 1972 Christo
2556 1921 2903 1986 resurgente
2932 1932 2969 1972 a
2997 1913 3269 1981 mortuis,
3294 1912 3529 1985 absque

1866 2003 2132 2058 nubibus
2161 2004 2379 2072 rutilat,
2405 2006 2465 2061 id
2496 2010 2604 2074 est,
2622 2006 2857 2078 absque
2884 2008 3136 2077 peccato
3163 2001 3528 2058 infidelitatis

1864 2093 2209 2164 resplendet
2235 2095 2296 2150 in
2326 2096 2649 2152 miraculis.
2675 2095 2898 2161 Pluvia,
2926 2092 3283 2162 Evangelica
3312 2090 3528 2165 praedi-

1865 2184 2018 2238 catio
2044 2200 2056 2238 :
2082 2183 2269 2239 herba
2301 2184 2641 2240 credentem
2688 2184 2985 2253 signiﬁcat
3010 2182 3307 2255 populum
3331 2198 3344 2236 :
3368 2187 3528 2237 terra

1865 2287 2005 2326 vero
2042 2272 2379 2328 Ecclesiam.
2416 2274 2621 2328 Potest
2644 2272 2947 2327 moraliter
2998 2269 3245 2339 intelligi
3272 2269 3472 2342 aptius
3507 2284 3521 2323 :

1866 2359 1977 2424 Qui
2007 2360 2166 2415 enim
2195 2362 2254 2415 in
2279 2362 2489 2416 timore
2513 2361 2748 2418 Domini
2772 2360 3250 2416 dominationem
3277 2358 3339 2413 in
3378 2356 3520 2412 sub-

1863 2449 2000 2504 ditis
2032 2456 2284 2515 exercet,
2316 2451 2465 2507 lucis
2503 2468 2690 2524 opera
2737 2467 2845 2523 per
2888 2450 3076 2506 solem
3097 2448 3340 2520 justitim
3387 2446 3522 2503 illu-

1862 2539 2095 2595 minata
2141 2541 2367 2612 profert
2410 2558 2423 2596 :
2473 2558 2585 2597 nec
2638 2542 2699 2596 in
2757 2541 2840 2595 eis
2892 2540 3123 2612 aliquid
3187 2536 3525 2593 remanebit

1862 2628 2213 2700 obscurum,
2266 2631 2374 2685 sed
2429 2630 2621 2686 imbre
2670 2630 2923 2685 ccelestis
2978 2628 3180 2698 gratiae
3220 2626 3521 2696 irrigatus,

1862 2719 2135 2787 germina
2165 2719 2451 2775 virtutum
2480 2720 2541 2775 in
2572 2735 2752 2775 carne
2781 2722 3008 2785 vivens,
3040 2716 3376 2773 fructiﬁcat.

1934 2830 1962 2857 ‹‹
2005 2812 2119 2864 Nec
2150 2814 2311 2865 tanta
2343 2815 2431 2865 est
2456 2810 2677 2865 domus
2706 2825 2844 2865 mea
2872 2808 3037 2881 apud
3084 2810 3292 2873 Deum,
3319 2809 3386 2861 ut
3414 2820 3523 2877 pa-

1861 2917 1889 2944 «
1932 2902 2094 2952 ctum
2121 2902 2412 2954 aeternum
2433 2898 2607 2953 iniret
2626 2914 2866 2953 mecum
2887 2896 3133 2952 ﬁrmum
3151 2896 3216 2951 in
3237 2894 3525 2950 omnibus

1861 3007 1888 3035 ‹‹
1930 2991 2110 3059 atque
2143 2987 2464 3043 munitum.
2499 2990 2723 3043 Cuncta
2753 2987 2913 3041 enim
2938 2986 3102 3042 salus
3130 3000 3269 3040 mea
3313 2989 3370 3040 et
3397 3000 3527 3039 om-

1862 3098 1888 3124 ‹‹
1929 3076 2022 3130 nis
2049 3076 2350 3143 voluntas,
2382 3093 2495 3132 nec
2523 3082 2611 3132 est
2634 3076 2971 3148 quidquam
3002 3092 3074 3129 ex
3102 3090 3174 3130 ea
3202 3074 3371 3145 quod
3401 3088 3524 3129 non

1861 3184 1889 3214 ‹‹
1930 3165 2241 3233 germinet.
2268 3184 2298 3218 »
2325 3165 2467 3221 Hinc
2492 3167 2653 3220 idem
2670 3165 2967 3237 propheta
2994 3163 3056 3217 in
3078 3161 3331 3217 Psalmis
3359 3160 3520 3229 dicit,

1856 3252 2024 3325 quod
2047 3252 2260 3309 beatus
2293 3254 2383 3309 vir
2410 3254 2516 3326 qui
2543 3254 2604 3308 in
2632 3253 2764 3322 lege
2795 3252 3031 3307 Domini
3073 3250 3397 3307 meditatur
3424 3249 3522 3304 die

1860 3357 1929 3397 ac
1957 3348 2151 3401 nocte.
2187 3344 2261 3398 sit
2286 3348 2580 3415 tanquam
2608 3342 2839 3411 lignum
2868 3341 3036 3414 quod
3063 3345 3400 3414 plantatum
3430 3343 3526 3396 est

1859 3449 2034 3487 secus
2064 3433 2355 3488 decursus
2384 3448 2704 3505 aquarum,
2728 3431 2896 3504 quod
2926 3431 3184 3486 fructum
3215 3446 3393 3487 suum
3418 3432 3522 3488 da-

1856 3521 2026 3577 bitin
2070 3528 2339 3595 tempore
2394 3538 2526 3591 suo,
2563 3526 2619 3577 et
2668 3521 2879 3577 folium
2936 3522 3068 3593 ejus
3127 3536 3251 3576 non
3276 3520 3518 3589 defluet,

1857 3618 1914 3667 et
1986 3613 2195 3668 omnia
2265 3626 2646 3685 quiscunque
2726 3611 2922 3679 faciet,
2998 3610 3523 3684 prosperabuntur

1857 3702 2046 3771 (Psal.
2079 3708 2140 3767 1).

1929 3813 1956 3840 ‹‹
1999 3791 2485 3848 Praevaricatores
2517 3797 2718 3847 autem
2749 3790 2924 3863 quasi
2975 3790 3163 3862 spinas
3192 3788 3522 3845 evellentur

1858 3902 1886 3930 ‹‹
1928 3881 2210 3949 universi,
2233 3882 2338 3954 qui
2369 3897 2492 3937 non
2519 3881 2804 3936 tolluntur
2851 3880 3136 3935 manibus
3163 3897 3176 3934 :
3210 3882 3279 3934 Et
3302 3879 3350 3933 si
3380 3878 3518 3951 quis

1859 3994 1887 4021 ‹‹
1929 3976 2171 4039 tangere
2209 3971 2462 4026 voluerit
2486 3987 2612 4037 eas,
2640 3969 2975 4025 armabitur
3016 3968 3173 4024 ferro
3219 3968 3517 4033 lanceato,

1858 4080 1886 4109 ‹‹
1926 4062 2186 4132 igni-que
2239 4074 2543 4115 succensae
2593 4059 3002 4115 conburentur
3042 4072 3234 4130 usque
3263 4057 3343 4113 ad
3372 4057 3521 4113 nihi-

1860 4172 1887 4201 «
1928 4150 2077 4205 lum.
2113 4170 2140 4199 »ι
2166 4150 2337 4215 Quod
2366 4154 2565 4221 potest
2584 4154 2640 4204 et
2665 4149 2837 4219 juxta
2866 4148 3238 4220 superiorem
3269 4162 3518 4203 sensum

1857 4241 1931 4294 de
1960 4239 2183 4293 Judaeis
2213 4244 2270 4294 et
2309 4239 2383 4294 de
2413 4238 2724 4307 haereticis,
2751 4239 2857 4310 qui
2885 4237 3048 4293 velut
3075 4236 3284 4311 spinae,
3312 4238 3386 4293 de
3415 4240 3518 4293 Ec-

1858 4329 2056 4395 clesia,
2081 4344 2217 4401 quae
2249 4333 2337 4383 est
2368 4334 2521 4384 terra
2548 4328 2896 4397 viventium,
2915 4326 3122 4395 evulsi,
3154 4332 3335 4400 atque
3355 4331 3518 4383 aster-

1858 4436 1937 4474 no
1968 4416 2250 4475 incendio
2288 4418 2504 4485 traditi,
2560 4417 2893 4490 specialiter
2939 4417 3207 4487 intelligi.
3242 4417 3442 4473 Potest
3463 4420 3522 4473 et

1860 4509 2215 4579 generaliter
2261 4510 2337 4565 de
2380 4508 2666 4567 omnibus
2720 4508 2994 4581 reprobis
3040 4507 3309 4577 intelligi,
3350 4508 3521 4577 juxta

1857 4599 2020 4673 quod
2072 4600 2133 4655 in
2186 4598 2507 4669 Evangelio
2549 4599 2765 4655 dicitur
2798 4614 2811 4653 :
2846 4620 2874 4648 «
2910 4597 3117 4655 Omnis
3170 4596 3354 4652 arbor
3379 4611 3518 4667 quas

1857 4704 1981 4745 non
2013 4690 2153 4745 facit
2177 4687 2439 4745 fructum
2463 4688 2694 4744 bonum
2745 4687 3051 4742 excidatur
3080 4684 3323 4757 (Matth.
3350 4685 3453 4753 nl),
3486 4704 3515 4732 »

1855 4784 1966 4835 etc.
2001 4782 2068 4834 Et
2095 4778 2341 4833 iterum:
2372 4797 2401 4830 α
2433 4777 2628 4846 Filius,
2660 4777 2873 4849 inquit,
2905 4774 3169 4831 hominis
3194 4773 3386 4828 mittet
3412 4787 3547 4827 ειη--

1855 4868 2022 4939 gelos
2055 4883 2197 4923 suos
2229 4872 2285 4922 et
2309 4866 2589 4935 colligent
2618 4865 2694 4921 de
2725 4880 2911 4936 regno
2936 4864 3065 4935 ejus
3095 4861 3303 4918 omnia
3340 4875 3515 4916 scan-

1854 4958 2012 5021 dala,
2046 4962 2104 5013 et
2128 4973 2231 5012 eos
2261 4957 2365 5028 qui
2398 4955 2623 5011 faciunt
2677 4955 3074 5029 iniquitatem,
3109 4955 3165 5008 et
3195 4952 3384 5007 mittet
3410 4967 3515 5007 eos

1851 5048 1911 5103 in
1944 5048 2253 5101 caminum
2272 5046 2459 5115 ignis:
2485 5045 2565 5099 ibi
2587 5045 2696 5099 erit
2718 5044 2896 5101 ﬂetus
2923 5050 2980 5100 et
3005 5041 3221 5099 stridor
3241 5040 3514 5114 dentium

1851 5135 2091 5207 (Matth.
2126 5136 2261 5205 χιιι).
2306 5156 2334 5183 η
2362 5133 2461 5189 Ille
2510 5133 2735 5188 scilicet
2778 5135 2956 5206 quasi
3006 5138 3261 5203 tangens
3307 5130 3514 5203 spinas

1852 5224 2184 5282 armabitur
2209 5223 2367 5279 ferro
2391 5227 2449 5278 et
2496 5222 2662 5291 ligno
2690 5220 2984 5287 lanceato,
3017 5222 3122 5293 qui
3179 5218 3514 5275 communi-

1850 5329 1998 5370 eans
2020 5312 2281 5385 peccatis
2317 5311 2528 5368 alienis
2567 5311 2813 5382 propter
2837 5307 3119 5364 duritiam
3166 5306 3365 5362 cordis
3396 5304 3509 5371 sui,

1847 5403 2231 5475 iniquitatum
2258 5401 2525 5474 pondere
2555 5399 2867 5472 premitur,
2898 5401 2955 5453 et
2979 5395 3197 5467 jaculis
3237 5395 3512 5467 peceato-

1848 5510 1984 5551 rum
2014 5491 2429 5548 confodietur:
2466 5491 2761 5561 cujusque
2800 5502 2986 5560 opera
3029 5484 3264 5541 {sternis
3290 5484 3509 5554 gehen-

1847 5598 1940 5640 nae
1968 5582 2207 5649 ignibus
2237 5580 2422 5651 digna
2448 5581 2525 5637 ad
2557 5578 2810 5635 nihilum
2837 5575 3202 5645 redigentur.

1921 5695 1948 5722 ‹‹
1992 5672 2128 5727 Haec
2150 5670 2399 5727 nomina
2420 5670 2661 5727 fortium
2682 5666 2867 5725 David
2904 5666 3121 5723 sedens
3142 5667 3203 5721 in
3225 5664 3512 5722 cathedra

1848 5788 1875 5815 «ι
1918 5761 2397 5836 sapientissimus
2414 5760 2693 5834 princeps
2718 5759 2870 5816 inter
2892 5762 3011 5816 tres
3035 5774 3048 5814 :
3072 5756 3199 5832 ipse
3211 5759 3311 5851 est
3332 5754 3511 5830 quasi
