3940 6404
1538 254 1901 314 ANGELOMI
1942 251 2401 312 LUXOVIENSIS
2439 256 2757 315 MONACHI

3784 257 3893 314 884

447 400 478 428 α
520 378 878 435 tenerrimus
906 378 1052 449 ligni
1079 380 1587 454 vermiculus,qui
1615 377 2101 450 octingentosin-
2132 381 2178 432 A
2217 380 2660 451 nequiverunt?
2712 380 2885 437 Illum
2931 379 3208 438 videlicet
3249 379 3475 438 fontem
3522 380 3803 437 sitientes
3832 380 3893 438 in

443 490 474 520 α
515 467 745 524 terfecit
770 467 1002 540 impetu
1027 484 1170 524 uno.
1198 492 1225 519 »
1244 470 1417 535 Quod
1443 470 1658 526 dicitur
1696 470 1771 526 de
1799 466 2107 540 sapientis-

444 557 599 614 simo
620 556 891 630 principe
914 556 1158 613 fortium
1185 558 1394 628 David,
1413 560 1587 631 cujus
1610 557 1858 631 quidem
1883 570 2105 611 nomen

444 647 508 705 in
538 650 767 717 Regum
818 644 973 701 libro
1002 651 1249 712 tacetur,
1282 653 1344 705 at
1364 665 1505 705 vero
1534 648 1596 704 in
1624 648 1780 704 libro
1811 644 2111 718 Paralipo-

445 751 665 793 menon
698 734 981 791 Jesbaam
1002 736 1367 794 nominatur.
1392 760 1419 789 «
1448 742 1581 811 Ipse
1605 742 1696 793 est
1717 735 1892 809 quasi
1921 739 2107 790 tener'

442 826 631 882 rimus
660 824 808 895 ligni
835 825 1219 881 vermiculus.
1256 845 1287 880 ›
1314 828 1508 884 Virtus
1532 828 1595 883 in
1624 828 1739 883 hoc
1767 825 2002 889 bellica,
2035 823 2107 878 si-

442 913 570 971 mul
601 918 657 969 et
688 912 963 970 modesta
998 914 1109 970 viri
1136 915 1485 987 designatur
1508 916 1757 973 civilitas
1787 932 1800 970 :
1827 914 1975 987 quia
2015 911 2103 967 vi-

441 1002 654 1059 delicet
676 1002 831 1058 sicut
848 1003 1213 1059 vermiculus
1233 1005 1399 1075 ligni,
1424 1010 1589 1061 tener
1617 1003 1866 1077 quidem
1895 1006 1953 1057 et
1988 1000 2103 1056 fra-

441 1091 575 1162 gilis
634 1095 760 1147 toto
814 1107 925 1146 suo
977 1107 1248 1165 corpore,
1294 1109 1405 1149 nec
1451 1110 1575 1149 non
1618 1098 1673 1149 et
1715 1091 2102 1165 permodicus

440 1186 711 1253 apparet,
743 1180 1134 1237 nihilominus
1165 1186 1367 1238 tamen
1399 1183 1790 1239 fortissimum
1830 1180 1976 1250 ligni
2005 1196 2100 1235 ro-

439 1269 558 1325 bur
587 1269 850 1325 exedens
877 1270 1195 1335 consumit,
1219 1276 1276 1326 et
1300 1271 1651 1328 scabrosum
1701 1275 1760 1326 et
1801 1270 2101 1326 cariosum

446 1358 661 1413 reddit.
696 1358 864 1413 Unde
888 1364 946 1414 et
972 1374 1008 1414 a
1050 1360 1296 1416 terendo
1339 1360 1505 1429 ligna
1532 1359 1831 1416 teredonis
1877 1374 2102 1414 nomen

443 1446 646 1503 habet.
677 1448 768 1503 Sic
816 1447 912 1503 ille
946 1447 1205 1505 affabilis
1248 1450 1533 1506 omnibus
1564 1450 1749 1516 domi,
1779 1452 1837 1505 et
1864 1447 2101 1521 quietus

444 1540 625 1607 atque
654 1535 896 1591 humilis
925 1537 1272 1594 videbatur:
1303 1544 1364 1595 at
1387 1540 1448 1594 in
1488 1538 1810 1594 certamine
1857 1536 2100 1609 publico

442 1622 763 1679 robustum
795 1641 856 1680 se
886 1629 1065 1697 atque
1094 1626 1532 1683 intolerabilem
1561 1626 1835 1682 hostibus
1863 1624 2102 1680 exhibe-

447 1711 568 1767 bat.
601 1713 713 1769 Sed
745 1714 904 1769 hunc
931 1714 1282 1788 principem.
1315 1716 1601 1772 Hebraeus
1654 1715 1853 1788 ipsum
1909 1714 2096 1786 suspi-
2130 1730 2173 1782 Β

443 1806 613 1857 catur
649 1818 781 1858 esse
838 1803 1045 1860 David.
1082 1807 1225 1860 Ecce
1276 1806 1587 1862 historiam
1634 1805 1955 1875 tetigimus,
1991 1802 2097 1857 sed

442 1890 590 1962 quid
621 1891 957 1963 spiritaliter
982 1893 1292 1962 signiﬁcet,
1322 1894 1581 1950 breviter
1605 1893 1984 1963 indagemus.
2010 1893 2101 1948 Ait

441 1979 599 2034 enim
635 1995 650 2035 :
683 2003 711 2029 «
744 1981 874 2052 Ipse
904 1986 992 2036 est
1036 1983 1207 2054 quasi
1241 1984 1592 2039 tenerrimus
1630 1982 1775 2051 ligni
1803 1982 2097 2037 vermicu-

438 2066 553 2123 lus.
586 2091 614 2117 »
642 2069 826 2124 David
847 2069 993 2138 ligni
1015 2071 1376 2127 vermiculus
1403 2072 1584 2127 fuisse
1612 2072 1910 2137 scribitur,
1931 2070 2098 2144 quod

437 2157 645 2228 utique
678 2159 986 2214 Dominico
1032 2160 1261 2215 homini
1312 2160 1645 2233 specialiter
1676 2160 1951 2229 congruit
1978 2176 1991 2214 :
2024 2175 2098 2214 ex

438 2247 611 2317 cujus
641 2263 897 2319 persona
928 2249 1440 2323 Psalmographus
1493 2250 1706 2307 cecinit
1733 2268 1746 2305 :
1782 2271 1810 2302 ιι
1842 2253 1961 2320 Ego
1993 2265 2097 2305 au-

439 2341 560 2392 tem
597 2354 735 2393 sum
765 2339 988 2395 vermis
1042 2346 1099 2395 et
1127 2356 1250 2396 non
1299 2342 1485 2397 homo
1533 2342 1720 2411 (Psal.
1753 2342 1854 2406 x1).
1894 2363 1921 2390 »
1951 2341 2098 2405 Que-

436 2426 836 2483 madmodum
868 2429 1029 2484 enim
1059 2429 1291 2497 lignum
1336 2447 1409 2486 ex
1440 2447 1502 2486 se
1528 2430 1923 2486 vermiculum
1955 2445 2095 2502 pro-

437 2521 619 2578 creat,
661 2515 742 2572 ita
790 2533 1033 2589 quoque
1081 2518 1259 2574 beata
1290 2520 1469 2575 Maria
1500 2519 1688 2587 virgo,
1718 2519 1990 2574 videlicet
2021 2518 2094 2573 de

434 2604 639 2659 radice
718 2607 900 2670 Jesse,
967 2605 1201 2678 absque
1277 2623 1456 2679 opere
1534 2608 1806 2680 nuptiali,
1885 2608 2093 2663 ﬂorem

436 2693 683 2765 protulit
706 2695 1025 2750 Dominum
1051 2701 1108 2750 et
1154 2696 1521 2753 Salvatorem
1546 2714 1560 2752 :
1593 2698 1697 2769 qui
1721 2697 2094 2766 octingentos

435 2782 800 2839 interfecisse
828 2784 1055 2856 impetu
1078 2802 1199 2841 uno
1218 2786 1435 2842 dicitur
1449 2787 1595 2859 quia
1626 2793 1691 2842 ut
1720 2786 2095 2856 Evangelista

437 2870 786 2942 pronuntiat
808 2871 883 2926 de
913 2872 1156 2929 homine
1187 2890 1331 2944 uno,
1363 2874 1466 2946 qui
1500 2874 1918 2931 universarum
1948 2889 2092 2944 gen-

436 2959 585 3014 tium
643 2963 853 3031 typum
912 2962 1283 3032 praeferebat,
1316 2985 1345 3011 ‹‹
1394 2979 1517 3018 uno
1552 2963 1802 3035 impetu,
1832 2982 1864 3016 ›
1893 2962 1955 3018 id
2002 2968 2094 3017 est

435 3048 727 3103 sermonis
752 3047 1026 3122 imperio,
1055 3049 1355 3121 legionem
1378 3052 1605 3124 expulit
1628 3052 2000 3108 daemonum.

504 3158 534 3185 α
575 3139 712 3193 Post
731 3137 892 3193 hunc
916 3139 1155 3196 Semma
1186 3140 1344 3195 ﬁlius
1375 3145 1495 3211 Age
1522 3140 1597 3197 de
1630 3141 1820 3197 Arari.
1847 3144 1911 3196 Et
1952 3156 2094 3196 con-

433 3247 461 3273 ‹‹
504 3225 731 3296 gregali
748 3230 889 3281 sunt
911 3226 1264 3284 Philisthiim
1291 3228 1349 3284 in
1374 3230 1645 3297 statione,
1667 3249 1695 3282 ›
1715 3233 1823 3285 etc.
1852 3231 2093 3286 Semma

433 3313 710 3380 audiens,
737 3315 860 3382 Age
886 3316 1180 3371 meditans
1203 3316 1322 3371 sive
1355 3318 1616 3387 loquens,
1643 3316 1901 3373 Ararites
1923 3333 2089 3373 mon-

435 3405 633 3455 tanus.
666 3403 926 3470 Semma,
957 3402 1114 3458 ﬁlius
1145 3410 1286 3471 Age,
1320 3421 1643 3477 personam
1696 3405 1951 3477 gestavit
1988 3409 2093 3461 Do-

433 3488 583 3544 mini
612 3493 668 3545 et
699 3489 1020 3547 Salvatoris
1043 3497 1251 3556 nostri,
1281 3494 1403 3549 sive
1428 3499 1774 3551 sanctorum
1802 3495 2089 3568 praedica-

433 3582 633 3634 torum
663 3579 831 3650 ejus:
864 3580 1054 3653 quiin
1111 3597 1259 3650 agro
1308 3582 1583 3639 Ecclesiae
1640 3589 1826 3652 stans,
1852 3584 2093 3640 inﬁrma

433 3666 712 3723 membra
762 3668 918 3724 illius
962 3669 1037 3725 de
1086 3670 1446 3726 adversariis
1486 3672 1899 3743 potestatibus,
1930 3672 2093 3729 velut

429 3755 729 3813 hordeum
760 3762 956 3814 tuetur
990 3777 1003 3814 :
1039 3758 1131 3814 vel
1163 3763 1319 3815 certe
1348 3760 1774 3816 verecundiam
1806 3761 2091 3817 castitatis

430 3843 493 3900 in
519 3845 982 3917 continentibus,
1016 3847 1191 3920 quasi
1215 3847 1402 3903 lentes
1430 3848 1630 3919 gladio
1659 3848 1779 3904 oris
1809 3849 1920 3915 sui,
1952 3864 2093 3905 con-

430 3930 521 3989 ινδ
548 3933 850 3991 luxuriam
876 3936 1160 3993 defendit.

503 4041 534 4070 ‹‹
574 4025 814 4079 Necnon
844 4029 901 4078 et
956 4028 1093 4080 ante
1143 4024 1584 4080 descenderant
1609 4028 1747 4095 tres,
1792 4026 1894 4098 qui
1921 4030 2092 4082 erant

433 4130 461 4157 ‹‹
505 4111 806 4183 principes
827 4112 888 4166 in
914 4112 1177 4181 triginta,
1196 4117 1254 4168 et
1280 4118 1570 4168 venerunt
1589 4118 1855 4187 tempore
1879 4116 2087 4171 messis

437 4218 457 4251 α
503 4199 583 4255 ad
614 4200 796 4256 David
826 4201 888 4256 in
915 4201 1267 4273 speluncam
1294 4202 1588 4259 Odollam.
1618 4227 1645 4253 »
1674 4207 1811 4260 Tres
1837 4206 1931 4263 isti
1958 4205 2085 4261 fue-

434 4292 596 4355 runt,
630 4289 836 4345 Abisai
860 4289 1016 4345 ﬁlius
1040 4291 1257 4347 Sarviae
1284 4297 1341 4347 et
1370 4293 1483 4348 sub
1511 4293 1627 4349 hoc
1654 4294 1760 4350 Hai
1814 4297 2081 4363 Usitates,

432 4381 489 4434 et
513 4378 815 4434 Jonathan
841 4378 1000 4434 ﬁlius
1032 4382 1315 4437 Sammaa
1337 4381 1531 4438 fratris
1564 4383 1768 4440 David.

504 4488 532 4516 ‹‹
576 4466 647 4522 Hi
689 4467 869 4523 etiam
914 4473 1029 4523 tres
1078 4468 1422 4541 irruperunt
1468 4475 1663 4526 castra
1705 4472 2082 4528 Philisthinn-
2115 4454 2158 4508 Ῑ)

432 4577 460 4604 «ι
502 4571 660 4620 rum,
705 4560 762 4612 et
802 4556 1134 4613 hauserunt
1178 4572 1406 4629 aquam
1448 4557 1524 4613 de
1571 4558 1832 4615 cisterna
1864 4561 2087 4617 Bethle-

430 4666 459 4694 «
500 4646 661 4701 hem.
683 4648 750 4701 Et
769 4645 844 4701 de
866 4645 1053 4702 tribus
1075 4646 1201 4702 istis
1220 4647 1423 4703 Abisai
1444 4664 1689 4720 quoque
1707 4649 1885 4704 frater
1907 4650 2082 4711 Joab,

430 4756 460 4786 «
500 4735 656 4791 ﬁlius
690 4736 929 4803 Sarviaa,
963 4737 1240 4810 princeps
1270 4743 1396 4794 erat
1424 4737 1499 4793 de
1531 4738 1717 4793 tribus
1746 4739 1872 4794 istis
1897 4742 2090 4796 nomi-

430 4846 457 4873 ‹‹
498 4825 675 4891 natis,
715 4826 775 4880 in
807 4825 996 4881 tribus
1045 4826 1160 4881 illis
1200 4832 1256 4882 et
1302 4827 1455 4882 inter
1482 4832 1600 4882 tres
1628 4826 1906 4884 nobilior.
1932 4830 2088 4885 Desi-

430 4935 459 4963 α
498 4913 727 4969 deravit
752 4915 929 4984 igitur
961 4916 1146 4971 David
1177 4920 1233 4971 et
1280 4916 1363 4971 ait
1394 4934 1406 4971 :
1441 4916 1497 4971 Si
1527 4916 1665 4987 quis
1716 4917 1863 4973 mihi
1919 4918 2088 4979 daret

430 5022 459 5051 ‹‹
499 5007 711 5072 potum
745 5003 818 5058 de
863 5004 1115 5060 cisterna
1165 5020 1303 5075 quae
1335 5009 1422 5059 est
1450 5004 1511 5059 in
1544 5003 1886 5063 Bethlehem
1910 5008 2085 5079 juxta

429 5109 460 5139 «
501 5093 760 5161 portam.
794 5094 1139 5163 lrruperunt
1165 5108 1309 5161 ergo
1333 5096 1456 5147 tres
1504 5092 1684 5148 fortes
1722 5101 1916 5153 castra
1960 5099 2086 5155 Phi-

429 5201 457 5228 α
497 5177 899 5245 listhinorum,
927 5183 983 5234 et
1011 5180 1349 5235 hauserunt
1376 5195 1623 5252 aquam.
1671 5188 1741 5239 At
1769 5184 1866 5241 ille
1895 5188 2085 5246 noluit

428 5266 727 5335 «.bibere,
756 5267 863 5322 sed
890 5266 1101 5323 libavit
1128 5267 1291 5323 illam
1341 5268 1615 5325 Domino.
1655 5293 1682 5320 »
1730 5274 1838 5339 Qui
1864 5274 2085 5334 fuerint

425 5355 488 5411 hi
517 5359 635 5411 tres
666 5355 991 5421 fortissimi,
1019 5356 1148 5426 jam
1181 5356 1459 5427 superius
1484 5357 1939 5419 inculcavimus.
1963 5368 2082 5423 Ca:-

425 5446 621 5500 terum
652 5443 989 5516 spiritaliter
1018 5460 1201 5515 quem
1232 5444 1293 5499 in
1322 5445 1438 5501 hoc
1489 5446 1784 5507 desiderio
1814 5452 1942 5525 ipse
1971 5456 2083 5511 Da-

426 5530 526 5585 vid
580 5531 1014 5604 praaﬁguravit,
1045 5532 1154 5588 nisi
1187 5549 1399 5590 omnes
1430 5542 1667 5594 sanctos
1716 5544 1939 5608 Patres,
1977 5544 2083 5616 qui

428 5622 567 5673 ante
594 5618 814 5688 legem,
837 5619 931 5675 vel
957 5621 1071 5677 sub
1089 5620 1219 5692 lege
1244 5623 1503 5693 fuerunt,
1530 5626 1857 5686 adventum
1877 5631 2079 5688 Salva-

427 5707 571 5763 toris
598 5706 1031 5780 priestolantes,
1053 5710 1130 5768 ad
1178 5712 1308 5782 ejus
1356 5716 1738 5788 praesentiam
1767 5721 2081 5792 pervenire

2216 483 2340 539 quo
2390 475 2482 525 est
2531 470 2807 526 remissio
2837 476 3257 543 peccatorum:
3295 485 3421 526 non
3444 469 3553 543 qui
3597 468 3891 542 periculis

2216 563 2581 627 quaereretur
2610 559 2838 623 alienis,
2859 559 2964 615 sed
2990 560 3094 631 qui
3112 558 3309 616 aliena
3333 558 3605 633 pericula
3634 558 3890 616 deleret.

2216 646 2430 703 Verum
2487 648 2789 704 moraliter
2839 664 2912 704 ex
2959 649 3073 704 hoc
3098 647 3255 704 facto
3285 648 3685 718 cogitandum
3724 664 3894 704 sum-

2214 749 2458 807 mopere
2481 741 2592 805 est,
2625 741 2689 793 ut
2712 736 2817 809 qui
2850 754 2911 791 se
2941 736 3142 793 illicita
3165 737 3443 793 meminit
3478 736 3889 807 commisisse,

2214 838 2251 878 a
2275 824 2647 895 quibusdam
2674 825 2855 881 etiam
2887 825 3058 882 licitis
3100 825 3341 881 studeat
3377 825 3707 893 abstinere,
3739 841 3893 898 qua-

2213 914 2385 967 tenus
2406 929 2513 985 per
2532 913 2645 969 hoc
2670 914 2972 971 Conditori
2993 931 3103 971 suo
3121 913 3475 971 satisfaciat:
3500 919 3565 970 ut
3590 913 3704 987 qui
3720 929 3891 970 com-

2211 1001 2372 1057 misit
2385 1003 2710 1076 prohibita,
2725 1004 3077 1077 sibimetipsi
3089 1003 3448 1060 abscindere
3464 1002 3892 1059 debeatetiam

2213 1092 2559 1158 commissa,
2591 1096 2648 1147 et
2694 1108 2756 1148 se
2797 1093 3201 1165 reprehendat
3227 1092 3289 1147 in
3336 1092 3624 1158 minimis,
3659 1090 3777 1163 qui
3827 1107 3891 1146 se

2210 1179 2485 1235 meminit
2522 1179 2584 1236 in
2628 1180 2909 1237 maximis
2954 1180 3302 1254 deliquisse.
3335 1180 3523 1237 Nimia
3565 1185 3717 1236 sunt
3745 1196 3892 1252 qua:

2210 1271 2444 1341 loquor,
2475 1270 2523 1324 si
2576 1271 2705 1325 haec
2755 1287 2828 1325 ex
2878 1270 3031 1325 sacri
3076 1270 3298 1342 eloquii
3349 1268 3698 1326 testimonio
3761 1284 3893 1324 non

2211 1359 2469 1416 afﬁrmo.
2498 1362 2613 1415 Lex
2643 1364 2800 1415 certe
2819 1359 3047 1415 Veteris
3065 1358 3425 1415 Testamenti
3447 1358 3716 1414 alienam
3740 1373 3894 1414 uxo-

2210 1465 2336 1504 rein
2390 1449 2732 1520 concupisci
2792 1447 3116 1519 prohibet:
3147 1452 3209 1503 at
3251 1463 3456 1517 regem
3504 1463 3645 1502 vero
3706 1445 3893 1502 fortia

2206 1537 2419 1608 jubere
2448 1536 2869 1603 militibus,vel
2888 1536 3229 1592 desiderare
3254 1551 3643 1610 aquam,non
3670 1550 3895 1608 paena-

2210 1625 2339 1681 liter
2367 1631 2545 1681 vetat.
2579 1628 2645 1680 Et
2684 1626 2882 1681 cuncti
2925 1626 3201 1681 novimus
3229 1626 3395 1698 quod
3421 1624 3624 1691 David,
3655 1639 3896 1680 concu-

2213 1715 2513 1787 piscentite
2544 1730 2833 1770 mucrone
2864 1716 3209 1785 transﬁxus,
3239 1714 3501 1771 alienam
3548 1714 3895 1784 conjugem

2210 1803 2496 1875 appetivit
2520 1808 2577 1858 et
2606 1802 2873 1873 abstulit,
2905 1803 3079 1874 cujus
3113 1803 3358 1876 culpam
3407 1803 3596 1873 digna
3624 1801 3897 1858 verbera

2210 1898 2348 1947 sunt
2378 1899 2581 1948 secuta
2609 1910 2621 1947 :
2652 1898 2708 1947 et
2734 1892 2963 1947 malum
2993 1892 3160 1964 quod
3188 1892 3572 1965 perpetravit,
3615 1907 3732 1965 per
3759 1907 3895 1963 poe-

2206 1981 2467 2037 nitentiae
2523 1982 2788 2038 lamenta
2835 1982 3108 2038 correxit.
3141 1982 3249 2043 Qui
3297 1998 3458 2053 cum,
3490 1980 3672 2051 longe
3718 1985 3890 2053 post,

2208 2076 2420 2127 contra
2471 2073 2687 2127 ostium
2740 2072 2990 2141 sederet,
3038 2088 3264 2144 aquam
3291 2071 3498 2128 bibere
3544 2088 3617 2127 ex
3661 2086 3891 2127 eorum

2207 2161 2463 2217 cisterna
2493 2178 2566 2216 ex
2610 2161 2908 2217 desiderio
2954 2160 3162 2217 voluit.
3195 2162 3378 2231 Cujus
3410 2160 3579 2217 electi
3625 2159 3885 2230 milites,

2206 2250 2357 2306 inter
2385 2256 2657 2305 catervas
2688 2250 3138 2306 adversantium
3185 2250 3417 2306 medias
3463 2254 3886 2321 erumpentes,

2205 2355 2431 2412 aquam
2462 2354 2648 2412 quam
2696 2356 2800 2395 rex
2843 2339 3230 2396 desiderabat
3280 2338 3446 2395 illaesi
3508 2338 3883 2395 detulerant.

2206 2430 2318 2483 Sed
2370 2429 2458 2483 vir
2508 2428 2759 2498 ﬂagellis
2808 2429 3100 2500 eruditus,
3153 2429 3544 2501 semetipsum
3595 2429 3885 2501 protinus

2205 2533 2343 2572 cum
2372 2517 2641 2589 periculo
2676 2518 2932 2573 militum
2978 2534 3205 2591 aquam
3254 2516 3630 2574 desiderasse
3675 2532 3884 2589 repre-

2203 2605 2433 2674 hendit,
2463 2622 2720 2679 eamque
2750 2606 3003 2663 Domino
3035 2606 3295 2662 fundens
3320 2605 3547 2675 libavit,
3571 2606 3729 2662 sicut
3756 2606 3881 2661 illic

2206 2695 2493 2767 scriptum
2522 2702 2611 2751 est
2640 2713 2653 2750 :
2687 2718 2715 2745 «
2751 2696 2981 2752 Libavit
3008 2712 3142 2751 eam
3175 2696 3449 2752 Domino.
3487 2717 3515 2746 »
3543 2695 3607 2751 In
3639 2695 3879 2751 sacriﬁ-

2204 2785 2364 2840 cium
2391 2786 2615 2858 quippe
2634 2786 2866 2841 Domini
2887 2786 3081 2842 etfusa
3101 2801 3265 2858 aqua
3284 2801 3582 2841 consensa
3600 2790 3712 2853 est,
3726 2786 3882 2857 quia

2203 2874 2445 2946 culpam
2476 2875 2975 2947 concupiscentiae
2996 2875 3299 2941 mactavit,
3317 2890 3425 2947 per
3448 2874 3879 2947 pceniteutiam

2201 2964 2684 3035 reprehensionis
2729 2981 2871 3020 suae.
2923 2965 3035 3031 Qui
3063 2981 3206 3034 ergo
3230 2964 3549 3037 quondam
3585 2964 3881 3035 concupi-

2122 3078 2164 3131 ο
2206 3068 2367 3108 scere
2398 3053 2656 3108 alienam
2686 3054 3008 3125 conjugem
3060 3069 3454 3127 nequaquam
3484 3052 3704 3117 timuit,
3733 3059 3879 3125 post

2204 3144 2384 3198 etiam
2405 3143 2550 3214 quia
2578 3144 3005 3216 concupiverat
3029 3143 3288 3216 expavit.
3308 3142 3458 3207 Quia
3476 3142 3638 3198 enim
3663 3141 3877 3198 illicita

2202 3238 2579 3305 perpetrasse
2612 3234 2988 3304 meminerat,
3033 3239 3244 3290 contra
3290 3232 3686 3305 semetipsum
3732 3233 3873 3303 jam

2201 3321 2450 3391 rigidus,
2483 3322 2662 3378 etiam
2685 3338 2720 3378 a
2746 3322 2916 3377 licitis
2947 3322 3310 3378 abstinebat.
3336 3320 3429 3378 Sic
3449 3335 3709 3391 agamus
3741 3336 3872 3393 pce-

2200 3410 2535 3476 nitentiam,
2560 3416 2627 3466 ut
2654 3426 2728 3466 ea
2751 3426 2887 3483 qua:
2910 3410 3327 3467 commisimus
3356 3409 3615 3483 perfecte
3644 3408 3871 3465 deflea-

2200 3516 2358 3554 mus.
2392 3502 2605 3554 Verum
2627 3500 2802 3570 juxta
2817 3499 3125 3555 historiam
3148 3498 3316 3572 quod
3336 3498 3606 3555 oblatam
3632 3514 3871 3570 aquam

2201 3588 2405 3645 bibere
2431 3589 2640 3655 noluit,
2662 3589 2770 3644 sed
2801 3605 2936 3645 eam
2967 3591 3218 3645 Domino
3251 3589 3480 3657 libavit,
3513 3588 3870 3661 exemplum

2198 3678 2457 3750 praebuit
2507 3679 2792 3734 militibus
2842 3678 2967 3735 suis
3015 3679 3374 3735 fortitudinis
3403 3683 3461 3734 et
3487 3678 3866 3734 constantiae.

2200 3769 2345 3824 Vicit
2374 3784 2517 3838 ergo
2564 3774 2865 3833 naturam,
2889 3773 2956 3825 ut
2983 3769 3185 3825 sitiens
3234 3784 3355 3824 non
3393 3767 3620 3836 liberet,
3653 3772 3721 3824 ut
3748 3784 3866 3824 suo

2200 3857 2478 3930 exemplo
2508 3858 2706 3913 omnis
2735 3858 3029 3914 exercitus
3058 3858 3213 3913 sitim
3244 3857 3519 3914 disceret.

2270 3966 2302 3997 σι
2342 3945 2545 4001 Abisai
2565 3962 2810 4018 quoque
2836 3946 3016 4003 frater
3039 3946 3214 4014 Joab,
3245 3946 3405 4002 ﬁlius
3437 3945 3668 4005 Sarviae.
3696 3945 3866 4017 prin-

2198 4055 2229 4083 α
2270 4049 2411 4106 ceps
2440 4039 2565 4089 erat
2608 4034 2683 4089 de
2713 4035 2923 4090 tribus.
2950 4036 3084 4107 Ipse
3125 4034 3346 4091 levavit
3389 4034 3629 4090 hastam
3679 4049 3861 4090 suam

2202 4142 2225 4176 ι
2271 4128 2478 4179 contra
2528 4128 2819 4179 trecentos
2862 4140 3016 4197 quos
3058 4123 3367 4191 interfecit,
3415 4123 3766 4179 nominatus
3797 4124 3862 4179 in

2196 4234 2227 4263 α
2268 4211 2476 4277 tribus,
2497 4216 2551 4267 et
2572 4213 2723 4267 inter
2750 4217 2865 4268 tres
2890 4213 3165 4279 nobilior,
3188 4217 3435 4285 eratque
3454 4228 3664 4268 eorum
3689 4213 3862 4284 prin-

2196 4323 2227 4353 κ
2267 4317 2429 4373 ceps,
2453 4300 2559 4356 sed
2582 4317 2775 4373 usque
2796 4302 2873 4357 ad
2895 4307 3011 4357 tres
3036 4301 3266 4375 primos
3292 4316 3417 4357 non
3438 4307 3862 4373 pervenerat.)

2200 4389 2521 4447 Sciendum
2552 4394 2638 4445 est
2660 4390 2827 4463 quod
2856 4390 2949 4447 isti
2976 4396 3093 4446 tres
3123 4390 3300 4464 primi
3328 4390 3425 4458 (ad
3448 4406 3603 4463 quos
3623 4389 3858 4457 Abisai,

2196 4478 2301 4551 qui
2329 4483 2455 4533 erat
2484 4479 2634 4533 inter
2674 4484 2790 4533 tres
2839 4478 3096 4535 nobilior
3142 4484 3198 4534 et
3226 4478 3527 4551 princeps,
3561 4493 3685 4534 non
3713 4495 3859 4551 per—

2195 4567 2430 4623 venisse
2459 4567 2695 4638 dicitur)
2724 4584 2922 4640 neque
2951 4568 3011 4623 in
3058 4568 3173 4624 hoc
3201 4567 3529 4635 volumine,
3560 4582 3759 4639 neque
3792 4571 3861 4624 in

2196 4656 2700 4729 Paralipomenon
2721 4656 2874 4712 libro
2900 4658 3003 4729 qui
3027 4658 3244 4713 fuerint
3268 4656 3550 4728 leguntur
3571 4676 3584 4713 :
3611 4672 3862 4714 necnon

2195 4746 2376 4802 etiam
2421 4747 2667 4802 ferventi
2706 4752 2879 4817 aestu,
2905 4747 3091 4803 libros
3139 4748 3574 4820 Antiquitatum
3603 4747 3863 4819 Josephi

2193 4835 2642 4909 perlustrantes,
2660 4836 2910 4892 minime
2934 4837 3200 4893 invenire
3217 4836 3545 4909 potuimus,
3563 4836 3679 4892 nisi
3702 4836 3860 4893 forte

2192 4924 2277 4981 illi
2317 4924 2726 4995 intelliguntur
2774 4926 2947 4997 (sicut
2995 4926 3227 4982 Hebraei
3274 4927 3537 4998 tradunt)
3573 4941 3729 4999 quos
3754 4945 3861 4983 su-

2192 5014 2392 5086 perius
2410 5014 2539 5084 jam
2565 5013 3013 5070 nominavimus
3039 5032 3052 5071 ε
3081 5019 3187 5071 aut
3208 5014 3311 5087 illi,
3343 5030 3498 5087 quos
3548 5018 3857 5088 Iosephus

2191 5106 2395 5157 narrat
2425 5117 2650 5174 aquam
2689 5103 2876 5159 David
2916 5103 2991 5159 de
3039 5104 3295 5159 cisterna
3322 5104 3661 5161 Bethlehem
3694 5113 3858 5164 attu-

2190 5190 2351 5256 lisse,
2397 5206 2552 5262 quos
2600 5192 2874 5248 nominat
2929 5192 3211 5248 Jesbaam
3264 5192 3453 5249 ﬁlium
3501 5200 3857 5261 Accamoni,

2190 5295 2373 5352 quem
2402 5278 2544 5335 alibi
2570 5281 2859 5337 Eusebius
2887 5282 3080 5337 ﬁlium
3124 5282 3392 5337 Achimei
3433 5292 3763 5356 nuncupat,
3794 5296 3860 5345 et

2191 5368 2538 5423 Eleazarum
2588 5369 2779 5425 ﬁlium
2834 5370 3037 5437 Ochoi,
3071 5387 3255 5443 quem
3297 5371 3440 5427 dicit
3483 5388 3611 5428 esse
3655 5374 3855 5435 ﬁlium

2192 5456 2427 5519 Dodim,
2456 5462 2634 5529 atque
2685 5460 2927 5515 Semma
2954 5459 3147 5514 tilium
3193 5465 3335 5529 Age,
3367 5476 3550 5532 quem
3583 5464 3861 5536 appellat

2190 5543 2331 5600 alibi
2361 5543 2551 5601 ﬁlium
2582 5546 2728 5613 Heli,
2760 5547 2835 5601 de
2855 5546 3079 5619 quibus
3111 5564 3284 5604 sacra
3317 5549 3621 5622 Scriptura
3660 5553 3742 5607 nil
3772 5554 3864 5611 lo-

2190 5633 2409 5706 quitur.
2447 5634 2612 5691 Unde
2643 5635 2915 5691 nonnulli
2944 5652 3067 5691 non
3100 5637 3296 5693 solum
3326 5638 3734 5706 Hebraeorum,
3755 5661 3861 5700 ve-

2191 5738 2329 5778 rum
2344 5723 2521 5781 etiam
2543 5724 2908 5795 Latinorum,
2927 5726 3151 5799 tropice
3183 5731 3298 5783 tres
3317 5728 3569 5801 primos,
3596 5734 3716 5788 tres
3741 5735 3865 5794 vir-
