3940 6408
64 266 156 323 ³88
1048 264 1304 319 ENARR.
1348 265 1413 320 IN
1456 261 1709 320 LIBROS
1745 261 2006 318 REGUM.
2053 293 2115 304 -
2155 266 2221 320 IN
2263 265 2392 321 LIB.
2435 269 2501 321 ll.

3383 274 3486 328 386

60 394 203 447 tutes
233 386 443 454 David,
476 385 730 455 intelligi
754 385 985 455 volunt,
1020 386 1382 459 sapientiam
1418 387 1711 455 videlicet,
1757 391 1804 441 Α
1833 401 1948 441 nus
1975 386 2297 445 aadiﬁcabit
2324 389 2464 446 Sion
2481 390 2672 460 (Psal.
2697 391 2792 461 Cl),
2818 413 2847 440 ι»
2873 407 3063 463 quam
3087 392 3307 449 Paulus
3323 409 3493 451 cons-

60 476 468 543 humilitatem,
498 480 558 532 et
582 475 1014 543 fortitudinem,
1045 476 1197 531 sicut
1232 480 1291 532 in
1324 476 1714 551 prmeedeuti-

59 569 165 624 bus
193 566 434 636 dicitur,
466 588 496 615 «
528 565 743 621 sedens
768 565 830 621 in
860 565 1147 622 cathedra
1178 567 1718 640 sapientissimus,»

58 672 185 713 ecce
218 654 608 728 sapientiam.
642 677 669 704 ‹‹
696 659 827 726 Ipse
859 659 948 710 est
990 654 1166 726 quasi
1196 656 1552 711 terrenimus
1574 653 1720 723 ligni

59 744 433 812 vermiculus,
471 766 499 794 »
531 760 669 800 ecce
699 743 1119 799 humilitatem.
1155 767 1180 793 υ
1209 745 1316 809 Qui
1346 746 1720 813 octingentos

57 834 340 891 interfecit
358 834 592 908 impetu
623 849 766 898 uno,
801 854 829 881 »
861 849 996 889 ecce
1028 833 1459 889 fortitudinem.
1490 832 1581 888 Ad
1609 834 1720 889 has

59 930 166 981 tres
192 924 441 980 virtutes
461 939 644 979 nemo
666 923 909 979 fortium
925 922 1113 978 David
1143 923 1433 995 pervenit,
1463 923 1721 995 ideoque

58 1014 177 1087 ipse
203 1017 296 1069 est
325 1012 611 1087 princeps
640 1012 881 1068 fortium
939 1027 1211 1067 suorum.
1261 1015 1475 1067 Verum
1508 1011 1553 1066 si
1585 1011 1720 1084 quis

60 1102 230 1158 aliam
258 1101 703 1175 expositionem
728 1100 1041 1169 invenerit,
1066 1099 1455 1173 promulgare
1484 1100 1722 1155 studeat

59 1198 110 1247 et
135 1208 244 1247 nos
272 1191 530 1247 libenter
561 1190 616 1246 ei
646 1190 1009 1263 obsequium
1044 1190 1346 1256 dabimus,
1369 1189 1471 1261 qui
1495 1189 1721 1262 profec-

58 1283 113 1333 to
137 1276 318 1333 aliam
342 1276 616 1332 invenire
638 1290 759 1330 non
792 1274 1100 1348 potuimus
1122 1293 1133 1341 ;
1154 1274 1245 1330 his
1272 1274 1433 1331 enim
1450 1274 1718 1347 expletis,

59 1365 195 1439 quid
210 1365 600 1439 spiritualiter
616 1364 1403 1434 signiﬁcat,innuamus.lste
1416 1364 1577 1419 enim
1589 1363 1722 1418 Abi-

61 1455 163 1515 sai,
194 1455 297 1528 qui
320 1454 551 1511 levavit
581 1469 837 1510 manum
872 1469 1044 1509 suam
1067 1460 1276 1509 contra
1307 1458 1618 1517 trecentos,
1652 1453 1713 1508 ﬁ-

61 1560 264 1615 guram
288 1543 685 1617 praetendisse
718 1542 1042 1601 Salvatoris
1063 1542 1183 1599 sive
1213 1548 1557 1599 sanctorum
1572 1558 1719 1615 prie-

61 1632 387 1689 dicatorum
419 1648 547 1689 non
574 1631 832 1689 dubium
881 1638 1005 1689 est:
1039 1632 1144 1705 qui
1173 1632 1386 1689 vexillo
1415 1632 1609 1688 crucis
1639 1637 1718 1686 at-

1838 474 1952 530 trui
1982 475 2195 533 videns
2225 478 2460 535 aiebat:
2498 502 2525 529 ‹‹
2557 479 2657 536 Dei
2703 479 3020 537 aedificatio
3077 482 3217 538 estis
3249 484 3305 554 (Ι
3349 484 3488 541 Cor.

1832 565 1936 634 in):
1975 587 2002 615 ››
2049 566 2160 631 Qui
2190 567 2265 623 de
2297 567 2462 624 caelis
2492 568 2803 625 descendit
2838 570 2900 625 in
2957 570 3159 634 lacum
3190 572 3393 629 saeculi
3415 573 3492 630 is-

1831 653 1945 708 tius
1972 671 1984 709 :
2017 655 2121 727 qui
2149 655 2409 713 calentes
2440 659 2878 731 aquas,hocest
2897 665 3128 716 mentes
3147 660 3488 731 hominum,

1828 741 1889 797 in
1922 743 2148 799 malitia
2179 746 2493 814 ferventes,
2522 747 2657 803 nive
2689 753 2746 803 et
2767 747 2987 817 frigore
3014 748 3398 823 inﬁdelitatis,
3429 751 3491 809 in

1830 848 1992 904 aqua
2018 835 2460 905 praedicationis
2491 854 2636 905 suae,
2669 837 2793 893 sive
2836 837 3062 894 ﬂuento
3081 838 3486 912 baptismatis,

1828 921 2199 991 refrigeravit
2223 942 2235 978 :
2257 947 2285 976 «
2311 930 2369 981 et
2395 925 2997 994 interfecitleonem,»
3021 937 3135 984 hoc
3156 934 3247 984 est
3276 930 3488 987 diabo-

1828 1007 1976 1074 lum,
2011 1010 2213 1080 gladio
2244 1013 2411 1069 verbi
2450 1014 2563 1069 sui.
2599 1037 2627 1065 ‹‹
2661 1015 2794 1087 Ipse
2836 1016 2997 1071 enim
3046 1020 3135 1073 est
3194 1019 3489 1075 auricula-

1829 1098 1955 1153 rius
1989 1100 2196 1165 David,
2234 1102 2334 1158 Dei
2361 1102 2582 1158 scilicet
2612 1104 2833 1159 Patris:
2869 1104 2965 1160 cui
3012 1122 3156 1162 vera
3203 1106 3486 1165 divinitas

1829 1202 2075 1244 omnem
2106 1190 2418 1247 scientiam
2449 1196 2630 1264 atque
2661 1192 3116 1264 intelligentiam
3146 1197 3412 1254 contulit.

1901 1298 1928 1326 ‹‹
1964 1280 2096 1333 Ηωο
2127 1278 2264 1335 fecit
2295 1280 2529 1347 Banais,
2554 1280 2712 1336 ﬁlius
2741 1282 2989 1347 Joiadae,
3042 1288 3097 1338 et
3137 1283 3264 1357 ipse
3292 1286 3489 1343 nomi-

1828 1387 1860 1415 ‹‹
1889 1370 2070 1423 natur
2095 1367 2248 1424 inter
2279 1373 2393 1425 tres
2414 1369 2864 1427 robustissimos
2893 1371 2998 1444 qui
3027 1376 3199 1429 erant
3215 1372 3368 1431 inter
3388 1375 3486 1432 tri-

1830 1478 1856 1505 ‹‹
1894 1456 2059 1524 ginta
2087 1457 2433 1515 nobiliores.
2454 1462 2876 1516 Verumtamen
2899 1476 3092 1532 usque
3112 1461 3192 1517 ad
3217 1467 3334 1518 tres
3365 1480 3490 1522 non
3518 1510 3539 1530 .

1827 1567 1855 1598 ς
1886 1552 2264 1617 pervenerat,
2295 1570 2324 1597 »
2357 1548 2721 1619 lntelligitur,
2751 1550 2895 1622 quia
2932 1550 3062 1622 ipse
3083 1552 3384 1609 nominari
3403 1554 3490 1610 di-

1828 1648 1983 1702 gnus
2000 1640 2156 1690 esset
2184 1635 2336 1692 inter
2364 1636 2669 1704 robustos,
2693 1637 2753 1692 id
2781 1642 2869 1693 est
2888 1637 3087 1695 Abisai
3110 1644 3168 1696 et
3184 1640 3489 1699 Subochai

58 1737 164 1794 que
190 1722 366 1778 hasta
396 1720 869 1795 praedicationis,
904 1721 1181 1777 inimicos
1223 1721 1382 1789 ﬁdei,
1415 1721 1578 1777 velut
1604 1725 1713 1776 tre-
1746 1740 1789 1792 Β
1826 1728 1883 1778 et
1910 1724 2238 1791 Jonathan,
2280 1725 2507 1799 quippe
2536 1726 2643 1799 qui
2682 1726 2912 1783 viribus
2958 1728 3042 1783 eis
3079 1730 3307 1802 aequari
3351 1746 3491 1804 pos-

60 1815 248 1867 centos
279 1810 465 1878 viros,
499 1811 870 1867 convincunt
907 1816 1088 1884 atque
1128 1815 1533 1884 prosternunt.

126 1922 153 1950 ‹‹
182 1902 248 1955 Et
274 1899 562 1967 Banaias,
605 1899 766 1956 ﬁlius
793 1899 1042 1964 Joiadae,
1080 1900 1189 1956 viri
1231 1900 1540 1956 fortissimi
1583 1915 1713 1955 ma-

68 2007 84 2037 ι
115 2003 364 2058 guorum
388 2004 652 2061 operum
676 1988 753 2045 de
779 1988 1048 2062 Capseel,
1077 1988 1206 2062 ipse
1240 1988 1539 2062 percussit
1560 1988 1717 2044 duos

63 2098 87 2123 ‹‹
115 2076 311 2133 leones
326 2076 591 2148 Moab,et
609 2077 737 2150 ipse
760 2076 1074 2134 descendit
1089 2082 1150 2134 et
1165 2078 1459 2151 percussit
1476 2077 1716 2134 leonem

63 2188 86 2215 ιι
116 2166 175 2222 in
202 2166 405 2223 medio
433 2166 711 2223 cisternas
741 2166 959 2223 diebus
988 2167 1162 2223 nivis.
1196 2171 1330 2240 Ipse
1360 2183 1605 2240 quoque
1625 2167 1716 2222 in-

66 2277 92 2304 ι(
120 2255 334 2312 terfecit
360 2256 567 2312 virum
589 2256 958 2329 Algyptium,
982 2256 1181 2313 virum
1212 2257 1466 2327 dignum
1492 2262 1719 2330 specta-

63 2363 91 2399 ‹
114 2345 262 2413 culo,
292 2345 629 2402 habentem
644 2348 707 2401 in
733 2362 922 2402 manu
940 2347 1411 2420 hastamJtaque
1432 2364 1570 2403 cum
1588 2348 1720 2404 des-

69 2455 85 2484 ι
117 2434 410 2492 cendisset
427 2433 515 2492 ad
545 2450 686 2492 eum
715 2435 778 2491 in
804 2434 991 2507 virga,
1014 2435 1102 2491 vir
1120 2436 1619 2492 extorsithastam
1641 2434 1717 2491 de

64 2545 89 2569 «
115 2539 295 2580 manu
320 2523 608 2597 Egyptii,
636 2523 999 2581 etinterfecit
1015 2540 1157 2581 eum
1184 2524 1363 2581 hasta
1389 2542 1520 2582 sua.
1554 2548 1583 2575 ››
1600 2528 1715 2581 Νο-

66 2613 300 2670 tandum
348 2612 525 2687 quod
583 2612 646 2669 in
677 2613 924 2670 Hebraeo
968 2629 1093 2670 non
1122 2613 1398 2682 habetur,
1437 2614 1609 2685 (sicut
1654 2613 1717 2669 in

64 2702 367 2772 cujusdam
382 2701 697 2759 volumine
708 2702 1023 2776 reperitur)
1045 2719 1408 2775 magnorum
1437 2719 1715 2777 operum,

68 2790 161 2846 sed
185 2791 477 2863 magister
507 2807 784 2865 operum.
816 2792 1069 2866 Capseel
1093 2792 1254 2849 enim
1294 2793 1718 2866 interpretatur

65 2883 429 2953 congregatio
456 2883 609 2938 Dei:
642 2881 930 2952 magister
957 2882 1119 2938 enim
1140 2887 1268 2939 erat
1294 2882 1369 2938 de
1391 2898 1718 2954 congrega—

64 2968 207 3027 tione
233 2974 291 3028 et
308 2970 554 3041 legione
580 2970 697 3038 Dei,
727 2970 793 3027 id
821 2975 914 3028 est
940 2972 1172 3029 Ceretbi
1198 2977 1256 3028 et
1284 2972 1578 3040 Pherethi,
1611 2970 1717 3045 qui

64 3057 523 3148 interpretantur
542 3061 881 3156 occidentas
902 3065 959 3118 et
987 3063 1377 3132 viviﬁcantes.
1407 3063 1538 3135 Ipse
1554 3064 1716 3119 enim
1747 3101 1788 3156 Ο

66 3150 337 3220 percussit
358 3142 525 3208 duos
548 3149 754 3207 leones
788 3150 981 3218 Moab,
1023 3167 1179 3224 quos
1208 3151 1483 3207 nonnulli
1508 3152 1718 3209 intelli-

66 3237 117 3307 gi
141 3238 355 3312 volunt,
377 3239 545 3297 duos
574 3244 848 3312 potentes
872 3255 942 3297 ac
968 3239 1327 3296 fortissimos
1360 3240 1518 3296 viros
1548 3240 1608 3296 in
1631 3258 1719 3297 re-

67 3341 173 3396 gno
215 3329 402 3387 Moab.
462 3333 533 3385 1n
573 3344 698 3402 quo
729 3329 911 3386 etiam
952 3330 1277 3397 intellectu,
1322 3330 1409 3386 vir
1466 3330 1717 3403 quidam

68 3415 260 3474 doctus
279 3418 338 3474 in
367 3418 720 3491 Scripturis,
754 3423 813 3475 et
843 3419 1032 3476 solers
1058 3420 1119 3475 in
1144 3436 1351 3476 amore
1388 3421 1715 3493 sapientiae,

65 3506 157 3577 qui
181 3523 273 3564 me
301 3508 364 3564 in
395 3502 591 3566 sacris
611 3507 822 3564 litteris
854 3509 1091 3565 erudire
1121 3510 1719 3577 consuevit,consen—

66 3593 157 3650 tire
185 3596 433 3654 videtur.
469 3598 637 3662 Quos
658 3597 1181 3671 Paralipomenon,
1214 3598 1369 3654 duos
1396 3599 1557 3654 Ariel
1598 3602 1713 3656 Mo-

66 3683 443 3743 abnominat.
484 3684 651 3742 Unde
694 3690 752 3743 et
804 3686 962 3743 Ariel
1016 3687 1113 3744 vel
1142 3687 1248 3743 viri
1280 3693 1551 3760 potentes
1605 3690 1717 3745 Mo-

65 3772 134 3828 ab
161 3775 248 3831 vel
273 3775 484 3832 leones
514 3780 926 3849 nuncupatur.
949 3778 1103 3833 Ariel
1127 3777 1289 3832 enim
1320 3776 1718 3850 interpretan-

67 3863 151 3918 tur
178 3864 260 3921 ιεο
298 3868 427 3922 Dei.
459 3868 627 3931 Quos
676 3865 955 3938 Banaias,
986 3865 1135 3922 dum
1166 3872 1530 3939 provocatus
1561 3872 1720 3925 esset

67 3950 135 4007 ab
157 3952 289 4017 illis,
315 3959 640 4028 superatos
683 3954 995 4011 interfecit.
1028 3957 1283 4021 Quando
1333 3958 1495 4013 enim
1530 3957 1717 4014 David

68 4041 292 4099 eosdem
319 4043 618 4100 Moabitas
642 4042 802 4099 bello
841 4059 1165 4115 aggressus
1209 4050 1318 4114 est,
1351 4050 1408 4102 et
1434 4044 1571 4101 fecit
1599 4051 1717 4102 tres

70 4127 344 4188 funiculos
364 4132 529 4189 duos
554 4130 635 4189 ad
665 4132 1181 4204 mortiﬁcandum,
1214 4139 1272 4190 et
1293 4150 1483 4190 unum
1514 4134 1595 4191 ad
1633 4135 1716 4191 vi-

70 4218 441 4289 viﬁcandum,
469 4222 568 4278 isti
585 4227 860 4295 potentes
883 4223 1171 4280 Moabitas
1192 4224 1717 4290 tuebantur.Quod

69 4306 265 4367 dicitur
290 4312 366 4368 de
397 4311 632 4368 Banaia
656 4328 670 4366 ι
694 4332 725 4366 ‹
772 4318 830 4369 et
857 4312 990 4385 ipse
1019 4312 1299 4370 decendit
1340 4319 1397 4370 et
1421 4313 1718 4387 percussit

69 4395 123 4452 in
148 4400 340 4458 media
367 4401 635 4458 cisterna
665 4401 880 4458 diebus
911 4402 1063 4459 nivis
1099 4402 1339 4459 leonem
1382 4422 1436 4469 ›,
1465 4419 1719 4476 quomo-

69 4485 138 4542 do
164 4488 234 4545 sit
260 4490 508 4559 factum,
527 4490 825 4569 Josephus
844 4496 1051 4550 narrat
1071 4493 1363 4565 apertius:
1387 4493 1533 4566 quia
1560 4492 1721 4548 vide-

69 4572 189 4633 licet
216 4580 470 4638 cisterna
512 4579 689 4637 fuerit
723 4580 981 4637 nimium
1016 4582 1340 4654 profunda,
1379 4599 1516 4656 quas
1575 4587 1719 4639 tem-

70 4679 200 4736 pore
219 4668 435 4727 hiemis
466 4686 612 4726 cum
642 4676 847 4727 essent
873 4672 1083 4728 omnia
1111 4670 1355 4728 nivibus
1386 4671 1588 4745 plena,
1624 4672 1716 4745 ip-

71 4769 378 4832 saquoque
398 4759 593 4816 nimio
632 4759 860 4817 nivium
892 4776 1131 4832 aggere,
1174 4760 1348 4818 fuerit
1379 4767 1713 4835 corequata,

72 4846 126 4899 ln
152 4861 330 4918 quam
360 4866 504 4905 cum
532 4848 629 4906 leo
647 4851 1078 4923 superveniens
1093 4850 1338 4922 periculi
1361 4852 1604 4909 nescius
1623 4851 1714 4907 in-

71 4932 306 5006 cidisset,
335 4938 690 5012 ibidemque
728 4940 1053 4996 conclusus
1079 4941 1295 5011 grandi
1346 4942 1547 5013 rugitu
1601 4941 1711 4999 cla-

71 5030 264 5093 maret,
285 5028 687 5086 accurrebant
715 5029 999 5086 homines
1032 5030 1236 5087 videre
1265 5030 1413 5104 quid
1443 5034 1620 5088 esset.
1649 5033 1717 5088 Et

72 5110 206 5170 dum
230 5132 368 5173 cum
390 5118 524 5175 aliis
546 5118 627 5175 ad
658 5119 772 5177 tale
805 5119 1223 5193 spectaculum
1266 5120 1577 5177 adveniret
1610 5124 1714 5177 Ba-

73 5202 244 5271 naias,
272 5206 492 5265 desiliit
516 5208 719 5265 statim
746 5209 808 5266 in
853 5210 1211 5268 cisternam:
1255 5215 1313 5267 et
1359 5225 1713 5282 aggressum

73 5292 265 5349 mediis
293 5295 353 5351 in
381 5296 629 5354 nivibus
671 5301 966 5371 percussit
1012 5305 1071 5356 et
1114 5299 1407 5357 interfecit
1452 5299 1711 5355 leonem.

77 5379 446 5451 Spiritualiter
470 5386 751 5456 Banaias,
779 5388 887 5462 qui
915 5388 1340 5463 interpretatur
1383 5388 1716 5457 adi/{calor

76 5472 356 5547 Dominus,
387 5493 722 5550 personam
751 5479 813 5535 in
852 5495 915 5536 se
946 5480 1237 5553 expressit
1270 5477 1614 5548 Salvatoris,
1637 5476 1713 5534 de

75 5572 182 5629 quo
209 5564 506 5639 Propheta
534 5567 987 5642 vaticinaverat,
1034 5568 1179 5642 quia
1206 5584 1314 5642 per
1358 5584 1497 5624 eum
1527 5567 1713 5624 aediﬁ-

76 5650 251 5708 canda
278 5656 538 5713 Ecclesia
566 5662 742 5729 esset,
791 5658 1034 5716 dicens:
1070 5682 1098 5709 ‹‹
1153 5656 1484 5715 ίΕᾱΗὶοεωε
1516 5657 1714 5713 Hieru-

78 5736 245 5799 mlem
269 5744 557 5805 Dominus
584 5749 778 5821 (Psal.
801 5754 972 5819 cm).
1010 5772 1039 5800 »
1066 5751 1135 5807 Et
1159 5749 1406 5807 iterum:
1440 5771 1470 5801 α
1503 5746 1704 5806 Domi-

1827 1816 1938 1873 set.
1960 1812 2065 1885 qui
2094 1813 2272 1870 etiam
2301 1819 2471 1871 erant
2494 1816 2646 1871 inter
2667 1815 2927 1887 triginta.
2957 1817 3300 1874 Notandum
3320 1821 3490 1892 quod

1824 1900 2076 1973 quidam
2110 1902 2501 1959 Hebraeorum
2526 1903 2764 1960 leonem
2795 1905 2956 1962 bunc
2996 1922 3180 1979 quem
3231 1908 3489 1965 Banaias

1824 1990 2134 2059 interfecit,
2161 1993 2313 2049 Joab
2338 1993 2586 2064 intelligi
2615 1993 2861 2050 volunt:
2894 1996 3000 2069 qui
3031 1996 3092 2052 in
3124 1997 3326 2054 media
3372 1999 3488 2054 cis-

1828 2086 2017 2143 terna,
2045 2081 2105 2136 id
2128 2088 2237 2149 est,
2268 2082 2331 2137 in
2360 2082 2545 2139 domo
2580 2084 2837 2151 Domini,
2872 2084 2975 2140 ubi
3000 2101 3229 2141 cornua
3280 2086 3485 2144 altaris

1826 2168 2089 2239 tenebat,
2113 2171 2348 2226 occisus
2377 2175 2483 2227 est.
2520 2174 2588 2227 Et
2615 2177 2761 2244 puta
2800 2172 2986 2229 altare
3046 2173 3368 2231 cisternam
3417 2176 3491 2233 si-

1827 2258 2140 2329 gniﬁcare:
2171 2259 2448 2316 videlicet
2471 2260 2635 2334 quia,
2668 2260 2884 2334 inquit,
2926 2263 3080 2319 sicut
3100 2279 3265 2336 aqua
3290 2264 3489 2321 cister-

1823 2363 1917 2403 nae
1950 2348 2307 2405 munditiem
2334 2349 2523 2418 affert,
2547 2350 2630 2407 ita
2646 2350 3039 2408 nihilominus
3070 2354 3486 2411 sanctuarium

1823 2437 2057 2494 Domini
2086 2444 2333 2512 peccata
2358 2439 2661 2512 expiabat.
2691 2463 2719 2491 «
2746 2444 2809 2496 ln
2833 2441 3050 2499 diebus
3079 2443 3256 2508 nivis,
3283 2465 3312 2493 ι»
3342 2447 3489 2518 quia

1823 2542 1931 2600 per
1956 2533 2211 2584 mortem
2241 2528 2504 2602 expiavit
2543 2534 2881 2602 peccatum,
2907 2531 3084 2602 juxta
3138 2532 3287 2589 illud
3330 2534 3490 2591 Psal-

1823 2615 2015 2671 mistm
2037 2633 2049 2671 :
2071 2639 2098 2667 «
2126 2617 2379 2673 Lavabis
2408 2634 2526 2686 me,
2562 2641 2590 2668 ››
2618 2618 2786 2692 quod
2815 2619 3129 2692 impletum
3161 2627 3253 2678 est
3275 2621 3337 2678 in
3361 2640 3487 2680 me-
3530 2604 3547 2621 ’

1824 2704 1926 2760 dia
1953 2705 2243 2762 cisterna:
2280 2730 2307 2756 «
2366 2711 2423 2763 et
2453 2723 2637 2780 super
2664 2707 2866 2764 nivem
2913 2709 3247 2767 dealbabor
3294 2713 3486 2781 (Psal.

1824 2795 1918 2867 L):
1964 2817 1992 2844 »
2022 2795 2188 2869 quod
2219 2796 2534 2869 impletum
2561 2801 2651 2853 est
2694 2797 2751 2853 in
2780 2814 2853 2855 eo
2881 2800 3049 2872 quod
3079 2800 3181 2869 ait,
3213 2824 3241 2852 «
3274 2801 3488 2858 diebus

1825 2884 2001 2940 nivis.
2027 2905 2057 2934 »
2098 2886 2177 2940 De
2204 2902 2276 2941 eo
2296 2890 2500 2942 autem
2526 2886 2691 2958 quod
2723 2887 3162 2961 subsequenter
3185 2895 3484 2947 narratur:

1828 2995 1856 3024 ‹‹
1886 2979 2019 3046 lpse
2044 2990 2289 3047 quoque
2318 2974 2610 3031 interfecit
2657 2976 2854 3032 virum
2896 2980 3261 3051 Egyptium,
3290 2980 3489 3037 virum

1826 3064 2084 3133 dignum
2112 3063 2477 3136 spectaculo.
2504 3086 2534 3115 »
2575 3064 2777 3120 Virum
2807 3065 2989 3122 istum
3015 3068 3358 3140 Egyptium
3392 3071 3489 3126 Se-

1829 3152 1948 3208 mei
1978 3152 2172 3208 ﬁlium
2199 3155 2333 3208 Jera
2363 3169 2493 3208 esse
2533 3153 2919 3220 arbitrantur,
2955 3155 3061 3227 qui
3103 3156 3351 3212 malexit
3379 3158 3489 3213 Da-

1829 3241 1948 3297 vid.
1977 3241 2301 3298 Sciendum
2346 3242 2629 3314 estquod
2675 3242 2838 3298 idem
2878 3244 3071 3300 Semei
3095 3244 3171 3301 de
3204 3245 3487 3302 Bahurim

1826 3330 2001 3387 fuerit
2071 3331 2208 3387 ideo
2270 3331 2590 3404 Egyptius
2636 3331 2856 3400 dictus,
2901 3333 3046 3405 quia
3098 3350 3285 3407 opera
3329 3334 3487 3392 illius

1827 3419 2116 3492 IEgyptii,
2152 3423 2341 3476 Deum
2370 3419 2848 3493 blasphemantis
2874 3424 3081 3495 (quem
3121 3426 3369 3496 Moyses,
3387 3424 3486 3495 ju-

1824 3509 2002 3565 bente
2041 3508 2322 3577 Domino,
2355 3508 2646 3565 interfecit
2674 3509 2735 3565 in
2787 3517 3011 3579 eremo)
3043 3511 3310 3568 imitatus
3356 3513 3485 3570 fuit.

1826 3598 1924 3655 Ille
1956 3598 2117 3655 enim
2146 3598 2597 3672 blasphemavit
2625 3599 2835 3667 Deum,
2905 3607 2963 3657 et
3015 3601 3128 3657 iste
3180 3602 3489 3659 maledixit

1822 3689 2185 3762 prophetam
2216 3693 2272 3744 et
2297 3704 2523 3759 regem.
2572 3708 2604 3742 ‹
2628 3688 2836 3745 V'irum
2860 3689 3116 3761 dignum
3174 3698 3486 3764 spectacu-

1822 3778 1902 3836 lo.
1933 3800 1962 3829 ››
1988 3778 2381 3852 Spectabatur
2406 3778 2590 3847 enim,
2640 3785 2705 3835 ut
2736 3779 2783 3834 si
2814 3780 3194 3849 egrederetur
3250 3783 3491 3837 Jerusa-

1821 3868 1965 3941 lem,
1988 3868 2437 3925 interﬁceretur.
2471 3891 2499 3919 «
2530 3868 2857 3925 Habentem
2887 3869 2948 3923 in
2973 3885 3162 3926 manu
3189 3869 3487 3941 hastam,»

1823 3958 1885 4013 id
1905 3961 1995 4014 est
2018 3957 2215 4029 legem
2246 3957 2369 4025 Dei,
2395 3972 2584 4030 quam
2636 3957 2687 4023 si
2740 3957 3062 4014 meditatus
3114 3959 3323 4016 fuisset
3350 3975 3486 4033 per-

1824 4046 2131 4104 manendo
2162 4047 2221 4102 in
2280 4045 2671 4117 Hierusalem,
2703 4063 2825 4103 non
2869 4048 3280 4120 perimeretur.
3337 4049 3489 4115 Quia

1825 4152 1969 4207 ergo
1991 4140 2362 4209 praeceptum
2391 4135 2550 4206 regis
2581 4136 2813 4193 irritum
2838 4136 2995 4207 fecit,
3017 4138 3296 4195 exeundo
3327 4138 3487 4194 foras

1827 4224 2218 4293 Hierusalem,
2267 4223 2493 4280 idcirco
2535 4224 2597 4280 in
2650 4242 2791 4282 eum
2845 4242 2882 4282 a
2941 4228 3189 4297 Bannia,
3222 4247 3253 4282 ‹
3283 4228 3345 4283 in
3373 4227 3490 4283 vir-

1826 4330 1923 4385 ga,
1954 4336 1982 4364 ››
2013 4314 2076 4369 id
2106 4318 2198 4371 est
2239 4313 2591 4370 rectitudine
2636 4314 2897 4386 justitize,
2943 4316 3303 4374 descensum
3350 4322 3439 4374 est
3471 4333 3485 4370 :

1825 4408 1883 4459 et
1901 4404 2097 4475 hasta,
2117 4418 2307 4476 quam
2339 4402 2472 4474 jam
2520 4418 2644 4459 non
2669 4409 2896 4461 rectam
2926 4406 3187 4472 tenebat,
3219 4405 3279 4463 vi
3308 4405 3387 4463 ab
3415 4422 3486 4463 eo

1825 4496 2057 4550 extorta
2083 4499 2207 4551 est:
2241 4508 2425 4549 auem
2482 4509 2728 4549 sensum
2758 4510 2885 4550 non
2939 4495 3340 4566 refragamus,
3382 4496 3489 4551 sed

1825 4582 2095 4654 diligenti
2121 4581 2326 4638 lectori
2365 4581 2783 4655 relinquimus.
2818 4584 3162 4657 Descriptus
3208 4584 3370 4640 enim
3414 4600 3488 4639 ex

1824 4678 1993 4746 parte
2023 4671 2336 4744 cata10gus
2366 4671 2634 4728 virorum
2658 4671 2902 4730 fortium
2947 4673 3006 4729 in
3030 4673 3291 4743 ﬁguram
3314 4687 3488 4728 sanc-

1824 4765 2044 4831 torum,
2077 4760 2182 4834 qui
2216 4759 2498 4833 quamvis
2544 4760 2833 4816 virtutum
2883 4761 3246 4817 sublimitate
3304 4758 3486 4832 proﬁ-

1823 4852 2004 4920 ciant,
2033 4856 2239 4908 tamen
2288 4866 2479 4923 usque
2510 4850 2588 4905 ad
2619 4849 3031 4906 excellentiam
3056 4849 3276 4906 divinae
3304 4849 3489 4906 Trini-

1821 4941 1957 4999 tatis
2021 4956 2414 5015 nequaquam
2470 4939 2785 5010 attingant.
2837 4938 2981 4994 lnde
3037 4943 3127 4995 est
3181 4938 3346 5012 quod
3401 4937 3486 4996 ibi

1823 5030 2110 5103 scriptum
2138 5034 2228 5086 est
2250 5028 2326 5084 de
2350 5027 2521 5096 Joab,
2558 5043 2752 5100 usque
2774 5026 2855 5084 ad
2885 5031 3002 5084 tres
3037 5043 3161 5084 non
3190 5027 3483 5101 pervenit.

1823 5118 1967 5186 Quis
1991 5117 2155 5175 enim
2185 5117 2526 5191 aequabitur
2548 5115 2822 5183 Domino,
2849 5121 2953 5173 aut
2979 5116 3116 5191 quis
3146 5117 3354 5175 similis
3376 5117 3488 5177 erit

1820 5209 1973 5266 inter
1992 5207 2149 5264 ﬁlios
2181 5207 2329 5264 Dei?
2350 5208 2435 5263 Ac
2457 5221 2564 5279 per
2592 5206 2709 5262 hoc
2738 5222 2880 5262 vera
2918 5211 3117 5280 potest
3136 5206 3239 5265 illa
3266 5208 3485 5266 solutio

1822 5304 1973 5367 es'se,
2004 5313 2193 5371 quam
2224 5295 2501 5369 superius
2530 5295 2606 5351 de
2648 5295 2838 5352 tribus
2864 5296 3076 5370 primis
3120 5295 3483 5366 fortissimis,

1820 5387 2096 5446 videlicet
2125 5386 2315 5443 tribus
2335 5384 2653 5442 virtutibus
2688 5385 2896 5453 David,
2920 5385 3353 5459 descripsimus
3373 5405 3386 5443 :
3406 5388 3487 5444 ad

1821 5494 1979 5552 quas
2040 5491 2222 5533 nemo
2291 5473 2534 5530 fortium
2585 5473 2897 5548 pervenire
2956 5473 3168 5547 potuit.
3230 5475 3300 5531 Et
3347 5474 3485 5534 ideo

1823 5567 2049 5641 tropice
2098 5579 2298 5621 sermo
2327 5563 2571 5620 divinus
2629 5562 2691 5622 in
2748 5561 3009 5633 ﬁguram
3050 5562 3375 5621 Salvatoris
3404 5565 3488 5624 ita

1822 5654 2070 5731 protulit
2114 5652 2344 5720 dicens,
2397 5651 2503 5707 sed
2562 5666 2755 5725 usque
2800 5650 2881 5707 ad
2938 5656 3055 5709 tres
3105 5652 3335 5725 primos
3360 5669 3486 5712 non

1825 5748 2198 5821 pervenerat.
