3940 6400
436 271 542 328 387
1542 264 1902 322 ANGELOMI
1941 259 2394 318 LUXOVIENSIS
2429 263 2750 319 MONACHI
3769 265 3880 321 388

401 403 404 408 ‘
509 416 538 446 α
569 394 746 451 Asael
775 395 954 450 frater
974 393 1122 450 Joab
1152 393 1302 448 inter
1339 390 1594 461 triginta.
1630 391 1892 446 Eleanan
1924 387 2082 442 ﬁlius
2118 389 2164 442 A
2197 387 2576 458 septuaginta
2589 387 2952 460 millia,quos
2973 386 3222 460 quidem
3239 387 3318 444 ab
3331 387 3482 444 Joab
3503 394 3879 446 numeratos

437 506 467 535 α
498 484 695 557 patrui
719 485 848 554 ejus
874 484 949 538 de
972 481 1330 538 Bethlehem.
1354 483 1593 538 Semma
1620 480 1696 535 de
1723 478 1906 535 Arari.
1929 477 2084 532 Elica
2194 477 2454 545 esse,sed
2474 493 2778 532 summam
2793 494 3002 532 eorum
3024 476 3290 532 noluisse
3303 475 3622 533 ostendere
3651 478 3874 541 David,

437 595 467 625 «
499 573 573 629 de
606 573 841 629 Hal-odi.
876 572 1044 628 Heles
1072 571 1147 626 de
1179 570 1383 626 Phalti.
1419 570 1534 625 Hiri
1578 569 1737 624 ﬁlius
1770 572 1954 623 Acces
2007 566 2084 621 de
2191 565 2305 620 nisi
2339 569 2568 620 tantum
2591 572 2888 639 quantum
2918 567 2979 622 in
3009 567 3302 623 Samuelis
3322 567 3476 622 libro
3516 567 3841 622 scribitur.

439 681 470 716 ‹
501 663 762 719 Thecua.
798 661 1047 717 Abiezer
1075 661 1149 716 de
1169 660 1488 716 Anathoth.
1523 657 1840 715 Mobonnai
1861 657 1934 712 de
1965 657 2082 710 Hu-
2265 675 2293 702 ‹‹
2325 655 2620 710 Percussit
2649 661 2851 711 autem
2883 672 2985 711 cor
3017 656 3200 710 David
3215 661 3544 728 postquam
3574 672 3879 713 numera-

435 751 622 808 (satl.
671 751 908 808 Selmon
963 749 1264 805 Ahohites.
1313 748 1608 806 Macharai
1662 746 2078 818 Netophatites.
2193 763 2220 790 «
2254 747 2352 798 tus
2375 751 2462 799 est
2500 745 2853 818 populus,et
2881 745 3229 801 dixitDavid
3247 746 3325 800 ad
3349 747 3703 802 Dominum:
3729 748 3877 801 Pec~

438 864 465 891 ‹‹
494 840 671 897 Heleb
701 841 858 896 ﬁlius
881 843 1122 905 Baama,
1151 845 1205 895 et
1226 840 1351 911 ipse
1370 837 1899 910 Netophatitethai
1925 835 2084 890 ﬁlius
2193 855 2219 880 ‹‹
2245 833 2378 888 cavi
2407 833 2580 889 valde
2612 834 2668 888 in
2699 835 2811 889 hoc
2843 835 3033 900 facto;
3072 834 3180 889 sed
3208 851 3440 906 precor,
3477 835 3762 897 Domine,
3802 852 3874 890 us

436 952 464 980 ‹‹
497 931 684 997 Ribai,
713 930 788 986 de
844 929 1104 985 Gebeeth
1129 929 1390 984 ﬁliorum
1445 927 1773 998 Benjamin,
1817 925 2082 980 Banaian
2192 943 2220 969 «
2256 923 2577 978 transferas
2607 924 2987 995 iniquitatem
3017 925 3171 980 servi
3217 925 3321 993 tui,
3355 924 3505 996 quia
3553 924 3742 980 stulte
3772 928 3874 994 egi

434 1041 462 1070 «
489 1021 956 1076 Pharathonites.
977 1019 1160 1074 Hedai
1188 1018 1535 1073 detorrente
1568 1019 1742 1072 Gaas.
1766 1013 2082 1070 Albialbon
2193 1034 2220 1060 ‹‹
2253 1011 2450 1070 nimis.
2487 1034 2514 1061 ››
2545 1019 2601 1068 et
2620 1015 2870 1085 reliqua.
2903 1017 2967 1070 In
2997 1014 3154 1068 libro
3177 1030 3424 1086 quoque
3461 1013 3676 1083 Exodi,
3711 1030 3871 1086 prte-

433 1127 462 1156 ‹‹
492 1105 848 1162 Arbathites.
897 1108 1182 1159 Azmavet
1227 1103 1302 1157 de
1356 1101 1652 1170 Berhomi,
1706 1099 1954 1155 Elihaba
2008 1097 2082 1152 de
2191 1101 2345 1171 cepit
2379 1103 2664 1157 Dominus
2695 1103 2895 1174 Moysi,
2933 1103 3182 1158 dicens:
3227 1125 3254 1153 «
3301 1103 3556 1167 Quando
3603 1102 3870 1158 tuleritis

433 1216 460 1243 ‹‹
497 1195 800 1261 Saalboni,
842 1193 969 1249 Pilii
1010 1195 1208 1257 Jasen,
1255 1191 1572 1259 Jonathan,
1603 1193 1843 1245 Semina
1873 1189 1946 1242 de
1981 1191 2083 1242 He-
2191 1207 2500 1246 summam
2528 1193 2788 1248 ﬁliorum
2824 1193 3025 1260 Israel,
3059 1195 3228 1262 juxta
3260 1179 3586 1248 numerum
3617 1193 3870 1249 dabunt

434 1306 463 1333 α
491 1284 644 1340 rodi.
673 1284 887 1339 Ahiam
917 1282 1074 1337 ﬁlius
1107 1284 1254 1338 Saar
1299 1281 1574 1336 Ararites.
1611 1278 1899 1350 Eliphalet
1923 1277 2080 1331 ﬁlius
2191 1279 2412 1345 singuli
2435 1282 2690 1352 pretium
2723 1299 2830 1354 pro
2849 1282 3168 1338 animabus
3187 1283 3310 1336 suis
3343 1283 3617 1351 Domino,
3652 1287 3714 1336 et
3735 1297 3866 1336 non

431 1395 462 1426 ‹‹
493 1373 783 1428 Ahasbai.
819 1371 945 1426 Filii
975 1370 1280 1427 Maachati.
1303 1369 1526 1424 Eliaam
1557 1369 1715 1423 ﬁlius
1731 1365 2079 1438 Achitophel
2190 1368 2298 1422 erit
2328 1368 2509 1438 plaga
2533 1371 2592 1424 in
2615 1370 2851 1424 eiscum
2877 1371 3094 1425 fuerint
3116 1370 3622 1436 recensititExod.
3647 1370 3864 1438 nx)»

413 1485 462 1514 «ι
496 1461 794 1528 Gilonites,
845 1461 1046 1516 Hesrai
1077 1460 1152 1515 de
1203 1459 1497 1524 Carmelo,
1541 1457 1755 1514 Pharai
1803 1457 1876 1511 de
1916 1455 2076 1524 Arbi,
2189 1456 2310 1511 Hoc
2335 1462 2534 1512 autem
2566 1459 2734 1515 dabit
2763 1459 2963 1514 omnis
2993 1460 3096 1531 qui
3129 1460 3340 1514 transit
3387 1459 3462 1514 ad
3494 1475 3730 1514 nomen
3772 1458 3868 1514 di-

433 1575 462 1602 ‹‹
495 1553 660 1621 Igaal
686 1553 844 1607 ﬁlius
867 1552 1098 1607 Nathan
1129 1551 1204 1606 de
1238 1550 1413 1615 Soba,
1435 1550 1626 1604 Bonni
1655 1548 1730 1604 de
1761 1547 2080 1615 Gaddi,Se~
2189 1545 2442 1600 midium
2476 1547 2621 1614 sicli,
2649 1549 2822 1617 juxta
2879 1564 3228 1603 mensuram
3274 1547 3501 1619 templi.
3539 1547 3739 1602 Siclus
3775 1547 3862 1602 vi-

433 1663 461 1692 «
488 1641 578 1698 lec
607 1643 681 1698 de
707 1641 1008 1711 Ammoni,
1041 1641 1296 1696 Naharai
1324 1638 1668 1704 Berothites,
1701 1636 1966 1704 armiger
1982 1638 2076 1690 Jo-
2190 1633 2336 1701 ginti
2384 1634 2564 1690 habet
2595 1637 2826 1693 obolos.
2857 1637 3043 1693 Media
3081 1654 3224 1708 pars
3250 1637 3371 1692 sicli
3406 1637 3696 1691 offeretur
3743 1637 3858 1690 Do-

435 1753 464 1782 ‹‹
493 1731 572 1788 ab
601 1731 702 1787 ﬁlii
725 1731 942 1787 Sarviaa
972 1729 1456 1794 HiraJethrithes,
1480 1751 1507 1777 ››
1529 1727 2077 1798 etreliqua,usque-
2111 1744 2151 1798 Β
2191 1721 2377 1793 mino,
2405 1724 2510 1795 qui
2541 1725 2796 1780 habetur
2819 1742 2881 1780 in
2933 1742 3208 1793 numero,
3242 1742 3279 1781 a
3324 1725 3532 1793 viginti
3585 1723 3773 1779 annis
3805 1729 3863 1779 et

430 1835 554 1893 quo
584 1821 684 1888 ait,
705 1843 734 1869 ‹‹
766 1836 977 1876 omnes
1005 1819 1244 1888 triginta
1272 1823 1520 1890 septem.
1555 1838 1581 1865 ››
1607 1816 1945 1872 Notandum
1972 1818 2079 1882 est,
2191 1827 2375 1884 supra
2403 1813 2570 1869 dabit
2590 1816 2867 1886 pretium.
2895 1817 3070 1870 Dives
3106 1832 3228 1871 non
3259 1815 3440 1870 addet
3467 1815 3547 1870 ad
3577 1814 3860 1870 medium

431 1910 573 1982 quia
603 1927 742 1966 cum
772 1910 866 1966 his
897 1909 1155 1979 triginta,
1189 1907 1368 1962 etiam
1403 1911 1631 1979 septem
1678 1905 1968 1970 fortiores,
2026 1911 2086 1960 et
2192 1901 2336 1964 sicli,
2363 1920 2594 1975 pauper
2615 1905 3858 1978 nihilminuet.Susceptamquepecuniam

426 1999 716 2055 nominati
739 1999 800 2054 in
849 1999 962 2054 hoc
988 1997 1216 2054 calculo
1245 1996 1858 2069 comprehenduntur,
1895 1993 2081 2049 David

423 2087 716 2159 videlicet,
744 2088 848 2160 qui
878 2087 1212 2160 appellatus
1261 2091 1350 2142 est
1381 2086 1746 2151 Adeodatus,
1781 2084 1980 2140 Abisai
2025 2089 2082 2141 et

429 2176 747 2241 Subochai,
775 2178 1094 2243 Jonathan,
1120 2177 1374 2238 Eleazar,
1393 2178 1700 2230 etSemma
1726 2179 1781 2229 et
1806 2175 2077 2230 Banaias:

424 2281 560 2322 ecce
590 2271 840 2340 septem.
885 2267 1151 2334 Triginta
1199 2266 1260 2321 hi
1317 2270 1490 2320 sunt:
1551 2264 1744 2330 AsaeI,
1796 2264 2077 2332 Elcanan,

427 2357 666 2412 Semma
695 2356 770 2412 de
803 2356 993 2422 Arari,
1019 2356 1197 2426 Elica,
1238 2355 1425 2423 Heles,
1479 2355 1637 2424 Ilira,
1679 2353 1938 2420 Abiezer,
1969 2357 2081 2409 Mo-

423 2446 668 2518 bonnai,
711 2446 973 2512 Selmon,
1007 2445 1323 2511 Macharai,
1385 2443 1588 2511 Heleb,
1636 2443 1760 2513 ltai,
1814 2443 2078 2498 Banaian

388 2535 890 2603 .Pharathonites,
924 2534 1125 2600 Hebai,
1153 2533 1468 2601 Abialbon,
1498 2535 1802 2600 Azmavet,
1833 2532 2080 2587 Elihaba

425 2624 668 2679 Semma
690 2624 764 2678 de
795 2623 1036 2688 Horodi,
1067 2623 1263 2685 Aiam,
1309 2621 1670 2693 Eliphelerb,
1699 2621 1908 2686 Etiam,
1945 2625 2078 2676 Hes-

421 2712 530 2779 rai,
571 2712 804 2781 Pharai,
836 2712 1019 2783 Igaal,
1062 2711 1270 2777 Bonni,
1318 2711 1543 2776 Selech,
1603 2711 1879 2775 Naharat,
1915 2711 2073 2778 Hira,

423 2800 634 2868 Gareb,
669 2802 832 2857 Urias
856 2803 1147 2856 Hetheeus.
1178 2800 1316 2856 Ideo
1337 2816 1478 2869 ergo
1511 2800 1676 2854 Urias
1699 2800 1970 2854 Hethaeus
1994 2800 2077 2855 ul-

421 2889 602 2946 timus
626 2890 889 2964 ponitur,
911 2895 1156 2963 propter
1169 2889 1232 2945 id
1249 2889 1412 2962 quod
1444 2888 1712 2962 sequitur
1731 2888 1790 2944 in
1823 2905 2075 2961 sequen-

2190 2005 2326 2060 quze
2353 1993 2568 2049 collata
2598 1999 2686 2050 est
2713 2011 2748 2050 a
2778 1995 2913 2050 ﬁliis
2943 1994 3139 2062 Israel,
3174 1995 3372 2050 trades
3401 1993 3462 2048 in
3485 2010 3635 2048 usus
3659 1993 3857 2048 taber-

2189 2081 2388 2135 naculi
2421 2083 2762 2154 testimonii,
2803 2090 2867 2138 ut
2893 2084 2964 2139 sit
3010 2087 3471 2140 monumentum
3503 2098 3722 2138 eorum
3756 2099 3855 2137 co-

2190 2187 2320 2226 ram
2347 2173 2622 2238 Domino,
2647 2180 2702 2230 et
2733 2175 3084 2246 propitietur
3113 2173 3434 2230 animabus
3458 2189 3695 2228 eorum.
3731 2173 3854 2228 Hoc

2190 2277 2332 2328 ergo
2354 2262 2572 2318 oblitus
2603 2270 2690 2318 est
2744 2265 2927 2320 David
2963 2266 3176 2330 facere,
3208 2263 3430 2319 idcirco
3459 2263 3718 2318 offendit
3746 2267 3854 2319 De-

2191 2368 2316 2412 um,
2348 2357 2403 2407 et
2431 2353 2509 2407 ob
2541 2354 2655 2408 hoc
2680 2354 2860 2425 plaga
2886 2355 3046 2409 venit
3075 2355 3133 2409 in
3169 2353 3361 2408 Israel.
3397 2376 3426 2403 «
3456 2355 3738 2424 Cumque
3758 2369 3854 2407 ve-

2192 2463 2220 2489 ‹‹
2247 2443 2433 2497 nisset
2459 2443 2582 2498 Gad
2618 2445 2694 2497 ad
2734 2443 2944 2509 David,
3000 2443 3296 2498 nuntiavit
3351 2443 3402 2498 ei
3431 2443 3678 2497 dicens:
3739 2448 3853 2497 Aut

2191 2553 2216 2580 ‹‹
2257 2537 2484 2602 septem
2517 2533 2690 2587 annis
2720 2533 2915 2588 veniet
2948 2533 3050 2588 tibi
3090 2533 3280 2588 fames
3335 2533 3395 2588 in
3442 2537 3600 2588 terra
3659 2537 3788 2602 tua,
3825 2553 3854 2581 η

2188 2626 2298 2676 etc.
2331 2621 2443 2677 Sed
2474 2623 2721 2693 mystice
2753 2623 2847 2678 hic
2875 2623 3116 2690 intelligi
3150 2628 3344 2695 potest
3375 2624 3565 2678 fames
3611 2626 3853 2694 septem

2187 2726 2508 2779 annorum,
2541 2718 2674 2775 etc.,
2711 2712 2759 2765 si
2793 2712 2887 2766 cui
2927 2713 3236 2784 placuerit.
3283 2715 3517 2784 Septem
3550 2711 3734 2766 annis
3765 2711 3854 2765 in-

2185 2799 2390 2854 fideles
2419 2801 2603 2854 Judaei
2651 2801 2872 2856 famem
2919 2802 3230 2870 sustinent,
3289 2803 3431 2873 quia
3479 2801 3853 2872 septiformis

2183 2889 2372 2957 gratia
2403 2891 2652 2961 Spiritus
2685 2890 2894 2956 sancti,
2919 2907 3076 2962 pane
3103 2891 3269 2946 verbi
3322 2892 3420 2946 Dei
3451 2907 3554 2946 eos
3607 2906 3852 2963 nequa-

419 2977 599 3034 tibus.
2182 2979 2380 3049 quam'
2409 2981 2628 3051 pascit.
2683 2981 2797 3052 Ipsi
2829 2982 2989 3036 enim
3023 2981 3210 3036 tribus
3241 2981 3552 3036 mensibus
3584 2980 3852 3035 inimicis

489 3088 518 3118 κ
552 3070 618 3123 Et
646 3067 876 3124 addidit
905 3067 1070 3124 furor
1101 3068 1334 3123 Domini
1363 3067 1538 3122 irasci
1569 3071 1775 3122 contra
1807 3066 2002 3122 Israel.
2041 3090 2068 3115 »
2101 3105 2140 3160 Ο
2181 3068 2305 3122 suis
2338 3085 2401 3122 se
2431 3071 2932 3140 persequentibus
2959 3072 3200 3140 cedunt,
3233 3072 3376 3144 quia
3406 3071 3486 3126 ob
3515 3072 3632 3126 hoc
3665 3072 3727 3126 in
3741 3086 3854 3125 no-

414 3159 549 3213 Jam
579 3155 738 3212 enim
772 3155 914 3212 ultio
945 3156 1104 3212 facta
1134 3157 1325 3212 fuerat
1353 3157 1414 3212 in
1446 3156 1633 3212 David
1681 3161 1737 3211 et
1792 3155 1851 3210 in
1884 3155 2068 3211 domo
2107 3155 2139 3160 ⁷
2178 3156 2339 3213 mine
2367 3163 2588 3214 sanctae
2611 3159 2929 3222 Trinitatis,
2969 3176 3076 3232 per
3101 3160 3408 3216 lavacrum
3437 3162 3850 3228 regeneratio-

415 3246 566 3318 ejus.
596 3249 661 3301 In
691 3245 919 3318 populo
953 3262 1094 3301 vero
1140 3247 1244 3318 qui
1274 3245 1466 3301 noluit
1493 3246 1763 3301 resistere
1791 3244 1976 3300 David
2004 3244 2067 3300 in
2176 3245 2268 3299 nis
2299 3247 2570 3302 innovati
2602 3263 2722 3302 non
2753 3253 2928 3304 sunt:
2976 3249 3273 3316 hostibus,
3309 3250 3422 3304 hoc
3451 3255 3539 3304 est
3567 3249 3848 3304 immun-

411 3336 722 3408 pereundo
749 3336 903 3401 Uria,
933 3340 989 3390 et
1017 3336 1145 3390 haec
1168 3336 1445 3390 nundum
1473 3335 1617 3390 ultio
1657 3334 1861 3390 divina
1909 3334 2066 3390 facta
2175 3335 2267 3390 dis
2296 3338 2600 3408 spiritibus
2657 3338 2929 3393 resistere
2970 3355 3092 3393 non
3131 3339 3415 3404 valentes,
3466 3343 3633 3408 terga
3666 3340 3841 3396 dant.

413 3423 642 3491 fuerat;
692 3423 913 3478 idcirco
945 3423 1043 3478 hic
1083 3423 1326 3478 ultimus
1352 3424 1615 3496 ponitur,
1664 3428 1732 3478 ut
1768 3423 1912 3478 ultio
1937 3440 2064 3480 ma-
2177 3430 2341 3498 Ipsos
2372 3427 2633 3498 denique
2698 3427 2950 3496 angelus
3009 3429 3369 3500 percutiens,
3410 3429 3584 3501 quasi
3645 3429 3844 3484 tribus

414 3511 517 3582 gni
573 3512 704 3582 ejus
741 3512 971 3584 peccati
1025 3517 1478 3568 monstraretur.
1513 3513 1803 3568 Caeterum
1848 3513 1908 3568 in
1947 3513 2062 3568 hoc
2173 3516 2386 3571 diebus
2414 3517 2679 3585 ﬂagellat
2704 3535 2718 3571 :
2747 3518 2889 3590 quia
2920 3523 3210 3586 negantes
3242 3523 3473 3574 Patrem
3513 3523 3570 3574 et
3622 3519 3842 3575 Filium

411 3616 668 3657 numero
721 3600 921 3656 omnis
970 3600 1252 3672 perfectio
1292 3607 1640 3657 sanctorum
1686 3602 2056 3667 designatur.

409 3689 697 3746 Denarius
727 3705 1017 3745 numerus
1067 3689 1142 3746 ad
1182 3689 1543 3758 decalogum
1571 3690 1718 3760 legis
1773 3691 2057 3762 pertinet;

407 3779 702 3838 ternarias
714 3795 854 3835 vero
882 3779 959 3834 ad
986 3777 1167 3834 ﬁdem
1194 3783 1413 3835 sanctas
1435 3779 1758 3844 Trinitatis;
1785 3785 2060 3852 septena-

403 3871 527 3928 rius
552 3875 754 3927 autem
779 3870 858 3926 ad
893 3870 1299 3944 septiformem
1324 3869 1579 3940 gratiam
1612 3869 1862 3944 Spiritus
1885 3885 2059 3926 sanc-

331 3975 342 3982 ‘
406 3961 481 4017 ti:
519 3965 607 4017 ter
635 3960 776 4017 deni
806 3960 1044 4030 triginta
1067 3959 1238 4018 ﬁunt.

1013 4105 1236 4160 CAPUT
1285 4105 1453 4160 XXIV

479 4249 508 4278 «
538 4229 605 4282 Et
635 4225 869 4283 addidit
899 4227 1066 4284 furor
1091 4227 1327 4285 Domini
1365 4229 1544 4285 irasci
1590 4233 1797 4286 contra
1856 4230 2052 4298 Israel,

405 4338 436 4367 «
466 4315 915 4389 commovitque
948 4317 1134 4372 David
1163 4317 1224 4372 in
1255 4317 1360 4381 eis,
1386 4319 1712 4375 dicentem:
1745 4320 2053 4386 Vade,nu-

405 4427 433 4457 ‹‹
466 4421 634 4462 mera
679 4404 859 4461 Israel
901 4409 958 4462 et
1006 4406 1244 4462 Judam.
1302 4407 1572 4480 Dixitque
1624 4425 1728 4464 rex
1780 4409 1859 4464 ad
1906 4409 2053 4464 Joab

405 4517 433 4544 ‹‹
456 4495 789 4570 principem
821 4495 1112 4551 exercitus
1145 4495 1235 4550 sui
1261 4514 1273 4551 :
1311 4496 1667 4552 Perambula
1699 4513 1912 4552 omnes
1961 4498 2052 4552 tri-

401 4606 431 4636 ‹‹
460 4583 581 4640 bus
601 4584 776 4640 Israel
801 4600 838 4640 a
861 4585 985 4640 Dan
1020 4601 1210 4656 usque
1238 4584 1546 4653 Bersabee,
1577 4592 1634 4641 et
1657 4601 1913 4640 numera
1941 4601 2050 4658 po-

405 4694 425 4728 σ
460 4674 696 4752 pulum,
729 4695 758 4725 »
789 4680 846 4732 et
865 4674 1114 4747 reliqua.
1138 4677 1311 4731 Fastu
1325 4675 1484 4732 enim
1516 4674 1808 4748 superbiae
1835 4679 2046 4750 tactus,

398 4767 458 4820 et
483 4762 796 4837 repentino
829 4768 1062 4820 tumore
1107 4762 1380 4820 elationis
1431 4764 1676 4820 inﬂatus
1722 4777 1834 4834 pro
1872 4762 2049 4834 culpa

395 4853 624 4928 populi,
657 4853 920 4910 maxime
949 4853 1052 4930 qui
1100 4869 1240 4909 eum
1275 4853 1336 4908 in
1361 4854 1700 4927 proditione
1733 4852 1879 4907 Uria:
1923 4868 2048 4908 non

393 4942 721 5012 redarguit,
751 4943 984 4999 occulto
1008 4942 1237 5014 judicio
1286 4943 1389 4998 Dei
1433 4947 1642 4998 contra
1679 4941 2045 4998 voluntatem

396 5029 634 5086 Domini
663 5031 946 5086 eumdem
992 5033 1294 5104 populum
1346 5047 1666 5086 numerare
1712 5030 2040 5104 compulit:

396 5116 576 5190 culpa
615 5117 775 5172 enim
805 5118 961 5174 illius
988 5121 1195 5192 punita
1224 5119 1433 5183 fuerat,
1465 5118 1569 5174 sed
1590 5125 1904 5192 peccatum
1935 5136 2042 5194 po-

395 5206 520 5279 puli
547 5210 635 5274 (ut
663 5206 890 5263 dictum
921 5210 1028 5277 est)
1058 5208 1316 5263 inultum
1346 5208 1652 5264 manebat.

467 5319 494 5348 α
515 5296 688 5353 Dedit
707 5312 850 5366 ergo
874 5296 1023 5353 Joab
1044 5311 1366 5352 numerum
1393 5297 1807 5370 descriptionis
1834 5301 2044 5374 populi

393 5406 424 5435 «
454 5386 602 5456 regi,
629 5389 686 5444 et
715 5385 961 5442 inventa
991 5389 1131 5441 sunt
1158 5385 1233 5440 de
1264 5385 1441 5442 Israel
1470 5387 1808 5457 octingenta
1858 5390 2044 5448 millia

393 5495 424 5523 κ
453 5475 722 5531 virorum
747 5475 1010 5538 fortium,
1039 5474 1144 5548 qui
1170 5475 1489 5533 educerent
1514 5477 1800 5548 gladium.
1855 5483 1920 5536 Et
1966 5481 2042 5538 de

393 5582 422 5612 ιι
450 5562 606 5619 Juda
627 5563 956 5636 quingenta
983 5563 1168 5620 millia
1195 5571 1619 5638 pugnatorum.
1651 5589 1678 5616 »
1701 5568 2041 5625 Notandum

391 5649 778 5722 autemquod
803 5649 866 5706 in
905 5651 1398 5725 Paralipomenon
1435 5654 1649 5726 legitur
1665 5657 1824 5712 mille
1853 5657 2040 5713 millia

391 5741 450 5798 et
468 5742 712 5799 centum
735 5738 924 5800 millia
947 5740 1023 5800 de
1050 5742 1260 5812 Israel;
1306 5743 1382 5800 de
1409 5744 1563 5803 Juda
1588 5745 2038 5818 quadringenta

2171 3610 2226 3660 et
2291 3606 2572 3678 Spiritum
2639 3613 2936 3676 sanctum,
3021 3624 3093 3663 ex
3179 3609 3352 3678 cujus
3428 3608 3548 3663 ﬁde
3634 3609 3840 3664 vivere

2168 3699 2466 3766 poterant,
2533 3696 2592 3751 in
2655 3697 2954 3768 impietate
3016 3715 3125 3754 sua
3198 3697 3490 3753 increduli
3558 3699 3838 3754 moriun-

2169 3786 2284 3840 tur.

2247 3891 2268 3926 ι
2320 3875 2688 3947 Immisitque
2722 3876 2874 3930 Deus
2929 3876 3327 3949 pestilentiam
3382 3876 3442 3932 in
3497 3875 3698 3945 Israel,
3755 3877 3838 3933 de

2168 3985 2196 4013 «
2221 3979 2400 4018 mane
2451 3981 2641 4036 usque
2686 3965 2764 4020 ad
2809 3970 3046 4038 tempus
3073 3966 3482 4034 constitutum,
3517 3969 3573 4020 et
3607 3966 3839 4021 mortui

2169 4072 2199 4105 ‹
2229 4056 2368 4107 sunt
2397 4069 2468 4108 ex
2498 4054 2746 4126 populo,
2780 4070 2816 4110 a
2847 4057 2974 4110 Dan
3003 4071 3198 4128 usque
3243 4054 3550 4122 Bersabee,
3585 4059 3836 4126 septua-

2166 4161 2196 4190 α
2226 4139 2390 4210 ginta
2419 4141 2604 4196 millia
2655 4141 2941 4198 virorum.
2993 4165 3019 4192 υ
3061 4146 3127 4198 Et
3155 4143 3269 4198 hoc
3302 4142 3559 4215 qualiter
3589 4147 3835 4212 gestum

2167 4229 2262 4299 sit,
2295 4229 2594 4302 Josephus
2626 4231 2802 4286 refert
2851 4231 3051 4287 verbis
3101 4232 3377 4304 plurimis
3411 4232 3656 4286 dicens:
3692 4235 3835 4288 Pro-

2164 4319 2358 4391 phetis
2403 4319 2604 4393 itaque
2653 4321 3096 4376 declarantibus
3141 4321 3328 4377 David
3367 4321 3530 4394 quod
3563 4321 3615 4376 ei
3667 4323 3833 4377 Deus

2164 4408 2474 4478 irascetur,
2530 4409 2868 4483 supplicare
2912 4412 3094 4482 carpit
3149 4427 3410 4483 eumque
3465 4426 3700 4479 rogare,
3758 4418 3834 4469 ut

2163 4499 2459 4572 propitius
2519 4505 2697 4569 esset,
2757 4505 2814 4556 et
2869 4503 3112 4556 veniam
3162 4501 3392 4574 peccati
3443 4500 3826 4559 concederet.

2161 4589 2329 4644 Tunc
2354 4605 2496 4656 ergo
2527 4591 2650 4646 Gad
2679 4591 3036 4664 prophetam
3059 4591 3217 4647 misit
3245 4591 3322 4646 ad
3346 4608 3484 4646 cum
3509 4594 3682 4661 Deus,
3699 4595 3829 4648 tres

2164 4677 2438 4750 supplicii
2473 4679 2848 4735 conditiones
2874 4685 3237 4752 portantem,
3269 4684 3334 4736 ut
3381 4696 3589 4736 earum
3627 4696 3825 4752 quam

2156 4767 2461 4840 probaret,
2481 4768 2739 4838 eligeret,
2759 4775 2958 4825 utrum
2982 4769 3156 4826 vellet
3181 4770 3403 4826 famem
3424 4769 3485 4826 in
3507 4771 3824 4842 provincia

2157 4857 2428 4926 generari
2460 4863 2689 4930 septem
2720 4859 2915 4921 annis,
2967 4866 3069 4915 aut
3098 4859 3288 4915 tribus
3344 4859 3654 4914 mensibus
3707 4875 3822 4932 pu-

2159 4947 2404 5015 gnando
2427 4946 2758 5003 vinceretur
2786 4949 3080 5016 hostibus,
3113 4955 3216 5005 aut
3271 4955 3426 5004 certe
3477 4949 3726 5004 morbus
3757 4957 3821 5008 et

2155 5033 2409 5106 languor
2437 5037 2734 5092 accideret
2763 5037 2952 5094 tribus
2981 5037 3194 5094 diebus
3224 5038 3504 5095 Hebraeis.
3541 5039 3816 5112 Cumque

2153 5125 2249 5181 ille
2281 5131 2434 5182 esset
2462 5126 2525 5181 in
2555 5127 2850 5184 anxietate
2881 5133 2937 5185 et
2963 5129 3350 5185 vehementer
3377 5129 3582 5184 animo
3609 5130 3814 5186 confu-

2156 5232 2278 5282 sus,
2321 5220 2378 5270 et
2408 5217 2703 5288 propheta
2732 5217 2952 5274 diceret
2973 5219 3087 5273 hoc
3118 5219 3472 5274 omnimodo
3497 5219 3813 5276 imminere

2155 5307 2212 5358 et
2238 5319 2598 5376 responsum
2631 5305 2908 5362 velociter
2944 5308 3222 5376 exigeret.
3259 5313 3322 5363 ut
3351 5307 3600 5363 electam
3629 5307 3707 5364 ab
3737 5325 3812 5365 eo

2155 5393 2563 5450 conditionem
2590 5395 2957 5452 renuntiaret
2983 5397 3125 5462 Deo,
3145 5397 3412 5466 cogitans
3434 5412 3558 5461 rex,
3587 5396 3730 5469 quia
3760 5399 3811 5454 si

2154 5481 2378 5536 famem
2437 5482 2694 5553 eligeret,
2745 5489 2952 5541 contra
2982 5485 3130 5542 alios
3179 5486 3294 5541 hoc
3333 5485 3526 5541 facere
3584 5485 3810 5544 videre-

2153 5574 2265 5639 tur,
2319 5573 2568 5646 quando
2625 5573 2752 5646 ipse
2819 5574 3064 5647 quidem
3132 5575 3364 5632 habens
3429 5575 3620 5632 multa
3691 5577 3807 5635 fru-

2151 5664 2394 5730 menta,
2459 5679 2583 5718 non
2656 5668 2957 5735 pateretur
3020 5665 3326 5738 inopiam,
3405 5665 3650 5737 reliquis
3715 5685 3806 5724 ve-

2150 5763 2220 5804 ro
2298 5755 2454 5807 esset
2524 5752 2866 5822 angustia;
2947 5753 3089 5811 item
3178 5753 3226 5809 si
3304 5753 3545 5826 eligeret
3627 5755 3802 5814 trium
