3940 6404
1046 252 1303 310 ENARR.
1344 256 1415 313 IN
1454 254 1703 314 uanos
1739 254 2000 313 arcum.
2042 287 2111 297 —
2151 260 2220 339 iis
2262 260 2391 317 Lm.
2436 260 2506 316 II.

3395 274 3505 330 390

71 370 354 433 mensium
375 370 693 430 victoriam
722 372 1010 446 hostium,
1049 375 1177 449 ipse
1208 380 1460 451 quidem
1487 382 1719 438 habens
1758 382 1808 437 Α
1836 379 2057 455 gimus,
2104 386 2162 438 et
2199 384 2345 456 quia
2390 385 2567 441 nobis
2614 385 2860 443 fortiora
2905 387 3227 459 credimus,
3281 393 3504 455 idcirco

72 462 213 521 circa
231 477 293 519 se
318 460 477 519 viros
508 461 864 519 fortissimos
888 466 946 520 et
970 466 1272 535 custodes,
1306 470 1454 526 nihil
1472 470 1722 527 omnino

70 554 360 618 metueret,
388 551 524 608 neci
554 568 697 617 vero
724 553 853 625 ejus
884 556 1177 613 exercitus
1216 559 1591 631 subjaceret;
1637 560 1724 615 in-

71 644 146 695 ter
170 638 296 697 hinc
324 644 525 698 autem
555 658 946 700 communem
967 645 1169 718 potius
1196 648 1544 720 passionem
1566 653 1725 705 etre-

68 744 244 799 gnum
271 734 329 786 et
358 730 772 801 subjectorum
789 733 984 804 elegit,
1007 734 1069 790 in
1094 751 1218 809 qua
1239 737 1419 795 timor
1440 737 1725 794 omnibus

69 824 147 879 est
169 819 435 892 aqualis,
463 821 674 878 dicens
706 840 720 878 :
754 823 906 889 Quia
935 824 1125 881 multo
1164 826 1382 883 melius
1410 828 1473 883 in
1504 844 1725 884 manus

70 909 178 975 Dei,
209 925 396 982 quam
426 909 490 966 in
527 911 793 969 hostium
842 930 1064 970 manus
1111 915 1392 973 incidere.
1435 918 1573 973 Haec
1615 933 1723 973 au-

68 998 225 1055 diens
246 1001 544 1073 propheta
574 1002 961 1059 renuntiabat
990 1006 1109 1061 Deo
1136 1022 1148 1061 :
1182 1006 1285 1078 qui
1334 1007 1618 1063 morbum
1669 1010 1728 1062 et

67 1089 355 1146 interitum
385 1090 548 1146 misit
584 1091 646 1147 in
678 1092 1006 1150 exercitum
1055 1095 1467 1153 Hebraeorum.
1518 1096 1723 1154 Morie-

65 1178 275 1236 hantur
295 1180 459 1237 enim
480 1183 572 1249 (ut
599 1181 760 1238 idem
781 1182 1303 1257 historiographus
1329 1187 1431 1258 ait)
1456 1203 1580 1242 non
1603 1202 1726 1242 uno

65 1268 258 1339 modo,
286 1276 353 1325 ut
380 1270 557 1327 facile
583 1270 845 1342 languor
885 1275 1188 1346 potuisset
1234 1277 1501 1346 agnosci,
1553 1275 1725 1332 facile

64 1358 344 1429 peribant.
370 1359 539 1415 Alius
566 1362 728 1417 enim
760 1378 943 1435 super
972 1362 1161 1420 alium
1188 1364 1576 1421 moriebatur.
1615 1364 1727 1420 Alii

65 1464 232 1520 super
260 1454 538 1506 mortuos
567 1467 726 1524 quos
759 1451 1151 1526 sepeliebaut,
1186 1454 1304 1526 ipsi
1332 1471 1577 1528 quoque
1600 1470 1729 1511 mo-

62 1538 375 1597 riebantur.
432 1540 527 1597 Sic
585 1541 839 1597 diversis
889 1543 1121 1599 morbis
1168 1545 1341 1615 (sicut
1386 1544 1483 1601 ille
1530 1544 1728 1616 refert)

61 1626 388 1686 interibant.
417 1630 741 1704 Incipiente
765 1631 970 1705 itaque
1000 1634 1281 1705 pestifero
1304 1635 1597 1704 languore
1620 1650 1725 1689 eos

1834 486 1938 527 eos
1970 472 2073 544 qui
2112 473 2288 529 nobis
2338 476 2567 546 praelati
2618 480 2775 544 sunt,
2830 476 3091 535 districte
3131 479 3501 551 judicamus.

1836 562 1997 627 Quos
2020 562 2178 618 enim
2203 566 2606 639 nosmetipsos
2627 566 2829 622 minus
2849 569 3255 639 agnoscimus,
3281 588 3351 629 eo
3372 572 3505 629 illos

1832 665 1989 722 quos
2023 653 2459 724 reprehendere
2484 655 2750 723 nitimur,
2770 656 2907 729 plus
2923 657 3236 716 videmus:
3268 661 3507 733 singula

1832 740 1961 796 haec
1992 741 2156 797 mala
2190 749 2351 816 sunt,
2381 761 2517 817 quae
2564 762 2599 801 a
2630 746 2887 802 subditis
2921 764 3079 821 saepe
3108 749 3170 804 in
3200 751 3501 822 praelatos,

1836 844 1996 901 saepe
2028 846 2062 885 a
2088 831 2351 902 praelatis
2382 832 2444 889 in
2494 834 2766 891 subditos
2812 836 3308 893 committuntur:
3361 840 3506 915 quia

1833 922 1891 973 et
1918 934 2131 974 omnes
2161 921 2433 977 subditos
2482 922 2542 977 hi
2586 924 2691 996 qui
2738 931 3005 997 praesunt
3056 928 3352 1001 sapientes
3398 929 3507 985 mi-

1832 1006 1997 1062 nime
2018 1008 2402 1067 arbitrantur.
2438 1015 2503 1067 Et
2532 1029 2797 1077 rursum,
2821 1014 2925 1087 qui
2953 1015 3205 1086 subjecti
3234 1022 3392 1086 sunt,
3416 1034 3505 1074 re-

1834 1100 2067 1152 ctorum
2099 1114 2348 1155 suorum
2380 1101 2643 1157 actiones
2670 1103 2944 1173 judicant
2976 1123 2988 1159 :
3022 1112 3076 1161 et
3107 1106 3151 1160 si
3203 1106 3369 1180 ipsos
3418 1124 3509 1164 re-

1835 1186 2035 1255 gimen
2068 1192 2265 1243 tenere
2292 1191 2679 1259 contingeret,
2715 1209 2776 1247 se
2815 1194 3015 1265 potius
3067 1211 3242 1265 agere
3293 1202 3509 1270 putant

1834 1275 2068 1331 melius.
2104 1278 2266 1333 Unde
2319 1279 2677 1353 plerumque
2728 1283 2882 1338 sicut
2924 1287 2981 1338 et
3021 1289 3278 1341 rectores
3306 1287 3506 1343 minus

1836 1366 2163 1438 prudenter
2192 1384 2263 1423 ea
2288 1384 2420 1440 quae
2452 1371 2689 1439 agenda
2713 1376 2854 1427 sunt
2881 1372 3102 1443 vident,
3133 1374 3277 1446 quia
3297 1392 3507 1433 eorum

1836 1453 2044 1510 oculos
2073 1455 2211 1528 ipsa
2238 1457 2461 1515 nebula
2492 1458 2763 1515 elationis
2795 1461 3116 1518 obscurat:
3152 1467 3506 1521 etnonnun-

1836 1559 2025 1617 quam
2049 1546 2099 1600 is
2128 1547 2233 1619 qui
2266 1548 2574 1619 subjectus
2606 1555 2713 1617 est,
2746 1551 2862 1607 hoc
2902 1568 3040 1608 cum
3094 1553 3376 1626 praelatus
3424 1554 3512 1610 fu-

1838 1633 1946 1688 erit
1974 1633 2133 1703 facit,
2162 1636 2329 1708 quod
2346 1637 2581 1693 dudum
2608 1639 2735 1695 fieri
2764 1640 3067 1711 subjectus
3099 1644 3424 1713 arguebat:
3456 1648 3513 1700 et

63 1716 133 1773 ab
159 1718 306 1775 hora
334 1720 638 1777 matutina
668 1721 962 1793 perimere
992 1739 1186 1795 usque
1206 1724 1283 1779 ad
1309 1724 1523 1780 horam
1548 1739 1728 1796 pran-
1767 1740 1810 1797 Β
1838 1736 1948 1794 pro
1980 1740 2050 1778 eo
2067 1725 2233 1795 quod
2264 1725 2365 1782 illa
2412 1743 2548 1799 quae
2583 1728 2979 1798 judicaverat,
3031 1736 3352 1803 perpetrat,
3401 1732 3511 1788 sal-

64 1806 154 1873 dii,
188 1814 553 1882 consumpta
582 1815 722 1865 sunt
746 1812 1133 1883 septuaginta
1170 1813 1381 1869 millia.
1431 1814 1535 1869 Hic
1566 1814 1728 1869 enim

66 1896 197 1952 nihil
224 1896 388 1953 aliud
419 1898 622 1955 dicere
653 1899 945 1970 valemus,
974 1901 1090 1956 nisi
1121 1902 1288 1974 quod
1318 1917 1483 1975 papa
1514 1904 1730 1973 Grego-

64 1985 175 2040 rius
204 1987 529 2055 moraliter,
565 1989 841 2059 egregius
874 1994 1177 2059 tractator,
1208 1990 1270 2047 in
1299 1992 1414 2047 hoc
1441 1992 1597 2048 facto
1628 1995 1730 2048 Da-

66 2074 155 2131 vid
181 2075 441 2147 protulit.
479 2076 572 2133 Ait
600 2077 762 2133 enim
795 2094 809 2133 :
866 2081 976 2135 Pro
1016 2079 1407 2151 qualitatibus
1456 2080 1726 2137 subdito-

64 2178 205 2229 rum,
236 2163 650 2237 disponuntur
678 2170 814 2222 acta
858 2168 1195 2237 regentium
1230 2184 1244 2222 :
1296 2172 1359 2224 ut
1409 2184 1569 2240 saepe
1615 2184 1726 2241 pro

63 2253 208 2309 malo
235 2271 436 2325 grege,
469 2255 653 2312 etiam
684 2273 821 2313 vere
851 2256 998 2313 boni
1037 2257 1350 2331 delinquat
1374 2258 1491 2315 vita
1519 2264 1725 2331 pasto-

64 2344 152 2399 ris.
180 2344 274 2401 Ille
302 2346 492 2417 enim,
521 2347 640 2403 Deo
671 2352 1013 2419 attestante,
1043 2338 1359 2417 laudatur;
1392 2348 1485 2403 ille
1516 2366 1726 2422 super-

65 2449 263 2490 norum
292 2436 727 2508 mysteriorum
754 2437 1035 2493 conscius
1082 2437 1269 2493 David
1310 2439 1609 2510 propheta
1636 2444 1728 2499 tu-

66 2540 211 2580 more
239 2526 572 2598 repentinae
612 2525 883 2582 elationis
934 2527 1124 2583 elatus
1168 2527 1465 2601 populum
1511 2545 1725 2586 nume-

66 2614 236 2670 rando
288 2617 608 2688 peccavit:
668 2617 767 2674 Dei
812 2622 1015 2673 tamen
1062 2618 1393 2673 vindictam
1437 2619 1725 2691 populus,

68 2704 234 2759 David
258 2711 571 2778 peccante,
601 2711 887 2779 succepit.
920 2708 1036 2762 Cur
1062 2707 1178 2763 hoc
1204 2725 1216 2763 :
1265 2708 1409 2780 quia
1454 2709 1727 2765 videlicet

67 2795 378 2851 secundum
410 2795 700 2852 meritum
740 2796 1033 2868 plebium,
1083 2796 1490 2869 disponuntur
1538 2799 1730 2856 corda

65 2890 359 2940 rectorum.
392 2887 610 2941 Justus
640 2901 783 2941 vero
808 2886 997 2957 judex
1028 2887 1335 2958 peccantis
1386 2887 1621 2957 vitium,
1654 2906 1728 2944 ex

66 2971 317 3044 ipsorum
381 2974 916 3032 animadversione
969 2976 1272 3049 corripuit,
1327 2992 1402 3031 ex
1460 2993 1726 3050 quorum

66 3078 232 3119 causa
260 3064 555 3136 peccavit.
585 3064 699 3122 Sed
714 3064 862 3137 quia
883 3065 1013 3137 ipse
1039 3081 1149 3121 sua
1180 3064 1400 3121 scilicet
1418 3065 1725 3122 voluntate

68 3152 415 3223 Superbiens,
451 3170 495 3211 ει
534 3153 715 3226 culpa
765 3153 997 3211 alienus
1044 3170 1168 3211 non
1215 3154 1346 3225 fuit,
1401 3155 1728 3212 vindictam

68 3241 240 3315 culpes
268 3245 450 3302 etiam
487 3244 774 3315 suscepit.
808 3247 959 3300 Nam
989 3243 1077 3300 ira
1126 3244 1381 3301 saeviens
1412 3260 1550 3317 quae
1596 3262 1729 3302 cor-

69 3332 326 3403 poraliter
350 3334 628 3408 perculit,
661 3338 953 3390 rectorem
983 3350 1229 3406 quoque
1260 3334 1468 3406 populi
1516 3334 1729 3391 intimo

70 3424 244 3479 cordis
269 3424 476 3482 dolore
523 3423 864 3497 prostravit.
916 3424 1152 3481 Certum
1204 3441 1347 3479 vero
1396 3429 1504 3491 est,
1560 3425 1730 3497 quod

70 3509 168 3569 ista
195 3512 301 3571 sibi
328 3514 596 3571 invicem
627 3519 685 3570 et
706 3518 1009 3570 rectorum
1041 3514 1254 3570 merita
1292 3520 1729 3571 connectantur

70 3607 116 3656 et
142 3602 418 3676 plebium,
454 3609 521 3662 ut
567 3620 726 3677 saepe
759 3621 832 3660 ex
879 3604 1060 3676 culpa
1103 3608 1422 3676 pastorum
1471 3604 1729 3661 deterior

70 3690 159 3749 ﬁat
184 3694 294 3752 vita
322 3694 623 3768 plebium,
655 3699 721 3751 ut
742 3710 899 3767 saepe
925 3710 999 3750 ex
1049 3694 1264 3749 merito
1287 3694 1557 3767 plebium
1600 3711 1734 3750 mu-

70 3785 204 3839 tetur
231 3785 347 3843 vita
375 3790 718 3859 pastorum.
748 3784 862 3840 Sed
911 3784 1056 3857 quia
1083 3788 1343 3839 rectores
1381 3784 1605 3841 habent
1629 3785 1728 3856 ju-

70 3871 243 3930 dicem
273 3891 475 3944 suum,
517 3890 752 3944 magna
779 3873 1017 3930 cautela
1046 3872 1426 3930 subditorum
1473 3878 1563 3930 est
1605 3890 1729 3931 non

73 3963 269 4022 temere
317 3966 507 4023 vitam
564 3963 840 4035 judicare
896 3963 1256 4033 regentium.
1315 3966 1516 4036 Neque
1565 3964 1728 4021 enim

71 4048 271 4114 frustra
297 4071 405 4129 per
454 4053 854 4127 semetipsum
905 4053 1197 4110 Dominus
1247 4070 1330 4108 {es
1377 4054 1727 4111 nummula-

73 4142 275 4202 riorum
304 4146 475 4217 fudit,
528 4149 590 4202 et
619 4144 940 4201 cathedras
969 4143 1362 4200 vendentium
1410 4143 1728 4201 columbas

71 4233 255 4292 evertit
284 4237 446 4307 (Luc.
481 4238 605 4303 xu)
640 4251 654 4289 :
702 4233 993 4290 nimirum
1036 4233 1387 4303 signiﬁcans
1435 4233 1581 4305 quia
1624 4250 1732 4306 per

71 4324 371 4390 magistros
400 4324 659 4398 quidem
688 4325 873 4381 vitam
900 4322 1133 4394 judicat
1161 4322 1454 4395 plebium,
1490 4322 1596 4378 sed
1623 4338 1731 4394 per

72 4413 434 4487 semetipsum
461 4414 625 4472 facta
655 4414 965 4470 examinat
1002 4413 1452 4483 magistrorum.
1510 4414 1735 4478 Quam-

70 4499 149 4555 vis
176 4503 347 4561 etiam
378 4504 771 4561 subditorum
797 4502 963 4573 vitia,
990 4518 1129 4575 quae
1158 4501 1516 4572 amagistris
1538 4501 1726 4557 modo

73 4589 154 4646 vel
178 4592 633 4651 dissimulantur
646 4593 927 4664 judicari,
954 4591 1043 4647 vel
1065 4597 1375 4663 nequeunt
1399 4610 1411 4647 :
1438 4592 1569 4662 ejus
1593 4607 1729 4664 pro-

74 4681 335 4741 culdubio
346 4671 580 4757 judicio
606 4687 1013 4739 reservantur.
1044 4682 1224 4753 Igitur
1244 4682 1392 4743 dum
1414 4681 1585 4739 salva
1611 4681 1730 4737 ﬁde

73 4782 152 4825 res
181 4772 388 4842 agitur,
420 4773 659 4829 virtutis
689 4776 782 4829 est
810 4771 1114 4841 meritum,
1139 4771 1187 4826 si
1218 4771 1517 4844 quidquid
1567 4770 1730 4843 prio-

73 4859 143 4915 ris
182 4868 284 4931 est,
330 4863 654 4920 toleratur:
707 4862 887 4920 debet
943 4862 1369 4918 tantummodo
1426 4861 1733 4917 humiliter

75 4952 315 5024 suggeri,
346 4953 395 5009 si
426 4954 691 5009 fortasse
714 4952 910 5009 valeat
955 4949 1123 5023 quod
1167 4950 1481 5023 displiceat
1523 4966 1729 5007 emen-

74 5037 205 5099 dari.
240 5043 351 5099 Sed
379 5043 726 5100 curandum
758 5056 1145 5113 summopere
1172 5046 1277 5107 est,
1307 5057 1383 5096 ne
1411 5041 1475 5097 in
1526 5057 1733 5114 super—

75 5124 225 5186 biam
246 5135 510 5189 transeat
546 5132 790 5204 justitiee
839 5131 1186 5187 inordinata
1224 5131 1535 5187 defensio:
1582 5131 1730 5185 dum

77 5218 219 5277 enim
243 5223 536 5280 rectitudo
577 5223 815 5279 incaute
840 5220 1126 5291 diligitur,
1160 5220 1293 5292 ipsa
1329 5220 1621 5290 magistra
1647 5234 1748 5273 re-

79 5307 354 5367 ctitudinis
385 5311 697 5369 humilitas
719 5312 1042 5369 amittitur:
1070 5326 1147 5366 ne
1168 5326 1308 5365 eum
1337 5309 1449 5365 sibi
1471 5324 1732 5382 prmesse

80 5397 200 5466 quis
219 5399 524 5475 despiciat,
557 5417 744 5474 quem
765 5401 1016 5459 fortasse
1039 5398 1328 5470 contingit
1357 5403 1421 5455 ut
1448 5399 1510 5455 in
1533 5397 1738 5475 aliqua

84 5487 293 5546 actione
320 5491 742 5564 reprehendat.
765 5492 986 5548 Contra
1007 5489 1172 5545 hunc
1198 5493 1498 5546 tumorem
1522 5503 1735 5560 super-

89 5571 185 5631 biie
213 5580 612 5645 subditorum,
655 5596 827 5637 mens
867 5579 945 5636 ad
997 5578 1338 5635 custodiam
1389 5576 1741 5634 humilitatis

94 5663 403 5733 cdomatur,
424 5670 472 5726 si
505 5670 824 5727 inﬁrmitas
862 5667 1110 5743 propria
1132 5668 1511 5724 incessanter
1551 5666 1741 5723 a’tten-

80 5749 239 5813 ditur.
263 5760 376 5817 iIas
390 5760 551 5818 vires
579 5764 823 5821 nostras
841 5760 1129 5819 veraciter
1160 5758 1509 5843 examinem
1539 5757 1733 5830 negli~

1840 1816 1957 1867 tem
1975 1828 2112 1884 quae
2135 1813 2429 1884 judicavit
2452 1816 2790 1874 erubescat.
2836 1819 3017 1887 Igitur
3056 1821 3207 1876 sicut
3249 1821 3511 1894 praelatis

1839 1900 2178 1957 curandum
2197 1908 2305 1971 est,
2336 1920 2411 1960 ne
2437 1922 2646 1961 eorum
2679 1907 2864 1963 corda
2895 1910 3289 1965 aestimatione
3308 1910 3512 1980 singu-

1835 1988 1977 2044 laris
1995 1990 2301 2063 sapientiae
2332 1993 2501 2049 locus
2536 1996 2807 2068 superior
2836 1997 3099 2066 extollat,
3122 1998 3204 2054 ita
3226 1999 3511 2070 subjectis

1835 2079 2282 2152 providendum
2328 2088 2435 2151 est,
2480 2100 2555 2139 ne
2609 2084 2723 2140 sibi
2770 2090 3069 2142 rectorum
3114 2087 3273 2143 facta
3303 2087 3509 2160 displi-

1838 2174 2028 2223 ceant.
2053 2170 2107 2225 Si
2131 2176 2333 2227 autem
2367 2174 2791 2242 magistrorum
2817 2176 3087 2231 vitavere
3118 2176 3509 2249 reprehendi-

1838 2261 1951 2324 tur,
1972 2263 2205 2330 oportet
2224 2261 2424 2334 utique
2443 2262 2684 2331 subditi,
2712 2264 2890 2320 etiam
2904 2281 3043 2320 cum
3065 2264 3355 2338 displicet,
3377 2282 3509 2321 ma-

1839 2348 2091 2418 gistrum
2110 2355 2483 2407 venerentur.
2520 2352 2632 2407 Sed
2658 2358 2715 2408 et
2742 2354 2857 2409 hoc
2881 2354 3126 2411 solerter
3150 2355 3510 2412 intuendum

1839 2442 1945 2505 est,
1976 2454 2051 2493 ne
2079 2444 2182 2494 aut
2229 2457 2413 2512 quem
2460 2441 2681 2497 imitari
2724 2443 3005 2515 despicis,
3060 2445 3328 2501 venerari
3371 2462 3509 2501 con-

1840 2530 2094 2583 temnas.
2132 2528 2373 2585 Subtilis
2404 2530 2623 2586 etenim
2650 2531 2748 2587 via
2778 2534 3039 2589 tenenda
3069 2539 3159 2589 est
3204 2534 3510 2590 rectitudi-

1838 2617 1932 2672 nis
1960 2623 2016 2673 et
2042 2618 2414 2687 humilitatis,
2450 2626 2515 2677 ut
2544 2622 2628 2676 sic
2655 2624 3149 2695 reprehensibilia
3193 2626 3512 2695 magistro-

1838 2722 1973 2762 rum
2004 2707 2162 2763 facta
2189 2708 2563 2781 displiceant,
2595 2718 2894 2783 quatenus
2927 2713 3306 2771 subditorum
3339 2731 3511 2770 mens

1840 2813 1877 2853 a
1907 2798 2205 2855 servanda
2235 2800 2564 2870 magisterii
2595 2803 2926 2859 reverentia
2956 2819 3076 2860 non
3106 2804 3363 2860 recedat.

1914 2912 1943 2939 «
1984 2892 2121 2945 Erat
2186 2896 2389 2945 autem
2455 2892 2708 2961 angelus
2762 2894 2999 2949 Domini
3071 2894 3245 2965 juxta
3304 2910 3511 2951 aream

1842 2999 1869 3025 ‹‹
1910 2980 2148 3032 Areuna
2179 2978 2457 3034 Jebusaei.
2503 2981 2774 3053 Dixitque
2804 2981 2994 3037 David
3042 2982 3121 3038 ad
3165 2983 3513 3050 Dominum,

1842 3089 1869 3116 ‹‹
1913 3082 2052 3121 cum
2083 3066 2328 3122 vidisset
2357 3068 2642 3137 angelum
2670 3069 2997 3125 credentem
3026 3070 3319 3142 populum
3351 3090 3363 3125 :
3391 3073 3516 3140 Ego

1842 3177 1869 3204 ‹‹
1913 3171 2047 3209 sum
2080 3155 2186 3227 qui
2212 3156 2453 3226 peccavi
2483 3161 2539 3211 et
2571 3172 2683 3225 ego
2714 3157 2917 3229 inique
2948 3159 3039 3228 egi
3070 3175 3083 3213 :
3116 3158 3209 3213 isti
3240 3158 3346 3231 qui
3375 3174 3518 3214 oves

1843 3268 1869 3293 ‹‹
1914 3249 2072 3311 sunt,
2104 3245 2251 3317 quid
2283 3246 2596 3302 fecerunt?
2630 3249 2922 3318 \‘ertatur,
2974 3248 3245 3315 obsecro,
3295 3263 3516 3304 manus

1844 3356 1871 3383 «
1913 3338 2018 3389 tua
2047 3339 2257 3389 contra
2284 3351 2400 3401 mc,
2436 3354 2466 3387 »
2493 3340 2601 3391 etc.
2636 3340 2699 3392 In
2726 3337 3227 3409 Paralipomenon
3259 3338 3341 3394 ita
3376 3336 3516 3393 scri-

1842 3428 2015 3495 ptum
2042 3426 2132 3478 est
2164 3424 2221 3488 (Ι
2240 3425 2452 3479 Paral.
2486 3429 2609 3489 xm)
2645 3441 2658 3479 :
2702 3447 2731 3475 «
2763 3428 2945 3481 Porro
2974 3425 3228 3495 angelus
3280 3425 3517 3482 Domini

1846 3513 2043 3569 stabat
2082 3514 2256 3585 juxta
2314 3530 2521 3571 aream
2570 3517 2770 3572 Ornan
2827 3516 3110 3571 Jebuseei.
3166 3519 3519 3590 Levansque

1848 3602 2031 3658 David
2062 3603 2271 3659 oculos
2304 3621 2465 3674 suos,
2500 3605 2645 3660 vidit
2676 3605 2961 3677 angelum
2991 3606 3228 3661 Domini
3260 3610 3517 3663 stantem

1845 3692 1998 3748 inter
2023 3693 2244 3749 coelum
2275 3698 2331 3748 et
2352 3699 2594 3764 terram,
2629 3699 2685 3751 et
2724 3696 3113 3764 evaginatum
3163 3696 3433 3765 gladium
3458 3696 3519 3751 in

1847 3798 2036 3837 manu
2066 3783 2217 3853 ejus,
2246 3788 2302 3838 et
2328 3799 2573 3839 versum
2605 3789 2815 3840 contra
2847 3784 3242 3854 Hierusalem,
3286 3789 3345 3840 et
3390 3784 3523 3839 reli-

1847 3887 1989 3944 qua.
2018 3877 2172 3929 Area
2198 3875 2459 3942 Areuna,
2491 3874 2585 3930 vel
2618 3890 2759 3931 area
2782 3876 3004 3945 Ornan,
3036 3874 3172 3947 ipsa
3200 3878 3288 3930 est
3316 3872 3524 3930 videli-

1849 3967 1942 4019 cet
1966 3963 2357 4019 Hierusalem.

1922 4074 1950 4104 ‹‹
1984 4053 2151 4109 Venit
2181 4058 2384 4109 autem
2416 4053 2542 4109 Gad
2570 4054 2649 4109 ad
2681 4054 2887 4122 David,
2918 4057 2975 4110 et
3004 4053 3155 4111 dixit
3174 4054 3227 4111 ei
3258 4072 3271 4111 :
3300 4058 3523 4110 Ascen-

1852 4164 1880 4193 ‹‹
1923 4142 2021 4212 de,
2081 4144 2374 4199 constitue
2428 4145 2683 4200 Domino
2752 4144 2937 4201 altare
2985 4144 3044 4200 in
3093 4161 3235 4201 area
3286 4150 3527 4201 Areuna

1852 4254 1879 4281 ‹‹
1920 4231 2201 4286 Jebusaai.
2238 4234 2305 4286 Et
2332 4232 2602 4288 ascendit
2623 4233 2805 4288 David
2824 4234 3000 4305 juxta
3016 4250 3357 4290 sermonem
3380 4232 3530 4300 Gad,

1855 4344 1881 4372 ‹‹
1928 4337 2113 4394 quem
2144 4326 2513 4394 praeceperat
2550 4322 2603 4377 ei
2656 4322 2965 4378 Dominus.
3014 4324 3528 4397 Conspiciensque

1858 4433 1886 4460 ‹‹
1928 4415 2191 4481 Areuna,
2248 4410 2696 4480 animadvertit,
2764 4429 2965 4481 regem
3015 4418 3073 4469 et
3130 4431 3333 4471 servos
3400 4414 3531 4486 ejus

1861 4523 1889 4550 «
1920 4501 2185 4556 transire
2246 4500 2327 4556 ad
2380 4517 2463 4571 se,
2524 4508 2580 4557 et
2650 4518 2931 4573 egressus
2999 4502 3272 4559 adoravit
3324 4517 3531 4572 regem

1858 4613 1887 4642 «
1926 4607 2123 4664 prono
2151 4590 2318 4646 vultu
2347 4592 2408 4646 in
2440 4596 2683 4663 terram,
2715 4597 2771 4647 et
2802 4592 2882 4647 ait
2915 4609 2929 4646 ε
2981 4592 3132 4657 Quid
3179 4609 3375 4647 causae
3419 4595 3529 4661 est,

1855 4701 1884 4729 ‹‹
1927 4684 1993 4736 ut
2019 4680 2220 4735 veniat
2252 4680 2542 4736 Dominus
2572 4697 2748 4735 meus
2776 4696 2883 4735 rex
2914 4679 2992 4735 ad
3024 4695 3270 4735 servum
3302 4694 3481 4733 suum
3502 4679 3533 4733 ?

1855 4794 1883 4823 «
1925 4772 2031 4827 Cui
2066 4770 2255 4827 David
2281 4770 2362 4826 ait
2394 4788 2409 4825 :
2442 4774 2509 4826 Ut
2548 4788 2751 4827 emam
2800 4788 2837 4827 a
2885 4776 2939 4826 te
2987 4785 3215 4840 aream,
3262 4775 3320 4825 et
3352 4768 3540 4825 aediﬁ-

1855 4884 1884 4911 ‹‹
1925 4878 2057 4917 cem
2119 4861 2305 4917 altare
2356 4861 2631 4927 Domino,
2683 4866 2738 4915 et
2785 4864 2973 4916 cesset
3021 4858 3351 4916 interfectio
3394 4875 3529 4932 quae

1856 4974 1885 5003 «
1927 4955 2237 5024 grassatur
2260 4950 2320 5006 in
2354 4949 2599 5023 populo.
2634 4953 2696 5005 Et
2727 4951 2810 5005 ait
2856 4954 3099 5005 Areuna
3140 4948 3221 5005 ad
3260 4948 3471 5022 David,
3504 4971 3533 4997 η

1855 5045 1965 5097 etc.
2001 5046 2239 5096 Areuna
2268 5056 2537 5113 namque
2566 5039 2986 5112 interpretatur
3014 5055 3184 5109 arca,
3230 5043 3289 5096 et
3332 5040 3534 5098 Ornan

1856 5128 2058 5185 Latine
2088 5133 2332 5185 resonat
2361 5131 2560 5185 lumen
2591 5129 2777 5184 nobis.
2814 5130 2966 5184 Bene
2998 5144 3141 5199 ergo
3171 5145 3311 5185 cum
3339 5130 3531 5186 Deum

1853 5236 1966 5293 pro
2020 5219 2252 5275 offenso
2308 5235 2431 5292 quo
2485 5219 2759 5291 peccavit
2811 5218 3056 5291 placare
3110 5218 3300 5284 vellet,
3347 5218 3537 5275 altare

1848 5309 2098 5381 jubetur
2123 5309 2186 5364 in
2216 5324 2358 5364 arca
2389 5313 2628 5365 Areuna
2669 5307 2765 5363 vel
2794 5310 2998 5365 Ornan
3050 5313 3420 5374 construere,
3472 5310 3539 5363 ut

1852 5398 1995 5455 inde
2024 5399 2444 5471 unusquisque
2473 5398 2754 5470 conjiciat
2780 5398 2926 5475 quia
2950 5397 3120 5455 aliter
3151 5396 3435 5455 divinitas
3455 5397 3538 5455 ab

1853 5488 2099 5543 homine
2142 5486 2368 5560 placari
2410 5504 2534 5544 non
2568 5492 2785 5561 potest,
2837 5488 2952 5543 nisi
3000 5488 3062 5543 in
3113 5502 3258 5544 arca
3310 5486 3540 5577 cordis’

1852 5594 1960 5651 per
2003 5577 2210 5633 lumen
2254 5581 2427 5632 rectae
2476 5577 2615 5633 fidei
2656 5583 2712 5634 et
2742 5594 2894 5633 verse
2942 5576 3299 5650 dilectionis,
3350 5576 3541 5635 altare

1860 5666 1928 5723 lli
1961 5666 2190 5723 devota:
2244 5666 2598 5723 humilitatis
2640 5667 2985 5740 constituat,
3029 5668 3092 5724 in
3141 5684 3265 5742 quo
3314 5668 3541 5725 sacriﬁ‘

1860 5757 2028 5815 cium
2056 5756 2173 5831 piae
2203 5756 2599 5820 confessionis
2636 5773 2708 5815 ac
2753 5756 2952 5817 laudis
3000 5760 3123 5817 Deo
3170 5757 3540 5833 acceptabile
