3940 6408
386 252 485 305 391

1423 240 1783 310 ΑΝβΕιΟΜΙ
1825 232 2277 292 LUXOVIENSIS
2316 238 2629 297 MONACHI

3719 242 3829 299 3η.

381 370 612 427 offerat.
646 366 819 435 Quod
869 370 1023 422 recte
1076 380 1183 437 per
1226 363 1510 427 eumdem
1565 362 1923 435 prophetam
1981 358 2043 414 in
2075 362 2121 414 Α
2165 358 2227 415 in
2269 361 2693 420 holocaustum
2719 362 2917 421 Israel.
2946 365 3012 419 Et
3057 362 3341 436 praecepit
3396 366 3465 419 ut
3507 377 3828 434 congrege.

388 457 636 515 Psalmis
666 455 1102 521 manifestatur,
1131 453 1237 509 ubi
1283 452 1499 508 dicitur
1526 468 1597 507 ex
1628 465 1889 524 persona
1940 452 2048 504 Do-

382 548 568 605 mini:
603 569 629 597 ‹‹
655 545 1024 602 Sacriﬁcium
1048 542 1244 599 laudis
1273 541 1698 598 honoriﬁcabit
1727 556 1823 595 me
1857 539 2044 609 (Psal.

382 642 542 706 xux)
587 658 615 686 »
644 639 709 691 Et
734 635 983 690 iterum:
1013 655 1039 682 «
1077 631 1468 701 Sacriﬁcium,
1501 630 1718 703 inquit,
1758 630 1874 683 Deo
1930 627 2047 699 spi-

379 729 528 785 ritus
558 723 1015 792 contribulatus,
1049 738 1151 778 cor
1181 721 1501 777 contritum
1552 727 1608 776 et
1666 717 2049 775 humiliatum

385 819 538 872 Deus
567 830 687 871 non
724 812 951 885 spernit
982 812 1169 883 (Psal.
1204 812 1276 881 1.).
1307 833 1334 860 ››

452 927 480 954 ‹‹
522 902 675 959 Emit
700 917 843 970 ergo
867 899 1057 955 David
1079 915 1285 954 aream
1314 903 1372 954 et
1398 898 1585 954 boves
1624 896 1855 965 argenti
1890 893 2051 949 siclis

383 1016 409 1042 ‹‹
451 989 910 1065 quinquaginta.
950 1011 977 1038 »
1010 987 1184 1053 Quod
1228 987 1289 1042 in
1331 986 1831 1058 Paralipomenon
1865 985 1945 1039 ita
1974 982 2052 1037 le-

383 1082 566 1153 gitur:
598 1103 624 1129 ‹‹
653 1078 822 1135 Dedit
860 1094 994 1147 ergo
1054 1076 1237 1132 David
1296 1077 1497 1131 Ornan
1551 1090 1660 1146 pro
1701 1073 1834 1128 loco
1879 1071 2051 1131 siclos

378 1170 511 1226 auri
533 1167 850 1240 justissimi
883 1164 1168 1239 ponderis
1200 1168 1571 1220 sexcentos.»
1592 1162 2050 1232 Intelligendum

376 1275 645 1332 namque
692 1262 782 1312 est
830 1255 1017 1311 boves
1082 1254 1309 1325 argenti
1371 1252 1530 1308 siclis
1578 1252 2050 1325 quinquaginta,

381 1366 588 1407 aream
616 1363 760 1403 vero
784 1344 1080 1401 sexcentis
1106 1344 1305 1399 aureis
1346 1342 1584 1398 emisse.

453 1462 479 1488 ‹‹
516 1442 583 1494 Et
612 1436 928 1492 aedificavit
957 1434 1041 1490 ibi
1072 1434 1259 1490 David
1292 1433 1477 1489 altare
1499 1432 1772 1499 Domino,
1798 1437 1854 1488 et
1881 1432 2052 1490 obtu.

382 1549 409 1577 ‹‹
451 1528 516 1583 lit
567 1525 920 1582 holocausta
948 1528 1005 1579 et
1046 1522 1317 1595 paciﬁca.
1376 1526 1441 1577 Et
1490 1521 1915 1594 repropitiatus
1959 1524 2051 1576 est

381 1638 408 1666 «
450 1615 743 1671 Dominus
773 1619 964 1676 terrae,
992 1616 1049 1668 et
1077 1611 1342 1668 cohibita
1372 1616 1465 1667 est
1497 1610 1678 1683 plaga
1701 1609 1780 1666 ab
1810 1610 2046 1665 Israel.»

2152 455 2356 507 rentur
2402 465 2613 509 omnes
2639 451 2924 526 proselyti
2975 452 3051 507 de
3096 456 3251 508 terra
3286 451 3484 521 Israel,
3512 456 3573 507 et
3601 452 3828 507 consti-

2156 538 2267 595 tuit
2287 555 2355 595 ex
2386 541 2469 596 eis
2498 541 2758 597 latomos
2784 540 2864 597 ad
2892 539 3217 596 caedendos
3245 539 3480 613 lapides
3505 545 3565 596 et
3596 540 3829 613 polien-

2155 627 2287 694 dos,
2319 634 2383 684 ut
2403 630 2798 686 aediﬁcaretur
2825 629 3044 685 domus
3076 629 3331 685 Domini.
3356 653 3384 679 »
3416 631 3481 685 In
3507 629 3613 685 illo
3644 629 3833 702 siqui—

2156 716 2296 772 dem
2326 716 2480 787 loco,
2514 724 2578 775 ut
2621 718 2847 774 Hebraei
2902 723 3237 788 autumant,
3272 718 3610 791 aliquando
3642 718 3836 775 conti-

2158 810 2326 875 gerat
2348 806 2649 863 Abraham
2677 808 2890 863 ofl‘erre
2915 807 3107 863 ﬁlium
3137 824 3316 863 suum
3349 812 3540 877 Isaac,
3571 806 3833 879 quando

2158 910 2299 950 cum
2318 895 2447 966 jam
2474 901 2723 968 paratus
2750 904 2907 952 esset
2932 896 3201 952 occidere
3239 896 3457 962 ﬁlium,
3484 900 3541 952 et
3565 895 3632 951 in
3654 895 3833 951 holo-

2160 989 2436 1040 caustum
2462 985 2763 1055 exhibere,
2786 985 3115 1058 improviso
3144 984 3298 1041 aries
3330 985 3635 1059 apparuit,
3659 991 3720 1040 et
3752 984 3838 1040 al-

2162 1077 2282 1128 tare
2304 1074 2706 1141 circumstetit,
2739 1089 2922 1147 quem
2954 1074 3259 1130 Abraham
3298 1090 3410 1148 pro
3454 1073 3581 1129 tilio
3614 1074 3834 1129 immo-

2158 1162 2319 1218 lavit.
2355 1166 2545 1218 Potest
2595 1179 2735 1219 vero
2793 1179 2933 1219 area
2966 1168 3205 1219 Areuna
3248 1163 3351 1218 ubi
3401 1163 3590 1219 David
3640 1162 3833 1219 altare

2161 1251 2485 1307 construxit
2511 1251 2686 1308 altius
2715 1251 2985 1322 intelligi.
3017 1251 3171 1318 Quid
3202 1268 3309 1324 per
3338 1268 3547 1308 aream
3578 1256 3834 1307 Areuna

2156 1340 2430 1408 Jebusaei,
2463 1341 2575 1396 nisi
2635 1340 2956 1397 Ecclesiam
2985 1357 3059 1397 ex
3086 1341 3363 1410 gentibus
3408 1340 3731 1398 collectam
3760 1343 3833 1397 si-

2161 1430 2449 1500 gniﬁcat?
2476 1432 2536 1485 In
2589 1446 2714 1503 qua
2770 1430 3030 1487 Ecclesia
3090 1435 3417 1503 postquam
3465 1429 3660 1486 altare
3689 1430 3835 1487 ﬁdei

2159 1535 2331 1574 verus
2356 1518 2560 1585 David,
2604 1519 2719 1575 hoc
2758 1523 2862 1584 est,
2895 1519 3167 1575 Salvator
3195 1524 3397 1575 noster
3424 1519 3634 1585 erexit,
3693 1536 3837 1575 con-

2158 1607 2353 1664 festim
2384 1624 2547 1665 mors
2572 1608 2915 1680 impietatis,
2938 1623 3074 1680 quae
3104 1607 3165 1663 in
3197 1607 3422 1681 populo
3456 1608 3561 1664 Dei
3592 1624 3839 1679 grassa-

384 1704 527 1761 Hinc
558 1719 802 1776 quoque
856 1700 1045 1757 Verba
1070 1700 1305 1756 dierum
1333 1699 1416 1756 ita
1460 1703 1708 1755 narrant
1735 1716 1748 1754 :
1784 1721 1811 1749 «
1840 1698 2052 1754 Taber—
2086 1713 2128 1765 Β
2159 1697 2354 1759 batur,
2384 1697 2581 1752 cessit.
2613 1699 2773 1753 Hanc
2803 1713 3008 1753 aream
3031 1696 3215 1752 David
3257 1697 3712 1770 quinquaginta
3743 1715 3834 1755 ar-

378 1791 669 1848 naculum
699 1795 900 1847 autem
929 1788 1160 1845 Domini
1183 1788 1353 1861 quod
1380 1787 1602 1844 fecerat
1623 1790 1851 1859 Moyses
1897 1787 1959 1841 in
1980 1787 2055 1842 de
2160 1786 2319 1856 genti
2349 1786 2506 1841 siclis
2534 1786 2707 1841 emit:
2742 1785 2887 1858 quia
2924 1790 2982 1841 et
3015 1785 3303 1842 Dominus
3348 1788 3521 1842 Iesus
3553 1787 3832 1844 Christus

385 1884 545 1936 serto
576 1882 635 1935 et
664 1878 848 1935 altare
906 1876 1405 1933 holocaustorum
1445 1879 1504 1931 et
1533 1879 1887 1946 tempestate
1927 1882 2054 1934 erat
2166 1875 2487 1931 Ecclesiam
2538 1891 2713 1931 suam
2742 1874 3004 1948 pretioso
3035 1876 3330 1946 sanguine
3367 1892 3478 1932 suo
3527 1882 3834 1949 emptam.

384 1968 445 2025 in
475 1968 710 2024 excelso
753 1966 1023 2034 Gabaon,
1050 1969 1105 2020 et
1136 1980 1259 2020 non
1288 1963 1607 2036 praevaluit
1639 1962 1831 2018 David
1857 1964 1941 2018 ire
1973 1963 2049 2019 ad

381 2056 584 2117 altare.
619 2061 682 2112 ut
714 2055 812 2110 ubi
840 2054 1181 2111 obsecraret
1229 2052 1572 2108 Dominum.
1606 2055 1792 2108 Nemo
1837 2052 2051 2108 timore

382 2146 577 2202 fuerat
607 2144 969 2218 perterritus,
1001 2141 1215 2197 videns
1251 2140 1522 2211 gladium
1564 2140 1761 2210 angeli
1790 2140 2046 2208 Domini,

381 2235 655 2308 Dixitque
684 2233 900 2291 David:
934 2232 1070 2288 Haec
1102 2231 1322 2287 domus
1352 2229 1609 2292 Domini,
1633 2234 1689 2285 et
1718 2229 1835 2285 hoc
1864 2229 2048 2285 altare

1470 2539 1581 2623 ΙΝ

2161 1979 2231 2019 ac
2260 1980 2367 2036 per
2398 1963 2756 2036 septiformis
2786 1963 3041 2035 gratiam
3075 1964 3325 2037 Spiritus
3356 1964 3547 2020 sancti
3580 1982 3618 2021 a
3656 1982 3838 2022 cunc-

2160 2052 2231 2107 tis
2267 2053 2390 2107 suis
2421 2052 2650 2108 delictis
2676 2057 3018 2125 purgatam,
3046 2052 3109 2110 in
3138 2052 3393 2110 domum
3448 2052 3562 2109 sibi
3618 2057 3837 2129 sempi-

2164 2147 2391 2198 ternam
2416 2141 2828 2200 sanctiﬁcavit.

1672 2537 2105 2624 LIBRl'M
2200 2539 2730 2627 TERTIUM.

1006 2772 1411 2831 PRIEFATlO.

451 2956 707 3030 Expletis
739 2955 979 3011 duobus
1017 2952 1230 3009 libellis
1262 2955 1490 3022 Regum
1523 2950 1866 3016 voluminis,
1902 2950 2046 3005 divi-

2711 2775 2940 2832 CAPUT
2981 2778 3260 2833 PRIIUI.

2230 2972 2256 2998 ‹‹
2285 2953 2350 3006 Et
2377 2953 2492 3006 Rex
2524 2951 2710 3007 David
2744 2958 3041 3021 senuerat,
3072 2954 3457 3026 habebatque
3471 2957 3670 3013 astatis
3708 2957 3839 3030 plu-

376 3064 457 3102 na
487 3045 759 3101 videlicet
784 3043 1065 3100 immeriti
1087 3040 1357 3098 auxiliati
1378 3040 1716 3108 clementia,
1752 3045 2043 3111 tanquam
2079 3046 2121 3101 C
2159 3062 2184 3089 α
2220 3041 2404 3094 rimos
2434 3056 2685 3099 annos.»
2716 3047 2774 3096 et
2801 3042 3049 3114 reliqua.
3075 3044 3360 3098 Senectus
3394 3044 3583 3099 David
3614 3046 3841 3103 huma-

374 3133 832 3208 quodammodo
880 3148 953 3188 ex
1011 3132 1304 3187 thesauris
1367 3129 1642 3191 divitum,
1696 3133 2044 3184 sanctorum

375 3224 595 3281 scilicet
622 3223 958 3287 doctorum,
994 3220 1117 3276 duo
1148 3219 1380 3276 minuta
1411 3218 1848 3283 abstrahentes,
1882 3234 2043 3289 quae.

374 3318 440 3367 ut
495 3310 820 3383 potuimus,
854 3311 915 3364 in
975 3308 1474 3381 gazophylacium
1508 3306 1742 3361 Domini
1787 3304 2041 3360 contuli-

374 3415 533 3464 mus,
565 3414 639 3453 ne
670 3397 884 3465 ingrati
916 3412 987 3451 ex
1020 3402 1236 3451 nostrae
1269 3395 1634 3467 paupertatis
1664 3394 1904 3464 ingenio
1931 3393 2048 3448 for-

373 3487 552 3543 tassis
584 3484 926 3539 videremur
984 3499 1020 3539 a
1077 3483 1353 3549 Domino,
1387 3498 1461 3536 ne
1520 3481 1809 3537 talentum
1866 3483 2045 3537 etiam

374 3574 640 3646 idipsum
666 3570 1022 3641 frugalitatis
1047 3569 1350 3635 collatum,
1382 3586 1520 3624 rure
1558 3570 1865 3625 defossum
1891 3571 2047 3625 inve-

373 3663 599 3719 niretur
630 3659 1078 3725 absconditum,
1125 3664 1181 3713 et
1209 3657 1618 3713 damnationis
1665 3674 1847 3729 poena
1898 3658 2046 3713 mul-

375 3756 680 3808 ctaremur
708 3748 1019 3805 acerrime.
1047 3747 1153 3803 Ubi
1188 3746 1524 3803 admodum
1560 3751 1803 3801 vastum
1836 3746 2047 3801 transi-

372 3839 576 3896 vimus
626 3854 853 3911 aequor,
917 3835 1184 3892 auxiliati
1239 3834 1513 3890 videlicet
1578 3833 2048 3906 Cunctipotentis

374 3944 511 4001 ope,
544 3927 648 4000 qui
677 3928 935 3999 imperat
970 3925 1159 3980 ventis
1187 3940 1263 3979 ne
1295 3926 1554 3979 noceant
1602 3921 1733 3977 rati.
1768 3926 1932 3977 Nunc
1975 3923 2049 3977 si-

374 4016 647 4090 quidem,
679 4031 1037 4088 quanquam
1065 4013 1292 4086 pavidi,
1326 4012 1563 4068 tertium
1593 4010 1842 4082 aggredi
1868 4028 2047 4067 cona-

373 4105 576 4161 bimur
603 4103 860 4159 librum:
914 4103 976 4159 in
1027 4118 1150 4175 quo
1202 4101 1465 4157 maxime
1508 4100 1655 4157 ﬂatu
1698 4101 2041 4171 indigemus

373 4193 623 4267 quidem
642 4191 825 4248 divini
854 4191 1165 4264 Spiramis,
1208 4206 1285 4246 ne
1318 4194 1524 4247 nostra
1554 4190 1758 4247 carina
1795 4191 2044 4247 tandem

370 4282 560 4339 fracta
581 4281 778 4337 veniat
819 4280 883 4336 in
912 4278 1197 4352 scopulis,
1229 4284 1287 4336 et
1315 4280 1523 4352 syrtim
1553 4280 1707 4337 illisa
1758 4280 2044 4336 demersa

2158 3129 2218 3183 ni
2249 3128 2484 3196 generis
2530 3129 2807 3199 ﬁguravit
2859 3134 3029 3186 Vetus
3081 3135 3545 3199 Testamentum,
3600 3134 3666 3190 in
3708 3153 3839 3208 quo

2156 3216 2302 3289 quia
2322 3217 2470 3271 tides
2500 3217 2796 3274 defecerat
2826 3219 2987 3275 velut
3015 3220 3077 3275 in
3104 3222 3312 3288 David,
3341 3221 3578 3278 dilectio
3601 3224 3713 3279 Dei
3740 3226 3841 3280 fri-

2158 3312 2384 3373 guerat.
2421 3308 2782 3364 Vestimenta
2833 3309 2983 3378 ejus,
3025 3310 3247 3380 quibus
3294 3310 3622 3382 adopertus
3676 3314 3840 3369 cale-

2157 3397 2283 3451 fieri
2314 3412 2436 3451 non
2475 3401 2726 3469 poterat,
2762 3402 2972 3470 typum
3020 3398 3301 3455 habuisse
3327 3400 3595 3456 Judaicte
3631 3402 3841 3473 plebis

2157 3501 2278 3540 non
2313 3485 2567 3541 dubium
2619 3491 2723 3541 est.
2759 3488 2901 3552 Quae
2958 3493 3094 3543 ante
3127 3488 3454 3544 adventum
3498 3489 3843 3548 Salvatoris

2156 3590 2263 3646 per
2301 3575 2704 3645 cognitionem
2746 3575 2918 3647 legis,
2968 3578 3129 3633 velut
3177 3578 3529 3635 vestimenta
3566 3581 3843 3639 Domino

2157 3662 2554 3719 adhaaserant.
2606 3664 2717 3720 Sed
2749 3665 2893 3737 quia
2921 3666 3200 3721 eamdem
3231 3667 3426 3739 plebs,
3459 3674 3523 3723 ut
3566 3676 3841 3742 Aposto-

2155 3750 2249 3805 lus
2279 3751 2439 3816 dicit,
2463 3774 2489 3799 «
2526 3754 2817 3808 servitutis
2840 3754 3135 3825 spiritum,
3159 3761 3215 3811 et
3240 3771 3363 3811 non
3391 3756 3687 3814 libertatis
3721 3762 3842 3817 ha-

2155 3839 2286 3894 buit
2307 3841 2396 3905 (Il
2427 3840 2564 3895 Cor.
2587 3844 2805 3912 xxxxx),
2832 3861 2860 3893 »
2892 3843 2952 3898 in
2980 3859 3185 3900 amore
3214 3845 3419 3901 divino
3449 3846 3709 3904 minime
3733 3866 3842 3907 ca-

2156 3930 2291 3984 ruit.
2327 3930 2506 3998 Virgo
2537 3946 2674 3986 vero
2728 3932 3002 4004 speciosa
3029 3950 3166 4006 quae
3217 3934 3279 3990 in
3335 3937 3565 3991 cunctis
3595 3936 3844 3997 ﬁnibus

2156 4018 2341 4074 Israel
2365 4020 2620 4091 quaesita
2668 4028 2773 4088 est,
2808 4038 2879 4077 ac
2922 4038 3029 4095 per
3073 4040 3277 4080 servos
3328 4026 3518 4082 David
3567 4027 3650 4083 ad
3682 4046 3845 4087 eum

2157 4109 2467 4181 perducta,
2502 4126 2639 4182 quae
2661 4110 2722 4165 in
2753 4110 2887 4167 sinu
2918 4113 3048 4183 ejus
3088 4112 3395 4171 dormiens
3426 4133 3567 4172 eum
3606 4118 3842 4176 calefe-

2154 4198 2250 4265 cit,
2283 4204 2340 4254 et
2370 4199 2538 4268 virgo
2568 4201 2918 4272 permansit,
2950 4201 3118 4258 haud
3142 4203 3398 4261 dubium
3432 4207 3538 4277 qui
3590 4216 3841 4267 sanctae

2156 4287 2424 4344 Ecclesiae
2457 4303 2780 4359 personam
2810 4291 3084 4361 gestavit,
3129 4306 3267 4365 qua!
3292 4294 3369 4350 de
3397 4296 3627 4353 cunctis
3680 4314 3845 4368 gen-

370 4374 681 4428 remaneat
699 4369 762 4424 in
791 4372 1062 4456 reumate
1091 4368 1427 4438 gurgitum:
1463 4370 1575 4427 Sed
1620 4370 1756 4441 ipso
1798 4368 2042 4425 aﬂlante
2076 4400 2119 4453 ο
2152 4376 2313 4432 tibus
2339 4393 2446 4449 per
2475 4378 2785 4449 apostolos
2813 4379 2893 4435 ad
2923 4380 3218 4437 Christum
3245 4385 3544 4456 pervenit:
3565 4390 3623 4441 et
3651 4390 3844 4446 tanta

372 4475 444 4516 ac
466 4458 785 4529 dignanter
812 4455 1161 4532 opitulante,
1195 4463 1436 4530 portum
1460 4457 1828 4530 quietudinis
1854 4473 2041 4513 ovans

370 4548 658 4616 obtineat,
718 4551 784 4603 ut
828 4546 1137 4604 Dominica
1188 4544 1648 4619 quodammodo
1679 4546 2043 4602 commercia

366 4639 555 4697 illaesa
584 4642 1002 4712 permaneant,
1042 4640 1100 4693 et
1138 4653 1211 4693 ex
1257 4639 1421 4692 tanta
1445 4634 1854 4709 profunditate
1880 4634 2042 4691 volu‘

368 4728 568 4799 minis,
601 4744 672 4785 ac
699 4728 979 4785 thesauro
1009 4725 1194 4783 divini
1225 4723 1665 4798 gazophylacii,
1701 4722 1913 4779 saltem
1941 4739 2043 4780 va-

367 4818 599 4876 leamus
629 4833 769 4875 cum
800 4816 982 4888 Magis
1008 4815 1139 4872 auri
1170 4820 1227 4872 et
1250 4814 1439 4871 thuris
1470 4818 1523 4870 et
1554 4812 1818 4884 myrrhae
1846 4813 2043 4867 Domi-

365 4924 444 4963 no
474 4906 743 4963 conferre
772 4904 1046 4963 donaria.
1080 4904 1381 4971 Quoniam
1412 4902 1460 4958 si
1488 4902 1552 4958 in
1591 4899 1877 4957 omnibus
1906 4916 2040 4970 ege-

367 5010 506 5050 mus
557 4994 806 5066 Spiritus
845 4994 1035 5051 sancti
1074 4992 1410 5064 juvamine,
1456 5004 1621 5045 nunc
1677 5003 1921 5060 quoque
1976 4988 2039 5045 in

364 5081 481 5137 hoc
513 5095 687 5135 sacro
715 5080 1021 5136 volumine
1058 5077 1432 5152 permaxime
1459 5075 1803 5146 indigemus
1833 5075 2035 5133 divino
2070 5136 2076 5141 _

365 5168 677 5239 suffragio,
704 5167 850 5240 quia
871 5167 1072 5223 multis
1102 5164 1574 5223 obscuritatibus
1602 5163 1842 5220 abditus
1871 5164 2035 5221 vide-

365 5263 460 5314 tur
486 5258 549 5314 in
578 5256 1004 5327 allegoriarum
1044 5253 1373 5321 sententiis,
1414 5254 1745 5326 praesertim
1789 5253 1852 5310 in
1892 5260 2034 5311 tem-

362 5346 446 5421 pli
490 5345 755 5403 aediﬁciis
812 5350 868 5401 et
915 5343 1348 5417 prophetarum
1402 5342 1718 5414 mysteriis,
1754 5348 1836 5410 ut,
1896 5344 2031 5417 ipso

362 5434 854 5502 adminiculante,
879 5433 984 5507 qui
1005 5430 1170 5488 dedit
1191 5429 1497 5487 Salomoni
1520 5432 1876 5505 sapientiam
1901 5433 2028 5505 plu-

361 5522 603 5592 rimam,
635 5522 951 5579 valeamus
972 5524 1239 5593 coeptum
1268 5535 1422 5593 opus
1452 5520 1688 5594 eXplere
1713 5522 2025 5592 sagaciter.

364 5609 531 5665 Unde
554 5610 682 5680 jam
716 5611 844 5681 ejus
873 5609 1003 5667 freti
1027 5607 1273 5678 auxilio,
1297 5609 1375 5665 ad
1395 5625 1535 5665 eum
1563 5609 2026 5667 describendum

361 5700 673 5755 vertamus
703 5697 1008 5756 articulos.

2152 4464 2367 4520 ardore
2396 4462 2533 4520 ﬁdei
2586 4464 2649 4521 in
2696 4466 2826 4538 ejus
2873 4466 3186 4525 dilectione
3244 4470 3446 4535 caluit,
3478 4477 3544 4528 ut
3572 4481 3845 4544 propter

2149 4551 2307 4607 illius
2337 4568 2608 4609 amorem
2637 4553 2814 4609 variis
2836 4555 3113 4627 periculis
3129 4573 3191 4613 se
3213 4557 3369 4615 ultro
3398 4560 3842 4634 committeret,

2152 4643 2209 4695 et
2237 4639 2316 4695 ad
2345 4638 2624 4696 ultimum
2654 4657 2764 4714 pro
2795 4642 2924 4713 ejus
2955 4645 3199 4701 nomine
3229 4647 3384 4703 mori
3412 4636 3536 4704 non
3564 4664 3841 4711 recusa-

2151 4730 2258 4783 ret.
2292 4729 2371 4782 De
2393 4743 2517 4800 qua
2535 4728 2770 4801 plenius
2794 4729 3064 4786 dicemus
3093 4732 3155 4787 in
3186 4733 3464 4791 subditis.

2226 4833 2248 4866 ι
2280 4813 2544 4871 Adonias
2568 4821 2793 4887 autem,
2824 4816 2982 4873 ﬁlius
3016 4820 3291 4890 Haggith,
3324 4822 3694 4891 elevabatur,
3736 4827 3845 4887 di-

2151 4924 2179 4953 «
2220 4918 2399 4959 cens:
2437 4906 2558 4974 Ego
2582 4904 2873 4975 regnabo,
2907 4928 2936 4956 ››
2965 4911 3024 4963 et
3064 4908 3319 4982 reliqua.
3345 4910 3613 4969 Adonias
3650 4915 3840 4977 enim

2146 4990 2255 5047 iste
2284 4991 2389 5064 qui
2428 4992 2712 5065 superbia
2740 4993 2933 5051 elatus
2973 4996 3158 5067 gratis
3193 5013 3446 5069 regnare
3475 5000 3682 5070 voluit,
3713 5013 3837 5079 qui

2146 5095 2184 5136 a
2211 5079 2529 5137 Salomone
2557 5081 2901 5139 interfectus
2926 5089 3037 5152 est,
3060 5084 3320 5157 ﬁguram
3342 5090 3597 5160 gestavit
3610 5107 3840 5167 super-

2143 5167 2257 5224 hia;
2277 5169 2657 5226 Iudaeorum:
2683 5170 2789 5245 qui
2814 5177 3135 5246 propterea
3163 5176 3331 5249 quod
3360 5194 3618 5250 regnum
3639 5184 3841 5243 terre.

2142 5273 2291 5313 num
2323 5257 2591 5315 obtinere
2617 5260 2807 5316 voluit
2834 5277 2872 5317 a
2895 5261 3237 5335 Salomone,
3256 5265 3528 5324 videlicet
3558 5269 3835 5342 Christo,

2141 5350 2197 5401 et
2226 5361 2482 5416 regnum
2527 5348 2748 5413 amisit,
2780 5353 2838 5405 et
2893 5350 3082 5408 vitam
3128 5353 3408 5426 perdidit.
3442 5358 3522 5412 De
3549 5373 3679 5430 quo
3722 5361 3835 5421 hic

2140 5434 2514 5506 praelibando
2562 5436 2978 5510 praediximus,
3012 5441 3119 5498 sed
3145 5442 3207 5499 in
3240 5444 3633 5517 sequentibus
3661 5449 3833 5509 ube-

2139 5522 2262 5578 rius
2284 5523 2735 5595 indagabimus.

2212 5634 2239 5661 «
2270 5614 2389 5668 Rex
2414 5618 2617 5671 autem
2648 5623 2928 5674 senuerat
2951 5618 3132 5677 nimis
3152 5627 3209 5678 et
3233 5622 3457 5695 Abisag
3480 5628 3830 5689 Sunamitis

2137 5719 2171 5752 α
2191 5700 2574 5761 ministrabat
2615 5703 2688 5761 ei.
2713 5724 2745 5760 ›
2770 5708 3062 5777 Quaeritur
3089 5709 3293 5785 itaque
3318 5712 3469 5787 quid
3497 5715 3561 5773 in
3582 5715 3715 5777 hoc.
3738 5720 3835 5779 ἱα-
3862 5762 3883 5777 η
