3940 6456
59 309 162 377 2'93
1077 325 1331 380 ENARR.
1366 323 1433 378 1N
1465 319 1615 376 [ΑΒΕ

1944 317 1994 372 ll.
2025 345 2094 359 --
2121 315 2193 373 ΙΝ
2221 319 2348 374 LIB.
2381 320 2470 374 lll.
3391 321 3500 374 394

59 450 151 498 cto
181 441 479 514 significet
505 443 672 518 quod
700 443 885 500 David
920 460 1113 501 annos
1143 451 1322 502 natus
1353 443 1730 517 septuaginta
1763 440 1812 493 Α
1843 437 2099 511 pientite.
2148 441 2290 498 Hinc
2344 440 2631 499 Dominus
2677 443 2878 496 noster
2917 436 2979 494 in
3029 436 3343 509 evangelio
3382 439 3466 496 ait

56 531 380 588 bellicosus
409 533 727 605 quondam
759 534 864 599 vir,
895 539 1198 589 senectute
1221 533 1734 604 frigescente,non
1845 551 1873 578 «
1908 531 2111 599 Ignem
2135 531 2374 605 (inquit)
2401 531 2532 587 veni
2564 531 2796 587 mittere
2825 528 2886 584 in
2913 532 3218 598 terram,et
3239 527 3388 601 quid
3411 545 3526 587 vo-

56 625 289 692 poterat
320 621 601 676 calefieri.
638 623 703 677 Et
727 627 1044 694 propterea
1073 622 1361 694 quaeritur
1390 622 1506 678 ista
1535 617 1736 693 puella
1843 634 1903 690 10
1932 619 2046 676 nisi
2076 626 2138 676 ut
2168 621 2418 678 ardeat?
2451 645 2479 672 »
2539 622 2707 693 (Luc.
2739 619 2866 691 xii.)
2926 617 3036 684 Qui
3083 617 3520 691 discipulorum

56 707 357 778 speciosa,
391 725 530 780 qua:
562 724 701 764 cum
728 725 868 778 rege
899 709 1204 777 dormiret,
1225 713 1282 766 et
1312 708 1497 765 senile
1516 723 1736 780 corpus
1846 709 2032 766 corda
2053 711 2446 775 succendens,
2463 710 2719 781 cogebat
2742 709 2958 764 dicere:
2990 730 3016 759 α
3041 711 3246 764 Nonne
3263 723 3368 764 cor
3386 723 3528 765 nos-

57 797 432 866 calefaceret,
467 802 526 854 et
557 798 918 855 ministraret
965 799 1112 870 regi.
1148 799 1204 856 Si
1261 799 1421 855 enim
1466 796 1740 854 occiden-

59 893 177 942 tem
221 888 538 960 sequimur
587 888 864 955 litteram,
897 888 1133 945 videtur
1175 888 1350 962 quasi
1380 888 1739 958 ﬁgmentum

55 992 194 1031 esse
227 977 304 1032 de
337 977 551 1043 mimo,
586 994 657 1034 eo
687 977 852 1050 quod
885 977 1138 1047 frigidus
1171 994 1354 1034 senex
1399 976 1742 1034 obvolvitur

57 1065 334 1120 vestibus
360 1071 417 1120 et
460 1066 575 1121 nisi
616 1066 938 1139 complexu
983 1066 1445 1123 adolescentulis
1489 1081 1614 1122 non
1664 1069 1746 1121 te-

55 1153 270 1226 pescit.
307 1154 562 1209 Vivebat
589 1155 788 1209 adhuc
814 1155 1161 1221 Bethsabee,
1186 1160 1243 1211 et
1272 1159 1581 1228 supererat
1611 1153 1746 1209 Abi-

53 1243 200 1312 gail,
225 1248 281 1298 et
310 1243 560 1316 reliquae
592 1259 804 1299 uxores
837 1249 894 1299 et
925 1245 1303 1316 concubinae,
1331 1260 1468 1317 quae
1491 1260 1528 1300 a
1555 1244 1748 1315 Scrip-

51 1339 191 1387 tura
216 1348 433 1388 omnes
464 1332 644 1405 quasi
670 1333 900 1403 frigidze
928 1333 1359 1406 repudiantur:
1394 1338 1451 1389 et
1472 1333 1532 1388 in
1563 1332 1746 1387 unius

53 1427 299 1476 tantum
331 1420 802 1476 adolescentulze
832 1421 1196 1491 grandaevus
1234 1420 1432 1478 caleﬁt
1462 1420 1747 1494 amplexi-

48 1510 196 1564 bus.
234 1510 544 1565 Abraham
568 1509 759 1565 multo
784 1511 968 1566 David
988 1510 1188 1566 senior
1210 1510 1335 1577 fuit,
1359 1515 1416 1566 et
1441 1514 1644 1566 tamen
1663 1509 1746 1564 vi-

48 1605 234 1654 vente
256 1596 406 1655 Sara
428 1599 612 1655 aliam
637 1614 759 1654 non
777 1598 1051 1670 quaesivit
1072 1615 1340 1655 uxorem.
1372 1603 1537 1656 Isaac
1559 1597 1752 1670 dupli-

51 1707 154 1743 ces
183 1687 376 1744 David
398 1704 594 1744 annos
607 1687 840 1752 habuit,
857 1693 914 1744 et
934 1705 1074 1745 cum
1096 1688 1364 1745 Rebecca
1385 1687 1584 1745 vetula
1599 1703 1755 1743 nun-

49 1793 254 1851 quam
299 1777 550 1834 refrixit.
591 1777 788 1834 Taceo
839 1777 914 1833 de
945 1777 1246 1851 prioribus
1276 1783 1412 1834 ante
1458 1777 1753 1834 diluvium
1785 1799 1825 1854 Β

49 1869 224 1936 viris,
248 1867 356 1942 qui
387 1872 526 1940 post
555 1883 751 1923 annos
788 1868 1176 1940 quingentos,
1206 1884 1329 1925 non
1372 1867 1509 1924 dico
1540 1867 1743 1923 senili-

49 1959 194 2028 bus,
223 1958 337 2014 sed
384 1974 542 2032 pene
596 1958 726 2028 jam
770 1958 1016 2015 cariosis
1064 1958 1336 2024 artubus,
1363 1973 1756 2031 nequaquam

49 2048 372 2122 puellares
402 2047 737 2121 qutesivere
767 2047 1140 2121 complexus.
1169 2049 1334 2104 Certe
1363 2051 1591 2120 Moyses
1629 2046 1756 2104 dux

49 2136 374 2194 lsraelitici
400 2136 613 2210 populi
635 2142 877 2193 centum
908 2137 1117 2208 viginti
1148 2153 1342 2193 annos
1385 2136 1673 2205 habebat,
1700 2141 1759 2193 et

49 2227 407 2300 Sephoram
441 2242 566 2282 non
613 2227 883 2283 mutavit.
913 2229 1058 2293 Qute
1087 2231 1175 2283 est
1203 2226 1384 2299 igitur
1425 2225 1540 2283 ista
1564 2229 1755 2283 Suna-

48 2317 223 2372 mitis
259 2332 424 2372 uxor
453 2322 511 2371 et
533 2315 726 2386 virgo,
759 2321 882 2372 tam
930 2315 1164 2373 fervens
1197 2320 1260 2372 ut
1286 2314 1574 2387 frigidum
1603 2314 1758 2372 cale-

47 2407 306 2472 faceret,
341 2409 401 2460 et
435 2409 558 2460 tam
610 2410 820 2461 sancta
864 2410 928 2461 ut
969 2404 1265 2462 calentem
1309 2405 1388 2461 ad
1442 2404 1754 2462 libidinem

50 2511 182 2551 non
238 2499 629 2568 provocaret,
676 2493 790 2550 nisi
839 2494 1131 2567 sapientia
1172 2498 1261 2562 (ut
1295 2494 1510 2550 beatus
1557 2495 1756 2551 Hiero-

48 2600 289 2656 nymus
346 2583 452 2648 ait)
506 2598 646 2656 quae
698 2583 759 2638 in
808 2583 1053 2639 senibus
1111 2583 1334 2642 fervere
1393 2582 1565 2650 solet,
1591 2583 1751 2653 licet,

49 2675 217 2730 sicut
271 2672 561 2746 superius
605 2672 932 2741 innuimus,
972 2677 1194 2728 sanctae
1239 2672 1512 2730 Ecclesiae
1554 2672 1756 2730 linias-

47 2769 138 2820 set
165 2778 512 2836 personam
530 2761 558 2816 ?
583 2763 746 2818 Hanc
773 2765 1040 2835 exponat
1067 2761 1554 2834 sapientissimus
1585 2763 1753 2819 Salo-
1802 2789 1808 2794 ι

46 2870 240 2910 mon:
306 2852 500 2924 patris
555 2851 647 2907 sui
705 2851 949 2908 delicias
996 2858 1053 2908 et
1108 2853 1395 2925 paciﬁcos
1448 2852 1754 2909 bellatoris

45 2945 162 3000 viri
199 2947 419 2999 narret
444 2943 787 3014 amplexus,
835 2965 862 2992 «
893 2942 1144 2998 Posside
1191 2943 1573 3015 sapientiam,
1615 2960 1755 3016 pos-

45 3035 181 3090 side
248 3031 760 3102 intelligentiam;
815 3048 890 3088 ne
946 3031 1321 3088 obliviscaris
1370 3048 1528 3104 eam,
1575 3037 1632 3089 et
1677 3048 1752 3088 ne

43 3121 469 3214 declinaveris
499 3121 578 3177 ab
606 3121 756 3214 ipsa.
790 3125 870 3178 Ne
887 3121 1274 3214 derelinquas
1292 3127 1514 3214 eam,et
1541 3137 1753 3214 appre-
1791 3157 1832 3214 ο

42 3212 290 3270 hendet
345 3216 443 3279 te;
481 3227 623 3267 ama
668 3209 856 3280 illam,
879 3216 936 3267 et
980 3210 1244 3267 servabit
1287 3215 1361 3268 te.
1389 3211 1751 3284 Principium

47 3301 405 3376 sapientiae,
438 3299 685 3373 posside
712 3299 1075 3373 sapientiam
1101 3319 1114 3370 ;
1144 3303 1202 3356 et
1228 3299 1292 3356 in
1318 3300 1484 3356 omni
1512 3317 1750 3374 posses-

45 3394 230 3448 sione
277 3395 412 3460 tua,
461 3389 707 3462 acquire
754 3388 1209 3460 intelligentiam
1250 3390 1451 3462 (Prov.
1479 3391 1577 3461 1v),
1614 3412 1642 3439 »
1695 3395 1754 3445 et

44 3482 321 3554 reliqua.
359 3483 478 3534 ista
507 3477 755 3550 quidem
788 3478 1105 3552 sapientia,
1132 3477 1270 3535 licet
1295 3477 1752 3548 frigescentibus

45 3567 386 3640 membris,
413 3573 615 3624 tamen
646 3569 806 3624 senis
827 3567 1077 3624 ferventi
1103 3567 1417 3624 dilectione
1439 3572 1752 3624 etsummo

46 3660 269 3718 studio
305 3657 621 3714 charitatis
661 3657 1060 3730 amplectitur,
1092 3662 1148 3713 et
1195 3655 1532 3730 spirituales
1572 3657 1752 3712 etiam

45 3750 320 3808 delicias
354 3746 758 3803 administrat.
803 3749 1024 3803 Omnes
1052 3761 1207 3820 pene
1245 3745 1487 3803 virtutes
1544 3762 1757 3819 corpo-

43 3844 128 3898 ris
197 3841 528 3896 mutantur
577 3837 640 3892 in
696 3836 944 3892 senibus
1005 3841 1062 3892 et
1117 3840 1422 3893 crescente
1480 3835 1606 3893 sola
1662 3852 1757 3893 sa-

41 3929 317 4005 pientia,
349 3927 708 3983 decrescunt
738 3930 971 3995 caetera,
999 3925 1251 3997 jejunia,
1284 3925 1659 3982 chameuniae
1699 3930 1757 3982 et

42 4020 498 4088 eleemosynaa,
517 4015 638 4071 huc
660 4013 922 4088 illucque
945 4013 1278 4086 discursus,
1295 4013 1754 4087 peregrinorum

42 4105 395 4180 susceptio,
415 4103 685 4160 defensio
714 4119 1077 4178 pauperum,
1095 4103 1382 4160 instantia
1412 4103 1755 4160 orationum

36 4204 97 4255 et
131 4193 629 4271 perseverantia,
662 4193 922 4249 visitatio
953 4192 1394 4263 languentium,
1425 4191 1600 4248 labor
1631 4207 1757 4249 ma-

42 4302 260 4344 nuum
293 4282 465 4340 unde
527 4281 913 4356 prtebeantur
943 4281 1367 4354 eleemosynae.
1400 4284 1469 4338 Et
1514 4296 1590 4337 ne
1642 4297 1759 4340 ser.

48 4390 330 4434 monem
363 4371 604 4444 longius
662 4372 922 4443 traham,
953 4377 1171 4428 cuncta
1211 4387 1350 4444 quae
1387 4387 1497 4444 per
1538 4386 1758 4444 corpus

39 4465 431 4524 exercentur
451 4461 633 4528 facta,
660 4477 913 4534 corpore
941 4460 1111 4516 senili
1137 4461 1375 4517 minora
1404 4459 1595 4528 ﬁunt;
1629 4459 1761 4517 sola

42 4551 378 4630 sapientia
412 4566 538 4608 non
570 4549 708 4607 dico
733 4550 796 4606 in
815 4550 1163 4622 juvenibus,
1191 4548 1296 4606 sed
1347 4549 1528 4606 etiam
1570 4549 1633 4605 in
1671 4565 1760 4606 se-

40 4645 251 4702 nibus
315 4638 450 4714 (qui
476 4639 541 4695 in
596 4638 727 4710 lege
782 4638 1020 4696 Domini
1075 4637 1349 4695 meditati
1393 4643 1534 4694 sunt
1561 4637 1658 4694 die
1687 4653 1760 4696 ac

39 4733 268 4801 nocte)
301 4732 662 4802 permanet;
712 4733 772 4784 et
817 4727 1216 4784 dulcessimos
1262 4726 1492 4784 fructus
1537 4727 1763 4785 studio-

39 4839 199 4882 rum
233 4818 432 4876 metit.
455 4817 622 4874 Unde
647 4817 865 4874 Abisac
895 4816 1106 4874 merito
1127 4816 1549 4890 interpretatur
1563 4819 1760 4888 patris

37 4914 176 4970 mei
204 4907 535 4982 gaudium,
560 4906 656 4962 vel
679 4908 880 4977 patris
899 4907 1018 4964 mei
1045 4907 1304 4978 rugitus.
1333 4905 1508 4972 Quod
1532 4907 1596 4962 in
1610 4923 1761 4980 prae-

44 5001 220 5061 senti
243 5000 387 5056 loco
417 4997 699 5054 virtutem
728 5002 926 5064 sonat,
957 4995 1127 5069 quod
1143 4995 1404 5065 amplior
1426 4995 1486 5052 in
1514 4996 1762 5053 senibus

42 5099 108 5151 et
157 5086 536 5147 redundans
580 5090 694 5158 est,
744 5101 815 5142 ac
856 5084 1028 5157 larga
1076 5083 1390 5157 sapientia.
1422 5087 1490 5141 Et
1517 5083 1583 5141 ﬁt
1609 5085 1763 5142 bene

40 5181 335 5254 rugitus,
390 5175 563 5249 quod
609 5174 795 5231 maris
841 5173 1062 5230 ﬂuctus
1119 5177 1380 5240 resonat,
1434 5177 1492 5230 et
1542 5173 1632 5244 (ut
1680 5174 1766 5230 ita

43 5270 298 5340 dicam)
326 5266 405 5323 de
435 5265 658 5340 pelago
682 5265 930 5321 veniens
950 5263 1224 5320 fremitus
1251 5261 1513 5330 auditur,
1535 5277 1610 5318 ex
1638 5278 1764 5336 quo

39 5359 410 5422 ostenditur
479 5353 1116 5413 abundantisssimum
1142 5357 1201 5410 et
1227 5352 1384 5410 ultra
1429 5352 1767 5409 humanam

43 5465 286 5509 vocem
315 5445 380 5502 in
406 5445 662 5502 senibus
692 5443 882 5500 divini
914 5442 1216 5500 sermonis
1245 5441 1580 5498 tonitruum
1605 5457 1769 5498 com-

47 5538 319 5599 morari.
357 5535 626 5593 Sumatis
659 5549 801 5592 vero
827 5535 1105 5591 coccinea
1126 5533 1190 5589 in
1209 5531 1421 5604 lingua
1440 5533 1647 5588 nostra
1673 5547 1768 5589 so-

48 5635 188 5688 nat.
225 5631 298 5686 Ut
325 5625 630 5699 signiticet
662 5621 882 5680 callere
908 5619 1292 5696 sapientiam,
1323 5618 1657 5692 divinaque
1685 5618 1766 5675 le-

51 5721 264 5777 ctione
287 5717 544 5774 fervere.
580 5711 759 5780 Quod
805 5711 942 5768 licet
981 5709 1221 5768 Domini
1277 5706 1590 5779 sanguinis
1621 5708 1770 5764 indi-

53 5817 156 5870 ωι
189 5810 680 5874 sacramentum,
709 5808 915 5860 tamen
941 5805 1001 5860 et
1028 5799 1327 5859 fervorem
1369 5797 1633 5856 ostendit
1677 5815 1769 5857 sa-

357 5898 626 5954 PAnOL.
667 5905 778 5947 cxv

1847 792 2007 854 trum
2038 801 2256 856 ardens
2286 805 2412 857 erat
2441 801 2500 856 in
2541 801 2716 856 nobis
2746 798 2895 855 dum
2926 798 3269 871 loqueretur
3312 800 3372 854 in
3401 797 3523 868 via,

1849 894 1906 944 et
1936 890 2190 962 aperiret
2220 890 2396 947 nobis
2438 891 2772 963 Scripturas
2795 889 2823 944 ‘I
2854 912 2880 939 »
2938 889 3104 960 (Luc.
3137 892 3323 953 xxnv.)
3358 891 3523 947 Hanc

1851 979 2149 1051 siquidem
2182 980 2447 1052 puellam
2478 979 2758 1052 amplecti
2801 995 2872 1035 ac
2911 977 3157 1049 diligere
3201 977 3523 1047 debemus,

1853 1085 1988 1140 quae
2008 1069 2377 1142 sapientiam
2408 1069 2704 1138 signiﬁcat
2732 1084 2946 1125 senum
2976 1067 3332 1140 ampliorem
3359 1085 3372 1137 ;
3400 1082 3526 1124 non

1855 1157 2112 1231 pueriles
2165 1158 2654 1224 declamationes,
2715 1164 2772 1214 et
2823 1157 3186 1231 sapientium
3243 1157 3526 1214 flosculos

1855 1248 2326 1310 dialecticorum,
2371 1265 2440 1304 ac
2496 1248 2816 1304 verborum
2861 1246 3181 1309 lenocinia,
3215 1251 3272 1302 et
3308 1253 3529 1303 caetera

1856 1337 2210 1408 hujusmodi
2231 1355 2301 1393 ex
2328 1339 2598 1394 humana
2630 1336 2922 1410 sapientia
2943 1335 3367 1409 ﬁgmentisque
3389 1350 3528 1409 poe-

1860 1431 2058 1483 tarum
2083 1445 2095 1483 :
2131 1444 2328 1500 neque
2357 1444 2536 1484 curas
2568 1427 2734 1482 istius
2767 1425 2989 1493 saeculi,
3011 1429 3117 1481 aut
3137 1424 3398 1481 honores
3423 1425 3533 1480 hu-

1853 1517 1953 1588 jus
1976 1517 2188 1573 mundi
2213 1535 2227 1586 ;
2262 1518 2368 1573 sed
2395 1517 2689 1590 sapientia
2711 1520 3005 1589 tanquam
3017 1513 3236 1570 Abisac
3265 1530 3405 1570 cum
3429 1516 3530 1571 Da-

1861 1606 1982 1673 vid,
2014 1623 2151 1680 quae
2181 1623 2499 1680 nunquam
2541 1605 2814 1674 senescit,
2846 1605 2908 1659 in
2953 1607 3161 1660 nostro
3197 1601 3536 1676 requiescat

1863 1696 2018 1751 sinu.
2054 1696 2370 1769 impolluta
2409 1697 2567 1752 enim
2595 1701 2682 1752 est
2728 1694 3084 1766 virginitatis
3125 1696 3452 1767 perpetuae,
3478 1697 3537 1750 et

1863 1786 1923 1841 in
1956 1786 2407 1843 similitudinem
2426 1786 2639 1855 Mariae,
2659 1802 2797 1841 cum
2823 1783 3090 1858 quotidie
3114 1786 3357 1854 generet
3380 1799 3538 1840 sem-

1864 1891 2092 1948 perque
2148 1875 2461 1948 parturiat,
2507 1875 2853 1947 incorrupta
2903 1877 3010 1929 est.
3058 1871 3116 1929 Si
3173 1872 3336 1928 enim
3393 1874 3536 1929 Cato

1866 1965 2120 2020 Romani
2151 1965 2385 2034 generis
2415 1964 2864 2033 disertissimus,
2909 1963 2998 2034 (ut
3025 1961 3276 2034 quidam
3327 1961 3535 2017 docto-

1863 2069 2000 2109 rum
2024 2053 2284 2126 protulit)
2317 2053 2696 2109 centenarius
2724 2053 2853 2123 jam
2885 2055 2941 2107 et
2971 2065 3161 2106 sunex
3191 2051 3422 2106 Graecas
3446 2047 3539 2106 iitr-

1864 2147 2022 2198 teras
2053 2159 2163 2198 nec
2194 2141 2633 2209 erubuerit,nec
2664 2141 2891 2196 discere
2918 2137 3329 2211 desperaverit
3361 2155 3374 2194 :
3399 2142 3455 2194 et
3484 2137 3535 2194 si

1865 2235 2020 2288 certe
2077 2233 2163 2302 (ut
2192 2232 2379 2303 aiunt)
2409 2235 2699 2287 Homerus
2740 2229 2918 2285 refert
2971 2226 3139 2302 quod
3192 2227 3268 2283 de
3324 2226 3538 2297 lingua

1866 2319 2146 2390 Nestoris,
2169 2319 2300 2391 jam
2351 2319 2533 2376 vetuli
2580 2324 2635 2375 et
2688 2334 2841 2391 pene
2893 2316 3197 2390 decrepiti,
3244 2339 3272 2365 «
3303 2315 3540 2374 dulcior

1868 2409 2043 2466 melle
2125 2409 2316 2466 oratio
2396 2410 2674 2465 fluxerit:
2726 2432 2754 2458 ››
2839 2412 2897 2464 et
2953 2407 3196 2480 sapiens
3255 2405 3530 2480 quidam,

1869 2499 2127 2569 Graeciae,
2160 2515 2299 2555 cum
2329 2499 2642 2571 completis
2702 2502 2942 2553 centum
2983 2500 3040 2552 et
3087 2501 3317 2569 septem
3357 2494 3535 2552 annis

1869 2603 1931 2644 se
1962 2592 2229 2644 cerneret
2253 2586 2426 2655 mori,
2455 2586 2675 2642 dixisse
2705 2585 2908 2653 fertur,
2955 2583 3157 2640 dolere
3196 2583 3364 2657 quod
3392 2587 3536 2640 tunc

1866 2676 2246 2747 egrederetur
2299 2693 2330 2732 e
2377 2676 2500 2732 vita
2585 2675 2836 2749 quando
2922 2689 3134 2747 sapere
3210 2672 3532 2745 crepisset;

1866 2765 2032 2822 Plato
2081 2766 2263 2822 etiam
2306 2770 2678 2836 octogesimo
2723 2781 2908 2834 anno,
2943 2763 3214 2818 scribens
3261 2766 3537 2819 mortuus

1865 2861 1954 2911 est
1984 2874 1996 2924 ;
2034 2858 2306 2912 Socrates
2330 2855 2708 2928 septuaginta
2743 2859 2800 2911 et
2828 2869 3051 2910 novem
3090 2867 3284 2908 annos
3321 2850 3384 2907 in
3433 2851 3540 2907 do-

1866 2943 2040 3000 cendi
2061 2944 2484 3017 scribendique
2515 2943 2721 3002 labore
2748 2941 3090 3016 complevit,
3119 2939 3371 3015 quando
3412 2957 3541 2996 ma-

1865 3034 1956 3103 gis
1991 3033 2326 3090 calescente
2357 3033 2626 3105 corporis
2656 3033 2904 3103 juvente
2942 3031 3095 3086 inter
3134 3028 3292 3085 bella
3322 3044 3538 3102 corpo-

1861 3123 1964 3191 ris,
1992 3127 2049 3179 et
2073 3122 2224 3177 inter
2249 3122 2550 3177 incentiva
2580 3121 2863 3176 vitiorum
2885 3117 3244 3192 sapientiam
3275 3117 3540 3173 ediscere

1861 3211 2323 3274 debemus,ntin
2351 3213 2651 3266 senectute
2674 3207 2856 3265 etiam
2880 3205 3335 3276 frigescentibus
3352 3220 3540 3279 mem-

1860 3299 2008 3368 bris,
2042 3299 2105 3355 in
2144 3299 2280 3354 sinu
2311 3298 2530 3354 mentis
2579 3302 2801 3354 nostrae
2850 3295 3189 3370 requiescat
3237 3298 3295 3352 et
3345 3294 3542 3366 foveat

1860 3388 2241 3462 dormiatque
2271 3387 2614 3454 nobiscum,
2647 3387 2771 3443 imo
2801 3386 3007 3442 cibum
3037 3383 3319 3458 spiritalis
3368 3383 3542 3442 intel-

1858 3477 2116 3549 ligentiac
2173 3477 2350 3534 nobis
2400 3477 2713 3533 ministret.
2765 3479 2962 3532 Potest
3016 3472 3303 3531 nimirum
3354 3475 3539 3532 etiam

1863 3574 1976 3640 ista
2005 3567 2220 3624 mulier
2258 3567 2738 3640 contemplativa;
2782 3567 2920 3624 vitae
2974 3570 3205 3637 gestare
3257 3565 3538 3635 ﬁguram,

1865 3673 2051 3732 quam
2110 3673 2323 3714 omnes
2373 3656 2619 3731 perfecti
2689 3655 3022 3713 incredibili
3096 3671 3303 3712 amore
3380 3670 3542 3712 com-

1863 3747 2210 3820 plectentes,
2243 3746 2304 3802 in
2331 3746 2464 3817 ejus
2498 3745 2817 3802 dilectione
2843 3746 3286 3802 ﬂammescunt.
3322 3765 3351 3794 ‹‹
3383 3743 3540 3800 Ado-

1861 3834 1994 3891 nias
2023 3839 2227 3891 autem
2251 3833 2410 3890 ﬁlius
2465 3834 2675 3904 Hagith
2725 3834 3084 3898 elevebatur,
3118 3831 3362 3887 dicens:
3416 3833 3540 3901 Ego

1861 3923 2152 3996 regnabo.
2185 3924 2462 3998 Fecitque
2494 3923 2606 3979 sibi
2633 3939 2877 3980 currum
2905 3929 2964 3981 et
3000 3923 3230 3995 equites
3282 3927 3340 3978 et
3367 3921 3542 3996 quin-

1860 4013 2154 4087 quaginta
2176 4012 2338 4068 viros
2363 4013 2471 4085 qui
2498 4017 2636 4068 ante
2666 4027 2806 4066 eum
2852 4016 3175 4066 currerent.
3205 4013 3321 4065 Nec
3360 4008 3541 4064 corri-

1861 4101 1992 4176 puit
2019 4117 2160 4158 eum
2182 4105 2352 4174 pater
2375 4117 2521 4156 suus
2551 4098 2902 4173 aliquando,
2927 4099 3133 4156 dicens
3158 4116 3170 4155 :
3207 4101 3404 4166 Quare
3424 4099 3540 4154 hoc

1865 4190 2098 4247 fecisti?
2127 4211 2156 4240 »
2197 4193 2254 4246 et
2295 4189 2544 4263 reliqua.
2589 4189 2762 4255 Quod
2801 4195 3004 4246 autem
3060 4189 3326 4246 Adonias
3382 4188 3541 4245 ﬁlius

1866 4278 2049 4336 David
2081 4279 2276 4349 major
2299 4279 2361 4334 in
2383 4293 2640 4349 regnum
2661 4294 2771 4350 pro
2796 4284 2968 4352 patre
2992 4279 3312 4338 succedere
3333 4277 3538 4350 voluit,

1863 4385 1972 4443 per
1995 4367 2217 4425 fastum
2245 4367 2563 4440 superbiae,
2587 4383 2711 4424 non
2741 4385 2849 4441 per
2875 4370 3154 4427 virtutem
3183 4367 3536 4443 disciplinae,

1864 4457 2014 4532 quid
2039 4457 2381 4528 signiﬁcat?
2420 4457 2535 4514 nisi
2581 4458 2749 4531 quod
2785 4459 3070 4516 Iudaicus
3118 4459 3402 4534 populus,
3435 4474 3550 4534 qui

1867 4547 2043 4620 quasi
2071 4547 2269 4619 major
2306 4553 2454 4604 natu
2505 4547 2664 4603 ﬁlius
2713 4547 2948 4605 videtur
2998 4566 3148 4612 esse,
3183 4566 3326 4606 cum
3374 4549 3541 4622 prior

1864 4636 2063 4709 legem
2083 4637 2361 4711 suscepit,
2378 4637 2660 4708 gentilem
2688 4639 2988 4712 populum
3018 4639 3120 4712 qui
3150 4655 3257 4711 per
3285 4638 3539 4710 gratiam

1869 4727 1971 4784 Dei
1995 4727 2291 4800 posterior
2327 4732 2576 4782 vocatus
2604 4732 2694 4783 est
2716 4743 3028 4800 spernens,
3057 4727 3256 4783 solum
3291 4743 3354 4782 se
3399 4743 3541 4783 cum

1871 4817 2127 4875 Domino
2153 4815 2495 4872 aestimabat
2521 4821 2936 4886 regnaturum.
2964 4816 3131 4872 Unde
3161 4820 3219 4872 et
3245 4815 3400 4871 bene
3428 4830 3540 4872 no-

1869 4921 2011 4963 men
2041 4905 2311 4969 Adoniae,
2343 4905 2448 4978 qui
2477 4906 2822 4962 dominator
2867 4907 3144 4962 dominus
3187 4905 3542 4978 interpreta-

1874 5001 1988 5068 tur,
2019 5000 2234 5069 typum
2265 4995 2574 5069 expressit,
2605 4995 2710 5068 qui
2741 4995 2940 5052 solum
2971 5011 3034 5052 se
3064 4994 3380 5052 dominare
3401 5012 3544 5053 cum

1871 5083 2123 5140 domino
2176 5083 2500 5140 arbitratus
2552 5088 2642 5139 est
2693 5101 2707 5151 ;
2779 5082 2888 5140 sed
2943 5083 3222 5140 Ecclesiae
3279 5084 3545 5160 populus

1873 5189 2012 5230 cum
2033 5188 2172 5228 vero
2203 5172 2544 5237 Salomone,
2573 5172 2636 5229 id
2665 5176 2758 5230 est
2798 5173 3055 5246 paciﬁco
3105 5179 3338 5243 nostro,
3370 5175 3544 5247 cujus

1871 5262 2001 5336 ipse
2031 5268 2252 5334 Corpus
2279 5265 2385 5329 est,
2418 5276 2526 5334 per
2560 5261 2832 5319 divinam
2879 5261 3324 5322 ordinationem
3352 5263 3415 5320 in
3459 5278 3548 5320 re-

1873 5367 2066 5424 gnum
2095 5349 2490 5407 substituitur.
2526 5352 2606 5408 De
2633 5365 2758 5425 quo
2789 5351 3003 5409 merito
3055 5350 3322 5426 perﬁdia.-
3350 5351 3550 5424 major

1875 5439 2054 5508 filius,
2085 5438 2149 5496 id
2201 5445 2289 5496 est
2344 5439 2508 5513 prior
2536 5440 2802 5515 populus
2833 5441 3241 5515 pracipitatus
3300 5445 3408 5498 est.
3443 5441 3549 5498 Hic

1875 5545 2019 5601 ergo
2049 5528 2338 5597 Adonias,
2372 5528 2697 5586 Bethsabee
2725 5529 3173 5599 interveniente,
3204 5545 3343 5603 quae
3371 5529 3551 5588 inter-

1875 5622 2144 5693 pretatur
2193 5618 2327 5688 ﬁlia
2370 5618 2733 5690 saturitatis,
2765 5617 2986 5676 Abisac
3026 5619 3378 5677 Sunamiten
3427 5635 3555 5678 coro

1876 5723 2158 5780 rumpere
2173 5706 2404 5778 gestivit
2424 5723 2438 5762 :
2465 5707 2611 5779 quia
2629 5710 2656 5764 J
2664 5707 2914 5765 udaicus
2934 5706 3200 5782 populus
3219 5724 3329 5784 per
3347 5709 3557 5768 obser-

1879 5796 2148 5855 vantiam
2161 5795 2662 5856 caaremoniarum
2683 5795 3016 5872 legis,quia
3035 5801 3206 5857 satus
3223 5799 3559 5873 etplenissi-

3207 5891 3270 5943 13
