3940 6434
418 292 523 346 395

1534 287 1892 344 ANGELOMI
1921 284 2382 348 LUXOVIENSIS
2421 289 2737 348 MONACHI

3747 295 3852 352 396

413 427 553 468 mus
584 413 729 479 erat,
751 425 959 467 veram
991 410 1346 482 sapientiam
1378 410 1659 484 spiritalis
1691 427 2081 484 sensus,quae
2109 427 2157 482 Α
2191 411 2424 468 rissime
2447 413 2743 484 congruit,
2765 429 2872 486 per
2902 429 3085 486 quem
3115 413 3520 485 Mediatorem,
3553 432 3628 472 ex
3660 415 3854 472 inimi-

413 499 605 558 David
630 504 838 579 nostro
877 500 1199 570 conjuncta
1238 505 1348 568 est,
1383 505 1654 573 stuprare
1696 501 1928 569 volens,
1959 515 2082 556 non

410 592 632 649 meruit
675 589 806 661 ejus
864 589 1455 660 consortium,cujus
1511 591 1738 647 violare
1795 590 2084 664 appetivit

406 679 866 738 immaculatum
894 679 1202 736 thronum.
1235 680 1404 747 Quod
1455 686 1656 737 autem
1680 681 1870 736 David
1917 679 2082 736 Salo-

406 769 574 828 moni
594 769 715 824 ﬁlio
735 785 846 824 suo
873 767 1155 841 praecepit
1170 769 1245 825 de
1265 769 1430 840 justa
1449 770 1840 826 retributione
1863 785 2074 826 eorum

407 861 512 934 qui
541 859 652 916 sibi
683 859 894 915 solatio
922 857 1184 926 fuerunt,
1207 858 1299 914 vel
1323 859 1541 931 injuste
1563 864 1918 929 nocuerunt,
1941 847 2080 914 licet

399 949 528 1022 ipse
557 947 986 1021 patientissime
1018 965 1122 1004 eos
1142 963 1404 1017 regnans
1431 949 1705 1006 toleraret
1731 971 1743 1005 :
1774 948 1920 1022 quid
1953 963 2075 1003 me-

399 1035 515 1096 lius
563 1037 900 1110 signiﬁcare
957 1041 1170 1112 potast,
1207 1055 1395 1110 quam
1430 1038 1695 1095 futuram
1742 1036 2076 1094 retributio-

399 1145 542 1186 nem
567 1127 776 1200 judicii
797 1127 1054 1189 venturi.
1082 1128 1142 1184 in
1169 1145 1291 1200 qua
1319 1128 1489 1200 impii
1509 1145 1619 1200 pro
1642 1128 1916 1184 mercede
1941 1143 2068 1199 pue-

393 1234 541 1276 nam
570 1223 948 1292 perpetuam,
977 1217 1123 1288 justi
1167 1221 1371 1272 autem
1415 1222 1702 1273 aeternam
1749 1215 2068 1274 beatitudi-

393 1324 537 1365 nem
564 1307 895 1381 percipient
921 1308 948 1362 ?
980 1308 1044 1364 In
1074 1307 1356 1379 prmsenti
1381 1323 1626 1379 quoque
1649 1312 1937 1380 tempore,
1960 1323 2069 1379 pa-

393 1396 602 1453 tientia
631 1397 732 1452 Dei
763 1412 923 1468 saepe
952 1395 1146 1451 bonos
1186 1395 1455 1451 tribulari
1500 1401 1680 1468 atque
1731 1395 2066 1465 augustiari

393 1485 698 1558 permittit,
730 1489 788 1541 et
815 1485 1148 1542 econtrario
1179 1486 1468 1558 reprobos
1500 1485 1725 1542 deliciis
1757 1491 2062 1558 tempora-

392 1573 552 1632 libus
580 1578 638 1631 et
679 1574 1073 1646 prosperitate
1123 1578 1352 1630 terrena
1389 1576 1474 1631 uti
1505 1575 1795 1632 concedit.
1834 1574 2062 1640 Quibus

394 1667 599 1722 tamen
627 1663 916 1737 utrisque,
945 1680 1054 1736 per
1077 1663 1348 1735 judicem
1378 1665 1658 1720 vivorum
1703 1669 1758 1720 et
1789 1668 2060 1720 mortuo-

397 1772 536 1812 rum
564 1755 816 1828 praemia
846 1760 1006 1810 certa
1025 1755 1085 1810 in
1117 1753 1321 1810 futuro
1351 1757 1640 1822 restituet,
1689 1754 1940 1828 quando
1967 1753 2063 1810 his
2093 1779 2134 1832 Β

395 1844 501 1918 qui
529 1844 608 1901 ad
629 1845 939 1901 dexteram
967 1844 1100 1915 ejus
1123 1849 1280 1910 sunt,
1313 1845 1581 1900 dicturus
1607 1845 1717 1900 erit
1745 1862 1758 1898 :
1793 1845 2060 1911 «Venite,

393 1932 690 1990 benedicti
713 1933 898 1989 Patris
930 1933 1069 2001 mei,
1100 1933 1384 2006 percipite
1416 1950 1671 2003 regnum
1701 1933 1868 2006 quod
1894 1932 2064 1988 vobis

391 2025 674 2095 paratum
703 2025 796 2076 est
825 2020 903 2078 ab
931 2021 1160 2090 origine
1193 2022 1402 2076 mundi
1439 2023 1674 2092 (Matth.
1711 2021 1864 2092 xxv).
1889 2043 1915 2071 »
1949 2020 2062 2076 Illis

395 2113 597 2166 autem
617 2109 722 2182 qui
743 2108 823 2165 ad
853 2109 1156 2165 sinistram
1188 2109 1318 2180 ejus
1350 2113 1544 2179 erunt,
1575 2109 1732 2165 dicet
1764 2127 1776 2164 :
1804 2132 1832 2160 ››
1863 2108 2062 2165 Disce-

392 2197 512 2255 dite
535 2213 572 2254 a
598 2214 715 2266 me,
740 2198 1058 2267 maledicti,
1091 2199 1155 2254 in
1184 2198 1382 2264 ignem
1414 2203 1728 2268 aeternum,
1756 2198 1859 2271 qui
1885 2214 2063 2271 para-

392 2291 488 2346 tus
525 2292 615 2344 est
639 2287 886 2344 diabolo
930 2292 986 2344 et
1013 2288 1240 2358 angelis
1268 2289 1397 2358 ejus
1422 2307 1434 2344 :
1469 2293 1523 2344 et
1552 2289 1726 2344 ibunt
1745 2289 1806 2344 hi
1835 2288 1898 2344 in
1925 2305 2064 2362 sup-

390 2377 639 2451 plicium
661 2383 975 2445 aeternum,
1005 2379 1150 2450 justi
1181 2384 1383 2434 autem
1436 2380 1497 2434 in
1549 2379 1736 2434 vitam
1769 2383 2060 2434 aeternam

346 2536 355 2546 ,
391 2467 660 2540 (1011).»

465 2579 495 2606 ‹‹
527 2556 836 2614 lnclinavit
870 2573 931 2612 se
959 2557 1310 2626 Bethsabee,
1353 2561 1409 2614 et
1466 2557 1740 2612 adoravit
1769 2573 1994 2623 regem.
2027 2579 2057 2608 υ

394 2647 469 2700 At
479 2661 622 2700 vero
639 2644 997 2710 Bethsabee,
1027 2661 1162 2717 quae
1180 2645 1238 2700 in
1265 2645 1536 2700 Latinum
1561 2645 1911 2700 transfertur
1924 2647 2059 2714 ﬁlia

392 2737 744 2806 iuramenta,
771 2735 1035 2806 antiquae
1066 2734 1330 2790 ecclesiae
1359 2751 1494 2806 quae
1528 2740 1583 2791 et
1628 2735 1846 2790 sanctis
1874 2735 2058 2808 patri-

393 2823 511 2879 bus
534 2823 647 2879 sub
677 2823 808 2893 lege
831 2823 1162 2880 constitutae
1185 2823 1397 2892 fuerat,
1455 2825 1780 2894 imaginem
1840 2826 1952 2880 hoc
1994 2826 2057 2882 in

391 2911 528 2969 loco
555 2913 832 2986 praetulit,
891 2913 965 2968 de
1003 2913 1176 2984 cujus
1207 2913 1385 2985 stirpe
1413 2931 1585 2968 Verus
1632 2913 1936 2982 Salomon,
1994 2913 2055 2970 id

394 3005 500 3057 est.
532 3001 820 3074 paciﬁcus
847 3005 1066 3072 noster,
1095 3001 1265 3057 nasci
1294 3003 1625 3074 promissus
1649 3006 1756 3058 est.

463 3113 496 3142 κ
522 3094 590 3147 Et
612 3095 764 3148 nunt
794 3096 1044 3147 averunt
1071 3091 1196 3160 regi
1247 3091 1542 3146 dicentes:
1607 3092 1786 3146 Adest
1816 3092 2053 3148 Nathan

391 3206 420 3232 u
453 3181 776 3261 propheta.
813 3202 841 3231 υ
870 3181 1124 3249 Nathan,
1173 3181 1278 3253 qui
1329 3181 1750 3253 interpretatur
1801 3182 2053 3251 donum,

389 3268 651 3339 ﬁguram
694 3269 910 3326 veteris
966 3269 1299 3343 prophetiae
1345 3275 1613 3338 gestasse
1668 3271 2054 3326 manifestum

395 3361 504 3413 est.

461 3467 495 3496 α
527 3444 798 3518 Dixitque
825 3462 929 3502 rex
959 3445 1184 3502 David:
1211 3445 1432 3502 Vocate
1459 3448 1604 3502 mihi
1627 3446 1818 3502 Sadoc
1863 3462 2056 3503 sacer-

393 3555 424 3585 ‹‹
461 3534 688 3592 dotem.
725 3555 753 3584 ι
788 3534 980 3592 Sadoc
1008 3535 1428 3606 interpretatur
1448 3529 1673 3605 justus,
1703 3535 1964 3606 ﬁguram
1991 3534 2054 3592 in

394 3639 458 3680 se
485 3639 701 3694 gerens
727 3621 963 3679 Domini
1009 3627 1068 3678 et
1097 3622 1419 3678 Salvatoris
1448 3623 1658 3691 nostri,
1687 3625 1790 3696 qui
1821 3628 1913 3679 est
1956 3639 2054 3679 ve-

393 3736 422 3764 ‹‹
460 3729 564 3771 rus
612 3712 897 3771 sacerdos
942 3713 1003 3769 in
1049 3717 1338 3768 aeternum
1388 3712 1722 3768 secundum
1779 3713 2053 3769 ordinem

385 3821 419 3858 ς
455 3803 882 3862 Melchisedech
913 3803 1099 3874 (Psal.
1135 3806 1272 3868 crx).
1309 3817 1340 3853 ›

459 3915 490 3945 ιι
521 3895 590 3948 Et
642 3893 938 3966 imponite
969 3891 1358 3948 Salomonem
1407 3889 1600 3946 tilium
1635 3904 1841 3946 meum
1874 3905 2056 3962 super

389 4002 418 4030 «
459 3981 692 4038 mulam
721 3998 950 4050 meam,
988 4001 1017 4030 »
1044 3979 1262 4037 Mulam
1303 3978 1512 4049 David,
1573 3977 1670 4034 alii
1701 3977 2053 4046 Ecclesiam,

389 4069 488 4126 alii
515 4085 659 4126 vero
692 4073 1078 4142 Synagogam
1102 4073 1348 4142 propter
1362 4067 1875 4138 infecunditatem,
1903 4069 2055 4140 ﬁgu-

386 4173 560 4216 rasse
590 4159 888 4216 dixerunt.

1061 4247 1288 4304 CAPUT
1323 4247 1391 4304 ΙΙ.

458 4359 491 4390 α
523 4336 798 4410 Dixitque
829 4336 1015 4393 David
1034 4339 1113 4394 ad
1135 4338 1538 4394 Salomonem.
1573 4341 1657 4395 Tu
1679 4354 1926 4412 quoque
1943 4356 2052 4397 no-

388 4448 419 4476 ‹‹
459 4426 532 4482 sti
558 4441 696 4500 quae
716 4425 918 4482 fecerit
946 4425 1091 4482 mihi
1109 4427 1258 4482 Joab
1278 4426 1436 4482 ﬁlius
1469 4427 1708 4493 Sarviaa,
1732 4443 1868 4500 quas
1899 4428 2049 4484 fece-

386 4535 415 4566 11
454 4515 528 4574 rit
551 4491 792 4572 duobus
817 4515 1191 4589 principibus
1212 4516 1433 4588 Abner,
1451 4515 1574 4572 ﬁlio
1591 4491 1721 4584 Ner,
1752 4491 1810 4574 et
1829 4521 2045 4575 Amase
2075 4491 2121 4546 Β

384 4623 416 4660 ‹
452 4605 578 4662 ﬁlio
603 4605 820 4674 Jether,
853 4609 962 4662 etc.
998 4628 1028 4656 ››
1063 4605 1248 4662 David
1264 4606 1368 4678 qui
1389 4606 1834 4679 praecepitloab
1861 4607 2043 4664 inter-

381 4697 479 4753 ﬁci
501 4713 610 4754 seu
642 4697 856 4767 Semei,
872 4697 1131 4766 ﬁguram
1151 4695 1366 4753 veteris
1397 4695 1724 4770 prophetiae
1747 4697 2040 4770 gestabat,

379 4803 516 4860 quas
570 4785 860 4858 judicavit
915 4791 1096 4858 atque
1142 4785 1446 4858 praecepit,
1503 4786 1652 4859 quid
1689 4786 1765 4842 de
1784 4786 2042 4842 inimicis

381 4876 588 4932 Christi
616 4881 676 4932 et
700 4879 1050 4933 sanctorum
1089 4876 1241 4946 ejus,
1302 4875 1522 4931 Scribis
1549 4875 1824 4931 videlicet
1859 4880 2042 4947 atque

380 4964 694 5022 Pharisaais
715 4981 955 5022 necnon
983 4968 1040 5020 et
1066 4964 1382 5033 haereticis,
1411 4963 1475 5019 in
1497 4963 1699 5018 futuro
1719 4963 1848 5018 ﬁeri
1867 4979 2043 5036 opor-

379 5055 524 5108 teat.
560 5053 720 5108 Sicut
747 5053 863 5110 hoc
906 5051 1076 5124 quod
1119 5052 1307 5109 David
1334 5052 1410 5107 de
1439 5051 1590 5108 Joab
1621 5057 1679 5108 et
1709 5053 1902 5109 Semei
1931 5053 2040 5110 ﬁe-

379 5140 431 5197 ri
446 5140 751 5214 p-raecepit,
785 5139 1071 5196 Salomon
1098 5157 1242 5198 vero
1267 5139 1558 5212 implevit.

450 5251 482 5281 ‹‹
513 5229 800 5286 Salomon
827 5232 1029 5285 autem
1077 5229 1230 5285 sedit
1259 5244 1440 5300 super
1469 5229 1754 5285 thronum
1778 5231 1976 5286 Israel.
2008 5251 2038 5283 n

381 5320 667 5378 Salomon
677 5319 783 5392 qui
803 5317 958 5392 patri
981 5331 1094 5372 suo
1117 5316 1307 5374 David
1335 5319 1643 5384 successit,
1663 5319 1875 5376 Christi
1889 5320 2042 5391 ﬁgu-

375 5420 510 5466 ram
551 5409 679 5465 sine
715 5406 904 5464 dubio
931 5405 1184 5476 gestavit
1209 5422 1222 5460 :
1254 5404 1318 5460 in
1349 5419 1420 5460 eo
1450 5405 1670 5463 scilicet
1693 5409 1862 5480 quod
1887 5413 2037 5466 tem-

376 5495 548 5568 plum
569 5495 910 5566 aediﬁcavit,
934 5495 1088 5550 sicut
1107 5496 1167 5548 et
1205 5491 1468 5549 Christus
1498 5494 1858 5553 Ecclesiam:
1889 5502 1946 5554 et
1971 5499 2038 5555 in

377 5597 450 5638 eo
473 5583 640 5654 quod
661 5599 918 5654 regnum
956 5582 1017 5638 in
1049 5596 1198 5654 pace
1245 5579 1702 5652 administravit,
1735 5590 1793 5641 et
1819 5601 2035 5659 pacem

375 5670 589 5728 habuit
609 5673 948 5728 secundum
961 5687 1188 5727 nomen
1207 5683 1406 5742 suum,
1430 5671 1512 5727 sic
1528 5677 1585 5729 et
1598 5676 1888 5732 Dominus
1912 5681 2034 5734 Rex

375 5759 544 5834 pacis
565 5765 660 5818 est
670 5759 887 5830 dictus,
897 5777 977 5818 ac
988 5775 1100 5833 per
1119 5760 1238 5819 hoc
1247 5759 1410 5818 illius
1429 5763 1798 5824 vocabulum
1815 5767 1900 5824 illi
1925 5781 2031 5824 ve-

2188 501 2271 556 cis
2301 507 2547 574 accepta
2576 503 2926 558 remissione
2951 508 3362 576 peccatorum,
3388 505 3852 562 reconciliamur

2187 593 2340 647 Deo:
2370 592 2590 648 etenim
2619 615 2647 644 ‹‹
2673 609 2811 648 011111
2860 592 3085 648 inimici
3141 609 3436 664 essemus,
3485 594 3852 651 reconciliati

2187 696 2399 736 sumus
2459 685 2576 737 Deo
2634 697 2740 754 per
2793 685 3048 738 mortem
3091 681 3211 738 Filii
3265 683 3396 753 ejus
3419 685 3667 753 (Ephes.
3699 684 3791 756 ιι).
3824 705 3849 732 ιι

2183 767 2346 825 ldem
2371 769 2496 842 ipse
2514 776 2602 826 est
2619 771 2714 826 ille
2737 770 3156 843 paciﬁcusqui
3185 771 3322 828 fecit
3354 777 3608 845 utraque
3633 789 3847 840 unum,

2183 862 2240 913 et
2265 859 2533 916 mediurn
2590 861 2878 933 parietem
2908 861 3180 917 maceria:
3213 861 3450 918 solvens
3497 862 3847 919 inimicitias

2178 946 2240 1003 in
2268 964 2446 1004 carne
2477 966 2608 1016 sua,
2639 949 2957 1022 legemque
2974 951 3409 1007 mandatorum
3430 951 3689 1008 decretis
3719 967 3852 1008 eva-

2179 1053 2388 1107 cuans,
2421 1044 2485 1095 ut
2511 1039 2666 1094 duos
2697 1039 2980 1095 conderet
3001 1040 3061 1095 in
3080 1055 3140 1096 se
3172 1040 3234 1096 in
3263 1057 3453 1097 unum
3481 1057 3716 1098 novum
3749 1041 3852 1097 ho-

2177 1127 2424 1192 minem,
2457 1127 2680 1182 faciens
2705 1145 2920 1200 pacem
2935 1129 3028 1184 his
3058 1128 3164 1201 qui
3193 1129 3392 1199 longe,
3417 1134 3475 1186 et
3509 1145 3733 1202 pacem
3756 1129 3848 1186 his

2174 1215 2280 1287 qui
2301 1233 2488 1288 prope
2511 1217 2666 1290 :ipse
2694 1217 2756 1273 in
2788 1217 3106 1286 Evangelio
3135 1217 3304 1274 dicit:
3344 1240 3371 1267 «
3399 1221 3616 1274 Pacem
3644 1235 3847 1276 meam

2174 1304 2254 1361 do
2277 1306 2471 1377 vobis,
2494 1323 2708 1380 pacem
2741 1307 3016 1382 relinquo
3045 1307 3218 1364 vobis
3249 1309 3446 1376 (Joan.
3481 1310 3624 1378 xiv).
3670 1331 3700 1360 κ
3745 1309 3845 1364 His

2173 1399 2228 1450 et
2259 1395 2462 1450 multis
2486 1397 2614 1452 aliis
2637 1397 2988 1453 testimoniis
3021 1397 3308 1453 Dominus
3340 1401 3510 1454 Jesus
3547 1397 3844 1471 paciﬁcus

2173 1499 2306 1539 esse
2349 1491 2736 1541 monstratur.
2774 1491 2836 1540 tn
2876 1485 3172 1558 sapientia
3229 1501 3476 1559 quoque
3515 1492 3574 1542 et
3620 1486 3846 1544 divitiis

2173 1577 2351 1644 atque
2383 1573 2572 1642 gloria
2601 1575 2788 1646 ipsius
2818 1575 3051 1631 Domini
3094 1574 3412 1632 Salvatoris
3465 1580 3686 1650 typum
3714 1591 3846 1647 ges—

2173 1665 2334 1716 tasse
2371 1678 2494 1718 non
2522 1663 2777 1720 dubium
2799 1671 2907 1720 est.
3633 1733 3641 1742 ο

2243 1791 2269 1816 ‹‹
2292 1771 2358 1824 Et
2381 1769 2463 1824 ait
2483 1769 2746 1826 Adonias
2766 1771 3123 1828 Bethsabee:
3154 1775 3366 1827 Precor
3396 1775 3461 1827 ut
3489 1770 3662 1828 dicas
3683 1772 3848 1830 Salo.

2172 1879 2199 1908 «
2233 1858 2399 1912 moni
2431 1859 2575 1928 regi,
2607 1865 2673 1915 ut
2718 1860 2817 1916 det
2864 1861 3010 1916 mihi
3038 1861 3252 1916 Abisac
3282 1861 3662 1918 Sunamitem
3696 1877 3846 1918 uxo-

2173 1968 2199 1995 ‹‹
2232 1963 2380 2002 rem.
2414 1971 2442 1997 »
2465 1948 2751 2016 Adonias,
2785 1949 2933 2005 dum
2963 1950 3026 2005 in
3055 1955 3202 2022 typo
3231 1951 3586 2008 Judaeorum
3623 1951 3845 2008 Christi

2171 2036 2668 2109 Ecclesiam,qua3
2684 2043 2775 2093 est
2812 2038 2979 2106 virgo
3019 2039 3708 2112 incorrupta,temerare
3739 2057 3844 2098 vos

2167 2124 2294 2190 luit,
2321 2126 2487 2195 justo
2513 2127 2742 2197 judicio
2781 2132 3037 2183 mortem
3085 2144 3272 2201 quam
3326 2129 3538 2185 meruit
3567 2129 3840 2186 incurrit.

2241 2215 2456 2270 «Venit
2479 2231 2623 2286 ergo
2654 2217 2976 2272 Bethsabee
3006 2217 3084 2272 ad
3114 2233 3318 2287 regem
3346 2217 3744 2274 Salomonem
3783 2221 3849 2276 ut

2169 2303 2566 2376 «loqueretur
2589 2321 2701 2378 pro
2731 2305 2983 2362 Adonia.
3013 2329 3040 2356 »
3088 2306 3442 2376 Bethsabee,
3501 2321 3643 2380 quas
3676 2308 3846 2382 apud

2173 2393 2555 2450 Salomonem
2589 2411 2700 2467 pro
2742 2395 2977 2451 Adonia
3007 2395 3358 2452 intervenire
3382 2395 3593 2466 voluit,
3623 2411 3742 2452 nec
3767 2402 3849 2454 ta-

2168 2497 2306 2536 men
2336 2484 2652 2554 quippiam
2683 2484 2929 2554 profuit,
2963 2487 3223 2552 ﬁguram
3273 2485 3422 2553 legis
3460 2485 3578 2540 hoc
3607 2486 3676 2541 in
3705 2485 3844 2542 loco

2168 2572 2556 2642 praetendisse
2588 2588 2708 2627 non
2740 2573 2994 2628 dubium
3021 2579 3140 2628 est:
3176 2590 3364 2646 quam
3385 2573 3583 2630 Judaei
3599 2573 3718 2630 sibi
3745 2575 3848 2631 ade

2161 2659 2439 2730 jutricem
2474 2661 2636 2732 apud
2673 2665 2860 2716 Deum
2884 2679 3013 2717 esse
3044 2663 3389 2735 opinantur.

2238 2788 2265 2817 ‹‹
2300 2767 2584 2823 Abiathar
2614 2785 2860 2841 quoque
2893 2770 3192 2826 sacerdoti
3222 2769 3374 2826 dixit
3402 2783 3504 2826 rex
3534 2787 3548 2826 :
3581 2770 3754 2827 Vade
3783 2771 3847 2827 in

2168 2879 2195 2905 ‹‹
2219 2857 2477 2912 Anathot
2495 2857 2556 2911 in
2587 2873 2799 2928 agrum
2831 2864 3020 2914 tuum.
3059 2879 3086 2908 »
3110 2857 3400 2915 Abiathar
3427 2859 3534 2932 qui
3557 2860 3844 2916 sacerdo-

2164 2943 2246 3000 tio
2262 2945 2568 3017 expulsus,
2592 2961 2712 3001 non
2736 2951 2937 3002 tamen
2951 2948 3187 3002 occisus
3203 2953 3314 3015 est,
3330 2948 3630 3018 signiﬁcat
3645 2963 3846 3022 popu-
3905 3013 3908 3020 η

2161 3033 2946 3106 lumJudaeoruin,quorum
2981 3035 3117 3092 licet
3141 3035 3542 3092 sacerdotium
3581 3037 3660 3093 sit
3689 3037 3844 3094 abo-

2084 3133 2126 3191 c
2163 3122 2356 3193 litum,
2387 3123 2502 3196 ipsi
2535 3129 2735 3180 tamen
2765 3130 3009 3196 propter
3039 3141 3143 3181 eos
3161 3126 3267 3199 qui
3293 3123 3355 3182 in
3375 3127 3495 3182 ﬁne
3520 3125 3742 3183 mundi
3771 3143 3846 3184 ex

2163 3213 2308 3287 ipsis
2339 3213 2616 3269 credituri
2648 3219 2804 3280 sunt,
2825 3213 3002 3270 deleti
3028 3213 3268 3288 penitus
3299 3229 3422 3272 non
3455 3219 3616 3272 sunt.

2239 3321 2459 3388 «Fugit
2510 3337 2653 3390 ergo
2709 3321 2860 3377 Joab
2913 3321 2975 3377 in
2999 3321 3456 3379 tabernaculum
3484 3321 3754 3392 Domini,
3789 3325 3846 3380 et

2165 3433 2193 3460 ‹‹
2226 3409 2621 3483 apprehendit
2675 3427 2862 3466 cornu
2909 3409 3134 3467 altaris.
3212 3411 3688 3484 Nuntiatumque
3752 3415 3846 3468 est

2164 3521 2191 3548 1(
2225 3499 2348 3568 regi
2373 3496 2677 3554 Salomoni
2708 3498 2873 3569 quod
2903 3498 3152 3568 fugisset
3189 3499 3338 3556 Joab
3373 3501 3430 3556 in
3467 3499 3846 3557 tabernacu-

2165 3610 2192 3636 α
2223 3586 2347 3642 lum
2382 3587 2637 3656 Domini,
2661 3591 2718 3641 et
2747 3590 2907 3642 esset
2931 3587 3104 3660 juxta
3135 3587 3340 3646 altare.
3375 3589 3647 3662 Misitque
3675 3589 3845 3647 Salo-

2163 3698 2191 3726 ‹‹
2216 3693 2461 3732 monem
2515 3675 2803 3732 Banaiam
2833 3676 3025 3732 ﬁlium
3051 3677 3296 3746 Joiadae,
3337 3677 3546 3735 dicens
3581 3697 3594 3735 :
3635 3679 3840 3750 Vade,

2163 3788 2191 3814 «
2219 3764 2482 3820 interfice
2513 3780 2673 3834 eum,
2703 3787 2728 3813 »
2757 3767 2813 3820 et
2837 3765 3088 3838 reliqua.
3118 3765 3268 3822 Joab
3286 3765 3391 3842 qui
3423 3767 3504 3824 ad
3533 3767 3728 3825 altare
3753 3770 3842 3825 fu-

2163 3853 2350 3925 giens,
2380 3853 2629 3924 jubente
2671 3853 3012 3926 Salomone,
3042 3854 3269 3911 ibidem
3323 3855 3672 3913 interfectus
3723 3864 3842 3931 est,

2163 3942 2459 4013 signiﬁcat
2489 3941 2724 3998 Scribas
2749 3947 2804 3999 et
2825 3943 3186 4016 l’harisaeos,
3212 3961 3320 4002 seu
3347 3945 3674 4016 magistros
3703 3965 3844 4022 per-

2159 4033 2315 4088 versi
2343 4031 2643 4102 dogmatis
2669 4033 2983 4089 hzereticos
3009 4051 3022 4089 :
3047 4035 3152 4106 qui
3181 4033 3260 4090 ob
3279 4035 3399 4092 hoc
3427 4032 3593 4109 quod
3625 4041 3842 4110 proxi-

2160 4138 2292 4179 mos
2325 4139 2486 4192 suos,
2517 4121 2788 4177 videlicet
2815 4122 3272 4190 ecclesiasticos,
3304 4141 3412 4198 per
3439 4122 3698 4182 insidias
3728 4145 3844 4202 pe-

2160 4212 2404 4282 rimunt,
2437 4210 2592 4266 sicut
2619 4216 2674 4266 et
2698 4211 2824 4284 ipse
2881 4210 3036 4268 Joab
3091 4211 3290 4269 Abner
3349 4217 3534 4287 atque
3582 4219 3847 4276 Amasae

2159 4301 2368 4357 fecisse
2400 4299 2632 4370 legitur:
2663 4299 2742 4356 ab
2776 4299 2986 4358 altario
3016 4299 3158 4359 ﬁdei
3214 4302 3468 4376 expulsi,
3521 4311 3840 4380 perpetua

2160 4395 2351 4447 morte
2378 4389 2723 4463 punientur.

2227 4540 2258 4568 ‹‹
2278 4515 2465 4572 David
2483 4518 2686 4571 autem
2720 4518 2778 4570 et
2797 4514 3013 4571 semini
3030 4516 3080 4586 ej
3090 4532 3161 4572 us
3200 4521 3257 4574 et
3275 4516 3491 4573 domui
3501 4522 3560 4574 et
3575 4518 3840 4590 throno,

2156 4605 2364 4661 «illius
2390 4605 2462 4660 sit
2499 4621 2619 4676 pax
2665 4620 2858 4676 usque
2879 4604 2940 4660 in
2971 4605 3460 4677 sempiternuma
3480 4608 3778 4667 Domino.
3814 4631 3844 4665 ι

2151 4695 2276 4750 Hoc
2290 4697 2402 4762 est,
2423 4693 2912 4756 abolitisJudeeis,
2947 4694 3376 4768 extirpatisque
3413 4695 3738 4768 haereticis,
3783 4705 3847 4759 et

2151 4782 2437 4840 omnibus
2452 4782 2668 4839 Christi
2683 4781 2941 4838 inimicis
2955 4781 3187 4851 deletis,
3216 4784 3507 4841 thoronus
3525 4787 3746 4857 David,
3777 4791 3844 4847 id

2150 4877 2238 4930 est
2255 4873 2532 4928 Ecclesia.
2553 4877 2774 4928 aeterna
2791 4887 2940 4944 pace
2955 4871 3159 4928 fruens
3169 4878 3415 4931 maneat
3427 4873 3492 4930 in
3505 4879 3842 4937 internum.

2219 4984 2248 5012 11
2271 4961 2537 5034 Dixitque
2561 4961 2852 5018 Salomon
2885 4961 2968 5017 ad
2993 4961 3211 5019 Semei:
3245 4966 3452 5019 Nonne
3476 4963 3846 5024 testiﬁcatus

2153 5074 2180 5102 1(
2205 5067 2341 5106 sum
2373 5050 2481 5108 tibi
2507 5065 2613 5122 per
2647 5049 2991 5118 Dominum,
3022 5056 3079 5107 et
3105 5051 3357 5124 praedixi
3388 5051 3513 5120 tibi,
3542 5070 3839 5126 quacum

2151 5163 2179 5190 ‹‹
2205 5156 2326 5212 que
2357 5141 2455 5196 die
2479 5155 2764 5210 egressus
2804 5138 2942 5195 ieris
2970 5139 3110 5208 huc,
3143 5145 3201 5196 et
3231 5141 3392 5210 illuc,
3419 5141 3569 5198 scito
3599 5145 3660 5199 te
3691 5159 3839 5204 esse

2152 5252 2180 5280 «
2211 5230 2574 5286 moriturum
2592 5229 2619 5284 ‘2
2638 5228 3034 5300 uPi‘aecipitur
3059 5228 3238 5286 nobis
3263 5246 3452 5287 avero
3473 5230 3838 5306 Salomone,

2151 5321 2304 5376 sicut
2331 5324 2393 5376 et
2427 5318 2621 5376 Semei
2654 5333 2691 5374 a
2719 5317 3038 5375 Salomone
3068 5335 3229 5390 rege,
3282 5325 3347 5376 ut
3374 5319 3730 5378 habitamus
3767 5325 3836 5382 in

2145 5408 2496 5476 Jerusalem,
2515 5424 2626 5464 nec
2655 5423 2930 5478 unquam
2957 5409 3422 5478 egrediamurex
3455 5425 3551 5466 ea.
3571 5411 3762 5476 Quod
3782 5413 3838 5471 si

2143 5482 2756 5572 fugeritnos,inquod
2779 5497 2957 5554 nobis
2977 5497 3172 5556 fuerat
3194 5503 3332 5556 ante
3363 5499 3744 5572 subjectum,
3769 5509 3840 5564 et

2142 5589 2272 5645 ierit
2289 5589 2370 5645 ad
2383 5587 2758 5660 Allophylos,
2775 5603 2899 5643 non
2915 5587 3300 5656 egrediamur
3315 5605 3526 5646 muros
3554 5591 3833 5651 civitatis

2141 5683 2380 5746 nostrae,
2399 5694 2507 5734 nec
2519 5693 2850 5750 sequamur
2871 5677 3258 5746 fugitivorum
3273 5679 3522 5750 vestigia
3533 5696 3554 5736 1
3571 5683 3824 5742 nedum

2141 5767 2422 5825 volumus
2437 5767 2671 5825 salvam
2681 5767 2993 5838 fugientes.
3007 5766 3128 5840 ipsi
3143 5783 3485 5840 pareamus.
3513 5770 3683 5838 Qu?-
3705 5787 3832 5848 po-
