3940 6414
82 239 181 297 397

1048 235 1304 294 ΕΝΛΒΒ.
1347 236 1416 295 IN
1456 237 1705 295 LIBROS
1744 236 2005 295 REGUM.
2046 267 2114 281 --
2153 238 2224 296 IN
2266 240 2392 296 LIB.
2436 240 2525 296 III.

3397 252 3503 307 398

76 357 183 413 tius
232 352 626 426 dimittamus,
700 357 767 411 ut
825 354 1047 411 mortui
1105 356 1398 429 sepeliant
1451 362 1726 414 mortuos
1756 362 1808 418 Α
1837 358 2227 428 cogitationes
2260 360 2534 417 turbant:
2590 365 2653 418 ut
2680 377 2817 434 quae
2864 361 3178 421 sublevata
3205 365 3506 426 immenso

76 462 203 501 suos
258 443 498 519 (Matth.
556 443 729 515 vni):
790 448 847 500 et
899 443 1407 503 scandalizantem
1458 446 1724 515 oculum,

76 549 333 601 manum,
392 536 448 589 et
502 532 744 606 pedem,
796 531 944 589 dum
982 532 1137 605 licet,
1189 551 1476 594 eruamus
1508 540 1566 593 et
1593 535 1730 593 abs-

75 621 379 681 cindamus
407 638 443 680 a
471 622 648 680 nobis
676 623 893 695 (Marc.
930 624 1027 696 ιχ).

709 767 947 824 CAPUT
989 771 1078 825 ll].

138 917 163 947 α
200 893 446 968 Accepit
493 909 763 971 namque
822 894 1106 952 Salomon
1158 894 1347 952 ﬁliam
1393 896 1726 954 Pharaonis

74 1006 100 1040 ‹
132 985 284 1058 regis
310 984 579 1059 Egypti.
623 1007 653 1036 »
695 984 837 1042 Filia
867 986 1197 1043 Pharaonis
1222 1001 1411 1059 quam
1441 986 1730 1045 Salomon

72 1076 125 1132 in
150 1074 430 1147 conjugio
460 1073 782 1149 copulavit,
811 1074 1139 1132 Ecclesiam
1170 1091 1244 1132 ex
1272 1076 1554 1148 gentibus
1580 1075 1730 1147 ﬁgu-

71 1181 225 1223 rasse
251 1180 377 1222 non
403 1163 664 1220 dubium
694 1170 803 1220 est.

138 1276 165 1305 «
200 1254 495 1328 Apparuit
551 1253 845 1311 Dominus
901 1253 1210 1311 Salomoni
1263 1270 1371 1329 per
1424 1255 1731 1313 somnium

73 1367 98 1394 ί(
126 1349 312 1411 nocte,
340 1342 582 1400 dicens:
614 1342 861 1400 Postula
888 1343 1057 1416 quod
1082 1344 1173 1400 vis
1214 1349 1280 1401 ut
1316 1345 1457 1402 dem
1488 1344 1614 1403 tibi.
1667 1348 1735 1404 Et

75 1456 100 1484 ε(
127 1433 206 1490 ait
231 1432 518 1490 Salomon
542 1448 557 1487 :
593 1433 683 1488 Tu
707 1432 895 1489 fecisti
928 1449 1067 1488 cum
1095 1449 1268 1491 servo
1296 1438 1396 1491 tuo
1418 1434 1606 1492 David
1627 1450 1733 1508 pa-

73 1544 98 1573 «
129 1528 207 1580 tre
234 1538 371 1579 meo
398 1520 884 1579 misericordiam
907 1538 1221 1593 magnam,
1272 1543 1301 1572 »
1361 1528 1418 1580 et
1472 1523 1727 1597 reliqua.

74 1611 254 1670 Gratia
285 1611 388 1667 Dei
413 1610 677 1668 liberum
705 1611 970 1668 hominis
1004 1611 1263 1686 exquirit
1283 1612 1619 1670 arbitrium.

1835 464 2084 504 munere
2107 450 2384 522 exsultat,
2417 452 2598 507 etiam
2635 452 2956 509 tentatione
2980 453 3225 526 pulsata
3254 457 3402 530 quid
3435 457 3509 515 sit

1834 536 2117 594 inveniat.
2171 539 2397 595 Idcirco
2438 540 2588 614 quid
2630 540 2759 597 istae
2792 541 2928 598 duas
2958 544 3299 601 meretrices
3330 550 3508 621 (quas

1835 626 2209 699 praelibando
2232 629 2530 700 tetigimus
2557 630 2893 687 secundum
2925 632 3091 705 quod
3111 632 3174 688 in
3198 634 3371 691 dictis
3398 635 3508 691 do-

1836 720 2070 772 ctorum
2107 718 2471 789 invenimus)
2529 719 2764 792 plenius
2818 720 3175 794 signiﬁcent,
3236 724 3506 797 pandere

1835 805 2234 862 decrevimus.
2287 807 2379 864 Ait
2428 809 2590 865 enim
2624 826 2807 866 sacrae
2842 810 3110 868 Historiae
3143 818 3458 871 contextus
3491 832 3507 872 :

1838 917 1866 944 «
1890 898 2052 952 Tunc
2072 901 2367 953 venerunt
2385 897 2520 954 duae
2543 898 2823 955 mulieres
2844 901 3186 959 meretrices
3206 903 3286 960 ad
3305 920 3513 975 regem

1839 985 2245 1054 Salomonem,
2276 992 2683 1062 steteruntque
2716 1007 2922 1047 coram
2953 1008 3046 1061 eo,
3080 1014 3108 1043 »
3158 999 3213 1050 et
3251 993 3507 1069 reliqua.

1837 1079 1902 1135 In
1925 1074 2026 1130 illo
2056 1091 2199 1147 ergo
2222 1076 2453 1147 judicio
2486 1078 2847 1146 Salomonis,
2905 1080 3116 1138 Christi
3162 1081 3360 1155 ﬁgura
3400 1082 3514 1142 fuit

1838 1163 1943 1221 ubi
1971 1164 2188 1220 mulier
2228 1164 2330 1222 illa
2365 1165 2667 1239 improba,
2720 1168 2893 1241 plebs
2924 1169 3145 1227 scilicet
3175 1173 3509 1245 Synagogaa

1836 1253 1932 1309 vel
1957 1254 2397 1325 haereticorum,
2426 1272 2579 1312 verae
2611 1259 2844 1330 matris,
2900 1259 3014 1315 hoc
3074 1264 3163 1316 est
3211 1261 3507 1331 Ecclesiae,

1837 1342 2029 1399 ﬁlium
2056 1344 2401 1416 appetebat,
2425 1361 2607 1417 quem
2630 1362 2755 1401 non
2778 1351 2841 1403 ut
2862 1352 3148 1416 servaret,
3178 1349 3283 1404 sed
3304 1366 3512 1408 revera

1838 1437 1903 1489 ut
1929 1432 2311 1495 interimeret,
2356 1434 2654 1507 cupiebat.
2720 1436 2834 1493 Sed
2892 1436 3062 1510 sicut,
3123 1437 3325 1508 gladio
3372 1439 3509 1496 diri-

1836 1528 2036 1580 mente
2070 1523 2429 1593 Salomonis,
2472 1526 2731 1599 propriae
2783 1527 2991 1583 matris
3035 1529 3283 1599 gemitu,
3327 1545 3509 1585 verus

1836 1619 2106 1686 repertus
2137 1620 2228 1670 est
2252 1621 2482 1688 partus,
2536 1616 2620 1673 ita
2648 1620 2703 1673 et
2735 1617 2951 1690 spiritu
2979 1619 3122 1674 Jesu
3153 1617 3369 1675 Christi
3398 1618 3510 1674 do-

137 1723 163 1751 ‹‹
193 1704 257 1758 Et
286 1700 436 1757 dixit
464 1701 757 1757 Dominus
808 1700 1154 1758 Salomoni:
1213 1703 1364 1767 Quia
1412 1702 1729 1775 postulasti
1759 1728 1801 1782 Β
1836 1707 2027 1772 cente,
2057 1703 2416 1777 plerumque
2445 1704 2507 1761 hi
2531 1707 2637 1780 qui
2670 1722 2707 1764 a
2744 1709 2935 1763 matre
2968 1707 3199 1764 seducti
3247 1712 3304 1763 et
3351 1708 3511 1781 capti

74 1814 99 1842 ‹‹
127 1791 374 1848 verbum
403 1790 545 1863 hoc,
586 1796 645 1847 et
689 1806 814 1847 non
870 1790 1091 1864 petiisti
1137 1791 1264 1848 dies
1310 1791 1561 1863 multos,
1614 1807 1729 1848 nec

75 1880 373 1949 «divitias,
426 1884 535 1938 aut
571 1880 808 1937 animas
858 1880 1242 1937 inimicorum
1300 1886 1565 1953 tuorum,
1623 1880 1731 1937 sed

74 1992 98 2020 «
127 1970 437 2045 postulasti
497 1968 602 2028 tibi
680 1970 1043 2045 sapientiam
1107 1971 1187 2028 ad
1261 1970 1730 2028 discernendum

75 2060 432 2135 «judicium.
478 2080 511 2111 »
566 2059 921 2135 Quicunque
975 2061 1103 2118 vult
1155 2061 1494 2119 orationem
1551 2076 1730 2117 suam

74 2155 198 2207 ante
224 2152 413 2207 Deum
440 2166 572 2207 non
600 2149 890 2216 frustrari,
917 2150 1033 2207 hoc
1062 2150 1141 2207 ab
1169 2167 1241 2207 eo
1271 2151 1534 2224 postulet
1562 2150 1730 2224 quod

78 2240 343 2297 Salomon
372 2240 679 2316 quaesivit,
724 2239 788 2296 id
817 2245 908 2296 est
936 2241 1300 2313 sapientiam
1330 2246 1388 2297 et
1417 2241 1730 2297 scientiam

76 2335 239 2404 atque
265 2330 748 2401 intelligentiam.
777 2329 1022 2387 Divitias
1048 2346 1192 2387 vero
1221 2336 1278 2387 et
1301 2330 1557 2402 gloriam
1587 2336 1730 2387 tem-

78 2419 328 2492 poralem
354 2426 544 2495 atque
570 2419 808 2476 animas
836 2419 1243 2490 inimicorum,
1299 2437 1408 2477 seu
1436 2421 1565 2476 dies
1593 2419 1729 2494 plu-

77 2509 247 2566 rim05
284 2510 420 2567 vitae
460 2510 801 2582 praesentis,
851 2510 1255 2583 reproborum
1294 2516 1384 2567 est
1435 2525 1728 2585 quaerere,

79 2614 188 2656 non
213 2598 574 2656 electorum.

142 2709 168 2738 «
198 2689 255 2747 Si
284 2693 495 2747 autem
524 2688 933 2746 ambulaveris
975 2689 1040 2745 in
1077 2689 1187 2746 viis
1214 2690 1386 2760 meis,
1423 2695 1481 2748 et
1527 2694 1730 2748 custo-

83 2800 106 2826 «
134 2776 302 2835 dieris
329 2784 643 2852 praecepta
670 2795 829 2850 mea,
860 2778 1077 2850 longos
1109 2780 1332 2837 faciam
1360 2780 1488 2837 dies
1517 2786 1670 2837 tuos.
1699 2803 1729 2831 »

83 2866 170 2921 Hic
195 2868 503 2941 praecipue
534 2872 718 2940 patet,
770 2868 921 2941 quia
971 2868 1328 2940 sapientiam
1386 2874 1442 2925 et
1494 2869 1732 2926 divitias

81 2969 177 3010 seu
228 2954 491 3027 gloriam
537 2954 955 3027 temporalem,
1001 2956 1181 3012 etiam
1238 2956 1480 3029 reprobi
1530 2957 1628 3012 hic
1669 2958 1732 3014 in

1838 1796 1978 1848 sunt
2000 1808 2197 1849 errore
2226 1793 2667 1862 haereticorum,
2716 1810 3165 1869 nonnunquam
3201 1802 3511 1854 merentur

1836 1897 1947 1953 pro
1979 1882 2320 1955 semetipsis
2350 1888 2681 1954 gementes,
2709 1901 3141 1956 recognoscere
3180 1886 3510 1944 Ecclesiam

1836 1974 2115 2028 matrem.
2164 1971 2329 2029 Unde
2374 1977 2430 2028 et
2474 1973 2615 2029 satis
2667 1974 3212 2050 convenienterque
3257 1979 3512 2050 apparet

1835 2061 1995 2118 hanc
2026 2061 2339 2117 mulierem
2366 2063 2703 2134 Synagogae
2741 2063 2836 2119 vel
2883 2064 3301 2120 haereticorum
3348 2064 3508 2137 ﬁgu-

1835 2166 2002 2208 rasse
2024 2151 2391 2225 impietatem
2415 2169 2428 2207 :
2462 2169 2598 2225 quae
2620 2169 2763 2209 suos
2784 2153 3059 2226 nequiter
3079 2154 3401 2211 nutriendo
3420 2154 3509 2212 in-

1838 2241 2073 2310 terimit,
2118 2246 2174 2297 et
2201 2241 2429 2298 alienos
2453 2258 2775 2316 quousque
2804 2242 3021 2317 perdat
3044 2242 3344 2301 illiciendo
3374 2259 3511 2319 per-

1839 2331 2070 2388 suadet.
2119 2335 2267 2388 ltem
2314 2331 2434 2389 alio
2472 2331 2678 2401 modo,
2728 2337 3028 2406 quantum
3055 2333 3135 2390 ad
3167 2333 3506 2406 simplicem

1836 2420 2149 2478 historiam
2168 2421 2444 2496 pertinet,
2476 2422 2866 2496 perspicuum
2900 2427 2992 2479 est
3014 2422 3184 2497 quod
3212 2439 3364 2498 puer
3396 2440 3505 2480 an-

1838 2527 2057 2569 norum
2087 2511 2410 2569 duodecim
2432 2517 2642 2569 contra
2671 2512 2862 2569 tetatis
2886 2529 3011 2569 suae
3035 2529 3409 2585 mensuram,
3430 2512 3508 2570 de

1838 2600 2051 2658 intimo
2085 2601 2374 2657 humanae
2422 2604 2655 2659 naturae
2700 2601 3000 2673 judicaret
3044 2602 3285 2659 affectu.
3340 2601 3510 2659 Unde

1840 2690 1994 2746 bene
2015 2690 2347 2747 admiratus
2369 2696 2456 2746 est
2480 2696 2535 2747 et
2553 2692 2862 2766 pertimuit
2882 2692 3054 2749 illum
3080 2694 3279 2750 omnis
3303 2692 3507 2761 Israel,

1841 2780 2011 2854 quod
2040 2780 2264 2837 scilicet
2291 2798 2431 2836 eum
2459 2781 2777 2838 manifesta
2795 2798 2920 2838 non
2940 2782 3234 2853 fugerent,
3257 2782 3362 2856 qui
3386 2786 3513 2839 tam

1839 2871 2167 2942 prudenter
2195 2870 2553 2927 abscondita
2576 2871 3402 2945 deprehendisset.Quantum
3433 2870 3515 2928 ad

1842 2960 2075 3034 typicos
2093 2960 2349 3034 pertinet
2370 2959 2702 3017 intellectus
2726 2961 2959 3018 dicente
2985 2962 3271 3035 Apostolo
3292 2979 3305 3019 :
3331 2984 3359 3012 ‹‹
3380 2964 3515 3017 Haec

81 3046 343 3115 praesenti
364 3045 496 3103 vita
523 3043 746 3145 habere
768 3050 1023 3144 possunt
1049 3062 1061 3100 :
1086 3045 1304 3115 longos
1330 3062 1473 3103 vero
1499 3046 1646 3113 dies,
1670 3046 1733 3103 id
1762 3090 1805 3145 ο
1842 3050 2051 3106 omnia
2079 3050 2140 3105 in
2176 3049 2371 3120 ﬁgura
2403 3050 2835 3120 contingebant
2880 3050 3015 3109 illis.
3080 3051 3311 3123 Scripta
3372 3053 3517 3107 Sunt

84 3139 161 3191 est
187 3141 473 3193 aeternam
526 3134 984 3200 beatitudinem,
1036 3136 1273 3209 absque
1314 3136 1732 3193 observatione
1767 3134 1803 3145 “’
1844 3145 2047 3197 autem
2076 3138 2152 3195 de
2181 3138 2376 3209 nobis,
2428 3139 2492 3195 in
2549 3154 2672 3211 quo
2718 3140 2870 3194 ﬁnes
2921 3138 3283 3197 saeculorum
3333 3139 3516 3195 deve-

84 3225 499 3284 mandatorum
529 3224 635 3280 Dei
665 3224 918 3299 adipisci
946 3240 1129 3282 nemo
1157 3230 1372 3300 potest.

145 3337 174 3366 α
203 3315 365 3374 Tunc
391 3319 690 3373 venerunt
712 3314 847 3370 duae
870 3315 1153 3372 mulieres
1182 3315 1525 3373 meretrices
1550 3315 1631 3373 ad
1648 3332 1736 3371 re-

86 3420 264 3475 «gem
292 3404 710 3473 Salomonem,
761 3410 1172 3478 steteruntque
1216 3421 1425 3462 coram
1452 3422 1543 3462 eo.
1580 3408 1737 3473 Qua-

89 3513 114 3543 ι
136 3508 265 3553 rum
294 3511 419 3553 una
449 3495 560 3554 ait:
596 3494 878 3565 Obsecro,
906 3495 990 3550 mi
1022 3494 1293 3565 Domine,
1313 3510 1425 3565 ego
1445 3499 1502 3553 et
1524 3494 1741 3551 mulier

90 3606 113 3633 «
139 3583 259 3641 haec
279 3586 635 3644 habitamus
662 3584 726 3640 in
755 3585 941 3642 domo
972 3600 1114 3653 una,
1167 3608 1196 3636 ››
1239 3590 1350 3642 etc.
1412 3588 1553 3642 Duae
1602 3572 1738 3642 mii-

86 3671 240 3732 lieres
260 3675 414 3733 inter
441 3690 606 3750 quas
630 3674 917 3732 Salomon
938 3674 1206 3748 primum
1228 3674 1529 3748 judicium
1560 3692 1741 3732 suum

86 3766 347 3830 exercuit,
370 3782 643 3840 quarum
668 3780 793 3824 una
821 3765 1141 3822 dilectione
1166 3765 1441 3833 ardebat,
1466 3766 1530 3823 in
1555 3765 1743 3824 altera

88 3854 368 3913 simulatio
398 3854 801 3929 subripiebat,
830 3854 1158 3911 Ecclesiam
1186 3858 1367 3929 atque
1395 3855 1742 3913 haereticam

84 3944 422 4014 pravitatem
445 3945 753 4018 ﬁgurasse
778 3960 906 4001 non
929 3944 1188 4001 dubium
1218 3949 1346 4001 est:
1402 3945 1559 4002 inter
1588 3961 1741 4017 quas

89 4033 359 4093 Dominus
388 4036 572 4093 Jesus
598 4034 865 4092 Christus
894 4035 1108 4109 spiritu
1147 4035 1265 4091 oris
1304 4034 1416 4104 sui,
1470 4036 1622 4092 dum
1675 4034 1743 4092 id

83 4125 232 4195 quod
251 4126 486 4199 justum
518 4130 613 4184 est
638 4124 887 4196 dirimit,
938 4124 1265 4197 unicuique
1291 4124 1459 4198 quod
1489 4125 1743 4181 debetur

83 4215 335 4274 restituit.
366 4219 436 4274 Et
462 4216 625 4274 bene
653 4232 761 4289 per
786 4216 947 4273 hanc
976 4214 1293 4272 mulierem
1321 4215 1743 4273 haereticorum

85 4305 169 4361 vel
190 4308 532 4379 Synagoga:
562 4306 746 4364 etiam
781 4305 1061 4379 impietas
1110 4310 1448 4377 generatur,
1497 4321 1633 4378 quae
1687 4307 1745 4361 et

86 4410 215 4452 suos
258 4398 537 4471 nequiter
584 4397 910 4454 nutriendo
963 4398 1334 4468 interimunt,
1391 4401 1450 4452 et
1513 4394 1743 4451 alienos

86 4454 387 4561 quousque
439 4454 726 4561 perdant,
809 4486 1112 4544 illiciendo
1173 4454 1561 4560 persiiadent.
1628 4484 1743 4542 Sed
1771 4454 1818 4510 Ῑ)

88 4576 217 4646 quia
243 4576 435 4634 solent
462 4581 607 4651 post
635 4576 881 4634 virtutes
931 4576 1075 4634 vitia
1129 4576 1386 4633 suboriri
1447 4579 1514 4633 ut
1558 4574 1746 4632 corda

89 4663 391 4725 hominum
419 4666 715 4725 tentando
743 4666 1097 4739 probentur,
1127 4683 1206 4723 ne
1237 4666 1484 4722 animus
1515 4665 1578 4723 in
1617 4663 1744 4722 cul-

90 4754 238 4812 mine
264 4756 556 4815 virtutum
601 4758 935 4814 consistens
992 4763 1287 4825 tanquam
1345 4756 1630 4813 Salomon
1679 4755 1745 4811 in

90 4857 261 4914 regno
280 4863 358 4905 ex
385 4848 591 4921 seipso
630 4846 953 4917 glorietur:
987 4852 1045 4903 et
1071 4848 1188 4904 hoc
1218 4846 1594 4919 permittente
1624 4848 1746 4903 Deo

90 4934 186 5005 qui
208 4933 356 4994 hicis
386 4952 513 4994 sum
543 4936 940 4995 illustratione
975 4935 1273 4993 illustrare
1319 4936 1618 5008 dignetur.
1680 4938 1749 4992 Ut

92 5036 222 5094 ergo
263 5041 338 5083 ea
374 5026 682 5084 ﬁrmitatis
732 5026 897 5084 dona
940 5025 1188 5095 habeat,
1241 5029 1296 5082 et
1336 5025 1747 5083 inﬁrmitatem

94 5126 255 5172 suam
276 5116 586 5175 humiliter
614 5120 909 5188 agnoscat
934 5132 1043 5189 per
1073 5132 1391 5173 accessum
1418 5116 1627 5187 gratiae
1666 5114 1745 5173 ad

95 5202 204 5263 alta
230 5207 561 5267 minuitur
601 5212 667 5272 et
685 5223 794 5281 per
821 5223 1135 5265 recessum
1157 5205 1309 5280 quid
1336 5223 1410 5264 ex
1443 5206 1643 5279 seipso
1675 5205 1754 5263 sit

93 5293 390 5363 probatur.
410 5297 589 5365 Quod
602 5297 671 5355 in
693 5298 829 5371 ipso
851 5298 1324 5368 demonstratur,
1343 5297 1448 5370 qui
1467 5296 1771 5354 divinitus

96 5384 310 5458 accepit
330 5386 719 5460 sapientiam,
756 5394 814 5446 et
842 5392 1049 5445 tamen
1077 5391 1217 5460 post
1239 5391 1553 5459 acceptam
1578 5401 1749 5443 eam-

97 5468 634 5550 demeapientiam,
686 5478 949 5537 duarum
997 5478 1386 5536 meretricum
1413 5476 1751 5551 quaestione

97 5562 355 5633 pulsatus
382 5574 495 5629 est.
538 5567 689 5635 Quia
733 5568 1022 5627 nimirum
1072 5584 1231 5642 saepe
1288 5584 1429 5625 cum
1484 5572 1751 5625 mentem

98 5658 348 5715 nostram
402 5658 708 5717 concessis
766 5658 1107 5731 virtutibus,
1160 5662 1471 5731 respectus
1521 5656 1752 5714 intimae

100 5735 375 5814 Ιυεὶωϋί
411 5747 738 5819 Willet.
785 5748 946 5809 hanc
989 5750 1268 5823 protinus
1292 5747 1478 5810 etiam
1500 5746 1753 5807 lubricas

1843 3234 2063 3286 nerunt
2090 3229 2151 3297 (Ι
2172 3228 2309 3285 Cor.
2337 3234 2424 3297 x).
2475 3248 2502 3278 »
2534 3227 2794 3294 Quidam
2826 3230 3166 3285 Graecorum
3197 3231 3518 3286 autumant

1848 3335 2028 3392 super
2058 3322 2451 3392 Synagogam
2500 3322 2557 3373 et
2608 3316 2936 3375 Ecclesiam
2993 3317 3397 3389 sentiendum,
3458 3321 3519 3376 et

1847 3409 1927 3464 ad
1962 3407 2113 3464 illud
2139 3412 2380 3479 tempus
2428 3411 2645 3464 cuncta
2689 3405 3026 3479 referenda,
3079 3406 3330 3481 quando
3378 3410 3521 3482 post

1848 3512 2091 3554 crucem
2136 3501 2195 3552 et
2224 3495 2746 3565 resurrectionem,
2803 3500 2930 3552 tam
2979 3495 3046 3553 in
3094 3496 3275 3554 lsrael
3329 3513 3520 3571 quam

1849 3592 1906 3644 et
1932 3586 1995 3644 in
2028 3585 2295 3658 gentium
2325 3584 2555 3660 populo
2585 3600 2764 3641 verus
2817 3583 3126 3657 Salomon,
3168 3585 3233 3643 id
3275 3591 3365 3643 est
3402 3601 3520 3657 pa-

1850 3679 2074 3748 ciﬁcus,
2124 3691 2377 3747 regnare
2423 3674 2686 3749 coeperit.
2749 3675 2923 3741 Quod
2977 3680 3180 3732 autem
3232 3675 3521 3732 adulterae

1850 3771 1907 3824 et
1931 3765 2276 3823 meretrices
2312 3767 2636 3838 Synagoga
2686 3769 2743 3821 et
2794 3764 3062 3823 Ecclesia
3094 3764 3159 3823 in
3202 3763 3520 3838 Scripturis

1849 3856 2148 3918 dicantur,
2174 3854 2342 3911 nulla
2369 3853 2664 3910 dubitatio
2690 3858 2797 3923 est,
2856 3857 2915 3910 et
2957 3854 3073 3910 hoc
3102 3853 3303 3928 prima
3325 3852 3522 3909 fronte

1849 3948 2087 4005 videtur
2122 3961 2257 4003 esse
2294 3945 2744 4018 blasphemum.
2807 3946 3100 4001 Caeterum
3152 3944 3201 4001 si
3252 3960 3522 4002 recurra-

1852 4055 1989 4094 mus
2031 4036 2115 4094 ad
2165 4036 2516 4109 prophetas,
2565 4037 2713 4092 Osee
2759 4033 3037 4093 videlicet
3091 4035 3242 4106 (cap.
3304 4035 3367 4107 1),
3416 4033 3524 4109 qui

1851 4126 2082 4199 accepit
2129 4141 2382 4182 uxorem
2437 4124 2848 4195 fornicariam,
2904 4128 2961 4181 et
3015 4124 3323 4196 generavit
3367 4124 3524 4181 ﬁlios

1851 4214 2226 4277 fornicarios,
2262 4219 2319 4271 et
2347 4213 2566 4270 deinde
2596 4215 2968 4274 adulteram:
3017 4219 3076 4274 et
3120 4216 3204 4273 ad
3258 4213 3526 4273 Ezechiel

1854 4307 2010 4377 (cap.
2042 4309 2189 4375 xvi),
2226 4304 2331 4379 qui
2360 4304 2735 4362 Hierusalem
2783 4306 2961 4379 quasi
3012 4307 3388 4364 meretricem
3427 4321 3525 4362 ar-

1855 4397 2002 4467 guit,
2039 4394 2210 4469 quod
2248 4399 2453 4451 secuta
2492 4395 2566 4452 sit
2606 4400 2908 4453 amatores
2941 4414 3103 4467 suos,
3146 4402 3204 4454 et
3230 4396 3526 4455 divarica-

1853 4486 2004 4544 verit
2030 4485 2196 4543 omni
2226 4485 2561 4544 transeunti
2598 4486 2810 4561 pedes,
2864 4486 3247 4563 lupanarque
3286 4487 3348 4545 in
3390 4486 3527 4544 loco

1854 4576 2074 4634 celebri
2140 4576 2519 4635 entruxerit.
2608 4576 3163 4634 Animadvertimus
3226 4576 3527 4635 Christum
3582 4602 3589 4613 τ

1850 4668 2076 4725 idcirco
2127 4666 2384 4737 venisse,
2457 4670 2526 4723 ut
2598 4666 2943 4725 meretrices
3006 4667 3261 4724 donaret
3317 4663 3525 4721 matri-

1854 4756 2082 4824 monio,
2133 4759 2190 4812 et
2229 4754 2473 4811 duobus
2511 4756 2797 4825 gregibus
2855 4770 3049 4812 unum
3101 4754 3256 4811 ovile
3304 4753 3528 4810 faceret

1854 4847 2178 4918 medioque
2233 4844 2459 4917 pariete
2517 4844 2826 4901 destructo
2888 4843 2953 4902 in
3012 4843 3260 4900 easdem
3315 4841 3525 4901 caulas

1855 4954 1997 4995 oves
2025 4936 2193 5010 prius
2219 4934 2533 4992 morbidas
2564 4937 2977 5006 congregaret.
3029 4934 3133 4990 Hae
3172 4936 3315 4989 sunt
3340 4931 3526 5004 virgas

1854 5044 1993 5102 qua:
2039 5028 2380 5099 junguntur
2420 5024 2486 5082 in
2540 5024 2829 5094 Ezechiel,
2901 5027 2960 5081 et
3013 5023 3090 5080 de
3140 5023 3366 5098 quibus
3416 5038 3528 5098 per

1854 5116 2204 5174 Zachariam
2234 5114 2525 5173 Dominus
2549 5114 2769 5172 refert:
2829 5134 2857 5164 ‹‹
2918 5116 2985 5172 Et
3024 5113 3333 5189 assumpsi
3377 5112 3529 5173 mihi

1858 5208 2013 5265 duas
2036 5206 2252 5276 virgas,
2308 5219 2497 5261 unam
2540 5203 2752 5262 vocavi
2802 5203 3110 5274 decoram,
3169 5209 3228 5262 et
3275 5202 3528 5263 alteram

1857 5295 2074 5354 vocavi
2104 5293 2461 5366 funiculum,
2511 5296 2570 5349 et
2615 5293 2759 5366 pavi
2806 5308 3052 5365 gregem
3089 5293 3303 5365 (Zach.
3333 5292 3453 5363 ΧΠ).
3494 5311 3527 5342 »

1858 5385 2059 5444 Mulier
2088 5398 2332 5457 quoque
2379 5381 2482 5438 illa
2529 5381 2813 5439 meretrix
2866 5380 2932 5439 in
2989 5380 3335 5450 Evangelio,
3388 5393 3531 5453 qua)

1857 5479 1996 5533 Jesu
2015 5473 2202 5548 pedes
2229 5470 2517 5544 lacrymis
2566 5470 2731 5540 lavit,
2780 5469 2941 5528 crine
2996 5470 3269 5543 detergit,
3323 5474 3382 5527 et
3434 5466 3533 5527 cui

1858 5568 2109 5641 peccata
2154 5562 2365 5620 omnia
2418 5560 2823 5632 dimittuntur,
2863 5558 3185 5618 manifeste
3232 5557 3535 5630 signiﬁcat

1864 5656 2188 5714 Ecclesiam
2208 5653 2283 5710 de
2304 5652 2582 5723 gentibus
2604 5655 3056 5722 congregatam,
3071 5653 3205 5708 Haec
3224 5650 3448 5708 idcirco
3468 5648 3533 5707 in

1862 5746 2062 5820 prima
2078 5745 2271 5803 fronte
2289 5739 2596 5816 replicavi,
2620 5755 2697 5798 ne
2717 5739 2814 5798 cui
2833 5739 3108 5799 videatur
3124 5740 3534 5813 incongruum
