3940 6432
437 284 545 338 399

1556 267 1912 328 ANGELOMI
1952 262 2406 328 LUXOVIENSIS
2448 274 2763 332 MONACHI

3741 288 3827 345 £00

440 405 489 460 si
520 402 857 459 meretrices
881 401 1175 467 dicantur,
1203 414 1461 471 quarum
1488 412 1609 452 una
1641 388 1975 451 Salomonis
1995 388 2088 459 ju-
2119 398 2165 448 Α
2207 390 2333 448 lum
2384 400 2442 452 et
2490 398 2643 455 alios
2698 399 3131 457 ecclesiasticos
3178 399 3334 458 viros
3389 401 3725 463 intellexerit
3749 411 3830 466 Ec-

440 493 592 548 dicio
622 492 723 546 ﬁlii
755 489 1131 563 possessione
1170 487 1395 542 donata
1426 492 1533 540 est.
1567 483 1831 539 Prudens
1862 480 2092 552 quaerat

437 582 693 645 auditor,
745 578 1055 652 quomodo
1105 576 1375 631 meretrix
1423 574 1715 643 signiﬁcet
1745 567 2089 630 Ecclesiam,

435 688 572 745 quae
602 686 722 726 non
752 669 934 725 habet
964 667 1265 723 maculam
1298 681 1493 736 neque
1516 663 1773 733 rugam?
1802 663 1928 715 Non
1952 655 2092 711 dici-

433 779 571 817 mus
589 760 907 815 Ecclesiam
926 756 1330 830 permansisse
1348 753 1741 816 meretricem,
1759 747 1866 803 sed
1885 746 2087 802 fuisse.

432 855 578 907 Nam
611 855 665 904 et
706 848 963 905 Simonis
1012 845 1234 918 leprosi
1281 844 1465 900 domo
1499 841 1766 897 Salvator
1816 835 2093 891 scribitur

430 940 629 995 iniisse
661 938 1026 994 convivium.
1079 934 1287 1006 Utique
1330 949 1451 988 non
1485 930 1627 1003 quia
1663 928 1936 1008 leprosus
1965 928 2090 979 erat

427 1046 495 1085 eo
518 1034 786 1101 tempore
810 1043 935 1099 quo
956 1024 1218 1080 habebat
1240 1023 1533 1095 hospitem
1562 1018 1947 1080 Salvatorem,
1982 1012 2090 1068 sed

427 1118 569 1192 quia
598 1118 872 1191 leprosus
906 1120 1042 1171 ante
1073 1114 1281 1168 fuerat.
1304 1112 1609 1167 Mattlurus
1634 1121 1878 1180 quoque
1895 1104 1955 1159 in
1984 1106 2089 1160 Ca-

424 1191 626 1277 t’alogo
653 1205 1066 1278 apostolorum
1096 1201 1458 1275 publicanus
1511 1198 1745 1261 dicitur,
1778 1209 1901 1249 non
1922 1191 2088 1264 quod

422 1296 824 1370 permanserit
854 1293 1215 1365 publicanus
1246 1295 1385 1362 post
1406 1286 1796 1359 apostolicam
1828 1282 2086 1370 dignitas

422 1369 563 1451 tem,
596 1386 704 1440 sed
746 1383 909 1455 quod
957 1382 1122 1453 prius
1154 1380 1344 1435 fuerat
1394 1377 1754 1450 publicanus
1781 1389 1795 1427 :
1829 1394 1855 1420 «
1886 1375 1953 1426 ut
1983 1369 2086 1425 ubi

422 1472 757 1530 abundavit
776 1476 1116 1543 peccatum,
1149 1466 1633 1541 suprabundaret
1671 1462 1861 1532 gratia
1892 1460 2081 1530 (Rom.

421 1564 517 1634 γι).
551 1581 581 1615 ›
610 1560 917 1632 Simulque
950 1558 1263 1614 considera
1291 1555 1435 1629 quid
1468 1555 1627 1609 dicat
1656 1548 1917 1606 Ecclesia
1946 1563 2085 1603 con-

422 1657 510 1707 tra
545 1654 933 1723 Synagogam
964 1646 1500 1703 calumniatricem.

2206 481 2383 539 clesia
2411 502 2535 543 non
2566 503 2700 545 esse
2722 505 2901 545 suum
2937 488 3127 547 tilium
3154 490 3260 563 qui
3289 492 3594 549 tenebatur
3618 494 3676 550 in
3701 496 3829 570 lege,

2204 578 2258 627 et
2302 573 2364 629 in
2402 575 2534 633 luce
2584 580 2929 649 cognoverit
2956 596 3139 652 quem
3168 581 3232 637 in
3260 582 3519 639 tenebris
3558 599 3676 640 non
3700 588 3834 645 vide-

2198 660 2323 718 bat.
2359 665 2500 722 lnde
2519 668 2792 739 jurgium
2817 676 3012 726 ortum
3045 674 3152 742 est,
3188 678 3474 743 praesente
3498 689 3653 745 rege,
3673 676 3834 736 altera

2204 751 2440 809 dicente
2461 773 2473 810 :

2272 864 2300 891 «
2323 841 2505 898 Filius
2537 849 2674 900 tuus
2708 852 2979 903 mortuus
3009 853 3125 918 est;
3153 865 3325 906 meus
3353 856 3557 907 autem
3586 851 3737 909 vivit.
3757 854 3832 910 Al-

2199 950 2227 979 ‹‹
2269 934 2394 987 tera
2418 934 2837 1006 respondente,
2880 937 3185 993 mentiris:
3232 938 3390 994 ﬁlius
3434 941 3655 1013 quippe
3685 957 3832 999 meus

2198 1038 2230 1067 «
2269 1019 2429 1086 vivit,
2474 1021 2632 1077 ﬁlius
2665 1028 2800 1079 tuus
2830 1030 3104 1081 mortuus
3147 1031 3254 1083 est.
3305 1045 3337 1081 ›
3376 1033 3565 1101 Atque
3593 1030 3653 1085 in
3694 1031 3833 1087 hunc

2196 1109 2449 1165 modum
2478 1113 2924 1169 contendebant
2953 1132 3156 1170 coram
3184 1132 3357 1186 rege:
3389 1124 3529 1174 tunc
3558 1135 3660 1175 rex
3692 1120 3834 1177 Salo-

2194 1213 2339 1253 mon
2371 1198 2498 1271 (qui
2526 1202 2841 1258 manifeste
2874 1203 3141 1260 Salvator
3175 1206 3465 1277 accipitur
3521 1208 3830 1265 secundum

2192 1286 2498 1358 psalmum
2548 1293 3062 1361 septuagesimum
3115 1294 3404 1367 primum,
3433 1296 3605 1368 cujus
3652 1298 3832 1354 titulus

2194 1375 2499 1433 Salomoni
2530 1377 2890 1447 inscribitur,
2919 1381 3019 1435 ubi
3067 1382 3232 1438 nulla
3261 1383 3555 1440 dubitatio
3595 1390 3680 1441 est
3705 1386 3831 1459 quin

2194 1472 2410 1522 cuncta
2439 1483 2575 1540 quae
2605 1468 2905 1537 dicantur,
2956 1487 3078 1527 non
3127 1473 3430 1528 Salomoni
3459 1481 3712 1539 mortuo,
3744 1478 3833 1531 sed

2192 1555 2403 1611 Christi
2433 1558 2791 1613 conveniant
2820 1560 3141 1631 majestati)
3181 1561 3424 1618 simulat
3451 1563 3833 1634 ignorantiam

2192 1649 2250 1699 et
2294 1644 2619 1717 humanos,
2651 1662 2761 1718 pro
2819 1648 3269 1721 dispensatione
3327 1653 3544 1720 carnis,
3575 1655 3836 1709 mentitur

488 1740 646 1809 “Ego
678 1744 734 1794 θί
758 1738 972 1792 ωυῙίθΓ
996 1737 1122 1791 hinc
1151 1734 1573 1790 habitabamus
1594 1730 1655 1785 in
1681 1728 1866 1784 domo
1894 1741 2076 1781 ωηο»
2116 1741 2160 1793 Β
2193 1734 2463 1790 affectus.
2500 1736 2678 1790 Sicuti
2708 1742 2765 1792 et
2792 1737 2854 1791 in
2884 1737 3000 1792 alio
3022 1738 3183 1805 (loco.
3218 1761 3247 1789 «
3296 1739 3405 1796 Ubi
3431 1741 3713 1814 posuistis
3741 1746 3834 1798 La-

416 1832 553 1885 Post
606 1827 1098 1883 resurrectionem
1129 1824 1290 1879 enim
1321 1820 1557 1877 Domini
1589 1816 1930 1884 Salvatoris,
1955 1830 2077 1871 una

412 1919 488 1974 de
522 1923 773 1990 utroque
802 1914 1030 1988 populo
1087 1916 1454 1982 congregata
1510 1912 1616 1964 est.
1652 1910 1720 1962 Et
1746 1920 1937 1978 quam
1966 1903 2078 1958 ele-

411 2013 620 2077 ganter
648 2005 937 2061 Ecclesia:
972 2003 1233 2075 «peperi,
1271 2000 1482 2073 inquit,
1516 1997 1682 2070 apud
1700 2012 1837 2052 eam
1878 1994 1942 2049 in
1971 2009 2075 2048 cu-

406 2096 628 2153 biculo.
660 2116 689 2144 »
723 2093 988 2149 Ecclesia
1019 2092 1179 2148 enim
1210 2090 1284 2146 de
1315 2088 1616 2160 gentibus,
1661 2102 1798 2159 quae
1823 2098 1947 2139 non
1971 2082 2076 2138 ha-

404 2184 592 2240 bebat
620 2185 786 2256 prius
815 2183 1010 2251 legem
1057 2186 1113 2235 et
1138 2179 1488 2253 prophetas,
1520 2175 1752 2248 peperit
1794 2173 1858 2229 in
1887 2172 2073 2227 domo

406 2275 767 2345 Synagogae,
798 2287 907 2327 nec
939 2285 1183 2339 egressa
1234 2273 1322 2323 est
1368 2266 1443 2321 de
1485 2262 1783 2330 cubiculo,
1834 2260 1942 2316 sed
1990 2259 2076 2315 in-

404 2379 643 2433 gressa:
675 2361 840 2418 Unde
874 2360 1091 2415 dicitur
1119 2359 1180 2413 in
1215 2355 1456 2414 Cantico
1487 2353 1886 2410 canticorum:
1919 2371 1947 2399 «
1978 2353 2072 2405 In-

401 2451 666 2507 troduxit
691 2466 788 2506 me
814 2466 917 2506 rex
961 2449 1023 2504 in
1065 2445 1415 2503 cubiculum
1448 2458 1628 2498 suum
1661 2443 1858 2513 (Cant.
1886 2439 1996 2509 in).
2039 2458 2068 2486 ››

402 2543 471 2596 Et
499 2542 742 2596 iterum:
780 2560 808 2589 ‹‹
838 2536 1129 2610 Equidem
1152 2549 1276 2590 non
1309 2536 1689 2606 spernentem
1728 2542 2069 2595 assumens,

400 2630 781 2686 introducam
814 2628 943 2683 tein
961 2626 1213 2681 domum
1245 2622 1454 2678 matris
1488 2637 1635 2675 mea:
1657 2625 1714 2674 et
1742 2618 1804 2673 in
1830 2616 2073 2672 cubicu-

399 2717 529 2773 lum
551 2718 683 2788 ejus
720 2731 857 2788 quee
888 2714 1162 2785 concepit
1191 2728 1289 2767 me
1323 2711 1517 2781 (Cant.
1550 2711 1694 2774 vui).
1732 2728 1758 2756 »

475 2807 699 2863 «Tertia
724 2809 927 2861 autem
953 2804 1047 2858 die
1077 2808 1403 2875 postquam
1426 2816 1536 2867 ego
1578 2796 1800 2869 peperi,
1835 2793 2067 2867 peperit

401 2918 431 2947 «
473 2901 528 2952 et
556 2897 707 2952 haec.
727 2918 756 2945 »
774 2894 832 2951 Si
862 2892 1203 2949 consideres
1227 2889 1477 2945 Pilatum
1508 2888 1814 2942 lavantem
1840 2900 2062 2939 manus

398 2991 581 3058 atque
610 2985 935 3040 dicentem:
993 3004 1019 3031 ‹‹
1058 2980 1309 3038 Mundus
1350 2994 1459 3047 ego
1503 2993 1636 3031 sum
1687 2991 1723 3030 a
1768 2973 2062 3043 sanguine

2192 1824 2443 1879 zarum‘?
2495 1846 2523 1875 ››
2578 1828 2644 1880 Et
2691 1826 2769 1881 ad
2816 1826 3129 1883 mulierem
3180 1828 3464 1884 ﬂuentem
3518 1831 3831 1900 sanguine:

2191 1932 2221 1967 ‹
2254 1913 2395 1979 Quis
2447 1930 2545 1969 me
2593 1915 2827 1985 tetigit?
2861 1938 2889 1966 ››
2922 1917 3197 1972 Gladium
3223 1917 3486 1991 postulat
3511 1920 3587 1974 de
3617 1936 3735 1993 quo
3762 1919 3833 1975 di-

2186 2006 2373 2068 xerat,
2406 2001 2587 2060 nolite
2618 2005 3034 2077 putare,quod
3069 2008 3330 2062 venerim
3363 2022 3580 2079 pacem
3624 2009 3833 2064 mittere

2183 2090 2245 2146 in
2278 2096 2494 2147 terram
2530 2108 2545 2147 :
2602 2113 2630 2141 α
2664 2096 2791 2148 Non
2836 2094 2972 2148 veni
3026 2094 3255 2152 mittere
3303 2112 3517 2168 pacem
3576 2097 3681 2154 sed
3723 2096 3834 2169 gla-

2183 2179 2352 2235 dium
2409 2181 2644 2251 (Matth.
2678 2182 2753 2252 χ).
2782 2202 2809 2229 ››
2846 2181 2989 2237 Veni
3024 2184 3184 2239 enim
3226 2183 3488 2241 dividere
3538 2186 3830 2242 hominem

2183 2275 2391 2325 contra
2441 2275 2676 2341 patrem
2726 2286 2926 2338 suum,
2982 2277 3038 2326 et
3100 2273 3285 2328 tiliam
3344 2280 3556 2331 contra
3594 2280 3830 2330 matrem

2183 2373 2378 2424 suam,
2412 2362 2469 2413 et
2522 2372 2745 2413 nurum
2795 2364 3003 2415 contra
3033 2376 3273 2418 socrum
3301 2379 3502 2432 suum,
3535 2369 3595 2420 et
3623 2363 3830 2419 inimici

2182 2447 2444 2503 hominis
2472 2447 2784 2502 domestici
2815 2447 2977 2518 ejus;
3021 2454 3077 2504 et
3102 2454 3283 2506 tentat
3311 2457 3594 2509 naturam
3617 2457 3829 2507 natura:

2179 2535 2738 2609 Dominus,vultque
2763 2538 3100 2594 secundum
3129 2541 3442 2614 utriusque
3472 2541 3829 2597 voluntatem

2181 2624 2479 2680 viventem
2529 2625 2720 2681 ﬁlium
2779 2627 2839 2681 in
2869 2626 3064 2696 legem
3120 2628 3499 2702 gratiamque
3528 2629 3826 2686 dividere:

2176 2728 2300 2768 non
2331 2729 2453 2786 quo
2482 2713 2596 2769 hoc
2620 2715 2850 2786 probet,
2885 2717 2984 2770 sed
3018 2733 3138 2788 quo
3169 2733 3304 2773 eam
3330 2718 3651 2790 adarguat,
3678 2723 3733 2774 et
3752 2716 3827 2771 vi-

2176 2807 2414 2857 ventem
2444 2818 2568 2857 non
2594 2803 2707 2857 nisi
2735 2819 2840 2875 per
2868 2804 3240 2876 baptismum
3269 2805 3510 2862 liberari
3542 2805 3825 2863 ostendat.

2176 2891 2449 2947 Libenter
2482 2892 2668 2946 voluit
2722 2893 2905 2947 dividi
2936 2909 3192 2965 puerum
3232 2911 3356 2950 non
3405 2900 3471 2951 ut
3508 2895 3825 2968 possideat,

2173 2980 2279 3035 sed
2312 2986 2374 3036 ut
2402 2980 2732 3035 interﬁciat.
2768 2980 3027 3037 Ecclesia
3056 2998 3239 3054 quem
3267 2984 3375 3039 scit
3406 2999 3587 3041 suum
3619 3000 3744 3040 esse
3770 2982 3829 3038 li-
3902 3004 3905 3011 ⁴

395 3075 543 3146 justi
566 3074 745 3145 hujus
774 3068 1300 3143 (Math.xxvu).»Si
1323 3066 1733 3124 centurionem
1754 3068 1891 3118 ante
1911 3060 2062 3133 pati-
2095 3096 2135 3148 ρ
2168 3068 2379 3124 benter
2420 3070 2692 3124 concedi:
2738 3069 2993 3133 (emulsa,
3034 3070 3183 3126 dum
3226 3072 3384 3128 vivat
3414 3073 3631 3129 saltem
3673 3070 3827 3145 apud

390 3164 605 3221 bulum
665 3162 1082 3219 conﬁtentem:
1141 3180 1170 3208 «
1219 3161 1359 3214 Vere
1416 3158 1511 3212 hic
1565 3160 1694 3211 erat
1750 3154 1924 3209 Filius
1962 3152 2059 3207 Uei

391 3253 633 3324 (Matth.
661 3253 885 3322 xxvm).
921 3250 1029 3304 )Si
1060 3263 1162 3304 eos
1219 3248 1324 3319 qui
1373 3251 1508 3301 ante
1555 3244 1899 3317 passionem
1950 3257 2059 3313 per

392 3342 733 3414 Philippum
757 3339 1080 3394 Dominum
1094 3336 1298 3391 videre
1328 3336 1645 3394 desiderat,
1666 3332 1832 3388 haud
1862 3330 2055 3386 ambi-

392 3430 483 3500 gis
510 3430 767 3500 primam
799 3428 1103 3499 peperisse
1132 3423 1474 3485 Ecclesiam,
1509 3427 1567 3477 et
1606 3428 1815 3493 postea
1843 3424 2055 3475 natum

391 3518 688 3590 populum
734 3516 1099 3581 Judaeorum,
1128 3528 1240 3586 pro
1270 3529 1391 3585 quo
1425 3513 1712 3567 Dominus
1761 3509 2053 3581 precaba-

392 3611 487 3663 tur
514 3625 526 3662 :
564 3629 592 3655 ‹‹
624 3609 812 3672 Pater,
843 3604 1087 3674 ignosce
1137 3601 1270 3669 illis,
1292 3600 1453 3671 quod
1487 3599 1646 3654 enim
1668 3599 1896 3653 faciunt
1924 3613 2055 3652 nes-

390 3697 554 3753 ciunt
582 3715 595 3765 ;
628 3719 655 3745 ››
689 3710 930 3768 unaque
960 3693 1054 3748 die
1077 3690 1456 3747 crediderunt
1484 3689 1593 3743 tria
1621 3687 1826 3752 millia,
1855 3692 1912 3741 et
1937 3687 2054 3742 alia

386 3786 657 3859 quinque
707 3783 915 3839 millia.
947 3802 977 3836 ‹
1005 3777 1393 3838 Multitudinis
1446 3784 1648 3831 autem
1680 3774 2050 3829 credentium

387 3880 513 3931 erat
541 3876 746 3932 anima
766 3889 910 3941 una,
944 3878 1002 3928 et
1031 3887 1133 3927 cor
1163 3885 1353 3937 unum
1384 3868 1540 3937 (Act.
1573 3866 1675 3935 1v).
1704 3886 1731 3912 ››
1756 3894 1826 3903 -
1854 3883 1883 3915 ‹
1916 3867 2049 3919 Era-

387 3986 416 4012 «
457 3980 595 4019 mus
630 3962 826 4030 simul,
855 3960 1181 4032 nullusque
1215 3957 1365 4014 alius
1394 3956 1456 4010 in
1490 3954 1674 4009 domo
1701 3950 2045 4017 nobiscum,

385 4052 646 4122 exceptis
667 4051 845 4107 nobis
866 4049 1126 4105 duabus.
1158 4068 1187 4096 »
1211 4050 1339 4102 Non
1368 4040 1923 4114 blasphemantium
1946 4042 2047 4095 Ju-

385 4140 679 4208 daeorum,
711 4153 834 4193 non
865 4137 1173 4206 gentilium
1196 4132 1369 4189 idolis
1399 4130 1803 4187 servientium.

458 4250 487 4278 «
509 4230 768 4284 Mortuus
789 4229 879 4281 est
908 4225 1069 4281 enim
1099 4223 1257 4278 ﬁlius
1290 4220 1552 4277 mulieris
1582 4219 1763 4289 hujus
1793 4224 1985 4275 nocte.
2012 4235 2044 4271 ›

382 4323 537 4375 Dum
564 4318 722 4374 enim
752 4317 898 4386 legis
931 4315 1199 4387 sequitur
1221 4311 1675 4369 observantiam
1706 4317 1761 4366 et
1784 4311 2039 4380 gratiam

2169 3157 2603 3224 adversarium,
2638 3174 2713 3213 ne
2758 3158 2912 3213 inter
2962 3158 3158 3228 legem
3216 3160 3442 3216 divisus
3472 3167 3533 3217 et
3582 3161 3827 3232 gratiam

2171 3246 2489 3303 Salvatoris
2520 3262 2809 3301 mucrone
2840 3247 3100 3303 feriatur.
3138 3248 3301 3304 Unde
3333 3249 3474 3305 dicit
3499 3256 3559 3306 et
3587 3254 3826 3324 Aposto-
3904 3298 3905 3311 χ

2165 3335 2295 3391 lus:
2330 3358 2357 3384 «
2400 3339 2545 3391 Ecce
2577 3351 2690 3404 ego
2721 3336 2942 3392 Paulus
2969 3338 3103 3393 dico
3127 3338 3323 3409 vobis,
3354 3339 3528 3412 quod
3560 3342 3608 3396 si
3638 3340 3825 3410 legem

2165 3425 2526 3497 observatis,
2551 3426 2816 3481 Christus
2844 3426 3012 3482 vobis
3038 3426 3186 3482 nihil
3224 3428 3469 3500 prodest
3497 3430 3665 3503 (Gal.
3694 3432 3766 3501 v).
3800 3450 3824 3475 »

2163 3515 2308 3570 Item
2353 3514 2469 3570 alio
2501 3514 2712 3570 modo:
2744 3515 2896 3581 Quid
2926 3515 2987 3571 in
3018 3515 3133 3572 hac
3164 3518 3456 3574 sententia
3485 3519 3707 3575 melius
3726 3532 3826 3592 per

2165 3607 2426 3658 matrum
2456 3602 2808 3659 lactantium
2837 3604 3110 3672 nomina,
3141 3605 3255 3661 nisi
3284 3606 3611 3665 doctorum
3640 3606 3825 3664 ordo?

2164 3692 2318 3757 Quid
2345 3709 2481 3748 vero
2509 3709 2615 3764 per
2634 3709 2845 3748 earum
2874 3693 3050 3765 ﬁlios,
3081 3695 3195 3750 nisi
3226 3695 3672 3770 discipulorum
3698 3712 3821 3771 per-

2162 3796 2312 3836 sona
2355 3780 2760 3849 signiﬁcatur?
2792 3784 2939 3838 Nam
2962 3784 3233 3853 magistri
3262 3784 3553 3842 nimirum
3574 3786 3822 3857 vigilan-

2158 3874 2244 3923 tes
2274 3869 2519 3941 quidem
2551 3870 2795 3926 scientia
2820 3871 2925 3926 sed
2955 3874 3075 3927 vita
3106 3874 3492 3937 dormientes,
3520 3876 3821 3932 auditores

2159 3974 2302 4013 suos
2336 3975 2490 4030 quos
2516 3975 2623 4031 per
2646 3960 2878 4030 vigilias
2895 3961 3336 4033 praedicationis
3362 3965 3659 4035 nutriunt,
3680 3965 3821 4021 dum

2156 4048 2323 4120 quod
2363 4047 2569 4104 dicunt
2612 4048 2804 4104 facere
2833 4050 3166 4120 negligunt,
3216 4068 3324 4125 per
3351 4069 3647 4111 somnum
3678 4060 3820 4111 tem-

2154 4136 2316 4209 poris
2364 4136 2664 4207 occidunt,
2716 4144 2772 4193 et
2837 4139 3199 4209 negligendo
3250 4142 3611 4214 opprimunt
3673 4159 3821 4216 quos

2154 4225 2309 4282 alere
2339 4226 2661 4282 verborum
2682 4226 2833 4284 lacte
2854 4228 3231 4287 videbantur.
3267 4231 3431 4287 Unde
3458 4232 3818 4305 plerumque

2154 4315 2301 4370 dum
2330 4316 2444 4388 ipsi
2480 4317 3025 4388 reprehensibiliter
3053 4319 3261 4375 vivunt
3306 4326 3363 4376 et
3383 4320 3616 4377 habere
3646 4322 3819 4377 disci-

382 4405 684 4477 Evangelii
711 4406 859 4477 jugo
887 4404 1152 4461 Mosaicae
1174 4402 1458 4497 doctrinae
1485 4399 1747 4497 copulat,
1767 4399 2039 4497 tenebras
2071 4444 2114 4497 Β
2154 4404 2328 4475 pulos
2359 4405 2493 4460 vitae
2519 4405 2852 4461 laudabiles
2873 4412 3200 4480 nequeunt,
3238 4409 3464 4465 alienos
3500 4410 3619 4466 sibi
3650 4415 3820 4466 attra-

378 4514 516 4554 rum
546 4511 743 4553 errore
774 4500 1055 4566 cooperta
1077 4497 1182 4548 est.
1217 4514 1245 4542 ‹‹
1280 4490 1705 4563 Oppressitque
1734 4503 1875 4543 eum
1904 4486 2039 4542 dor-

376 4588 571 4644 miens
590 4590 781 4642 mater
812 4600 943 4639 sua.
977 4605 1005 4633 »
1029 4585 1171 4648 Quae
1199 4596 1322 4637 non
1352 4582 1585 4652 poterat
1606 4577 1837 4633 dicere:
1867 4580 2039 4646 «Ego

376 4678 612 4734 dormio
651 4681 707 4732 et
760 4691 864 4731 cor
914 4689 1118 4729 meum
1174 4670 1377 4741 vigilat
1427 4669 1625 4739 (Cant.
1677 4670 1756 4738 v).
1794 4688 1822 4715 »
1854 4666 2039 4724 Media

373 4772 547 4823 nocte
578 4780 969 4834 consurgens,
1002 4761 1135 4818 tulit
1182 4759 1375 4815 ﬁlium
1418 4759 1493 4813 de
1541 4757 1728 4812 latare
1767 4754 2038 4810 Ecclesiae

372 4856 742 4923 dormientis,
770 4860 828 4911 et
861 4857 917 4909 in
949 4869 1059 4909 suo
1082 4849 1403 4907 collocavit
1431 4848 1587 4902 sinu.
1616 4846 1825 4915 Relege
1850 4850 2035 4901 totam

373 4947 640 5017 Apostoli
687 4945 767 5001 ad
819 4944 1057 5000 Galatas
1111 4939 1437 5014 Eptstolam
1491 4941 1549 4991 et
1599 4935 2035 4991 animadvertes

370 5034 681 5105 quomodo
709 5032 863 5088 ﬁlios
899 5031 1171 5088 Ecclesia:
1196 5044 1338 5084 suos
1364 5026 1559 5081 facere
1580 5024 1819 5079 festinet
1849 5027 2035 5096 Syna-

370 5137 547 5193 goga.
571 5123 639 5176 Et
670 5121 829 5177 dicat
878 5119 1230 5193 Apostolus:
1282 5139 1310 5166 «
1350 5114 1537 5170 Filioli
1568 5114 1686 5169 mei
1727 5130 1883 5186 quos
1932 5114 2034 5170 ite-

365 5229 503 5268 rum
532 5210 823 5285 parturio,
881 5210 1072 5265 donec
1119 5209 1408 5264 formetur
1451 5205 1714 5260 Christus
1750 5205 1810 5259 in
1861 5203 2030 5259 vobis

368 5302 525 5373 (Gal.
549 5306 653 5370 1v).
681 5320 712 5354 ›

438 5414 467 5442 ‹‹
493 5392 701 5447 Vivum
734 5388 881 5446 tulit.
907 5408 937 5443 ›
960 5392 1088 5445 Non
1110 5390 1173 5442 ut
1200 5384 1551 5459 possideret,
1576 5384 1681 5439 sed
1706 5388 1769 5439 ut
1798 5382 2027 5439 occide-

360 5486 486 5536 ret:
518 5484 648 5536 Non
694 5479 855 5536 enim
905 5494 1110 5535 amore
1152 5476 1287 5531 fecit
1337 5476 1451 5531 hoc
1490 5474 1614 5539 ﬁlii,
1657 5475 1763 5529 sed
1791 5474 2023 5530 aemulae

361 5568 522 5636 odio,
557 5573 613 5623 et
643 5585 821 5623 suum
851 5575 1159 5624 mortuum
1185 5581 1293 5638 per
1333 5564 1480 5634 legis
1525 5563 1913 5620 caeremonias
1957 5563 2021 5619 in

361 5656 498 5712 sinu
526 5657 798 5712 Ecclesiae
831 5656 1167 5729 supposuit.
1202 5657 1472 5726 Longum
1501 5659 1589 5710 est
1628 5655 1677 5709 si
1705 5653 1882 5709 velim
1912 5669 2020 5725 pcr

359 5745 596 5818 singula
642 5761 901 5812 currere,
951 5745 1259 5818 quomodo
1309 5760 1417 5817 per
1468 5743 1810 5816 apostolum
1868 5745 2018 5798 Pau-

2151 4493 2292 4549 here
2318 4499 2629 4563 conantur,
2655 4502 2954 4568 quatenus
2984 4496 3130 4553 dum
3155 4496 3352 4554 bonos
3381 4515 3443 4554 se
3467 4499 3703 4557 habere
3733 4515 3819 4555 se-

2147 4598 2371 4654 quaces
2394 4585 2735 4653 ostendunt,
2756 4584 2919 4658 apud
2935 4586 3163 4656 judicia
3189 4587 3509 4644 hominum
3533 4593 3821 4646 excusent

2145 4670 2307 4728 mala
2345 4688 2481 4744 quae
2513 4680 2736 4742 agunt:
2770 4681 2825 4730 et
2853 4675 3029 4748 quasi
3081 4676 3461 4734 subditorum
3502 4681 3629 4736 vita
3660 4695 3820 4735 mor-

2146 4761 2376 4817 tiferam
2411 4766 2614 4832 tegant
2676 4764 3122 4836 negligentiam.
3160 4767 3324 4822 Unde
3353 4772 3410 4823 et
3447 4767 3571 4824 illic
3604 4768 3819 4824 mulier

2144 4866 2279 4922 qua:
2310 4849 2502 4906 ﬁlium
2531 4853 2807 4909 exstinxit
2830 4855 3164 4927 proprium,
3206 4857 3481 4928 quaesivit
3523 4857 3815 4914 alienum.

2145 4939 2260 4995 Sed
2315 4955 2521 4994 veram
2571 4945 2826 4997 matrem
2881 4942 3218 4999 Salomonis
3271 4943 3510 5015 gladius
3565 4946 3815 5009 invenit,

2142 5029 2288 5100 quia
2340 5028 2631 5099 videlicet,
2695 5032 2868 5102 cujus
2940 5031 3169 5089 fructus
3226 5033 3402 5105 vivat,
3477 5035 3580 5091 vel
3642 5035 3817 5106 cujus

2140 5118 2407 5188 intereat,
2439 5124 2705 5176 extremo
2729 5121 3026 5190 examine,
3056 5122 3146 5178 ira
3175 5123 3421 5180 districti
3448 5124 3683 5196 judicis
3714 5125 3817 5181 de-

2138 5213 2451 5265 monstrat.
2485 5209 2570 5264 lbi
2598 5214 2656 5264 et
2682 5209 2830 5265 illud
2856 5215 2948 5267 est
2977 5211 3222 5268 solerter
3241 5213 3616 5271 intuendum
3646 5212 3813 5288 quod

2136 5296 2293 5351 ﬁlius
2354 5296 2555 5352 vivens
2598 5298 2766 5369 prius
2796 5299 2984 5355 dividi
3023 5301 3389 5373 praecipitur,
3415 5306 3482 5358 ut
3505 5303 3628 5359 soli
3659 5306 3818 5375 post-

2134 5385 2388 5441 modum
2427 5386 2603 5441 matri
2652 5387 2955 5444 reddatur.
3000 5390 3151 5454 Quia
3201 5389 3265 5446 in
3311 5391 3426 5448 hac
3473 5391 3608 5450 vita
3639 5390 3818 5466 quasi

2136 5476 2341 5547 partiri
2371 5476 2717 5532 conceditur
2742 5477 2864 5533 vita
2892 5478 3194 5551 discipuli,
3227 5480 3377 5536 dum
3417 5497 3491 5538 ex
3522 5481 3637 5539 illa
3662 5497 3817 5538 non-

2132 5580 2451 5637 nunquam
2509 5564 2658 5621 alter
2715 5565 2880 5639 apud
2939 5567 3263 5625 Dominum
3318 5570 3634 5638 meritum,
3667 5570 3820 5629 alter

2132 5653 2298 5725 apud
2315 5653 2594 5709 homines
2610 5653 2855 5712 laudem
2870 5654 3096 5713 habere
3110 5657 3507 5731 permittatur.
3517 5659 3647 5717 Sed
3660 5660 3819 5718 falsa

2135 5748 2328 5800 mater
2350 5759 2491 5798 eum
2503 5758 2686 5816 quem
2699 5759 2823 5801 non
2848 5745 3257 5817 genuitoccidi
3275 5762 3403 5807 non
3414 5750 3821 5825 metuit,quia
