3940 6406
119 254 204 335 tiu
1136 286 1396 342 ENARR.
1430 287 1498 342 IN
1530 281 1779 340 uanos
1811 280 2071 337 REGUM.
2094 314 2163 323 —
2190 287 2259 341 IN
2288 288 2417 342 LIB.
2454 286 2498 341 I.

3441 285 3550 343 402

113 406 453 472 arrogantes
484 403 755 474 magistri
776 406 1148 463 etcharitatis
1168 408 1382 479 ignari,
1405 409 1455 466 si
1502 406 1774 481 plenissi-
1807 405 1858 459 A
1889 410 2110 462 sanctae
2141 407 2466 474 Trinitatis,
2492 410 2668 481 juxta
2697 407 2864 482 quod
2884 407 2945 463 in
2961 405 3091 476 lege
3117 406 3354 462 Domini
3375 408 3556 483 scrip-

110 507 271 546 mum
296 506 520 548 nomen
560 492 759 549 laudis
792 510 864 551 ex
896 495 1105 552 alienis
1134 496 1446 572 discipulis
1489 497 1776 569 consequi

110 587 430 655 nequeunt,
450 598 661 639 eorum
684 584 872 642 vitam
888 586 1204 643 crudeliter
1234 588 1655 662 insequuntur.
1692 592 1778 642 ln-

104 669 271 727 vidite
321 672 484 728 enim
526 672 758 730 facibus
810 676 1106 745 succensi,
1134 677 1351 734 nolunt
1395 676 1547 735 alios
1576 679 1773 734 vivere

106 759 265 832 quod
310 775 375 815 se
427 762 808 836 conspiciunt
854 781 977 821 non
1021 781 1198 838 posse
1242 767 1570 840 possidere.
1608 766 1773 824 Unde

106 852 159 904 et
204 846 321 905 illic
355 866 645 923 perversa
688 852 904 909 mulier
941 854 1195 911 clamat:
1249 878 1277 906 ‹‹
1319 861 1435 915 Nec
1483 874 1656 913 meus
1700 857 1776 912 sit

104 954 209 993 nec
242 938 435 995 istius.
474 963 502 990 »
539 943 608 996 Ut
635 942 796 998 enim
850 942 1136 1009 diximus,
1181 962 1337 1018 quos
1374 946 1486 1004 sibi
1518 946 1772 1019 obsequi

102 1040 219 1082 non
248 1027 449 1085 vident
473 1028 553 1084 ad
593 1029 849 1100 gloriam
879 1033 1295 1105 temporalem,
1326 1051 1429 1091 eos
1461 1035 1591 1091 aliis
1620 1036 1770 1091 invi-

101 1115 238 1171 dent
264 1117 469 1175 vivere
499 1135 610 1192 per
629 1120 965 1177 veritatem.
998 1125 1147 1179 Vera
1170 1129 1371 1180 autem
1400 1130 1594 1181 mater
1615 1130 1770 1181 sata-

100 1204 180 1275 git
203 1210 268 1262 ut
290 1207 425 1277 ejus
452 1207 613 1265 ﬁlius
653 1210 863 1267 saltem
913 1211 1079 1285 apud
1110 1219 1459 1272 extraneam
1488 1215 1561 1271 sit
1603 1220 1658 1271 et
1687 1216 1769 1271 vi-

95 1309 212 1349 vat.
237 1296 388 1361 Quia
418 1301 478 1353 et
516 1299 859 1356 concedunt
884 1316 1127 1358 veraces
1157 1303 1428 1373 magistri
1459 1303 1769 1376 discipulis

97 1388 158 1440 ut
182 1400 254 1441 ex
284 1402 500 1443 eorum
532 1388 839 1462 discipulis
870 1391 966 1447 alii
1000 1393 1252 1465 quidem
1286 1394 1613 1463 magisterii
1643 1394 1765 1449 lau-

98 1473 230 1531 dem
269 1476 565 1540 habeant,
619 1479 668 1535 si
723 1485 926 1537 tamen
966 1482 1366 1554 integritatem
1404 1485 1541 1540 vita:
1585 1483 1764 1539 iidem

97 1564 367 1639 discipuli
423 1584 550 1624 non
579 1569 873 1627 amittant.
926 1574 1032 1627 Per
1077 1589 1212 1646 quae
1246 1573 1478 1646 pietatis
1513 1574 1763 1644 viscera,

96 1654 216 1712 haec
247 1657 465 1713 eadem
520 1664 712 1717 mater
741 1677 881 1718 vera
913 1664 1260 1731 agnoscitur
1297 1664 1567 1732 omnino,
1619 1665 1764 1738 quia

1887 498 2013 551 tum
2046 498 2416 573 continetur;
2447 522 2473 547 ‹‹
2493 506 2550 555 et
2578 497 2891 568 sexaginta
2918 496 3081 552 chori
3114 494 3341 564 farinie.
3361 519 3389 547 ”
3421 513 3560 571 PPO'

1884 584 2204 642 fectionem
2233 588 2535 644 bonorum
2576 605 2861 661 operum;
2902 610 2929 637 «
2963 586 3173 642 decem
3205 585 3389 641 boves
3418 587 3556 660 pin-

1886 690 2053 744 gues,
2080 696 2109 728 ›
2144 677 2418 733 doctores
2450 678 2754 746 decalogi;
2803 701 2831 728 ‹‹
2857 681 2913 732 et
2942 676 3150 743 viginti
3192 674 3381 732 boves
3411 692 3553 750 pas-

1884 765 2105 829 cuales,
2134 788 2161 815 ››
2188 767 2611 839 praedicatores
2650 766 2797 821 Novi
2828 764 3206 827 Testamenti,
3241 765 3346 837 qui
3374 767 3554 839 quasi

1885 854 2258 922 geminatum
2300 856 2661 927 decalogum
2691 856 2752 911 in
2784 872 2845 911 se
2874 854 3120 923 habent,
3145 871 3284 910 cum
3319 858 3551 912 Novum

1882 947 1938 996 et
1964 945 2137 998 Vetus
2167 947 2617 1000 Testamentum
2673 943 2983 1017 aequaliter
3007 943 3360 1016 praedicant,
3390 944 3552 1017 pleni

1878 1030 2193 1096 dilectione
2226 1033 2326 1088 Dei
2352 1039 2408 1089 et
2440 1032 2719 1106 proximi.
2747 1036 3041 1089 «Centum
3073 1032 3357 1102 arietes,»
3390 1049 3547 1105 quos

1880 1120 2093 1176 melius
2119 1121 2478 1191 signiﬁcant,
2513 1138 2699 1194 quam
2729 1138 2832 1176 eos
2861 1121 2966 1193 qui
3009 1120 3071 1176 in
3101 1136 3280 1191 grege
3309 1122 3549 1178 Domini

1876 1209 2031 1265 bene
2061 1209 2465 1277 dominantes,
2487 1211 2664 1266 simul
2695 1227 2832 1266 cum
2858 1210 3112 1265 subditis
3140 1215 3376 1267 aeternae
3405 1211 3547 1267 bea-

1880 1298 2146 1355 titudinis
2178 1300 2430 1368 gloriam
2455 1300 2742 1373 consequi
2776 1299 3102 1354 festinant?
3129 1300 3369 1355 Venatio
3400 1317 3548 1373 quo-

1876 1404 1995 1460 que
2034 1389 2412 1445 diversorum
2468 1389 2825 1445 animalium
2879 1404 3004 1443 non
3056 1388 3547 1447 inconvenieuter

1876 1478 2066 1551 accipi
2096 1484 2293 1552 potest
2314 1476 2630 1552 acquisitio
2678 1478 3019 1545 hominum,
3054 1477 3158 1550 qui
3189 1494 3261 1533 ex
3290 1477 3543 1534 diversis

1876 1569 2156 1638 gentibus
2203 1569 2470 1641 quotidie
2500 1568 2726 1623 retibus
2782 1567 3088 1637 Evangelii
3117 1583 3225 1639 per
3246 1567 3542 1639 spiritales

1872 1661 2192 1713 venatores
2223 1658 2563 1729 capiuntur,
2583 1661 2638 1712 et
2661 1657 2722 1711 in
2738 1660 2983 1728 pastum
3009 1655 3330 1711 Salvatoris
3353 1655 3544 1711 nostri

94 1745 509 1814 magisterium
542 1749 601 1805 in
643 1750 918 1807 examine
946 1752 1248 1808 charitatis
1302 1754 1678 1827 approbatur
1708 1760 1764 1810 et
1797 1761 1840 1813 Β
1871 1749 2242 1817 rediguntur-

94 1832 219 1891 sola
249 1839 441 1892 totum
472 1838 736 1911 recipere
760 1841 997 1905 meruit,
1032 1858 1168 1915 quas
1198 1843 1372 1914 quasi
1410 1836 1605 1900 totum
1643 1860 1764 1899 ces-

96 1923 181 1979 sit.
214 1924 365 1989 Quia
398 1926 612 1983 fideles
659 1929 984 2001 praepositi,
1010 1946 1120 2002 pro
1146 1947 1217 1987 eo
1267 1932 1434 2005 quod
1482 1949 1556 1989 ex
1584 1933 1763 1988 bonis

92 2010 396 2086 discipulis
418 2016 569 2086 suis,
605 2033 728 2074 non
766 2018 960 2074 solum
990 2019 1119 2075 aliis
1156 2020 1401 2076 laudem
1442 2038 1566 2077 non
1612 2022 1765 2078 invi-

92 2099 243 2173 dent,
274 2104 385 2160 sed
426 2105 748 2163 utilitatem
788 2107 873 2163 eis
905 2108 1087 2165 etiam
1117 2110 1423 2182 profectus
1459 2116 1710 2168 exorant
1744 2129 1757 2168 :

91 2188 196 2261 ipsi
226 2196 282 2248 et
302 2192 578 2263 integros
604 2201 661 2251 et
690 2197 951 2253 viventes
981 2198 1135 2253 ﬁlios
1164 2199 1480 2272 recipiunt,
1509 2201 1760 2273 quando

88 2276 143 2333 in
169 2295 456 2354 supremo
481 2284 759 2342 examine
786 2301 857 2342 ex
886 2302 1097 2344 eorum
1129 2288 1249 2344 vita
1288 2288 1565 2361 perfectas
1595 2289 1758 2346 retri-

89 2366 341 2426 butionis
370 2372 605 2442 gaudia
633 2382 1108 2448 consequuntur.

741 2519 966 2574 CAPUT
1005 2521 1094 2574 ιν.

157 2639 531 2696 Enumeratis
566 2656 710 2709 ergo
754 2642 1128 2716 principibus
1175 2645 1533 2714 Salomonis,
1557 2648 1662 2719 qui
1692 2646 1753 2702 in

96 2741 268 2796 regno
292 2728 424 2799 ejus
472 2730 652 2786 variis
703 2731 913 2788 ofﬁciis
939 2734 1206 2806 deputati
1247 2735 1503 2806 fuerant,
1539 2753 1647 2793 seu
1669 2736 1756 2792 die

91 2817 262 2871 versis
312 2819 646 2890 provinciis
677 2827 994 2893 prmerant,
1029 2823 1298 2896 sequitur
1330 2825 1633 2897 Scriptura
1661 2825 1753 2881 di-

98 2918 229 2961 cens
259 2924 271 2961 ε

153 3017 179 3041 ‹‹
211 2997 498 3053 Salomon
520 3002 722 3056 autem
745 3004 871 3056 erat
898 3000 958 3055 in
984 3000 1207 3058 ditione
1226 3017 1356 3069 sua,
1378 3002 1613 3059 habens
1627 3019 1755 3059 om-

1942 1858 1970 1885 ς‹
2006 1836 2399 1909 Habebatque
2429 1851 2645 1909 pacem
2679 1834 2964 1892 Salomon
2989 1849 3061 1889 ex
3092 1834 3257 1890 omni
3286 1838 3455 1908 parte
3476 1835 3539 1891 in

1871 1948 1900 1975 ‹‹
1944 1926 2211 1981 circuitu.
2245 1924 2663 1997 Habitavitque
2684 1924 2841 1980 Iuda
2871 1931 2927 1978 et
2980 1922 3162 1978 Israel
3190 1923 3424 1996 absque
3476 1924 3540 1980 ti-

1873 2038 1897 2065 «
1944 2030 2110 2069 more
2141 2013 2262 2069 ullo
2297 2013 2711 2086 unusquisque
2735 2011 2849 2066 sub
2896 2012 3019 2066 vita
3049 2026 3160 2066 sua
3188 2015 3245 2066 et
3274 2010 3388 2065 sub
3416 2012 3540 2067 ﬁcu

1870 2124 1897 2152 ‹‹
1942 2119 2072 2173 sua,
2101 2119 2136 2159 a
2170 2106 2293 2158 Dan
2321 2118 2512 2175 usque
2547 2100 2856 2167 Bersabee,
2888 2099 3116 2155 cunctis
3136 2099 3351 2154 diebus
3377 2099 3540 2155 Salo-

1867 2212 1897 2246 ‹
1942 2192 2212 2247 monis.»
2259 2192 2442 2246 Isaias
2484 2206 2730 2263 quoque
2781 2190 2855 2245 de
2901 2188 3294 2261 Redemptore
3326 2192 3537 2244 nostro

1864 2281 1947 2337 ita
1978 2281 2153 2336 dicit:
2185 2279 2703 2350 Multiplicabitur
2730 2280 2858 2348 ejus
2904 2279 3218 2348 imperium
3275 2283 3329 2333 et
3361 2279 3537 2347 pacis

1868 2387 1987 2426 non
2019 2373 2132 2426 erit
2160 2371 2300 2439 ﬁnis
2325 2369 2467 2441 (Isa.
2499 2369 2597 2440 ιχ).
2633 2368 2746 2424 sub
2778 2368 2951 2439 cujus
2978 2365 3327 2422 defensione
3356 2383 3536 2422 verus

1862 2459 2016 2516 Juda
2039 2464 2095 2514 et
2120 2476 2294 2515 verus
2324 2458 2505 2514 Israel
2534 2457 2765 2530 absque
2800 2456 3010 2513 timore
3058 2454 3178 2512 ullo
3216 2455 3531 2512 habitant:

1864 2566 2005 2605 cum
2050 2548 2334 2604 cordibus
2364 2547 2572 2603 erectis
2612 2546 2690 2601 ad
2722 2545 3066 2614 Dominum,
3100 2548 3316 2600 cuncta
3354 2548 3535 2599 terre-

1863 2654 1944 2694 na
1976 2637 2331 2710 despiciunt,
2363 2652 2473 2692 nec
2524 2635 2789 2692 hostium
2840 2634 3037 2691 minas
3083 2634 3534 2707 pertimescunt,

1864 2727 1969 2782 sed
2002 2725 2061 2781 in
2094 2724 2379 2780 laudibus
2414 2723 2511 2779 Dei
2560 2724 2782 2794 jugiter
2811 2726 3214 2796 perseverant,
3238 2720 3536 2776 delectan-

1865 2821 1947 2870 tes
1977 2815 2034 2869 iu
2069 2814 2261 2885 gratia
2309 2812 2409 2867 Dei
2442 2815 2499 2867 et
2522 2811 2841 2868 dulcedine
2871 2809 3196 2880 cbaritatis,
3225 2826 3413 2882 quam
3443 2809 3534 2864 in-

1862 2907 2165 2959 cessanter
2195 2900 2422 2957 habent
2462 2900 2541 2956 ad
2595 2899 2916 2956 Dominum
2971 2903 3027 2954 et
3054 2897 3134 2954 ad
3164 2900 3532 2971 proximum.

1936 3015 1963 3041 «
1995 2991 2265 3047 Habebat
2296 2989 2581 3046 Salomon
2610 2987 3017 3061 quadraginta
3037 2986 3224 3042 millia
3240 2986 3538 3058 praesepia

92 3103 117 3130 α
154 3083 247 3140 nia
276 3101 467 3155 regna
509 3103 543 3142 ε
604 3086 852 3144 ﬂumine
884 3094 1053 3145 terra,
1106 3090 1407 3158 philisﬁm,
1444 3108 1637 3164 usque
1674 3092 1748 3149 ad
1787 3122 1826 3177 C
1862 3105 1887 3130 α
1923 3096 2218 3152 equorum
2276 3078 2607 3142 currilium,
2654 3082 2711 3131 et
2740 3075 3063 3130 duodecim
3095 3075 3280 3130 millia
3323 3090 3535 3147 eques-

90 3192 113 3217 «
152 3174 467 3230 terminum
519 3176 785 3248 Egypti,
818 3176 1197 3234 offerentium
1240 3180 1350 3235 sibi
1389 3197 1666 3251 munera,
1697 3186 1754 3237 et

89 3277 115 3311 ‹
152 3263 536 3319 servientium
588 3264 663 3321 ei.
715 3266 945 3321 cunctis
1004 3266 1218 3323 diebus
1270 3268 1402 3323 vitae
1443 3269 1593 3339 ejus.
1626 3290 1653 3317 »
1689 3272 1755 3325 Et

86 3350 208 3421 quis
260 3352 320 3407 iu
368 3353 487 3410 hoc
542 3354 755 3409 melius
802 3355 1175 3424 signiﬁcatur
1214 3374 1402 3430 quam
1463 3358 1753 3415 Paciﬁcus

87 3444 292 3510 noster,
322 3458 511 3515 quem
560 3444 990 3515 przetigurabat
1038 3446 1201 3501 idem
1254 3446 1579 3503 Salomon?
1620 3448 1752 3519 Ipse

86 3526 229 3583 enim
256 3530 463 3587 omnia
496 3546 687 3599 regna
712 3537 879 3587 terrm
912 3549 947 3587 a
986 3533 1126 3588 solis
1157 3539 1291 3589 ortu
1323 3550 1516 3606 usque
1546 3534 1628 3591 ad
1658 3551 1754 3591 oc-

82 3632 296 3682 casum,
336 3619 398 3673 in
433 3620 664 3674 ditione
698 3637 808 3677 sua
834 3621 1036 3685 habet,
1072 3627 1129 3677 et
1156 3622 1506 3678 dominatur
1536 3624 1753 3698 (Scrip-

85 3709 202 3761 tura
231 3710 392 3777 teste)
425 3729 442 3758 ι
477 3724 516 3763 a
570 3710 722 3764 mari
777 3726 968 3783 usque
1001 3711 1079 3767 ad
1112 3728 1299 3777 mare,
1339 3716 1395 3767 et
1425 3727 1462 3768 a
1501 3713 1751 3769 flumine

82 3808 259 3866 usque
308 3796 388 3851 ad
452 3797 744 3853 terminos
796 3799 960 3854 orbis
1014 3804 1184 3855 terrm
1236 3801 1448 3869 (Eccli.
1490 3803 1670 3874 xux).
1721 3824 1750 3853 »

82 3884 185 3952 lpsi
229 3885 498 3942 serviunt
549 3902 762 3943 omnes
801 3889 1033 3961 populi,
1074 3894 1131 3945 et
1178 3890 1369 3945 tribus
1402 3895 1460 3946 et
1504 3889 1745 3970 linguae,

80 3971 379 4030 otferentes
412 3976 465 4031 ei
518 3974 739 4031 scilicet
779 3993 1036 4033 munera
1079 3983 1252 4034 rectae
1280 3978 1420 4035 ﬁdei
1468 3984 1524 4034 et
1561 3980 1751 4037 bono-

80 4074 201 4115 rum
252 4080 535 4135 operum.
592 4088 617 4112 α
653 4067 863 4135 Reges,
917 4066 1129 4139 inquit,
1167 4067 1407 4124 Tharsis
1441 4073 1498 4124 et
1537 4068 1748 4125 insulas

78 4162 315 4207 munera
344 4153 606 4210 offerent
633 4171 645 4207 :
680 4170 851 4223 reges
884 4159 959 4209 Ar
985 4156 1151 4211 :bum
1177 4161 1233 4211 et
1263 4157 1422 4211 Saba
1453 4157 1618 4212 dona
1643 4156 1750 4213 ab-

78 4234 300 4297 ducent.
330 4245 393 4297 Et
442 4242 792 4298 adorabunt
849 4261 988 4299 eum
1047 4262 1260 4300 omnes
1313 4252 1503 4313 terrae,
1534 4262 1747 4301 omnes

79 4334 270 4392 gentes
296 4332 564 4386 servient
602 4331 652 4386 ei
686 4333 880 4392 tPsat.
906 4339 1075 4397 Lxxi).
1116 4356 1142 4383 ››
1167 4334 1340 4399 Quod
1372 4340 1574 4390 autem
1604 4335 1747 4390 sub-

76 4413 224 4472 ditur
252 4442 277 4467 α
305 4423 543 4476 cunctis
573 4420 791 4477 diebus
820 4423 951 4477 vitae
985 4424 1182 4493 ejus,»
1217 4424 1331 4479 hoc
1353 4429 1443 4479 est
1469 4424 1531 4479 in
1563 4441 1749 4480 saecu-

75 4501 189 4559 lum
216 4510 435 4567 saeculi.
465 4512 613 4583 quia
644 4510 769 4582 ipse
797 4512 1174 4583 permanebit
1205 4527 1466 4584 semper,
1499 4517 1557 4568 et
1575 4513 1745 4583 regni

76 4595 196 4664 ejus
242 4614 360 4655 non
413 4600 525 4656 erit
558 4600 715 4670 finis,
765 4603 1017 4675 ejusque
1068 4607 1335 4674 potestas
1380 4608 1467 4659 est
1498 4608 1743 4676 aeterna,

76 4686 234 4752 cujus
263 4689 406 4744 anni
437 4704 567 4745 non
599 4689 899 4746 deﬁcient.

143 4797 166 4820 ‹‹
196 4778 323 4833 Erat
352 4784 560 4833 autem
603 4777 771 4833 cibus
803 4779 1142 4835 Salomonis
1174 4796 1280 4853 per
1312 4780 1586 4851 singulos
1617 4781 1746 4839 dies

78 4880 103 4907 α
140 4863 419 4934 tringinta
451 4867 623 4922 chori
674 4867 908 4935 similae,
941 4872 997 4924 et
1046 4870 1359 4939 sexaginta
1404 4870 1572 4926 chori
1610 4871 1747 4927 fari-

78 4970 101 4997 «
141 4967 258 5015 me;
282 4955 495 5011 decem
532 4955 718 5010 boves
740 4956 1019 5028 pingues,
1047 4962 1104 5012 et
1149 4958 1355 5028 viginti
1385 4959 1572 5015 boves
1610 4976 1748 5032 pas.

78 5055 104 5087 ‹
142 5042 357 5108 cualcs,
387 5050 442 5121 et
465 5049 708 5101 centum
733 5046 971 5111 arietes,
1005 5052 1254 5119 excepta
1278 5047 1597 5104 venatione
1620 5063 1744 5105 cer-

79 5144 370 5199 avorum,
423 5138 483 5187 et
535 5147 915 5205 caprearum,
977 5139 1159 5207 atque
1225 5135 1622 5203 bubalorum,
1685 5140 1743 5193 et

80 5235 104 5259 «
143 5218 337 5273 avium
372 5220 648 5276 altiliuir.
682 5225 811 5294 Ipse
834 5222 991 5277 enim
1039 5223 1348 5279 obtinebat
1375 5240 1621 5280 omnem
1653 5240 1741 5280 re-

79 5318 105 5353 s
144 5304 373 5372 gionem
406 5324 546 5380 qum
600 5314 727 5365 erat
756 5316 922 5365 trans
954 5312 1200 5381 flumen,
1226 5311 1405 5384 quasi
1437 5327 1472 5367 a
1498 5312 1738 5385 Thapsa

83 5412 107 5437 «ι
145 5410 349 5467 usque.
382 5404 496 5453 etc.
529 5420 557 5446 ››
591 5398 742 5462 Quid
774 5414 918 5463 ergo
948 5398 1119 5455 cibus
1160 5402 1266 5455 iste
1300 5400 1637 5457 Salomonis
1664 5400 1734 5458 si-

83 5483 329 5554 gnificat,
355 5487 469 5541 nisi
506 5487 884 5544 refectionem
920 5491 1075 5554 regis
1099 5491 1283 5547 nostri
1309 5491 1452 5546 Jesu
1479 5491 1736 5556 Christi?

83 5571 174 5639 qui
208 5573 350 5630 bene
378 5577 650 5647 ρίιεοὶῑυυ
665 5582 824 5633 recta
840 5577 958 5633 ﬁde
987 5580 1342 5652 ctoperibus
1370 5579 1567 5651 bonis,
1598 5596 1733 5653 quae

84 5657 156 5711 illi
184 5664 442 5732 quotidie
498 5664 833 5722 offeruntur
870 5668 949 5723 ab
983 5669 1241 5724 Ecclesia
1270 5669 1583 5725 catholica.
1616 5668 1735 5725 Tri-

87 5746 236 5817 ginta
264 5768 403 5827 ergo
433 5753 602 5811 chori
640 5755 852 5813 similae
892 5762 1149 5832 possunt
1178 5758 1512 5836 exprimere
1544 5757 1728 5818 ﬁdem

1864 3196 1891 3221 ‹‹
1933 3172 2132 3237 trium,
2161 3167 2624 3239 nutriebantque
2678 3182 2781 3221 eos
2827 3164 3156 3237 supradicti
3195 3164 3353 3233 regis
3383 3180 3535 3235 prae-

1862 3282 1888 3313 «
1933 3259 2088 3315 fecti.
2136 3280 2163 3307 ››
2215 3256 2367 3321 Quid
2413 3271 2521 3327 per
2576 3254 3113 3328 quadragenarum
3171 3267 3531 3321 numerum;

1860 3349 1972 3405 nisi
2019 3352 2295 3419 tempora
2340 3344 2491 3413 legis
2553 3344 2762 3417 priscae
2815 3342 3256 3412 designantur?
3287 3340 3439 3406 Quia
3478 3344 3536 3397 et

1860 3443 2090 3510 Moyses
2113 3436 2273 3491 illam
2307 3440 2663 3506 accepturus
2704 3428 3110 3505 quadraginta
3141 3431 3355 3486 diebus
3376 3430 3533 3499 jeju-

1859 3529 2043 3597 navit,
2073 3532 2129 3581 et
2154 3524 2416 3599 populus
2450 3522 2826 3592 lsraeliticus,
2858 3522 2961 3595 qui
2985 3537 3091 3594 per
3120 3537 3255 3577 eam
3282 3521 3534 3575 instrue-

1857 3619 2057 3684 batur,
2098 3615 2507 3688 quadraginta
2546 3613 2722 3669 annis
2768 3612 2828 3668 in
2864 3627 3068 3667 eremo
3102 3610 3342 3666 mansit.
3375 3613 3531 3665 Duo-

1859 3706 2142 3763 denarius
2168 3720 2310 3759 vero
2338 3718 2630 3759 numerus
2662 3717 2927 3773 praesens
2951 3705 3190 3772 tempus
3232 3697 3534 3769 significat

1858 3798 1918 3852 in
1948 3812 2072 3869 quo
2100 3793 2430 3866 apostolica
2472 3790 2745 3847 doctrina
2773 3789 2919 3846 Novi
2947 3788 3306 3845 Testamenti
3338 3802 3531 3859 popu-

1856 3886 1984 3942 lum
2002 3884 2225 3939 nutriit.
2250 3885 2398 3937 Bene
2415 3894 2660 3953 quoque
2682 3894 2789 3951 per
2809 3875 3383 3950 quadragenarium,
3409 3875 3529 3930 sive

1853 3972 2296 4030 duodenarium
2320 3984 2665 4035 numerum,
2687 3966 2982 4040 praesepia
3019 3979 3319 4037 equorum
3365 3963 3527 4020 Salo-

1854 4063 2055 4120 monis
2083 4064 2512 4126 numerantur;
2543 4056 2770 4130 quiain
2809 4061 3064 4128 utroque
3086 4053 3314 4127 populo
3347 4051 3528 4123 legali

1856 4151 2132 4207 videlicet
2159 4155 2216 4205 et
2241 4147 2613 4216 evangelico,
2646 4145 2728 4201 illi
2759 4144 2865 4218 qui
2903 4144 3104 4200 minus
3133 4143 3526 4213 intelligentes

1858 4241 2117 4303 fuerunt,
2150 4238 2229 4295 ad
2257 4237 2555 4310 praesepia
2586 4240 2934 4291 sanctarum
2967 4233 3409 4307 Scripturarum
3440 4232 3530 4287 in-

1854 4332 2138 4397 vitantur,
2174 4332 2235 4381 ut
2266 4325 2564 4399 pabulum
2605 4324 2689 4380 ibi
2733 4340 2920 4380 sacrae
2968 4323 3255 4379 doctrinis
3288 4322 3525 4394 accipe-

1852 4424 2003 4490 rent,
2035 4425 2334 4492 quatenus
2374 4413 2662 4489 equitatui
2712 4414 2936 4469 summi
2970 4413 3129 4484 regis
3156 4412 3388 4469 habiles
3423 4411 3526 4469 ﬁe-

1852 4515 2012 4576 rent;
2046 4530 2073 4557 ‹‹
2096 4506 2562 4578 nutriebantque
2591 4520 2693 4559 eos
2719 4502 3051 4577 supradicti
3080 4503 3236 4572 regis
3279 4501 3524 4574 praefec-

1853 4622 1878 4649 ‹‹
1913 4599 1993 4666 ti;
2028 4615 2165 4653 cum
2219 4595 2640 4668 unusquisque
2693 4593 3030 4658 doctorum,
3056 4606 3335 4647 sermone
3377 4589 3521 4644 ﬁdei

1850 4695 1908 4745 et
1937 4685 2214 4760 exemplo
2238 4686 2417 4740 bonae
2465 4681 2853 4755 operationis,
2887 4680 3105 4750 satagit
3132 4683 3377 4751 pastum
3401 4675 3517 4731 illis

1854 4777 2160 4833 salubrem
2184 4773 2473 4835 conferre,
2504 4768 2666 4826 unde
2688 4769 3068 4841 subsequens
3110 4768 3412 4840 Scriptura
3442 4763 3518 4820 de

1852 4868 1936 4922 eis
1962 4865 2106 4920 dicit
2129 4882 2142 4919 :

1923 4978 1949 5005 «
1979 4952 2092 5010 Sed
2117 4957 2174 5007 et
2192 4948 2534 5007 necessaria
2559 4963 2784 5003 mensa
2813 4944 2970 5015 regis
2994 4943 3355 5013 Salomonis,
3374 4956 3516 5000 cum

1852 5066 1879 5094 ‹‹
1921 5041 2149 5112 ingenti
2182 5056 2327 5096 cura
2366 5036 2720 5111 praebebant
2747 5039 3015 5108 tempore
3049 5049 3180 5089 suo.
3211 5031 3515 5089 Hordeum

1851 5155 1876 5183 α
1920 5145 2164 5204 quoque
2196 5133 2252 5184 et
2277 5127 2481 5201 paleas
2510 5141 2809 5199 equorum
2838 5128 2895 5180 et
2916 5124 3327 5195 jumentorum
3355 5121 3513 5178 defe-

1848 5245 1876 5271 ‹‹
1918 5221 2132 5277 rebant
2161 5218 2219 5273 in
2250 5218 2474 5282 locum,
2498 5216 2602 5272 ubi
2632 5218 2760 5271 erat
2784 5229 2887 5270 rex
2920 5213 3094 5285 juxta
3120 5212 3508 5269 constitutum

1847 5335 1873 5362 ‹‹
1920 5309 2055 5366 sibi.
2089 5331 2117 5360 ‹‹
2147 5308 2295 5374 Quia
2326 5323 2399 5363 ne
2424 5305 2572 5380 quid
2602 5303 2757 5361 desit
2782 5305 2877 5360 his
2905 5303 3010 5376 qui
3049 5303 3109 5357 in
3139 5302 3324 5358 domo
3354 5299 3512 5370 regis

1845 5404 2112 5470 manent,
2136 5403 2292 5455 totus
2314 5397 2462 5454 ordo
2487 5399 2839 5452 sanctorum
2859 5393 3347 5468 praedicatorum,
3374 5389 3512 5445 scri-

1840 5490 2044 5548 bendo
2068 5488 2289 5544 scilicet
2318 5490 2375 5542 et
2424 5484 2733 5559 loquendo
2763 5483 3020 5547 laborat,
3062 5485 3128 5537 ut
3157 5495 3370 5537 mensa
3402 5481 3511 5535 Do-

1848 5579 1992 5636 mini
2021 5576 2369 5634 abundetin
2401 5574 2576 5648 copia
2599 5574 2913 5641 librorum,
2946 5576 3001 5627 et
3032 5572 3343 5627 decentem
3372 5584 3511 5643 pas-

1843 5675 1972 5727 tum
1999 5668 2137 5724 inde
2164 5664 2429 5722 habeant
2456 5663 2682 5738 quique
2712 5661 3003 5718 ﬁdelium.

1913 5781 1941 5810 «
1978 5757 2146 5819 Dedit
2186 5771 2433 5832 quoque
2489 5756 2644 5810 Deus
2672 5751 3031 5827 sapientiam
3087 5750 3418 5822 Salomoni,
3449 5753 3507 5815 et
