3940 6400
434 316 541 371 403

1545 308 1904 369 ANGELOMI
1942 309 2417 371 LUXOVIENSIS
2456 314 2771 372 MONACHI
3762 319 3858 375 404

440 459 471 489 ‹‹
510 436 895 510 prudentiam
913 435 1163 491 multam
1191 436 1389 505 nimis,
1409 436 1846 493 etlatitudinem
1875 433 2092 503 cordis,
2119 435 2172 492 Α
2211 439 2265 493 et
2318 454 2425 511 per
2456 438 2637 495 David
2670 439 2921 495 dicitur:
2963 463 2991 489 «
3024 442 3149 496 Vox
3178 439 3414 497 Domini
3441 439 3861 512 confringentis

444 544 473 571 α
515 522 691 595 quasi
725 538 968 578 arenam
993 537 1127 593 quae
1157 521 1319 575 estin
1346 521 1536 576 littore
1564 522 1769 577 maris.
1792 524 1857 577 Et
1882 536 2100 593 prmce-

442 633 472 659 ‹‹
517 614 697 670 debat
726 609 1017 683 sapientia
1060 609 1395 665 Salomonis
1434 610 1792 682 sapientiam
1825 610 2097 665 omnium

444 732 473 760 «
516 701 903 764 Orientalium
953 703 1009 754 et
1036 699 1482 771 1Egyptiorum,
1517 703 1573 755 et
1620 703 1745 755 erat
1777 700 2100 772 sapientior

443 821 472 849 ‹‹
513 792 738 852 cunctis
783 788 1152 845 horninibus.
1187 789 1520 861 Sapientior
1562 791 1748 845 Ethan
1782 790 2020 849 Ezraite.
2046 794 2102 845 et

444 906 473 940 ι
510 885 742 939 Heman
773 883 828 935 et
854 877 1091 947 Chacal,
1125 882 1179 933 et
1232 878 1428 933 Dorda
1458 878 1593 932 ﬁliis
1624 878 1835 935 Mahol.
1872 900 1900 929 »
1935 877 2102 933 Dedit

438 974 639 1045 itaque
658 973 813 1025 Deus
841 967 1147 1023 Salomoni
1168 970 1376 1022 nostro
1395 967 1749 1038 sapientiam
1772 970 1827 1022 et
1843 967 2102 1039 pruden-

438 1063 604 1132 tiam,
633 1060 787 1115 ultra
816 1073 1030 1113 omnes
1083 1056 1355 1111 homines
1388 1060 1442 1111 et
1468 1073 1713 1111 omnem
1764 1060 2099 1112 creaturam

434 1146 884 1214 rationabilem;
908 1144 983 1200 de
1011 1160 1132 1216 quo
1163 1147 1426 1200 Joannes
1453 1144 1629 1201 dicit:
1665 1168 1691 1195 «
1723 1147 1912 1211 Quem
1938 1143 2099 1199 enim

438 1239 599 1295 misit
628 1239 804 1304 Deus,
849 1233 1104 1290 verbum
1156 1233 1257 1288 Dei
1308 1235 1609 1305 loquitur;
1642 1250 1766 1289 non
1821 1234 1982 1289 enim
2022 1233 2097 1289 ad

437 1342 793 1384 mensuram
819 1324 923 1380 dat
944 1323 1099 1379 Deus
1133 1322 1440 1395 spiritum;
1476 1327 1642 1379 Pater
1672 1324 1862 1393 diligit
1892 1325 2100 1380 Filium

440 1423 498 1474 et
525 1416 733 1473 omnia
756 1413 920 1469 dedit
946 1413 1006 1468 in
1035 1428 1222 1468 manu
1266 1413 1395 1483 ejus
1433 1415 1631 1479 (Joan.
1666 1419 1767 1479 IlI).
1800 1435 1828 1463 »
1864 1417 1925 1469 Et
1958 1412 2100 1469 alibi

441 1507 578 1580 ipsa
605 1505 831 1560 Veritas
859 1503 1037 1558 dicit:
1083 1522 1112 1555 ‹
1144 1502 1301 1557 Sicut
1326 1501 1485 1557 enim
1517 1507 1681 1557 Pater
1708 1503 1891 1559 habet
1918 1503 2101 1558 vitam

442 1596 504 1651 in
536 1594 878 1666 semetipso,
902 1593 983 1647 sic
1006 1590 1170 1646 dedit
1197 1594 1253 1646 et
1284 1590 1424 1647 Filio
1458 1592 1639 1647 vitam
1665 1592 1886 1648 habere
1917 1592 1977 1647 in
2018 1608 2104 1645 se-

2207 525 2419 581 cedros
2452 527 2640 597 (Psal.
2699 528 2912 599 xxvui).
2948 551 2973 578 η
3027 531 3075 583 Α
3126 528 3304 584 cedro
3353 529 3557 602 itaque
3605 530 3862 586 Christus

2206 630 2398 687 usque
2430 616 2510 673 ad
2539 616 2874 689 hyssopum
2905 610 3195 690 disputat,
3226 618 3372 691 quia.
3400 617 3531 692 ipse
3581 618 3862 692 superbo-

2207 720 2343 758 rum
2370 703 2554 760 corda
2581 706 2971 761 ethumilium
2998 705 3246 778 judicat.
3269 708 3457 781 Super
3482 706 3654 778 ligna
3676 712 3863 763 autem

2209 792 2553 865 disputavit,
2601 794 2747 850 dum
2794 796 2854 850 in
2882 811 3054 851 cruce
3086 796 3387 869 pependit.
3419 799 3584 852 Tunc
3624 795 3781 853 enim
3810 795 3863 852 in

2164 936 2173 943 ,
2208 881 2387 936 cedro
2428 882 2627 937 saeculi
2682 884 3087 953 arrogantiam
3114 884 3426 955 judicavit.
3470 885 3671 950 Quam
3697 886 3862 941 etiam

2208 986 2401 1043 usque
2446 970 2523 1026 ad
2571 973 2820 1044 hyssopi
2868 972 3286 1040 humilitatem,
3320 972 3381 1028 id
3424 976 3511 1028 est
3550 989 3745 1046 usque
3796 973 3864 1028 ad

2210 1060 2402 1114 crucis
2434 1059 2849 1130 stultitiam,ad
2872 1060 3381 1134 contemptibilem
3401 1076 3745 1117 sermonem
3771 1067 3863 1116 de-

2209 1148 2377 1204 duxit
2405 1148 2562 1206 ﬁdei.
2598 1149 2740 1205 Hinc
2780 1150 3003 1205 Paulus
3055 1151 3165 1207 ait:
3203 1174 3229 1201 ‹‹
3263 1150 3523 1206 Verbum
3553 1150 3717 1206 enim
3748 1166 3866 1206 cru-

2208 1237 2291 1293 cis
2318 1238 2707 1310 pereuntibus
2740 1239 2986 1312 quidem
3009 1239 3249 1295 stultitia
3283 1244 3388 1305 est,
3419 1239 3513 1295 his
3544 1244 3750 1296 autem
3770 1240 3863 1312 qui

2209 1326 2353 1382 salvi
2379 1326 2549 1395 ﬁunt,
2582 1328 2641 1383 id
2672 1334 2763 1384 est
2792 1330 2987 1398 nobis,
3023 1330 3208 1384 virtus
3241 1330 3340 1385 Dei
3373 1333 3459 1385 est
3490 1330 3551 1399 (Ι
3578 1330 3719 1386 Cor.
3754 1332 3814 1400 ι).
3840 1352 3862 1377 ››

2210 1416 2507 1488 Scriptum
2540 1422 2626 1473 est
2654 1418 2848 1474 enim:
2894 1439 2918 1469 ι
2948 1419 3199 1474 Perdam
3233 1417 3592 1492 sapientiam
3642 1418 3863 1491 sapien-

2211 1506 2382 1572 tium,
2417 1509 2472 1561 et
2500 1506 2883 1578 prudentiam
2944 1507 3330 1579 prudentium
3363 1506 3711 1579 reprobabo
3740 1507 3863 1578 (Isa.

2212 1595 2389 1666 xxxx).
2426 1618 2452 1645 ››
2486 1598 2550 1650 Et
2582 1596 2765 1667 paulo
2806 1601 2973 1668 post:
3010 1620 3036 1645 «
3068 1600 3216 1652 Nam
3249 1596 3392 1668 quia
3412 1595 3475 1651 in
3507 1595 3612 1651 Dei
3645 1595 3865 1669 sapien-

444 1683 732 1755 metipso:
785 1685 841 1737 et
868 1684 1223 1754 potestatem
1254 1678 1419 1735 dedit
1461 1680 1514 1735 ei
1558 1681 1853 1751 judicium
1886 1681 2103 1751 facere,
2213 1684 2295 1739 tia
2348 1699 2471 1739 non
2522 1685 2802 1753 cognovit
2846 1685 3111 1740 mundus
3137 1700 3243 1757 per
3276 1683 3637 1758 sapientiam
3673 1687 3865 1749 Deum,

443 1774 590 1847 quia
605 1772 764 1827 ﬁlius
786 1770 1047 1826 hominis
1065 1774 1154 1824 est
1179 1771 1374 1836 (Joan.
1402 1775 1517 1839 v).»
1543 1772 1684 1826 Hinc
1697 1770 1914 1827 Paulus
1932 1787 2107 1842 apos-
2135 1787 2176 1842 Β
2214 1772 2437 1845 placuit
2466 1774 2586 1829 Dco
2614 1791 2722 1847 per
2753 1774 3064 1829 stultitiam
3087 1773 3538 1847 praedicationis
3571 1772 3773 1830 salvos
3798 1770 3868 1827 fa-

444 1861 603 1918 tolus
630 1860 711 1915 ait
738 1859 812 1915 de
841 1859 974 1931 ipso
1016 1858 1268 1913 Domino
1298 1858 1559 1914 Christo:
1591 1884 1616 1910 «κ
1653 1860 1762 1925 Qui
1789 1864 1876 1915 est
1900 1861 2105 1929 imago
2219 1877 2349 1916 cere
2382 1862 2690 1917 credentes
2723 1862 2783 1932 (Ι
2808 1863 2936 1918 Cor.
2968 1862 3029 1933 ι).
3056 1884 3084 1911 ››

444 1951 548 2005 Dei
568 1946 898 2015 invisibilis,
931 1947 1367 2020 primogenitus
1393 1950 1590 2003 omnis
1619 1954 1903 2005 creaturae
1926 1968 1939 2017 ;
1962 1949 2108 2023 quia
2290 1974 2316 2000 «
2352 1954 2419 2007 Et
2442 1952 2717 2008 disseruit
2740 1952 3025 2009 Salomon
3053 1953 3126 2007 de
3143 1951 3433 2024 jumentis
3458 1955 3516 2007 et
3536 1949 3867 2008 volucribus

443 2039 506 2095 in
529 2039 663 2111 ipso
693 2037 934 2094 condita
956 2042 1096 2094 sunt
1131 2039 1429 2105 universa,
1464 2038 1521 2093 in
1554 2039 1718 2093 caelis
1750 2044 1807 2095 et
1835 2040 1897 2095 in
1930 2045 2103 2109 terra,

441 2127 697 2184 visibilia
726 2130 781 2182 et
808 2126 1153 2199 invisibilia,
1183 2128 1308 2182 sive
1340 2128 1560 2193 throni,
1596 2129 1719 2184 sive
1752 2128 2113 2186 dominatio-

444 2234 575 2281 nes,
611 2217 735 2272 sive
777 2215 1170 2289 principatus,
1214 2217 1333 2271 sive
1380 2221 1722 2288 potestates.
1762 2220 1975 2275 Omnia
2005 2236 2115 2292 per

456 2307 659 2380 ipsum
690 2310 747 2362 et
768 2305 829 2362 in
860 2306 996 2379 ipso
1029 2311 1225 2361 creata
1260 2309 1418 2373 sunt,
1453 2311 1510 2361 et
1538 2307 1666 2379 ipse
1697 2312 1786 2363 est
1824 2312 1959 2364 ante
1990 2325 2118 2365 om-

447 2412 581 2468 nes,
609 2400 667 2452 et
718 2396 924 2452 omnia
976 2395 1038 2451 in
1067 2395 1203 2469 ipso
1233 2399 1531 2463 constant,
1565 2401 1621 2453 et
1662 2397 1791 2469 ipse
1817 2402 1905 2454 est
1933 2416 2120 2473 caput

452 2484 722 2559 corporis
753 2483 1047 2554 Ecclesiae,
1079 2485 1179 2557 qui
1214 2489 1305 2540 est
1349 2485 1714 2557 principium
1754 2488 2119 2559 primogeni-

452 2580 550 2632 tus
584 2591 655 2629 ex
701 2576 988 2631 mortuis:
1032 2578 1098 2629 ut
1125 2575 1199 2629 sit
1230 2575 1356 2647 ipse
1385 2574 1445 2629 in
1477 2574 1761 2630 omnibus
1790 2577 2117 2648 primatum

458 2667 689 2731 tenens,
722 2663 867 2734 quia
895 2663 955 2718 in
986 2662 1120 2735 ipso
1152 2662 1779 2734 complacuitomnem
1810 2665 2123 2737 plenitudi-

462 2767 608 2807 nem
638 2750 961 2807 divinitatis
1005 2750 1342 2806 inhabitare
1377 2752 1782 2823 corporaliter,
1823 2754 1963 2809 etin
1988 2756 2120 2827 ipso

458 2843 599 2895 sunt
630 2855 841 2894 omnes
872 2839 1136 2895 thesauri
1166 2840 1472 2911 sapientiae
1502 2846 1557 2895 et
1583 2840 1839 2896 scientiae
1867 2841 2118 2897 abscon-

460 2928 567 2984 diti
599 2928 814 3001 (Celes.
837 2946 875 2996 ι,
900 2931 977 2999 ιι),
1006 2953 1033 2979 ››
1076 2930 1367 2985 Omnibus
1390 2946 1531 2999 ergo
1564 2930 1857 3001 sapientia
1877 2932 1996 2986 veri
2022 2934 2120 2988 Sa-
2226 2930 2580 2993 rationibus,
2618 2936 2679 2984 ut
2706 2931 3155 2986 consideremus
3184 2930 3623 2986 beatitudinem
3651 2928 3867 2999 angelo«
3894 2962 3903 2975 ‹

452 3017 714 3074 lomonis
746 3018 1076 3087 antecellit;
1133 3021 1278 3091 quia
1320 3019 1578 3074 multum
1611 3020 1795 3075 distat
1832 3020 1985 3076 inter
2014 3039 2116 3077 eos
2229 3036 2387 3089 rum,
2414 3019 2724 3076 utilitatem
2751 3019 3088 3081 hominum,
3109 3024 3165 3075 et
3191 3019 3579 3075 calliditatem
3603 3020 3869 3089 maligno-

453 3107 559 3180 qui
624 3108 1076 3180 participatione
1134 3109 1440 3181 sapientiae
1498 3111 1797 3182 sapientes
1856 3117 2015 3175 sunt,
2064 3116 2120 3168 et
2150 3144 2191 3200 Ο
2226 3125 2361 3164 rum
2387 3108 2736 3181 spirituum;
2762 3110 2965 3183 sicque
2996 3108 3162 3182 quod
3193 3108 3422 3165 malum
3447 3114 3543 3165 est
3572 3108 3869 3182 reproban-

452 3196 622 3253 illum
665 3197 770 3270 qui
809 3203 898 3254 est
945 3198 1081 3254 fons
1136 3200 1445 3271 sapientiae
1492 3205 1549 3255 et
1586 3199 1756 3269 origo
1808 3200 2116 3257 virtutum.
2161 3196 2189 3200 ”
2225 3201 2352 3267 tes;
2385 3199 2549 3271 quod
2578 3199 2810 3254 bonum
2838 3204 2925 3254 est
2948 3198 3266 3268 eligamus,
3290 3198 3570 3272 etipsum
3600 3202 3868 3255 sectemur

454 3287 603 3342 Hinc
633 3292 722 3344 est
747 3287 895 3343 illud
918 3287 1083 3360 quod
1116 3288 1417 3360 sequitur:
2227 3303 2464 3359 semper
2484 3287 2744 3343 invicem
2784 3293 2841 3343 et
2861 3288 2921 3343 in
2954 3304 3185 3343 omnes.

2299 3399 2327 3426 ‹‹
2362 3380 2426 3432 Et
2454 3377 2775 3432 veniebant
2800 3377 2876 3431 de
2904 3377 3133 3432 cunctis
3163 3375 3403 3450 populis
3426 3377 3506 3432 ad
3529 3374 3867 3433 audiendam

2228 3489 2254 3516 ‹‹
2300 3466 2657 3538 sapientiam
2693 3467 3054 3534 Salomonis,
3097 3472 3154 3522 et
3196 3466 3275 3522 ah
3314 3467 3613 3523 universis
3654 3464 3865 3537 regibus

2227 3574 2257 3609 «
2298 3560 2487 3623 terrae,
2520 3556 2626 3628 qui
2682 3555 3013 3611 audiebant
3071 3554 3428 3628 sapientiam
3466 3556 3619 3627 ejus.
3670 3577 3697 3605 ι)
3748 3554 3864 3609 Hinc

2226 3646 2522 3717 propheta
2579 3644 2761 3700 Isaias
2815 3644 2924 3700 ait:
2978 3664 3008 3698 ‹
3044 3645 3160 3700 Erit
3197 3645 3258 3700 in
3292 3645 3638 3701 novissimis
3682 3642 3864 3700 diebus

2225 3737 2602 3806 praeparatus
2633 3750 2809 3789 mons
2841 3734 3063 3789 domus
3102 3733 3339 3789 Domini
3381 3734 3443 3790 in
3472 3733 3692 3791 vertice
3728 3740 3865 3788 mon“

2229 3821 2399 3888 tium,
2426 3826 2482 3876 et
2512 3820 2838 3877 elcvabitur
2866 3839 3045 3896 super
3075 3822 3275 3893 colles,
3317 3826 3373 3879 et
3412 3822 3604 3879 fluent
3641 3820 3717 3877 ad
3745 3833 3862 3874 eum

2228 3925 2440 3964 omnes
2468 3916 2693 3980 gentes,
2714 3917 2769 3966 et
2789 3910 2963 3967 ibunt
2988 3910 3195 3984 populi
3221 3911 3412 3979 multi,
3446 3916 3503 3968 et
3534 3912 3753 3967 dicent:
3776 3908 3862 3961 Ve.

2228 3998 2367 4064 nite,
2389 4000 2794 4055 aseendamus
2813 4000 2889 4055 ad
2914 4006 3180 4056 montem
3205 4001 3525 4069 Domini,et
3540 4000 3617 4058 ad
3639 3999 3861 4055 domum

2230 4089 2329 4143 Dei
2359 4088 2564 4157 Jacob,
2598 4094 2654 4145 et
2682 4090 2919 4145 docebit
2950 4106 3061 4145 nos
3091 4090 3219 4145 vias
3246 4107 3409 4157 suas,
3442 4095 3501 4146 et
3550 4082 3860 4147 ambulabi-

2220 2059 2250 2093 ‹
2291 2044 2347 2095 et
2406 2040 2716 2113 reptilibus
2772 2046 2828 2095 et
2874 2040 3161 2113 piscibus.
3197 2062 3225 2090 »
3260 2039 3545 2096 Disseruit
3602 2039 3865 2097 Salomon

2219 2134 2423 2184 noster
2446 2128 2521 2183 de
2549 2130 2797 2199 singulis
2829 2130 3141 2201 speciebus
3169 2128 3523 2185 animalium
3547 2145 3562 2184 :
3594 2129 3739 2203 quia
3762 2144 3869 2184 om-

2222 2217 2323 2274 nia
2353 2219 2518 2273 nuda
2564 2224 2621 2274 et
2667 2223 2875 2291 aperta
2918 2222 3055 2274 sunt
3084 2217 3271 2274 oculis
3300 2218 3449 2289 ejus,
3479 2234 3595 2274 nec
3640 2223 3729 2273 est
3764 2215 3868 2273 ulla

2224 2313 2496 2363 creatura
2544 2307 2857 2363 invisibilis
2901 2307 2962 2363 in
3005 2312 3332 2380 conspectu
3378 2307 3530 2378 ejus.
3566 2311 3697 2381 Ipse
3725 2306 3870 2363 novit

2226 2414 2437 2454 omnes
2464 2398 2852 2467 cogitationes
2884 2397 3221 2453 hominum.
3256 2401 3385 2469 Ipse
3411 2401 3695 2453 numerat
3732 2394 3867 2452 mul-

2228 2488 2509 2544 titudines
2534 2487 2861 2554 stellarum,
2888 2487 3000 2561 ipsi
3031 2492 3195 2561 patet
3222 2486 3505 2559 abyssus,
3537 2490 3599 2543 et
3622 2485 3867 2542 infernus

2226 2592 2350 2632 non
2382 2581 2470 2631 est
2499 2577 2889 2633 absconditus
2920 2593 3125 2632 coram
3158 2592 3250 2631 eo.
3283 2576 3467 2641 Quasi
3498 2577 3661 2631 enim
3682 2575 3865 2646 dispu-

2228 2669 2349 2720 tare
2407 2664 2594 2737 ipsius
2647 2669 2753 2732 est,
2789 2682 2927 2720 cum
2974 2664 3350 2735 singulorum
3379 2665 3678 2720 rationem
3714 2662 3867 2719 nobis

2227 2754 2529 2826 proponit,
2558 2757 2615 2809 et
2662 2754 2722 2808 in
2759 2753 3074 2826 Scripturis
3132 2753 3257 2808 suis
3313 2753 3638 2809 manifesta
3690 2767 3865 2808 sacra-

2226 2847 2430 2896 menta
2459 2858 2591 2913 quae
2624 2842 2863 2896 fuerunt
2905 2841 3261 2897 abscondita
3290 2857 3327 2897 a
3354 2842 3593 2896 saeculis
3622 2845 3678 2897 et
3718 2855 3869 2911 gene-

531 3394 562 3427 ‹
601 3378 667 3431 Et
695 3381 821 3433 erat
847 3378 1193 3434 nominatus
1222 3380 1283 3433 in
1340 3378 1629 3434 universis
1677 3379 1955 3449 gentibus
2013 3397 2120 3453 per

461 3485 491 3514 ‹‹
531 3462 863 3521 circuitum.
895 3489 923 3515 ››
951 3468 1101 3531 Quia
1121 3482 1344 3521 nomen
1368 3467 1497 3536 ejus
1528 3467 1888 3538 praedicatur
1912 3470 1973 3524 in
1988 3470 2119 3524 uni-

458 3568 635 3609 verso
663 3555 929 3611 mundo:
962 3571 1073 3611 nec
1104 3562 1195 3610 est
1226 3571 1445 3611 nomen
1487 3556 1653 3611 aliud
1684 3558 1795 3613 sub
1827 3558 1978 3614 coelo
2008 3560 2117 3615 da-

461 3646 591 3699 tum
632 3643 983 3700 hominibus
1034 3643 1098 3699 in
1149 3661 1272 3717 quo
1303 3649 1577 3717 oporteat
1603 3662 1715 3702 nos
1748 3647 1945 3703 salvos
1990 3648 2117 3705 ﬁeri

459 3731 620 3804 (Act.
655 3737 756 3803 Iv).

535 3840 556 3873 ι
593 3824 849 3880 Locutus
873 3826 965 3880 est
993 3838 1236 3897 quoque
1266 3822 1551 3879 Salomon
1582 3822 1692 3879 tria
1721 3823 1908 3880 millia
1937 3839 2117 3897 para-

460 3935 488 3964 ‹‹
528 3911 829 3981 bolarum,
857 3916 915 3969 et
942 3912 1184 3970 fuerunt
1212 3912 1483 3969 carmina
1531 3913 1661 3984 ejus
1693 3913 1961 3986 quinque
1992 3915 2118 3970 mil-

459 4020 489 4050 ε
529 3999 630 4056 lia.
660 4024 687 4051 ››
729 4002 880 4063 Quid
934 4002 1096 4059 enim
1145 4019 1252 4074 per
1281 4002 1392 4057 tria
1434 4001 1620 4057 millia
1664 4002 2114 4075 parabolarum,

457 4087 574 4143 nisi
621 4088 930 4161 plenitudo
986 4090 1128 4146 ﬁdei
1170 4091 1229 4145 in
1288 4089 1418 4160 lege
1477 4097 1533 4146 et
1588 4091 1647 4146 in
1698 4093 2036 4161 Evangeliis
2086 4111 2122 4151 a

460 4178 688 4234 Christo
714 4179 927 4236 tradita
977 4180 1364 4249 designatur?
1391 4181 1539 4245 Quia
1578 4181 1722 4237 dum
1775 4187 1895 4239 tota
1924 4184 2120 4240 multi-

455 4267 686 4340 pliciter
713 4285 821 4341 per
863 4269 1285 4339 allegoriarum
1312 4287 1523 4326 sensus
1549 4271 1661 4327 sub
1683 4274 1972 4345 mysterio
1995 4274 2116 4331 Tri-

454 4356 654 4413 nitatis
676 4358 1005 4428 disseritur,
1021 4360 1197 4432 quasi
1217 4360 1327 4416 tria
1342 4361 1506 4417 milia
1518 4361 1947 4433 parabolarum
1961 4378 2114 4419 nun-

455 4449 733 4518 cupatur.
757 4447 1038 4505 Carmina
1071 4453 1273 4505 autem
1320 4450 1451 4521 ejus
1478 4449 1748 4521 quinque
1793 4448 1977 4506 millia
2006 4466 2114 4522 per

452 4535 722 4610 quinque
782 4554 994 4594 sensus
1044 4538 1310 4610 corporis
1360 4538 1788 4605 intelliguntur,
1818 4554 1973 4611 quos
2003 4540 2111 4610 qui

448 4623 514 4681 in
562 4624 814 4683 diversis
860 4627 1173 4684 virtutibus
1227 4628 1381 4684 bene
1424 4627 1592 4694 regit,
1643 4626 1859 4682 beatus
1890 4630 1999 4692 est,
2052 4633 2111 4683 et
2296 4646 2322 4673 «
2364 4623 2707 4679 zEdiﬁcavit
2753 4624 3002 4680 domum
3034 4623 3289 4681 Domini.
3325 4647 3353 4674 »
3397 4626 3621 4681 Domus
3651 4614 3856 4678 Domini

446 4729 557 4787 per
593 4731 696 4772 eos
742 4716 920 4789 quasi
966 4716 1233 4790 quinque
1265 4716 1452 4773 millia
1485 4716 1737 4772 Domino
1768 4714 2106 4771 carminum
2218 4729 2405 4786 quam
2458 4712 2779 4768 aediﬁcavit
2826 4730 2930 4768 rex
2982 4714 3267 4770 Salomon
3298 4713 3359 4769 in
3406 4710 3777 4774 Hierusalem,
3805 4704 3855 4759 in

447 4805 625 4861 canit.
2217 4801 2479 4871 ﬁguram
2502 4800 2658 4856 facta
2685 4806 2774 4857 est
2799 4806 3019 4858 sanctae
3048 4802 3404 4858 universalis
3432 4799 3853 4869 Ecclesiaa,qu&3

519 4916 547 4944 ‹‹
571 4895 907 4968 Disputavit
953 4900 1156 4953 autem
1190 4896 1474 4952 Salomon
1515 4910 1550 4950 a
1580 4892 1760 4948 cedro
1789 4908 1983 4963 usque
2028 4893 2106 4949 ad
2216 4907 2253 4947 a
2274 4890 2469 4962 primo
2499 4890 2683 4945 electo
2716 4908 2908 4963 usque
2930 4891 3009 4947 ad
3039 4890 3318 4947 ultimum
3343 4891 3450 4964 qui
3480 4891 3544 4946 in
3563 4890 3679 4944 ﬁne
3706 4896 3853 4941 mun-

445 5004 477 5033 α
514 4982 875 5056 hyssopum.
910 5007 939 5036 »
965 4985 1136 5041 Cedri
1170 4986 1436 5052 nomine,
1486 4981 1779 5037 celsitudo
1811 4980 2011 5050 gloria:
2041 4982 2102 5037 in
2215 4980 2275 5035 di
2297 4980 2645 5034 nasciturus
2679 4982 2786 5046 est,
2820 4980 3087 5052 quotidie
3116 4997 3225 5053 per
3255 4981 3511 5052 gratiam
3542 4977 3691 5047 regis
3710 4968 3850 5048 paci-

444 5068 644 5126 electis
671 5073 978 5145 accipitur.
1012 5074 1178 5129 Unde
1232 5074 1526 5144 Propheta
1559 5074 1828 5139 testatur,
1863 5070 2096 5127 dicens:
2210 5068 2331 5131 ﬁci,
2385 5068 2477 5123 sui
2528 5067 2804 5123 videlicet
2863 5069 3297 5142 Redemptoris,
3341 5068 3691 5124 aediﬁcatur:
3736 5071 3849 5132 quae

442 5158 704 5215 «Justus
745 5165 809 5217 ut
845 5161 1050 5235 palma
1072 5160 1402 5226 ﬂorebit,et
1433 5158 1815 5213 sicutcedrus
1849 5174 1984 5231 quae
2009 5163 2096 5214 est
2209 5158 2431 5231 partim
2497 5155 2698 5213 adhuc
2778 5158 3192 5229 peregrinatur
3264 5158 3344 5214 ab
3399 5157 3500 5214 illo
3570 5155 3631 5211 in
3686 5147 3847 5235 terris,

431 5247 497 5306 in
527 5249 754 5305 Libano
774 5233 1266 5322 multiplicabitur
1299 5247 1485 5315 (Psal.
1518 5250 1656 5311 xu).
1702 5268 1728 5295 ››
1773 5249 2095 5319 Hyssopus
2207 5246 2430 5322 partim
2489 5246 2684 5301 evasis
2741 5246 3173 5319 peregrinandi
3224 5246 3529 5314 aerumnis,
3588 5257 3720 5299 cum
3767 5233 3848 5290 i110

432 5342 636 5395 autem
668 5338 855 5395 herba
883 5337 1243 5394 esthumilis
1275 5351 1424 5391 saxo
1468 5336 1867 5408 haerens,qua
1892 5336 2096 5406 signa-
2204 5335 2335 5409 jam
2382 5338 2594 5405 regnat
2643 5334 2706 5390 in
2778 5335 2990 5391 caelis:
3039 5335 3144 5390 ubi
3213 5339 3456 5409 peracto
3513 5332 3718 5389 ultimo
3768 5324 3848 5393 lu“

430 5428 529 5482 tur
556 5427 860 5484 humilitas
889 5426 1121 5482 Christi.
1154 5424 1515 5496 Redemptor
1562 5425 1787 5497 quippe
1832 5430 2099 5482 nostera
2208 5423 2387 5492 dicio,
2456 5427 2577 5479 tota
2652 5427 2742 5479 est
2803 5429 3131 5493 regnatura
3201 5440 3340 5479 cum
3397 5423 3522 5479 illo.
3573 5418 3659 5475 Ad
3712 5414 3848 5506 hanc

431 5513 611 5569 cedro
642 5531 837 5587 usque
880 5515 959 5571 ad
997 5516 1335 5586 hyssopum
1389 5513 1757 5587 disputavit:
1816 5513 1960 5586 quia
2017 5513 2095 5571 ab
2207 5513 2464 5569 domum
2520 5512 2818 5586 pertinent
2893 5513 3065 5569 electi
3118 5512 3339 5583 angeli,
3394 5525 3652 5585 quorum
3696 5500 3848 5560 nobis

436 5601 557 5658 alta
584 5604 930 5661 excellentia
960 5604 1161 5675 gloriae
1180 5604 1432 5661 erelestis
1461 5622 1649 5677 usque
1668 5604 1746 5661 ad
1770 5604 1968 5660 carnis
1990 5604 2100 5659 hu-
2206 5601 2534 5659 similitudo
2604 5602 2664 5657 in
2735 5601 2937 5658 futura
3001 5606 3126 5658 vrta
3202 5601 3583 5675 promittitur,
3640 5591 3845 5677 dicente

427 5690 744 5747 militatem
771 5674 1193 5749 descendendo
1218 5695 1501 5767 pervenit.
1528 5674 1833 5768 Siquidem
1855 5698 1910 5749 et
1937 5692 2097 5749 cedri
2202 5691 2457 5747 Domino
2484 5708 2495 5745 :
2534 5714 2559 5739 «
2584 5690 2667 5745 Illi
2693 5698 2891 5747 autem
2925 5691 3027 5763 qui
3052 5674 3218 5762 digni
3247 5690 3631 5747 habebuntur
3652 5674 3844 5738 saeculo

426 5779 674 5838 nomine
698 5795 1027 5854 pravorum
1049 5786 1311 5857 superba
1332 5785 1506 5844 elatio
1532 5785 1904 5857 designatur.
1932 5781 2094 5841 Sicut
2204 5776 2307 5840 illo
2336 5783 2393 5837 et
2416 5779 2851 5837 resurrectione
2879 5795 2953 5837 ex
2980 5777 3252 5849 mortuis,
3279 5793 3477 5853 neque
3504 5771 3844 5838 nubenti“?

2231 4194 2369 4232 mus
2398 4177 2458 4233 in
2487 4179 2709 4233 semitis
2741 4181 2871 4248 ejus
2899 4179 3043 4250 quia
3066 4178 3140 4233 de
3172 4178 3312 4235 Sion
3336 4178 3521 4236 exibit
3548 4180 3644 4236 lex
3675 4185 3729 4233 et
3751 4188 3859 4230 ver-

2225 4266 2377 4323 bum
2408 4268 2641 4324 Domini
2665 4267 2741 4323 de
2772 4267 3138 4324 Hierusalem
3168 4269 3310 4337 (Isa.
3337 4285 3373 4324 ιι
3379 4290 3419 4341 ).
3442 4288 3471 4323 ι

2867 4464 3111 4520 CAPUT
3171 4465 3242 4521 V.
