  <div class='ocr_page' id='page_1' title='image "/cluster/home/n/w/nwhite01/storage/ocr_20150623/115-116/uc1.31175006916467/210.png"; bbox 0 0 3940 6398; ppageno 0'>
   <div class='ocr_carea' id='block_1_1' title="bbox 126 251 228 306">
    <p class='ocr_par' dir='ltr' id='par_1_1' title="bbox 126 251 228 306">
     <span class='ocr_line' id='line_1_1' title="bbox 126 251 228 306; baseline 0 0"><span class='ocrx_word' id='word_1_1' title='bbox 126 251 228 306; x_wconf 69' lang='grc'>405</span> 
     </span>
    </p>
   </div>
   <div class='ocr_carea' id='block_1_2' title="bbox 1058 244 2519 318">
    <p class='ocr_par' dir='ltr' id='par_1_2' title="bbox 1058 244 2519 318">
     <span class='ocr_line' id='line_1_2' title="bbox 1058 244 2519 318; baseline 0.001 -14"><span class='ocrx_word' id='word_1_2' title='bbox 1058 248 1320 307; x_wconf 81' lang='lat' dir='ltr'>ENARR.</span> <span class='ocrx_word' id='word_1_3' title='bbox 1364 252 1433 307; x_wconf 89' lang='lat' dir='ltr'>IN</span> <span class='ocrx_word' id='word_1_4' title='bbox 1480 249 1733 306; x_wconf 84' lang='lat' dir='ltr'>LIBROS</span> <span class='ocrx_word' id='word_1_5' title='bbox 1773 244 2218 318; x_wconf 58' lang='lat' dir='ltr'>REGUM.—IN</span> <span class='ocrx_word' id='word_1_6' title='bbox 2260 250 2387 305; x_wconf 90' lang='lat' dir='ltr'>LIB.</span> <span class='ocrx_word' id='word_1_7' title='bbox 2430 253 2519 305; x_wconf 91' lang='lat' dir='ltr'>III.</span> 
     </span>
    </p>
   </div>
   <div class='ocr_carea' id='block_1_3' title="bbox 3458 254 3569 311">
    <p class='ocr_par' dir='ltr' id='par_1_3' title="bbox 3458 254 3569 311">
     <span class='ocr_line' id='line_1_3' title="bbox 3458 254 3569 311; baseline 0 -1"><span class='ocrx_word' id='word_1_8' title='bbox 3458 254 3569 311; x_wconf 73' lang='lat'>406</span> 
     </span>
    </p>
   </div>
   <div class='ocr_carea' id='block_1_4' title="bbox 127 372 3570 448">
    <p class='ocr_par' dir='ltr' id='par_1_4' title="bbox 127 372 3570 448">
     <span class='ocr_line' id='line_1_4' title="bbox 127 372 3570 448; baseline 0.001 -19"><span class='ocrx_word' id='word_1_9' title='bbox 127 390 240 448; x_wconf 85' lang='lat' dir='ltr'>que</span> <span class='ocrx_word' id='word_1_10' title='bbox 268 373 489 430; x_wconf 82' lang='lat' dir='ltr'>ducent</span> <span class='ocrx_word' id='word_1_11' title='bbox 523 389 741 430; x_wconf 83' lang='lat' dir='ltr'>uxores</span> <span class='ocrx_word' id='word_1_12' title='bbox 768 393 781 442; x_wconf 92' lang='lat'><strong>;</strong></span> <span class='ocrx_word' id='word_1_13' title='bbox 814 390 1012 448; x_wconf 88' lang='lat' dir='ltr'>neque</span> <span class='ocrx_word' id='word_1_14' title='bbox 1045 374 1205 431; x_wconf 91' lang='lat' dir='ltr'>enim</span> <span class='ocrx_word' id='word_1_15' title='bbox 1233 375 1388 432; x_wconf 89' lang='lat' dir='ltr'>ultra</span> <span class='ocrx_word' id='word_1_16' title='bbox 1417 374 1571 431; x_wconf 92' lang='lat' dir='ltr'>mori</span> <span class='ocrx_word' id='word_1_17' title='bbox 1617 378 1785 447; x_wconf 90' lang='lat' dir='ltr'>pote-</span> <span class='ocrx_word' id='word_1_18' title='bbox 1819 376 1866 429; x_wconf 84' lang='lat' dir='ltr'><strong>A</strong></span> <span class='ocrx_word' id='word_1_19' title='bbox 1904 372 2035 429; x_wconf 83' lang='lat' dir='ltr'>liter</span> <span class='ocrx_word' id='word_1_20' title='bbox 2056 374 2350 446; x_wconf 82' lang='lat' dir='ltr'>exprimit.</span> <span class='ocrx_word' id='word_1_21' title='bbox 2381 374 2583 447; x_wconf 61' lang='lat' dir='ltr'>Name</span> <span class='ocrx_word' id='word_1_22' title='bbox 2616 372 2841 447; x_wconf 90' lang='lat' dir='ltr'>aliquid</span> <span class='ocrx_word' id='word_1_23' title='bbox 2875 372 3172 446; x_wconf 89' lang='lat' dir='ltr'>prohibet,</span> <span class='ocrx_word' id='word_1_24' title='bbox 3190 373 3338 447; x_wconf 91' lang='lat' dir='ltr'>quin</span> <span class='ocrx_word' id='word_1_25' title='bbox 3368 374 3570 433; x_wconf 88' lang='lat' dir='ltr'>Hiram</span> 
     </span>
    </p>
   </div>
   <div class='ocr_carea' id='block_1_5' title="bbox 125 463 1787 537">
    <p class='ocr_par' dir='ltr' id='par_1_5' title="bbox 125 463 1787 537">
     <span class='ocr_line' id='line_1_5' title="bbox 125 463 1787 537; baseline -0.001 -17"><span class='ocrx_word' id='word_1_26' title='bbox 125 467 279 534; x_wconf 83' lang='lat' dir='ltr'>runt,</span> <span class='ocrx_word' id='word_1_27' title='bbox 312 463 578 537; x_wconf 70' lang='lat' dir='ltr'>aequales</span> <span class='ocrx_word' id='word_1_28' title='bbox 601 464 761 520; x_wconf 91' lang='lat' dir='ltr'>enim</span> <span class='ocrx_word' id='word_1_29' title='bbox 802 464 1032 533; x_wconf 75' lang='lat' dir='ltr'>angelis</span> <span class='ocrx_word' id='word_1_30' title='bbox 1064 470 1223 531; x_wconf 88' lang='lat' dir='ltr'>sunt,</span> <span class='ocrx_word' id='word_1_31' title='bbox 1259 470 1315 521; x_wconf 91' lang='lat' dir='ltr'>et</span> <span class='ocrx_word' id='word_1_32' title='bbox 1360 464 1464 521; x_wconf 92' lang='lat' dir='ltr'>ﬁlii</span> <span class='ocrx_word' id='word_1_33' title='bbox 1495 470 1634 520; x_wconf 91' lang='lat' dir='ltr'>sunt</span> <span class='ocrx_word' id='word_1_34' title='bbox 1666 463 1787 531; x_wconf 90' lang='lat' dir='ltr'>Dei,</span> 
     </span>
    </p>
   </div>
   <div class='ocr_carea' id='block_1_6' title="bbox 125 552 1789 626">
    <p class='ocr_par' dir='ltr' id='par_1_6' title="bbox 125 552 1789 626">
     <span class='ocr_line' id='line_1_6' title="bbox 125 552 1789 626; baseline -0.001 -16"><span class='ocrx_word' id='word_1_35' title='bbox 125 570 257 610; x_wconf 89' lang='lat' dir='ltr'>cum</span> <span class='ocrx_word' id='word_1_36' title='bbox 290 553 408 609; x_wconf 88' lang='lat' dir='ltr'>sint</span> <span class='ocrx_word' id='word_1_37' title='bbox 455 552 564 609; x_wconf 88' lang='lat' dir='ltr'>ﬁlii</span> <span class='ocrx_word' id='word_1_38' title='bbox 602 554 1054 610; x_wconf 85' lang='lat' dir='ltr'>resurrectionis</span> <span class='ocrx_word' id='word_1_39' title='bbox 1093 556 1262 626; x_wconf 84' lang='lat' dir='ltr'>(Luc.</span> <span class='ocrx_word' id='word_1_40' title='bbox 1294 555 1415 625; x_wconf 86' lang='lat' dir='ltr'>xx).</span> <span class='ocrx_word' id='word_1_41' title='bbox 1450 574 1480 606; x_wconf 82' lang='grc'><strong>›</strong></span> <span class='ocrx_word' id='word_1_42' title='bbox 1511 554 1601 609; x_wconf 77' lang='lat' dir='ltr'>Ad</span> <span class='ocrx_word' id='word_1_43' title='bbox 1631 554 1789 608; x_wconf 90' lang='lat' dir='ltr'>hanc</span> 
     </span>
    </p>
   </div>
   <div class='ocr_carea' id='block_1_7' title="bbox 123 643 1789 717">
    <p class='ocr_par' dir='ltr' id='par_1_7' title="bbox 123 643 1789 717">
     <span class='ocr_line' id='line_1_7' title="bbox 123 643 1789 717; baseline -0.001 -18"><span class='ocrx_word' id='word_1_44' title='bbox 123 643 373 717; x_wconf 91' lang='lat' dir='ltr'>pertinet</span> <span class='ocrx_word' id='word_1_45' title='bbox 418 643 547 717; x_wconf 90' lang='lat' dir='ltr'>ipse</span> <span class='ocrx_word' id='word_1_46' title='bbox 592 644 888 701; x_wconf 87' lang='lat' dir='ltr'>mediator</span> <span class='ocrx_word' id='word_1_47' title='bbox 943 644 1039 699; x_wconf 90' lang='lat' dir='ltr'>Dei</span> <span class='ocrx_word' id='word_1_48' title='bbox 1100 648 1157 700; x_wconf 88' lang='lat' dir='ltr'>et</span> <span class='ocrx_word' id='word_1_49' title='bbox 1212 645 1554 709; x_wconf 86' lang='lat' dir='ltr'>hominum,</span> <span class='ocrx_word' id='word_1_50' title='bbox 1603 644 1789 698; x_wconf 89' lang='lat' dir='ltr'>homo</span> 
     </span>
    </p>
   </div>
   <div class='ocr_carea' id='block_1_8' title="bbox 124 732 1791 807">
    <p class='ocr_par' dir='ltr' id='par_1_8' title="bbox 124 732 1791 807">
     <span class='ocr_line' id='line_1_8' title="bbox 124 732 1791 807; baseline -0.001 -19"><span class='ocrx_word' id='word_1_51' title='bbox 124 733 382 789; x_wconf 85' lang='lat' dir='ltr'>Christus</span> <span class='ocrx_word' id='word_1_52' title='bbox 430 734 627 803; x_wconf 88' lang='lat' dir='ltr'>Jesus,</span> <span class='ocrx_word' id='word_1_53' title='bbox 680 734 819 807; x_wconf 87' lang='lat' dir='ltr'>ipso</span> <span class='ocrx_word' id='word_1_54' title='bbox 875 737 1216 804; x_wconf 90' lang='lat' dir='ltr'>attestante,</span> <span class='ocrx_word' id='word_1_55' title='bbox 1265 750 1405 789; x_wconf 89' lang='lat' dir='ltr'>cum</span> <span class='ocrx_word' id='word_1_56' title='bbox 1436 734 1557 790; x_wconf 86' lang='lat' dir='ltr'>ait:</span> <span class='ocrx_word' id='word_1_57' title='bbox 1610 755 1637 783; x_wconf 82' lang='lat'><strong>«</strong></span> <span class='ocrx_word' id='word_1_58' title='bbox 1671 732 1791 787; x_wconf 77' lang='lat' dir='ltr'>Sol-</span> 
     </span>
    </p>
   </div>
   <div class='ocr_carea' id='block_1_9' title="bbox 122 822 1789 895">
    <p class='ocr_par' dir='ltr' id='par_1_9' title="bbox 122 822 1789 895">
     <span class='ocr_line' id='line_1_9' title="bbox 122 822 1789 895; baseline -0.001 -16"><span class='ocrx_word' id='word_1_59' title='bbox 122 823 235 879; x_wconf 89' lang='lat' dir='ltr'>vite</span> <span class='ocrx_word' id='word_1_60' title='bbox 283 822 580 895; x_wconf 88' lang='lat' dir='ltr'>templum</span> <span class='ocrx_word' id='word_1_61' title='bbox 627 824 766 893; x_wconf 90' lang='lat' dir='ltr'>hoc,</span> <span class='ocrx_word' id='word_1_62' title='bbox 795 828 851 879; x_wconf 90' lang='lat' dir='ltr'>et</span> <span class='ocrx_word' id='word_1_63' title='bbox 898 824 959 879; x_wconf 91' lang='lat' dir='ltr'>in</span> <span class='ocrx_word' id='word_1_64' title='bbox 1002 824 1195 879; x_wconf 90' lang='lat' dir='ltr'>tribus</span> <span class='ocrx_word' id='word_1_65' title='bbox 1241 823 1457 879; x_wconf 91' lang='lat' dir='ltr'>diebus</span> <span class='ocrx_word' id='word_1_66' title='bbox 1516 822 1789 878; x_wconf 83' lang='lat' dir='ltr'>excitabo</span> 
     </span>
    </p>
   </div>
   <div class='ocr_carea' id='block_1_10' title="bbox 123 912 1789 987">
    <p class='ocr_par' dir='ltr' id='par_1_10' title="bbox 123 912 1789 987">
     <span class='ocr_line' id='line_1_10' title="bbox 123 912 1789 987; baseline -0.001 -18"><span class='ocrx_word' id='word_1_67' title='bbox 123 913 264 969; x_wconf 87' lang='lat' dir='ltr'>illud</span> <span class='ocrx_word' id='word_1_68' title='bbox 296 913 491 987; x_wconf 83' lang='lat' dir='ltr'>(Joan.</span> <span class='ocrx_word' id='word_1_69' title='bbox 524 914 610 986; x_wconf 87' lang='lat'>11).</span> <span class='ocrx_word' id='word_1_70' title='bbox 632 935 661 964; x_wconf 86' lang='grc'><strong>››</strong></span> <span class='ocrx_word' id='word_1_71' title='bbox 683 913 854 979; x_wconf 89' lang='lat' dir='ltr'>Quod</span> <span class='ocrx_word' id='word_1_72' title='bbox 886 929 1197 986; x_wconf 84' lang='lat' dir='ltr'>exponens</span> <span class='ocrx_word' id='word_1_73' title='bbox 1225 914 1625 984; x_wconf 87' lang='lat' dir='ltr'>Evangelista,</span> <span class='ocrx_word' id='word_1_74' title='bbox 1650 912 1789 968; x_wconf 90' lang='lat' dir='ltr'>sub-</span> 
     </span>
    </p>
   </div>
   <div class='ocr_carea' id='block_1_11' title="bbox 121 1002 1790 1078">
    <p class='ocr_par' dir='ltr' id='par_1_11' title="bbox 121 1002 1790 1078">
     <span class='ocr_line' id='line_1_11' title="bbox 121 1002 1790 1078; baseline -0.001 -19"><span class='ocrx_word' id='word_1_75' title='bbox 121 1003 313 1078; x_wconf 84' lang='lat' dir='ltr'>junxit</span> <span class='ocrx_word' id='word_1_76' title='bbox 342 1019 356 1058; x_wconf 90' lang='lat'><strong>:</strong></span> <span class='ocrx_word' id='word_1_77' title='bbox 391 1024 419 1051; x_wconf 92' lang='grc'>‹‹</span> <span class='ocrx_word' id='word_1_78' title='bbox 454 1002 579 1058; x_wconf 86' lang='lat' dir='ltr'>Hoc</span> <span class='ocrx_word' id='word_1_79' title='bbox 629 1007 832 1059; x_wconf 88' lang='lat' dir='ltr'>autem</span> <span class='ocrx_word' id='word_1_80' title='bbox 880 1002 1121 1059; x_wconf 89' lang='lat' dir='ltr'>diccbat</span> <span class='ocrx_word' id='word_1_81' title='bbox 1153 1003 1227 1059; x_wconf 93' lang='lat' dir='ltr'>de</span> <span class='ocrx_word' id='word_1_82' title='bbox 1260 1004 1486 1077; x_wconf 91' lang='lat' dir='ltr'>templo</span> <span class='ocrx_word' id='word_1_83' title='bbox 1518 1002 1790 1076; x_wconf 88' lang='lat' dir='ltr'>corporis</span> 
     </span>
    </p>
   </div>
   <div class='ocr_carea' id='block_1_12' title="bbox 125 1092 1792 1166">
    <p class='ocr_par' dir='ltr' id='par_1_12' title="bbox 125 1092 1792 1166">
     <span class='ocr_line' id='line_1_12' title="bbox 125 1092 1792 1166; baseline -0.002 -16"><span class='ocrx_word' id='word_1_84' title='bbox 125 1093 231 1150; x_wconf 89' lang='lat' dir='ltr'>sui.</span> <span class='ocrx_word' id='word_1_85' title='bbox 270 1114 299 1143; x_wconf 87' lang='grc'>››</span> <span class='ocrx_word' id='word_1_86' title='bbox 344 1092 489 1149; x_wconf 89' lang='lat' dir='ltr'>Dicit</span> <span class='ocrx_word' id='word_1_87' title='bbox 536 1092 857 1165; x_wconf 81' lang='lat' dir='ltr'>Apostolus</span> <span class='ocrx_word' id='word_1_88' title='bbox 905 1093 981 1149; x_wconf 91' lang='lat' dir='ltr'>de</span> <span class='ocrx_word' id='word_1_89' title='bbox 1034 1093 1258 1149; x_wconf 90' lang='lat' dir='ltr'>nobis:</span> <span class='ocrx_word' id='word_1_90' title='bbox 1292 1113 1321 1147; x_wconf 83' lang='grc'><strong>‹</strong></span> <span class='ocrx_word' id='word_1_91' title='bbox 1356 1092 1599 1149; x_wconf 86' lang='lat' dir='ltr'>Nescitis</span> <span class='ocrx_word' id='word_1_92' title='bbox 1647 1092 1792 1166; x_wconf 86' lang='lat' dir='ltr'>quia</span> 
     </span>
    </p>
   </div>
   <div class='ocr_carea' id='block_1_13' title="bbox 123 1181 1789 1255">
    <p class='ocr_par' dir='ltr' id='par_1_13' title="bbox 123 1181 1789 1255">
     <span class='ocr_line' id='line_1_13' title="bbox 123 1181 1789 1255; baseline -0.002 -16"><span class='ocrx_word' id='word_1_93' title='bbox 123 1181 409 1255; x_wconf 86' lang='lat' dir='ltr'>templum</span> <span class='ocrx_word' id='word_1_94' title='bbox 436 1182 541 1238; x_wconf 88' lang='lat' dir='ltr'>Dei</span> <span class='ocrx_word' id='word_1_95' title='bbox 571 1182 735 1249; x_wconf 84' lang='lat' dir='ltr'>estis,</span> <span class='ocrx_word' id='word_1_96' title='bbox 763 1187 819 1238; x_wconf 91' lang='lat' dir='ltr'>et</span> <span class='ocrx_word' id='word_1_97' title='bbox 848 1182 1100 1255; x_wconf 89' lang='lat' dir='ltr'>Spiritus</span> <span class='ocrx_word' id='word_1_98' title='bbox 1130 1182 1229 1238; x_wconf 90' lang='lat' dir='ltr'>Dei</span> <span class='ocrx_word' id='word_1_99' title='bbox 1258 1182 1492 1238; x_wconf 83' lang='lat' dir='ltr'>habitat</span> <span class='ocrx_word' id='word_1_100' title='bbox 1529 1182 1591 1237; x_wconf 93' lang='lat' dir='ltr'>in</span> <span class='ocrx_word' id='word_1_101' title='bbox 1618 1181 1789 1237; x_wconf 88' lang='lat' dir='ltr'>vobis</span> 
     </span>
    </p>
   </div>
   <div class='ocr_carea' id='block_1_14' title="bbox 124 1271 1791 1345">
    <p class='ocr_par' dir='ltr' id='par_1_14' title="bbox 124 1271 1791 1345">
     <span class='ocr_line' id='line_1_14' title="bbox 124 1271 1791 1345; baseline 0 -18"><span class='ocrx_word' id='word_1_102' title='bbox 124 1273 181 1339; x_wconf 81' lang='grc' dir='ltr'>(Ι</span> <span class='ocrx_word' id='word_1_103' title='bbox 195 1274 328 1328; x_wconf 85' lang='lat' dir='ltr'>Cor.</span> <span class='ocrx_word' id='word_1_104' title='bbox 359 1272 441 1343; x_wconf 83' lang='lat' dir='ltr'>vi)</span> <span class='ocrx_word' id='word_1_105' title='bbox 464 1274 493 1328; x_wconf 64' lang='lat'>‘2</span> <span class='ocrx_word' id='word_1_106' title='bbox 526 1295 553 1321; x_wconf 82' lang='lat'>»</span> <span class='ocrx_word' id='word_1_107' title='bbox 583 1274 640 1328; x_wconf 88' lang='lat' dir='ltr'>Si</span> <span class='ocrx_word' id='word_1_108' title='bbox 670 1287 811 1342; x_wconf 89' lang='lat' dir='ltr'>ergo</span> <span class='ocrx_word' id='word_1_109' title='bbox 839 1272 935 1327; x_wconf 90' lang='lat' dir='ltr'>ille</span> <span class='ocrx_word' id='word_1_110' title='bbox 962 1272 1256 1344; x_wconf 89' lang='lat' dir='ltr'>templum</span> <span class='ocrx_word' id='word_1_111' title='bbox 1290 1271 1386 1327; x_wconf 90' lang='lat' dir='ltr'>Dei</span> <span class='ocrx_word' id='word_1_112' title='bbox 1420 1288 1527 1345; x_wconf 85' lang='lat' dir='ltr'>per</span> <span class='ocrx_word' id='word_1_113' title='bbox 1560 1288 1791 1327; x_wconf 89' lang='lat' dir='ltr'>assum-</span> 
     </span>
    </p>
   </div>
   <div class='ocr_carea' id='block_1_15' title="bbox 122 1360 1786 1436">
    <p class='ocr_par' dir='ltr' id='par_1_15' title="bbox 122 1360 1786 1436">
     <span class='ocr_line' id='line_1_15' title="bbox 122 1360 1786 1436; baseline -0.001 -19"><span class='ocrx_word' id='word_1_114' title='bbox 122 1368 284 1436; x_wconf 88' lang='lat' dir='ltr'>ptam</span> <span class='ocrx_word' id='word_1_115' title='bbox 315 1362 760 1418; x_wconf 77' lang='lat' dir='ltr'>humanitatem</span> <span class='ocrx_word' id='word_1_116' title='bbox 790 1361 981 1417; x_wconf 87' lang='lat' dir='ltr'>factus</span> <span class='ocrx_word' id='word_1_117' title='bbox 1010 1366 1118 1429; x_wconf 89' lang='lat' dir='ltr'>est,</span> <span class='ocrx_word' id='word_1_118' title='bbox 1146 1367 1202 1417; x_wconf 93' lang='lat' dir='ltr'>et</span> <span class='ocrx_word' id='word_1_119' title='bbox 1232 1377 1339 1416; x_wconf 92' lang='lat' dir='ltr'>nos</span> <span class='ocrx_word' id='word_1_120' title='bbox 1372 1361 1665 1432; x_wconf 86' lang='lat' dir='ltr'>templum</span> <span class='ocrx_word' id='word_1_121' title='bbox 1688 1360 1786 1416; x_wconf 89' lang='lat' dir='ltr'>Dei</span> 
     </span>
    </p>
   </div>
   <div class='ocr_carea' id='block_1_16' title="bbox 122 1449 1785 1526">
    <p class='ocr_par' dir='ltr' id='par_1_16' title="bbox 122 1449 1785 1526">
     <span class='ocr_line' id='line_1_16' title="bbox 122 1449 1785 1526; baseline -0.002 -18"><span class='ocrx_word' id='word_1_122' title='bbox 122 1468 224 1526; x_wconf 89' lang='lat' dir='ltr'>per</span> <span class='ocrx_word' id='word_1_123' title='bbox 251 1451 696 1508; x_wconf 88' lang='lat' dir='ltr'>inhabitantem</span> <span class='ocrx_word' id='word_1_124' title='bbox 721 1451 1006 1524; x_wconf 91' lang='lat' dir='ltr'>Spiritum</span> <span class='ocrx_word' id='word_1_125' title='bbox 1032 1452 1163 1523; x_wconf 90' lang='lat' dir='ltr'>ejus</span> <span class='ocrx_word' id='word_1_126' title='bbox 1193 1451 1255 1506; x_wconf 89' lang='lat' dir='ltr'>in</span> <span class='ocrx_word' id='word_1_127' title='bbox 1277 1450 1453 1505; x_wconf 88' lang='lat' dir='ltr'>nobis</span> <span class='ocrx_word' id='word_1_128' title='bbox 1470 1449 1785 1522; x_wconf 81' lang='lat' dir='ltr'>efﬁcimur,</span> 
     </span>
    </p>
   </div>
   <div class='ocr_carea' id='block_1_17' title="bbox 122 1540 1789 1614">
    <p class='ocr_par' dir='ltr' id='par_1_17' title="bbox 122 1540 1789 1614">
     <span class='ocr_line' id='line_1_17' title="bbox 122 1540 1789 1614; baseline -0.001 -17"><span class='ocrx_word' id='word_1_129' title='bbox 122 1546 345 1598; x_wconf 86' lang='lat' dir='ltr'>constat</span> <span class='ocrx_word' id='word_1_130' title='bbox 369 1542 581 1614; x_wconf 86' lang='lat' dir='ltr'>utique</span> <span class='ocrx_word' id='word_1_131' title='bbox 610 1541 755 1614; x_wconf 89' lang='lat' dir='ltr'>quia</span> <span class='ocrx_word' id='word_1_132' title='bbox 784 1540 1044 1610; x_wconf 89' lang='lat' dir='ltr'>ﬁguram</span> <span class='ocrx_word' id='word_1_133' title='bbox 1076 1542 1351 1597; x_wconf 91' lang='lat' dir='ltr'>omnium</span> <span class='ocrx_word' id='word_1_134' title='bbox 1401 1544 1695 1604; x_wconf 87' lang='lat' dir='ltr'>nostrum,</span> <span class='ocrx_word' id='word_1_135' title='bbox 1731 1545 1789 1596; x_wconf 90' lang='lat' dir='ltr'>et</span> 
     </span>
    </p>
   </div>
   <div class='ocr_carea' id='block_1_18' title="bbox 121 1630 1786 1706">
    <p class='ocr_par' dir='ltr' id='par_1_18' title="bbox 121 1630 1786 1706">
     <span class='ocr_line' id='line_1_18' title="bbox 121 1630 1786 1706; baseline -0.002 -19"><span class='ocrx_word' id='word_1_136' title='bbox 121 1632 298 1706; x_wconf 87' lang='lat' dir='ltr'>ipsius</span> <span class='ocrx_word' id='word_1_137' title='bbox 322 1631 603 1687; x_wconf 79' lang='lat' dir='ltr'>videlicet</span> <span class='ocrx_word' id='word_1_138' title='bbox 633 1630 889 1701; x_wconf 88' lang='lat' dir='ltr'>Domini,</span> <span class='ocrx_word' id='word_1_139' title='bbox 924 1635 981 1686; x_wconf 91' lang='lat' dir='ltr'>et</span> <span class='ocrx_word' id='word_1_140' title='bbox 1012 1631 1430 1686; x_wconf 87' lang='lat' dir='ltr'>membrorum</span> <span class='ocrx_word' id='word_1_141' title='bbox 1462 1630 1615 1701; x_wconf 88' lang='lat' dir='ltr'>ejus,</span> <span class='ocrx_word' id='word_1_142' title='bbox 1649 1645 1786 1702; x_wconf 66' lang='lat' dir='ltr'>quae</span> 
     </span>
    </p>
   </div>
   <div class='ocr_carea' id='block_1_19' title="bbox 1900 461 3570 536">
    <p class='ocr_par' dir='ltr' id='par_1_19' title="bbox 1900 461 3570 536">
     <span class='ocr_line' id='line_1_19' title="bbox 1900 461 3570 536; baseline 0.002 -19"><span class='ocrx_word' id='word_1_143' title='bbox 1900 462 2028 535; x_wconf 88' lang='lat' dir='ltr'>(qui</span> <span class='ocrx_word' id='word_1_144' title='bbox 2080 479 2185 518; x_wconf 88' lang='lat' dir='ltr'>rex</span> <span class='ocrx_word' id='word_1_145' title='bbox 2216 467 2362 533; x_wconf 76' lang='lat' dir='ltr'>crat,</span> <span class='ocrx_word' id='word_1_146' title='bbox 2388 463 2699 535; x_wconf 83' lang='lat' dir='ltr'>regalique</span> <span class='ocrx_word' id='word_1_147' title='bbox 2751 461 3021 536; x_wconf 88' lang='lat' dir='ltr'>potentia</span> <span class='ocrx_word' id='word_1_148' title='bbox 3072 461 3459 520; x_wconf 87' lang='lat' dir='ltr'>Solomonem</span> <span class='ocrx_word' id='word_1_149' title='bbox 3505 464 3570 521; x_wconf 90' lang='lat' dir='ltr'>in</span> 
     </span>
    </p>
   </div>
   <div class='ocr_carea' id='block_1_20' title="bbox 1899 551 3571 623">
    <p class='ocr_par' dir='ltr' id='par_1_20' title="bbox 1899 551 3571 623">
     <span class='ocr_line' id='line_1_20' title="bbox 1899 551 3571 623; baseline 0.002 -17"><span class='ocrx_word' id='word_1_150' title='bbox 1899 551 2152 607; x_wconf 69' lang='lat' dir='ltr'>aediﬁcio</span> <span class='ocrx_word' id='word_1_151' title='bbox 2206 553 2428 608; x_wconf 86' lang='lat' dir='ltr'>domus</span> <span class='ocrx_word' id='word_1_152' title='bbox 2480 552 2715 608; x_wconf 91' lang='lat' dir='ltr'>Domini</span> <span class='ocrx_word' id='word_1_153' title='bbox 2764 552 3063 623; x_wconf 88' lang='lat' dir='ltr'>juvabat),</span> <span class='ocrx_word' id='word_1_154' title='bbox 3106 568 3433 609; x_wconf 90' lang='lat' dir='ltr'>conversos</span> <span class='ocrx_word' id='word_1_155' title='bbox 3490 553 3571 610; x_wconf 91' lang='lat' dir='ltr'>ad</span> 
     </span>
    </p>
   </div>
   <div class='ocr_carea' id='block_1_21' title="bbox 1898 641 3570 718">
    <p class='ocr_par' dir='ltr' id='par_1_21' title="bbox 1898 641 3570 718">
     <span class='ocr_line' id='line_1_21' title="bbox 1898 641 3570 718; baseline 0.002 -22"><span class='ocrx_word' id='word_1_156' title='bbox 1898 642 2085 697; x_wconf 88' lang='lat' dir='ltr'>ﬁdem</span> <span class='ocrx_word' id='word_1_157' title='bbox 2116 642 2279 714; x_wconf 91' lang='lat' dir='ltr'>ipsos</span> <span class='ocrx_word' id='word_1_158' title='bbox 2304 659 2506 698; x_wconf 89' lang='lat' dir='ltr'>rerum</span> <span class='ocrx_word' id='word_1_159' title='bbox 2536 642 2820 698; x_wconf 91' lang='lat' dir='ltr'>dominos</span> <span class='ocrx_word' id='word_1_160' title='bbox 2849 641 3046 715; x_wconf 85' lang='lat' dir='ltr'>typice</span> <span class='ocrx_word' id='word_1_161' title='bbox 3070 641 3570 718; x_wconf 88' lang='lat' dir='ltr'>denuntiet,quo-</span> 
     </span>
    </p>
   </div>
   <div class='ocr_carea' id='block_1_22' title="bbox 1898 732 3566 805">
    <p class='ocr_par' dir='ltr' id='par_1_22' title="bbox 1898 732 3566 805">
     <span class='ocr_line' id='line_1_22' title="bbox 1898 732 3566 805; baseline 0.002 -18"><span class='ocrx_word' id='word_1_162' title='bbox 1898 747 2035 788; x_wconf 89' lang='lat' dir='ltr'>rum</span> <span class='ocrx_word' id='word_1_163' title='bbox 2065 748 2249 805; x_wconf 87' lang='lat' dir='ltr'>opera</span> <span class='ocrx_word' id='word_1_164' title='bbox 2287 737 2520 789; x_wconf 89' lang='lat' dir='ltr'>constat</span> <span class='ocrx_word' id='word_1_165' title='bbox 2550 732 2874 789; x_wconf 87' lang='lat' dir='ltr'>Ecclesiam</span> <span class='ocrx_word' id='word_1_166' title='bbox 2906 734 3134 804; x_wconf 60' lang='lat' dir='ltr'>smpius</span> <span class='ocrx_word' id='word_1_167' title='bbox 3190 732 3566 805; x_wconf 88' lang='lat' dir='ltr'>adjuvatam,</span> 
     </span>
    </p>
   </div>
   <div class='ocr_carea' id='block_1_23' title="bbox 1898 823 3566 894">
    <p class='ocr_par' dir='ltr' id='par_1_23' title="bbox 1898 823 3566 894">
     <span class='ocr_line' id='line_1_23' title="bbox 1898 823 3566 894; baseline 0.002 -16"><span class='ocrx_word' id='word_1_168' title='bbox 1898 838 1969 878; x_wconf 91' lang='lat' dir='ltr'>ac</span> <span class='ocrx_word' id='word_1_169' title='bbox 2016 823 2295 879; x_wconf 87' lang='lat' dir='ltr'>nobiliter</span> <span class='ocrx_word' id='word_1_170' title='bbox 2350 827 2823 894; x_wconf 87' lang='lat' dir='ltr'>augmentatam,</span> <span class='ocrx_word' id='word_1_171' title='bbox 2859 826 2915 878; x_wconf 91' lang='lat' dir='ltr'>et</span> <span class='ocrx_word' id='word_1_172' title='bbox 2967 828 3177 879; x_wconf 86' lang='lat' dir='ltr'>contra</span> <span class='ocrx_word' id='word_1_173' title='bbox 3229 823 3566 894; x_wconf 85' lang='lat' dir='ltr'>haereticos,</span> 
     </span>
    </p>
   </div>
   <div class='ocr_carea' id='block_1_24' title="bbox 1900 910 3567 984">
    <p class='ocr_par' dir='ltr' id='par_1_24' title="bbox 1900 910 3567 984">
     <span class='ocr_line' id='line_1_24' title="bbox 1900 910 3567 984; baseline 0.003 -19"><span class='ocrx_word' id='word_1_174' title='bbox 1900 911 2312 968; x_wconf 89' lang='lat' dir='ltr'>schismaticos</span> <span class='ocrx_word' id='word_1_175' title='bbox 2364 916 2422 968; x_wconf 92' lang='lat' dir='ltr'>et</span> <span class='ocrx_word' id='word_1_176' title='bbox 2476 927 2753 984; x_wconf 82' lang='lat' dir='ltr'>paganos</span> <span class='ocrx_word' id='word_1_177' title='bbox 2808 910 3249 984; x_wconf 83' lang='lat' dir='ltr'>principalibus</span> <span class='ocrx_word' id='word_1_178' title='bbox 3304 916 3567 969; x_wconf 85' lang='lat' dir='ltr'>erectam</span> 
     </span>
    </p>
   </div>
   <div class='ocr_carea' id='block_1_25' title="bbox 1898 1001 2327 1057">
    <p class='ocr_par' dir='ltr' id='par_1_25' title="bbox 1898 1001 2327 1057">
     <span class='ocr_line' id='line_1_25' title="bbox 1898 1001 2327 1057; baseline 0.005 -2"><span class='ocrx_word' id='word_1_179' title='bbox 1898 1017 2026 1056; x_wconf 91' lang='lat' dir='ltr'>esse</span> <span class='ocrx_word' id='word_1_180' title='bbox 2057 1001 2327 1057; x_wconf 89' lang='lat' dir='ltr'>decretis.</span> 
     </span>
    </p>
   </div>
   <div class='ocr_carea' id='block_1_26' title="bbox 1971 1078 3567 1163">
    <p class='ocr_par' dir='ltr' id='par_1_26' title="bbox 1971 1078 3567 1163">
     <span class='ocr_line' id='line_1_26' title="bbox 1971 1078 3567 1163; baseline 0.005 -23"><span class='ocrx_word' id='word_1_181' title='bbox 1971 1078 2001 1140; x_wconf 64' lang='grc' dir='ltr'>ά</span> <span class='ocrx_word' id='word_1_182' title='bbox 2040 1090 2208 1145; x_wconf 86' lang='lat' dir='ltr'>Petiit</span> <span class='ocrx_word' id='word_1_183' title='bbox 2236 1107 2379 1161; x_wconf 92' lang='lat' dir='ltr'>ergo</span> <span class='ocrx_word' id='word_1_184' title='bbox 2406 1090 2692 1145; x_wconf 88' lang='lat' dir='ltr'>Salomon</span> <span class='ocrx_word' id='word_1_185' title='bbox 2719 1090 2780 1145; x_wconf 92' lang='lat' dir='ltr'>in</span> <span class='ocrx_word' id='word_1_186' title='bbox 2826 1105 3004 1162; x_wconf 85' lang='lat' dir='ltr'>opere</span> <span class='ocrx_word' id='word_1_187' title='bbox 3028 1090 3235 1163; x_wconf 91' lang='lat' dir='ltr'>templi</span> <span class='ocrx_word' id='word_1_188' title='bbox 3274 1090 3567 1148; x_wconf 86' lang='lat' dir='ltr'>auxilium</span> 
     </span>
    </p>
   </div>
   <div class='ocr_carea' id='block_1_27' title="bbox 1900 1178 3567 1245">
    <p class='ocr_par' dir='ltr' id='par_1_27' title="bbox 1900 1178 3567 1245">
     <span class='ocr_line' id='line_1_27' title="bbox 1900 1178 3567 1245; baseline 0.003 -12"><span class='ocrx_word' id='word_1_189' title='bbox 1900 1200 1928 1228; x_wconf 85' lang='lat'><strong>«</strong></span> <span class='ocrx_word' id='word_1_190' title='bbox 1969 1178 2048 1234; x_wconf 91' lang='lat' dir='ltr'>ab</span> <span class='ocrx_word' id='word_1_191' title='bbox 2080 1180 2300 1235; x_wconf 86' lang='lat' dir='ltr'>Hiram.</span> <span class='ocrx_word' id='word_1_192' title='bbox 2338 1202 2365 1229; x_wconf 86' lang='grc'><strong>››</strong></span> <span class='ocrx_word' id='word_1_193' title='bbox 2403 1179 2552 1245; x_wconf 89' lang='lat' dir='ltr'>Quia</span> <span class='ocrx_word' id='word_1_194' title='bbox 2591 1195 2731 1234; x_wconf 92' lang='lat' dir='ltr'>cum</span> <span class='ocrx_word' id='word_1_195' title='bbox 2762 1178 3008 1234; x_wconf 89' lang='lat' dir='ltr'>veniens</span> <span class='ocrx_word' id='word_1_196' title='bbox 3038 1180 3099 1234; x_wconf 92' lang='lat' dir='ltr'>in</span> <span class='ocrx_word' id='word_1_197' title='bbox 3146 1195 3324 1236; x_wconf 90' lang='lat' dir='ltr'>carne</span> <span class='ocrx_word' id='word_1_198' title='bbox 3369 1179 3567 1237; x_wconf 87' lang='lat' dir='ltr'>Domi-</span> 
     </span>
    </p>
   </div>
   <div class='ocr_carea' id='block_1_28' title="bbox 1897 1267 3569 1335">
    <p class='ocr_par' dir='ltr' id='par_1_28' title="bbox 1897 1267 3569 1335">
     <span class='ocr_line' id='line_1_28' title="bbox 1897 1267 3569 1335; baseline 0.002 -13"><span class='ocrx_word' id='word_1_199' title='bbox 1897 1283 2034 1335; x_wconf 89' lang='lat' dir='ltr'>nus,</span> <span class='ocrx_word' id='word_1_200' title='bbox 2059 1268 2338 1324; x_wconf 84' lang='lat' dir='ltr'>dilectam</span> <span class='ocrx_word' id='word_1_201' title='bbox 2364 1269 2477 1324; x_wconf 89' lang='lat' dir='ltr'>sibi</span> <span class='ocrx_word' id='word_1_202' title='bbox 2506 1268 2761 1323; x_wconf 90' lang='lat' dir='ltr'>domum</span> <span class='ocrx_word' id='word_1_203' title='bbox 2787 1267 3059 1323; x_wconf 81' lang='lat' dir='ltr'>videlicet</span> <span class='ocrx_word' id='word_1_204' title='bbox 3082 1268 3403 1325; x_wconf 88' lang='lat' dir='ltr'>Eccleslam</span> <span class='ocrx_word' id='word_1_205' title='bbox 3429 1269 3569 1325; x_wconf 71' lang='lat' dir='ltr'>aedi-</span> 
     </span>
    </p>
   </div>
   <div class='ocr_carea' id='block_1_29' title="bbox 1897 1358 3567 1433">
    <p class='ocr_par' dir='ltr' id='par_1_29' title="bbox 1897 1358 3567 1433">
     <span class='ocr_line' id='line_1_29' title="bbox 1897 1358 3567 1433; baseline 0.002 -20"><span class='ocrx_word' id='word_1_206' title='bbox 1897 1358 2079 1416; x_wconf 87' lang='lat' dir='ltr'>ﬁcare</span> <span class='ocrx_word' id='word_1_207' title='bbox 2110 1358 2475 1433; x_wconf 83' lang='lat' dir='ltr'>disponeret,</span> <span class='ocrx_word' id='word_1_208' title='bbox 2499 1375 2623 1414; x_wconf 91' lang='lat' dir='ltr'>non</span> <span class='ocrx_word' id='word_1_209' title='bbox 2650 1359 2726 1413; x_wconf 92' lang='lat' dir='ltr'>de</span> <span class='ocrx_word' id='word_1_210' title='bbox 2756 1358 2976 1413; x_wconf 72' lang='lat' dir='ltr'>Iudaeis</span> <span class='ocrx_word' id='word_1_211' title='bbox 3006 1360 3445 1430; x_wconf 89' lang='lat' dir='ltr'>tantummodo,</span> <span class='ocrx_word' id='word_1_212' title='bbox 3470 1375 3567 1417; x_wconf 88' lang='lat' dir='ltr'>ve-</span> 
     </span>
    </p>
   </div>
   <div class='ocr_carea' id='block_1_30' title="bbox 1896 1445 3565 1517">
    <p class='ocr_par' dir='ltr' id='par_1_30' title="bbox 1896 1445 3565 1517">
     <span class='ocr_line' id='line_1_30' title="bbox 1896 1445 3565 1517; baseline 0.001 -16"><span class='ocrx_word' id='word_1_213' title='bbox 1896 1447 2217 1503; x_wconf 88' lang='lat' dir='ltr'>rumetiam</span> <span class='ocrx_word' id='word_1_214' title='bbox 2249 1448 2324 1503; x_wconf 92' lang='lat' dir='ltr'>de</span> <span class='ocrx_word' id='word_1_215' title='bbox 2370 1446 2648 1517; x_wconf 81' lang='lat' dir='ltr'>gentibus</span> <span class='ocrx_word' id='word_1_216' title='bbox 2698 1446 3006 1517; x_wconf 89' lang='lat' dir='ltr'>adjutores</span> <span class='ocrx_word' id='word_1_217' title='bbox 3057 1445 3233 1515; x_wconf 86' lang='lat' dir='ltr'>elegit</span> <span class='ocrx_word' id='word_1_218' title='bbox 3263 1464 3276 1501; x_wconf 92' lang='lat'><strong>:</strong></span> <span class='ocrx_word' id='word_1_219' title='bbox 3308 1450 3459 1503; x_wconf 90' lang='lat' dir='ltr'>Nam</span> <span class='ocrx_word' id='word_1_220' title='bbox 3488 1447 3565 1503; x_wconf 91' lang='lat' dir='ltr'>de</span> 
     </span>
    </p>
   </div>
   <div class='ocr_carea' id='block_1_31' title="bbox 1898 1536 3454 1610">
    <p class='ocr_par' dir='ltr' id='par_1_31' title="bbox 1898 1536 3454 1610">
     <span class='ocr_line' id='line_1_31' title="bbox 1898 1536 3454 1610; baseline -0.002 -18"><span class='ocrx_word' id='word_1_221' title='bbox 1898 1540 2156 1609; x_wconf 89' lang='lat' dir='ltr'>utroque</span> <span class='ocrx_word' id='word_1_222' title='bbox 2177 1537 2406 1610; x_wconf 89' lang='lat' dir='ltr'>populo</span> <span class='ocrx_word' id='word_1_223' title='bbox 2436 1537 2744 1593; x_wconf 90' lang='lat' dir='ltr'>ministros</span> <span class='ocrx_word' id='word_1_224' title='bbox 2777 1536 3073 1592; x_wconf 89' lang='lat' dir='ltr'>sermonis</span> <span class='ocrx_word' id='word_1_225' title='bbox 3103 1536 3454 1609; x_wconf 86' lang='lat' dir='ltr'>assumpsit.</span> 
     </span>
    </p>
   </div>
   <div class='ocr_carea' id='block_1_32' title="bbox 1972 1624 3567 1698">
    <p class='ocr_par' dir='ltr' id='par_1_32' title="bbox 1972 1624 3567 1698">
     <span class='ocr_line' id='line_1_32' title="bbox 1972 1624 3567 1698; baseline 0.004 -21"><span class='ocrx_word' id='word_1_226' title='bbox 1972 1649 2001 1677; x_wconf 82' lang='lat'><strong>«</strong></span> <span class='ocrx_word' id='word_1_227' title='bbox 2044 1626 2197 1683; x_wconf 88' lang='lat' dir='ltr'>Misit</span> <span class='ocrx_word' id='word_1_228' title='bbox 2226 1627 2425 1682; x_wconf 85' lang='lat' dir='ltr'>Hiram</span> <span class='ocrx_word' id='word_1_229' title='bbox 2455 1624 2761 1682; x_wconf 91' lang='lat' dir='ltr'>Salomoni</span> <span class='ocrx_word' id='word_1_230' title='bbox 2778 1625 3032 1698; x_wconf 67' lang='lat' dir='ltr'>praecisa</span> <span class='ocrx_word' id='word_1_231' title='bbox 3054 1626 3128 1682; x_wconf 92' lang='lat' dir='ltr'>de</span> <span class='ocrx_word' id='word_1_232' title='bbox 3154 1625 3384 1682; x_wconf 91' lang='lat' dir='ltr'>Libano</span> <span class='ocrx_word' id='word_1_233' title='bbox 3400 1624 3567 1697; x_wconf 86' lang='lat' dir='ltr'>ligna</span> 
     </span>
    </p>
   </div>
   <div class='ocr_carea' id='block_1_33' title="bbox 118 1715 3565 1793">
    <p class='ocr_par' dir='ltr' id='par_1_33' title="bbox 118 1715 3565 1793">
     <span class='ocr_line' id='line_1_33' title="bbox 118 1715 3565 1793; baseline -0.002 -15"><span class='ocrx_word' id='word_1_234' title='bbox 118 1737 223 1778; x_wconf 90' lang='lat' dir='ltr'>nos</span> <span class='ocrx_word' id='word_1_235' title='bbox 252 1738 490 1788; x_wconf 90' lang='lat' dir='ltr'>sumus,</span> <span class='ocrx_word' id='word_1_236' title='bbox 534 1720 830 1793; x_wconf 88' lang='lat' dir='ltr'>templum</span> <span class='ocrx_word' id='word_1_237' title='bbox 862 1720 1009 1775; x_wconf 91' lang='lat' dir='ltr'>illud</span> <span class='ocrx_word' id='word_1_238' title='bbox 1065 1720 1373 1777; x_wconf 90' lang='lat' dir='ltr'>materiale</span> <span class='ocrx_word' id='word_1_239' title='bbox 1428 1720 1649 1788; x_wconf 87' lang='lat' dir='ltr'>tenuit;</span> <span class='ocrx_word' id='word_1_240' title='bbox 1683 1720 1787 1775; x_wconf 91' lang='lat' dir='ltr'>sed</span> <span class='ocrx_word' id='word_1_241' title='bbox 1819 1735 1860 1791; x_wconf 78' lang='grc' dir='ltr'><strong>Β</strong></span> <span class='ocrx_word' id='word_1_242' title='bbox 1898 1738 1927 1768; x_wconf 71' lang='grc' dir='ltr'>ι(</span> <span class='ocrx_word' id='word_1_243' title='bbox 1968 1717 2215 1773; x_wconf 87' lang='lat' dir='ltr'>cedrina</span> <span class='ocrx_word' id='word_1_244' title='bbox 2244 1721 2300 1773; x_wconf 92' lang='lat' dir='ltr'>et</span> <span class='ocrx_word' id='word_1_245' title='bbox 2329 1717 2609 1787; x_wconf 85' lang='lat' dir='ltr'>abiegna,</span> <span class='ocrx_word' id='word_1_246' title='bbox 2638 1733 2774 1789; x_wconf 61' lang='lat' dir='ltr'>quae</span> <span class='ocrx_word' id='word_1_247' title='bbox 2806 1716 2867 1771; x_wconf 90' lang='lat' dir='ltr'>in</span> <span class='ocrx_word' id='word_1_248' title='bbox 2898 1716 3083 1772; x_wconf 94' lang='lat' dir='ltr'>domo</span> <span class='ocrx_word' id='word_1_249' title='bbox 3112 1715 3350 1772; x_wconf 91' lang='lat' dir='ltr'>Domini</span> <span class='ocrx_word' id='word_1_250' title='bbox 3375 1729 3565 1789; x_wconf 90' lang='lat' dir='ltr'>pone-</span> 
     </span>
    </p>
   </div>
   <div class='ocr_carea' id='block_1_34' title="bbox 119 1809 1786 1883">
    <p class='ocr_par' dir='ltr' id='par_1_34' title="bbox 119 1809 1786 1883">
     <span class='ocr_line' id='line_1_34' title="bbox 119 1809 1786 1883; baseline -0.001 -17"><span class='ocrx_word' id='word_1_251' title='bbox 119 1810 299 1883; x_wconf 90' lang='lat' dir='ltr'>ipsius</span> <span class='ocrx_word' id='word_1_252' title='bbox 317 1815 618 1882; x_wconf 90' lang='lat' dir='ltr'>tanquam</span> <span class='ocrx_word' id='word_1_253' title='bbox 646 1809 865 1883; x_wconf 88' lang='lat' dir='ltr'>lapidis</span> <span class='ocrx_word' id='word_1_254' title='bbox 888 1809 1197 1879; x_wconf 89' lang='lat' dir='ltr'>angularis</span> <span class='ocrx_word' id='word_1_255' title='bbox 1217 1809 1600 1877; x_wconf 82' lang='lat' dir='ltr'>singulariter</span> <span class='ocrx_word' id='word_1_256' title='bbox 1619 1809 1786 1864; x_wconf 89' lang='lat' dir='ltr'>electi</span> 
     </span>
    </p>
   </div>
   <div class='ocr_carea' id='block_1_35' title="bbox 124 1899 1784 1974">
    <p class='ocr_par' dir='ltr' id='par_1_35' title="bbox 124 1899 1784 1974">
     <span class='ocr_line' id='line_1_35' title="bbox 124 1899 1784 1974; baseline -0.002 -17"><span class='ocrx_word' id='word_1_257' title='bbox 124 1904 178 1957; x_wconf 89' lang='lat' dir='ltr'>et</span> <span class='ocrx_word' id='word_1_258' title='bbox 204 1900 468 1974; x_wconf 86' lang='lat' dir='ltr'>pretiosi,</span> <span class='ocrx_word' id='word_1_259' title='bbox 495 1899 556 1955; x_wconf 92' lang='lat' dir='ltr'>in</span> <span class='ocrx_word' id='word_1_260' title='bbox 579 1899 1047 1956; x_wconf 87' lang='lat' dir='ltr'>fundamentum</span> <span class='ocrx_word' id='word_1_261' title='bbox 1072 1899 1338 1955; x_wconf 87' lang='lat' dir='ltr'>fundati:</span> <span class='ocrx_word' id='word_1_262' title='bbox 1364 1899 1553 1955; x_wconf 87' lang='lat' dir='ltr'>nostri</span> <span class='ocrx_word' id='word_1_263' title='bbox 1582 1903 1784 1955; x_wconf 91' lang='lat' dir='ltr'>autem</span> 
     </span>
    </p>
   </div>
   <div class='ocr_carea' id='block_1_36' title="bbox 120 1988 1783 2062">
    <p class='ocr_par' dir='ltr' id='par_1_36' title="bbox 120 1988 1783 2062">
     <span class='ocr_line' id='line_1_36' title="bbox 120 1988 1783 2062; baseline -0.001 -17"><span class='ocrx_word' id='word_1_264' title='bbox 120 1993 402 2062; x_wconf 84' lang='lat' dir='ltr'>tanquam</span> <span class='ocrx_word' id='word_1_265' title='bbox 464 1989 744 2062; x_wconf 88' lang='lat' dir='ltr'>lapidum</span> <span class='ocrx_word' id='word_1_266' title='bbox 800 1989 1080 2044; x_wconf 87' lang='lat' dir='ltr'>vivorum</span> <span class='ocrx_word' id='word_1_267' title='bbox 1143 1988 1783 2061; x_wconf 68' lang='lat' dir='ltr'>supertediticatorum,</span> 
     </span>
    </p>
   </div>
   <div class='ocr_carea' id='block_1_37' title="bbox 123 2074 1783 2147">
    <p class='ocr_par' dir='ltr' id='par_1_37' title="bbox 123 2074 1783 2147">
     <span class='ocr_line' id='line_1_37' title="bbox 123 2074 1783 2147; baseline -0.001 -17"><span class='ocrx_word' id='word_1_268' title='bbox 123 2090 292 2147; x_wconf 86' lang='lat' dir='ltr'>super</span> <span class='ocrx_word' id='word_1_269' title='bbox 311 2074 787 2130; x_wconf 88' lang='lat' dir='ltr'>fundamentum</span> <span class='ocrx_word' id='word_1_270' title='bbox 812 2074 1229 2146; x_wconf 86' lang='lat' dir='ltr'>apostolorum</span> <span class='ocrx_word' id='word_1_271' title='bbox 1252 2079 1308 2129; x_wconf 90' lang='lat' dir='ltr'>et</span> <span class='ocrx_word' id='word_1_272' title='bbox 1327 2075 1783 2146; x_wconf 88' lang='lat' dir='ltr'>prophetarum,</span> 
     </span>
    </p>
   </div>
   <div class='ocr_carea' id='block_1_38' title="bbox 119 2163 1785 2237">
    <p class='ocr_par' dir='ltr' id='par_1_38' title="bbox 119 2163 1785 2237">
     <span class='ocr_line' id='line_1_38' title="bbox 119 2163 1785 2237; baseline -0.002 -16"><span class='ocrx_word' id='word_1_273' title='bbox 119 2164 225 2221; x_wconf 91' lang='lat' dir='ltr'>hoc</span> <span class='ocrx_word' id='word_1_274' title='bbox 252 2169 341 2221; x_wconf 89' lang='lat' dir='ltr'>est</span> <span class='ocrx_word' id='word_1_275' title='bbox 376 2180 566 2237; x_wconf 88' lang='lat' dir='ltr'>super</span> <span class='ocrx_word' id='word_1_276' title='bbox 590 2164 792 2236; x_wconf 92' lang='lat' dir='ltr'>ipsum</span> <span class='ocrx_word' id='word_1_277' title='bbox 818 2163 1159 2219; x_wconf 89' lang='lat' dir='ltr'>Dominum.</span> <span class='ocrx_word' id='word_1_278' title='bbox 1193 2164 1476 2229; x_wconf 79' lang='lat' dir='ltr'>Designat</span> <span class='ocrx_word' id='word_1_279' title='bbox 1505 2163 1785 2219; x_wconf 90' lang='lat' dir='ltr'>eamdem</span> 
     </span>
    </p>
   </div>
   <div class='ocr_carea' id='block_1_39' title="bbox 121 2253 1784 2327">
    <p class='ocr_par' dir='ltr' id='par_1_39' title="bbox 121 2253 1784 2327">
     <span class='ocr_line' id='line_1_39' title="bbox 121 2253 1784 2327; baseline -0.001 -17"><span class='ocrx_word' id='word_1_280' title='bbox 121 2254 213 2310; x_wconf 88' lang='lat' dir='ltr'>Dei</span> <span class='ocrx_word' id='word_1_281' title='bbox 274 2254 534 2311; x_wconf 90' lang='lat' dir='ltr'>domum</span> <span class='ocrx_word' id='word_1_282' title='bbox 614 2253 1007 2327; x_wconf 86' lang='lat' dir='ltr'>spiritualem,</span> <span class='ocrx_word' id='word_1_283' title='bbox 1073 2254 1255 2308; x_wconf 90' lang='lat' dir='ltr'>etiam</span> <span class='ocrx_word' id='word_1_284' title='bbox 1324 2254 1784 2309; x_wconf 86' lang='lat' dir='ltr'>tabernaculum</span> 
     </span>
    </p>
   </div>
   <div class='ocr_carea' id='block_1_40' title="bbox 120 2342 1786 2417">
    <p class='ocr_par' dir='ltr' id='par_1_40' title="bbox 120 2342 1786 2417">
     <span class='ocr_line' id='line_1_40' title="bbox 120 2342 1786 2417; baseline -0.002 -17"><span class='ocrx_word' id='word_1_285' title='bbox 120 2344 423 2417; x_wconf 89' lang='lat' dir='ltr'>quondam</span> <span class='ocrx_word' id='word_1_286' title='bbox 438 2343 667 2399; x_wconf 90' lang='lat' dir='ltr'>factum</span> <span class='ocrx_word' id='word_1_287' title='bbox 691 2342 751 2398; x_wconf 91' lang='lat' dir='ltr'>in</span> <span class='ocrx_word' id='word_1_288' title='bbox 764 2358 967 2398; x_wconf 91' lang='lat' dir='ltr'>eremo</span> <span class='ocrx_word' id='word_1_289' title='bbox 984 2358 1092 2415; x_wconf 91' lang='lat' dir='ltr'>per</span> <span class='ocrx_word' id='word_1_290' title='bbox 1115 2346 1375 2414; x_wconf 84' lang='lat' dir='ltr'>Moysen.</span> <span class='ocrx_word' id='word_1_291' title='bbox 1392 2346 1608 2398; x_wconf 88' lang='lat' dir='ltr'>Verum</span> <span class='ocrx_word' id='word_1_292' title='bbox 1621 2342 1786 2414; x_wconf 73' lang='lat' dir='ltr'>‘quia</span> 
     </span>
    </p>
   </div>
   <div class='ocr_carea' id='block_1_41' title="bbox 118 2432 1784 2504">
    <p class='ocr_par' dir='ltr' id='par_1_41' title="bbox 118 2432 1784 2504">
     <span class='ocr_line' id='line_1_41' title="bbox 118 2432 1784 2504; baseline -0.001 -16"><span class='ocrx_word' id='word_1_293' title='bbox 118 2432 210 2488; x_wconf 87' lang='lat' dir='ltr'>illa</span> <span class='ocrx_word' id='word_1_294' title='bbox 232 2432 455 2488; x_wconf 90' lang='lat' dir='ltr'>domus</span> <span class='ocrx_word' id='word_1_295' title='bbox 485 2432 548 2487; x_wconf 93' lang='lat' dir='ltr'>in</span> <span class='ocrx_word' id='word_1_296' title='bbox 578 2432 786 2487; x_wconf 88' lang='lat' dir='ltr'>itinere</span> <span class='ocrx_word' id='word_1_297' title='bbox 833 2446 958 2504; x_wconf 90' lang='lat' dir='ltr'>quo</span> <span class='ocrx_word' id='word_1_298' title='bbox 984 2432 1063 2487; x_wconf 93' lang='lat' dir='ltr'>ad</span> <span class='ocrx_word' id='word_1_299' title='bbox 1112 2436 1333 2487; x_wconf 89' lang='lat' dir='ltr'>terram</span> <span class='ocrx_word' id='word_1_300' title='bbox 1366 2432 1784 2504; x_wconf 89' lang='lat' dir='ltr'>repromissio-</span> 
     </span>
    </p>
   </div>
   <div class='ocr_carea' id='block_1_42' title="bbox 118 2521 1785 2593">
    <p class='ocr_par' dir='ltr' id='par_1_42' title="bbox 118 2521 1785 2593">
     <span class='ocr_line' id='line_1_42' title="bbox 118 2521 1785 2593; baseline -0.001 -15"><span class='ocrx_word' id='word_1_301' title='bbox 118 2521 203 2578; x_wconf 90' lang='lat' dir='ltr'>nis</span> <span class='ocrx_word' id='word_1_302' title='bbox 232 2522 608 2589; x_wconf 86' lang='lat' dir='ltr'>veniebatur,</span> <span class='ocrx_word' id='word_1_303' title='bbox 641 2522 770 2577; x_wconf 83' lang='lat' dir='ltr'>haec</span> <span class='ocrx_word' id='word_1_304' title='bbox 810 2526 1012 2577; x_wconf 89' lang='lat' dir='ltr'>autem</span> <span class='ocrx_word' id='word_1_305' title='bbox 1070 2521 1486 2577; x_wconf 69' lang='lat' dir='ltr'>aediﬁcabatur</span> <span class='ocrx_word' id='word_1_306' title='bbox 1536 2522 1597 2576; x_wconf 92' lang='lat' dir='ltr'>in</span> <span class='ocrx_word' id='word_1_307' title='bbox 1654 2521 1785 2593; x_wconf 90' lang='lat' dir='ltr'>ipsa</span> 
     </span>
    </p>
   </div>
   <div class='ocr_carea' id='block_1_43' title="bbox 121 2608 1786 2684">
    <p class='ocr_par' dir='ltr' id='par_1_43' title="bbox 121 2608 1786 2684">
     <span class='ocr_line' id='line_1_43' title="bbox 121 2608 1786 2684; baseline -0.001 -19"><span class='ocrx_word' id='word_1_308' title='bbox 121 2615 265 2666; x_wconf 88' lang='lat' dir='ltr'>terra</span> <span class='ocrx_word' id='word_1_309' title='bbox 289 2609 784 2684; x_wconf 87' lang='lat' dir='ltr'>repromissionis</span> <span class='ocrx_word' id='word_1_310' title='bbox 817 2613 875 2665; x_wconf 91' lang='lat' dir='ltr'>et</span> <span class='ocrx_word' id='word_1_311' title='bbox 902 2610 963 2665; x_wconf 90' lang='lat' dir='ltr'>in</span> <span class='ocrx_word' id='word_1_312' title='bbox 991 2610 1225 2665; x_wconf 89' lang='lat' dir='ltr'>civitate</span> <span class='ocrx_word' id='word_1_313' title='bbox 1273 2608 1603 2664; x_wconf 82' lang='lat' dir='ltr'>Jerusalem</span> <span class='ocrx_word' id='word_1_314' title='bbox 1637 2626 1650 2663; x_wconf 92' lang='lat'><strong>:</strong></span> <span class='ocrx_word' id='word_1_315' title='bbox 1683 2609 1786 2665; x_wconf 90' lang='lat' dir='ltr'>illa</span> 
     </span>
    </p>
   </div>
   <div class='ocr_carea' id='block_1_44' title="bbox 121 2699 1783 2757">
    <p class='ocr_par' dir='ltr' id='par_1_44' title="bbox 121 2699 1783 2757">
     <span class='ocr_line' id='line_1_44' title="bbox 121 2699 1783 2757; baseline 0 -2"><span class='ocrx_word' id='word_1_316' title='bbox 121 2705 180 2756; x_wconf 90' lang='lat' dir='ltr'>ut</span> <span class='ocrx_word' id='word_1_317' title='bbox 197 2700 267 2756; x_wconf 92' lang='lat' dir='ltr'>de</span> <span class='ocrx_word' id='word_1_318' title='bbox 290 2700 426 2756; x_wconf 93' lang='lat' dir='ltr'>loco</span> <span class='ocrx_word' id='word_1_319' title='bbox 451 2700 535 2757; x_wconf 89' lang='lat' dir='ltr'>ad</span> <span class='ocrx_word' id='word_1_320' title='bbox 558 2700 760 2755; x_wconf 91' lang='lat' dir='ltr'>locum</span> <span class='ocrx_word' id='word_1_321' title='bbox 807 2699 1018 2755; x_wconf 89' lang='lat' dir='ltr'>crebro</span> <span class='ocrx_word' id='word_1_322' title='bbox 1070 2700 1406 2755; x_wconf 88' lang='lat' dir='ltr'>Levitarum</span> <span class='ocrx_word' id='word_1_323' title='bbox 1450 2699 1783 2755; x_wconf 90' lang='lat' dir='ltr'>ministerio</span> 
     </span>
    </p>
   </div>
   <div class='ocr_carea' id='block_1_45' title="bbox 121 2788 1782 2862">
    <p class='ocr_par' dir='ltr' id='par_1_45' title="bbox 121 2788 1782 2862">
     <span class='ocr_line' id='line_1_45' title="bbox 121 2788 1782 2862; baseline -0.002 -16"><span class='ocrx_word' id='word_1_324' title='bbox 121 2795 363 2862; x_wconf 86' lang='lat' dir='ltr'>portata,</span> <span class='ocrx_word' id='word_1_325' title='bbox 396 2788 649 2846; x_wconf 89' lang='lat' dir='ltr'>tandem</span> <span class='ocrx_word' id='word_1_326' title='bbox 681 2790 743 2844; x_wconf 92' lang='lat' dir='ltr'>in</span> <span class='ocrx_word' id='word_1_327' title='bbox 790 2791 1010 2845; x_wconf 89' lang='lat' dir='ltr'>terram</span> <span class='ocrx_word' id='word_1_328' title='bbox 1061 2788 1373 2861; x_wconf 66' lang='lat' dir='ltr'>promissae</span> <span class='ocrx_word' id='word_1_329' title='bbox 1419 2788 1782 2845; x_wconf 78' lang='lat' dir='ltr'>haereditatis</span> 
     </span>
    </p>
   </div>
   <div class='ocr_carea' id='block_1_46' title="bbox 120 2878 1785 2950">
    <p class='ocr_par' dir='ltr' id='par_1_46' title="bbox 120 2878 1785 2950">
     <span class='ocr_line' id='line_1_46' title="bbox 120 2878 1785 2950; baseline -0.001 -15"><span class='ocrx_word' id='word_1_330' title='bbox 120 2880 533 2947; x_wconf 84' lang='lat' dir='ltr'>induceretur;</span> <span class='ocrx_word' id='word_1_331' title='bbox 574 2879 704 2934; x_wconf 71' lang='lat' dir='ltr'>hzec</span> <span class='ocrx_word' id='word_1_332' title='bbox 733 2883 798 2935; x_wconf 82' lang='lat' dir='ltr'>ut</span> <span class='ocrx_word' id='word_1_333' title='bbox 822 2894 964 2934; x_wconf 85' lang='lat' dir='ltr'>mox</span> <span class='ocrx_word' id='word_1_334' title='bbox 1003 2878 1063 2933; x_wconf 89' lang='lat' dir='ltr'>in</span> <span class='ocrx_word' id='word_1_335' title='bbox 1096 2878 1290 2950; x_wconf 90' lang='lat' dir='ltr'>patria</span> <span class='ocrx_word' id='word_1_336' title='bbox 1314 2878 1446 2950; x_wconf 90' lang='lat' dir='ltr'>ipsa</span> <span class='ocrx_word' id='word_1_337' title='bbox 1469 2883 1529 2934; x_wconf 90' lang='lat' dir='ltr'>et</span> <span class='ocrx_word' id='word_1_338' title='bbox 1555 2879 1616 2934; x_wconf 93' lang='lat' dir='ltr'>in</span> <span class='ocrx_word' id='word_1_339' title='bbox 1640 2879 1785 2934; x_wconf 87' lang='lat' dir='ltr'>civi-</span> 
     </span>
    </p>
   </div>
   <div class='ocr_carea' id='block_1_47' title="bbox 122 2967 1784 3041">
    <p class='ocr_par' dir='ltr' id='par_1_47' title="bbox 122 2967 1784 3041">
     <span class='ocr_line' id='line_1_47' title="bbox 122 2967 1784 3041; baseline -0.001 -16"><span class='ocrx_word' id='word_1_340' title='bbox 122 2973 232 3025; x_wconf 82' lang='lat' dir='ltr'>tate</span> <span class='ocrx_word' id='word_1_341' title='bbox 261 2970 427 3041; x_wconf 87' lang='lat' dir='ltr'>regia</span> <span class='ocrx_word' id='word_1_342' title='bbox 478 2973 851 3033; x_wconf 87' lang='lat' dir='ltr'>constructa,</span> <span class='ocrx_word' id='word_1_343' title='bbox 902 2967 1234 3023; x_wconf 87' lang='lat' dir='ltr'>inviolabili</span> <span class='ocrx_word' id='word_1_344' title='bbox 1286 2984 1526 3039; x_wconf 88' lang='lat' dir='ltr'>semper</span> <span class='ocrx_word' id='word_1_345' title='bbox 1566 2968 1784 3024; x_wconf 89' lang='lat' dir='ltr'>funda-</span> 
     </span>
    </p>
   </div>
   <div class='ocr_carea' id='block_1_48' title="bbox 1897 1806 3569 1876">
    <p class='ocr_par' dir='ltr' id='par_1_48' title="bbox 1897 1806 3569 1876">
     <span class='ocr_line' id='line_1_48' title="bbox 1897 1806 3569 1876; baseline 0.002 -16"><span class='ocrx_word' id='word_1_346' title='bbox 1897 1826 1927 1860; x_wconf 85' lang='grc'><em>‹</em></span> <span class='ocrx_word' id='word_1_347' title='bbox 1966 1812 2190 1863; x_wconf 89' lang='lat' dir='ltr'>rentur.</span> <span class='ocrx_word' id='word_1_348' title='bbox 2209 1828 2236 1856; x_wconf 83' lang='lat'><strong><em>»</em></strong></span> <span class='ocrx_word' id='word_1_349' title='bbox 2262 1807 2413 1873; x_wconf 84' lang='lat' dir='ltr'>Quia</span> <span class='ocrx_word' id='word_1_350' title='bbox 2442 1823 2730 1863; x_wconf 83' lang='lat' dir='ltr'>conversa</span> <span class='ocrx_word' id='word_1_351' title='bbox 2761 1807 3058 1876; x_wconf 90' lang='lat' dir='ltr'>gentilitas</span> <span class='ocrx_word' id='word_1_352' title='bbox 3087 1806 3251 1862; x_wconf 90' lang='lat' dir='ltr'>misit</span> <span class='ocrx_word' id='word_1_353' title='bbox 3271 1806 3347 1863; x_wconf 88' lang='lat' dir='ltr'>ad</span> <span class='ocrx_word' id='word_1_354' title='bbox 3371 1806 3569 1863; x_wconf 86' lang='lat' dir='ltr'>Domi-</span> 
     </span>
    </p>
   </div>
   <div class='ocr_carea' id='block_1_49' title="bbox 1894 1894 3564 1969">
    <p class='ocr_par' dir='ltr' id='par_1_49' title="bbox 1894 1894 3564 1969">
     <span class='ocr_line' id='line_1_49' title="bbox 1894 1894 3564 1969; baseline -0.001 -17"><span class='ocrx_word' id='word_1_355' title='bbox 1894 1912 2041 1952; x_wconf 90' lang='lat' dir='ltr'>num</span> <span class='ocrx_word' id='word_1_356' title='bbox 2065 1897 2222 1952; x_wconf 89' lang='lat' dir='ltr'>viros</span> <span class='ocrx_word' id='word_1_357' title='bbox 2247 1897 2563 1969; x_wconf 68' lang='lat' dir='ltr'>quondam</span> <span class='ocrx_word' id='word_1_358' title='bbox 2587 1901 2644 1951; x_wconf 90' lang='lat' dir='ltr'>et</span> <span class='ocrx_word' id='word_1_359' title='bbox 2668 1896 3004 1952; x_wconf 77' lang='lat' dir='ltr'>secundum</span> <span class='ocrx_word' id='word_1_360' title='bbox 3031 1895 3321 1953; x_wconf 76' lang='lat' dir='ltr'>saeculum</span> <span class='ocrx_word' id='word_1_361' title='bbox 3348 1894 3564 1964; x_wconf 85' lang='lat' dir='ltr'>claros,</span> 
     </span>
    </p>
   </div>
   <div class='ocr_carea' id='block_1_50' title="bbox 1896 1985 3567 2057">
    <p class='ocr_par' dir='ltr' id='par_1_50' title="bbox 1896 1985 3567 2057">
     <span class='ocr_line' id='line_1_50' title="bbox 1896 1985 3567 2057; baseline -0.001 -16"><span class='ocrx_word' id='word_1_362' title='bbox 1896 1986 2002 2041; x_wconf 88' lang='lat' dir='ltr'>sed</span> <span class='ocrx_word' id='word_1_363' title='bbox 2034 1985 2227 2041; x_wconf 91' lang='lat' dir='ltr'>securi</span> <span class='ocrx_word' id='word_1_364' title='bbox 2260 1985 2580 2041; x_wconf 78' lang='lat' dir='ltr'>Dominicae</span> <span class='ocrx_word' id='word_1_365' title='bbox 2609 1985 3055 2057; x_wconf 88' lang='lat' dir='ltr'>increpationis,</span> <span class='ocrx_word' id='word_1_366' title='bbox 3091 1985 3165 2041; x_wconf 91' lang='lat' dir='ltr'>de</span> <span class='ocrx_word' id='word_1_367' title='bbox 3208 1988 3412 2041; x_wconf 90' lang='lat' dir='ltr'>monte</span> <span class='ocrx_word' id='word_1_368' title='bbox 3439 1999 3567 2040; x_wconf 83' lang='lat' dir='ltr'>suae</span> 
     </span>
    </p>
   </div>
   <div class='ocr_carea' id='block_1_51' title="bbox 1895 2074 3566 2149">
    <p class='ocr_par' dir='ltr' id='par_1_51' title="bbox 1895 2074 3566 2149">
     <span class='ocr_line' id='line_1_51' title="bbox 1895 2074 3566 2149; baseline 0 -18"><span class='ocrx_word' id='word_1_369' title='bbox 1895 2077 2190 2149; x_wconf 68' lang='lat' dir='ltr'>superbiae</span> <span class='ocrx_word' id='word_1_370' title='bbox 2217 2077 2345 2147; x_wconf 87' lang='lat' dir='ltr'>jam</span> <span class='ocrx_word' id='word_1_371' title='bbox 2372 2077 2635 2147; x_wconf 84' lang='lat' dir='ltr'>dejectos</span> <span class='ocrx_word' id='word_1_372' title='bbox 2667 2080 2724 2131; x_wconf 91' lang='lat' dir='ltr'>et</span> <span class='ocrx_word' id='word_1_373' title='bbox 2751 2076 3121 2144; x_wconf 88' lang='lat' dir='ltr'>humiliatos,</span> <span class='ocrx_word' id='word_1_374' title='bbox 3155 2076 3260 2148; x_wconf 89' lang='lat' dir='ltr'>qui</span> <span class='ocrx_word' id='word_1_375' title='bbox 3293 2074 3373 2131; x_wconf 88' lang='lat' dir='ltr'>ad</span> <span class='ocrx_word' id='word_1_376' title='bbox 3423 2090 3566 2131; x_wconf 89' lang='lat' dir='ltr'>nor-</span> 
     </span>
    </p>
   </div>
   <div class='ocr_carea' id='block_1_52' title="bbox 1893 2164 3565 2236">
    <p class='ocr_par' dir='ltr' id='par_1_52' title="bbox 1893 2164 3565 2236">
     <span class='ocr_line' id='line_1_52' title="bbox 1893 2164 3565 2236; baseline -0.001 -13"><span class='ocrx_word' id='word_1_377' title='bbox 1893 2183 2061 2223; x_wconf 87' lang='lat' dir='ltr'>mam</span> <span class='ocrx_word' id='word_1_378' title='bbox 2090 2167 2461 2236; x_wconf 81' lang='lat' dir='ltr'>Evangelicae</span> <span class='ocrx_word' id='word_1_379' title='bbox 2490 2166 2751 2222; x_wconf 87' lang='lat' dir='ltr'>veritatis</span> <span class='ocrx_word' id='word_1_380' title='bbox 2782 2166 3032 2222; x_wconf 90' lang='lat' dir='ltr'>instituti</span> <span class='ocrx_word' id='word_1_381' title='bbox 3079 2166 3142 2221; x_wconf 92' lang='lat' dir='ltr'>in</span> <span class='ocrx_word' id='word_1_382' title='bbox 3168 2164 3565 2222; x_wconf 67' lang='lat' dir='ltr'>aediﬁcatione</span> 
     </span>
    </p>
   </div>
   <div class='ocr_carea' id='block_1_53' title="bbox 1895 2253 3567 2330">
    <p class='ocr_par' dir='ltr' id='par_1_53' title="bbox 1895 2253 3567 2330">
     <span class='ocr_line' id='line_1_53' title="bbox 1895 2253 3567 2330; baseline -0.001 -17"><span class='ocrx_word' id='word_1_383' title='bbox 1895 2257 2169 2313; x_wconf 61' lang='lat' dir='ltr'>Ecclesiae</span> <span class='ocrx_word' id='word_1_384' title='bbox 2198 2274 2308 2330; x_wconf 91' lang='lat' dir='ltr'>pro</span> <span class='ocrx_word' id='word_1_385' title='bbox 2333 2273 2445 2312; x_wconf 92' lang='lat' dir='ltr'>suo</span> <span class='ocrx_word' id='word_1_386' title='bbox 2475 2256 2731 2329; x_wconf 90' lang='lat' dir='ltr'>quisque</span> <span class='ocrx_word' id='word_1_387' title='bbox 2766 2256 2979 2312; x_wconf 90' lang='lat' dir='ltr'>merito</span> <span class='ocrx_word' id='word_1_388' title='bbox 3001 2254 3092 2312; x_wconf 87' lang='lat' dir='ltr'>vel</span> <span class='ocrx_word' id='word_1_389' title='bbox 3117 2259 3411 2328; x_wconf 91' lang='lat' dir='ltr'>tempore,</span> <span class='ocrx_word' id='word_1_390' title='bbox 3446 2253 3567 2312; x_wconf 90' lang='lat' dir='ltr'>col-</span> 
     </span>
    </p>
   </div>
   <div class='ocr_carea' id='block_1_54' title="bbox 1893 2346 2251 2403">
    <p class='ocr_par' dir='ltr' id='par_1_54' title="bbox 1893 2346 2251 2403">
     <span class='ocr_line' id='line_1_54' title="bbox 1893 2346 2251 2403; baseline -0.006 0"><span class='ocrx_word' id='word_1_391' title='bbox 1893 2346 2251 2403; x_wconf 89' lang='lat' dir='ltr'>locarentur.</span> 
     </span>
    </p>
   </div>
   <div class='ocr_carea' id='block_1_55' title="bbox 1966 2432 3562 2501">
    <p class='ocr_par' dir='ltr' id='par_1_55' title="bbox 1966 2432 3562 2501">
     <span class='ocr_line' id='line_1_55' title="bbox 1966 2432 3562 2501; baseline -0.002 -10"><span class='ocrx_word' id='word_1_392' title='bbox 1966 2458 1995 2485; x_wconf 86' lang='lat'><strong><em>«</em></strong></span> <span class='ocrx_word' id='word_1_393' title='bbox 2038 2435 2183 2491; x_wconf 83' lang='lat' dir='ltr'>Misit</span> <span class='ocrx_word' id='word_1_394' title='bbox 2204 2435 2385 2491; x_wconf 91' lang='lat' dir='ltr'>etiam</span> <span class='ocrx_word' id='word_1_395' title='bbox 2403 2434 2677 2490; x_wconf 82' lang='lat' dir='ltr'>artiﬁces.</span> <span class='ocrx_word' id='word_1_396' title='bbox 2698 2456 2725 2484; x_wconf 82' lang='grc'><strong>››</strong></span> <span class='ocrx_word' id='word_1_397' title='bbox 2744 2434 2896 2501; x_wconf 92' lang='lat' dir='ltr'>Quia</span> <span class='ocrx_word' id='word_1_398' title='bbox 2912 2449 3235 2490; x_wconf 89' lang='lat' dir='ltr'>conversos</span> <span class='ocrx_word' id='word_1_399' title='bbox 3256 2432 3335 2490; x_wconf 89' lang='lat' dir='ltr'>ad</span> <span class='ocrx_word' id='word_1_400' title='bbox 3356 2448 3562 2489; x_wconf 88' lang='lat' dir='ltr'>veram</span> 
     </span>
    </p>
   </div>
   <div class='ocr_carea' id='block_1_56' title="bbox 1895 2521 3565 2598">
    <p class='ocr_par' dir='ltr' id='par_1_56' title="bbox 1895 2521 3565 2598">
     <span class='ocr_line' id='line_1_56' title="bbox 1895 2521 3565 2598; baseline -0.001 -18"><span class='ocrx_word' id='word_1_401' title='bbox 1895 2525 2251 2597; x_wconf 87' lang='lat' dir='ltr'>sapientiam</span> <span class='ocrx_word' id='word_1_402' title='bbox 2282 2525 2700 2598; x_wconf 90' lang='lat' dir='ltr'>philosophos,</span> <span class='ocrx_word' id='word_1_403' title='bbox 2731 2524 2836 2597; x_wconf 90' lang='lat' dir='ltr'>qui</span> <span class='ocrx_word' id='word_1_404' title='bbox 2869 2524 3060 2593; x_wconf 87' lang='lat' dir='ltr'>gratia</span> <span class='ocrx_word' id='word_1_405' title='bbox 3089 2521 3438 2579; x_wconf 90' lang='lat' dir='ltr'>eruditionis</span> <span class='ocrx_word' id='word_1_406' title='bbox 3459 2538 3565 2595; x_wconf 92' lang='lat' dir='ltr'>po-</span> 
     </span>
    </p>
   </div>
   <div class='ocr_carea' id='block_1_57' title="bbox 1892 2613 3562 2688">
    <p class='ocr_par' dir='ltr' id='par_1_57' title="bbox 1892 2613 3562 2688">
     <span class='ocr_line' id='line_1_57' title="bbox 1892 2613 3562 2688; baseline -0.001 -18"><span class='ocrx_word' id='word_1_407' title='bbox 1892 2616 2051 2688; x_wconf 91' lang='lat' dir='ltr'>pulis</span> <span class='ocrx_word' id='word_1_408' title='bbox 2068 2631 2312 2688; x_wconf 89' lang='lat' dir='ltr'>quoque</span> <span class='ocrx_word' id='word_1_409' title='bbox 2329 2615 2608 2683; x_wconf 85' lang='lat' dir='ltr'>regendis</span> <span class='ocrx_word' id='word_1_410' title='bbox 2620 2616 2754 2685; x_wconf 89' lang='lat' dir='ltr'>jure</span> <span class='ocrx_word' id='word_1_411' title='bbox 2775 2618 3291 2687; x_wconf 68' lang='lat' dir='ltr'>prtrponerentur,</span> <span class='ocrx_word' id='word_1_412' title='bbox 3306 2613 3562 2669; x_wconf 91' lang='lat' dir='ltr'>Domino</span> 
     </span>
    </p>
   </div>
   <div class='ocr_carea' id='block_1_58' title="bbox 1895 2701 3561 2775">
    <p class='ocr_par' dir='ltr' id='par_1_58' title="bbox 1895 2701 3561 2775">
     <span class='ocr_line' id='line_1_58' title="bbox 1895 2701 3561 2775; baseline -0.002 -15"><span class='ocrx_word' id='word_1_413' title='bbox 1895 2704 2194 2774; x_wconf 86' lang='lat' dir='ltr'>gentilitas</span> <span class='ocrx_word' id='word_1_414' title='bbox 2249 2702 2462 2759; x_wconf 89' lang='lat' dir='ltr'>obtulit</span> <span class='ocrx_word' id='word_1_415' title='bbox 2494 2721 2507 2759; x_wconf 91' lang='lat'><strong>:</strong></span> <span class='ocrx_word' id='word_1_416' title='bbox 2537 2704 2734 2775; x_wconf 85' lang='lat' dir='ltr'>qualis</span> <span class='ocrx_word' id='word_1_417' title='bbox 2793 2703 2904 2759; x_wconf 90' lang='lat' dir='ltr'>fuit</span> <span class='ocrx_word' id='word_1_418' title='bbox 2953 2703 3100 2775; x_wconf 88' lang='lat' dir='ltr'>ipsis</span> <span class='ocrx_word' id='word_1_419' title='bbox 3149 2701 3561 2774; x_wconf 89' lang='lat' dir='ltr'>apostolorum</span> 
     </span>
    </p>
   </div>
   <div class='ocr_carea' id='block_1_59' title="bbox 1892 2790 3562 2865">
    <p class='ocr_par' dir='ltr' id='par_1_59' title="bbox 1892 2790 3562 2865">
     <span class='ocr_line' id='line_1_59' title="bbox 1892 2790 3562 2865; baseline -0.002 -16"><span class='ocrx_word' id='word_1_420' title='bbox 1892 2792 2267 2865; x_wconf 87' lang='lat' dir='ltr'>temporibus</span> <span class='ocrx_word' id='word_1_421' title='bbox 2293 2792 2613 2864; x_wconf 88' lang='lat' dir='ltr'>Dionysius</span> <span class='ocrx_word' id='word_1_422' title='bbox 2638 2792 3023 2865; x_wconf 87' lang='lat' dir='ltr'>Areopagita,</span> <span class='ocrx_word' id='word_1_423' title='bbox 3051 2790 3248 2864; x_wconf 89' lang='lat' dir='ltr'>qualis</span> <span class='ocrx_word' id='word_1_424' title='bbox 3278 2790 3562 2863; x_wconf 89' lang='lat' dir='ltr'>deinceps</span> 
     </span>
    </p>
   </div>
   <div class='ocr_carea' id='block_1_60' title="bbox 1893 2880 3561 2953">
    <p class='ocr_par' dir='ltr' id='par_1_60' title="bbox 1893 2880 3561 2953">
     <span class='ocr_line' id='line_1_60' title="bbox 1893 2880 3561 2953; baseline -0.001 -15"><span class='ocrx_word' id='word_1_425' title='bbox 1893 2883 2104 2939; x_wconf 88' lang='lat' dir='ltr'>doctor</span> <span class='ocrx_word' id='word_1_426' title='bbox 2135 2883 2527 2938; x_wconf 88' lang='lat' dir='ltr'>suavissimus</span> <span class='ocrx_word' id='word_1_427' title='bbox 2558 2886 2614 2938; x_wconf 90' lang='lat' dir='ltr'>et</span> <span class='ocrx_word' id='word_1_428' title='bbox 2657 2882 3017 2938; x_wconf 88' lang='lat' dir='ltr'>fortissimus</span> <span class='ocrx_word' id='word_1_429' title='bbox 3047 2885 3277 2953; x_wconf 88' lang='lat' dir='ltr'>martyr</span> <span class='ocrx_word' id='word_1_430' title='bbox 3314 2880 3561 2953; x_wconf 83' lang='lat' dir='ltr'>Cypria-</span> 
     </span>
    </p>
   </div>
   <div class='ocr_carea' id='block_1_61' title="bbox 1894 2969 3561 3044">
    <p class='ocr_par' dir='ltr' id='par_1_61' title="bbox 1894 2969 3561 3044">
     <span class='ocr_line' id='line_1_61' title="bbox 1894 2969 3561 3044; baseline -0.002 -16"><span class='ocrx_word' id='word_1_431' title='bbox 1894 2989 2029 3041; x_wconf 92' lang='lat' dir='ltr'>nus,</span> <span class='ocrx_word' id='word_1_432' title='bbox 2068 2972 2287 3044; x_wconf 87' lang='lat' dir='ltr'>ahique</span> <span class='ocrx_word' id='word_1_433' title='bbox 2314 2972 2769 3044; x_wconf 88' lang='lat' dir='ltr'>quamplurimi.</span> <span class='ocrx_word' id='word_1_434' title='bbox 2797 2972 2950 3029; x_wconf 90' lang='lat' dir='ltr'>Misit</span> <span class='ocrx_word' id='word_1_435' title='bbox 2980 2976 3037 3027; x_wconf 91' lang='lat' dir='ltr'>et</span> <span class='ocrx_word' id='word_1_436' title='bbox 3062 2987 3281 3027; x_wconf 90' lang='lat' dir='ltr'>aurum</span> <span class='ocrx_word' id='word_1_437' title='bbox 3302 2970 3469 3043; x_wconf 91' lang='lat' dir='ltr'>quod</span> <span class='ocrx_word' id='word_1_438' title='bbox 3499 2969 3561 3026; x_wconf 92' lang='lat' dir='ltr'>in</span> 
     </span>
    </p>
   </div>
   <div class='ocr_carea' id='block_1_62' title="bbox 121 3053 3561 3148">
    <p class='ocr_par' dir='ltr' id='par_1_62' title="bbox 121 3053 3561 3148">
     <span class='ocr_line' id='line_1_62' title="bbox 121 3053 3561 3148; baseline -0.001 -38"><span class='ocrx_word' id='word_1_439' title='bbox 121 3059 313 3110; x_wconf 89' lang='lat' dir='ltr'>mento</span> <span class='ocrx_word' id='word_1_440' title='bbox 344 3054 704 3110; x_wconf 87' lang='lat' dir='ltr'>consisteret</span> <span class='ocrx_word' id='word_1_441' title='bbox 737 3072 749 3109; x_wconf 75' lang='grc' dir='ltr'>ε</span> <span class='ocrx_word' id='word_1_442' title='bbox 784 3054 977 3109; x_wconf 88' lang='lat' dir='ltr'>donec</span> <span class='ocrx_word' id='word_1_443' title='bbox 1003 3053 1335 3108; x_wconf 87' lang='lat' dir='ltr'>indicatum</span> <span class='ocrx_word' id='word_1_444' title='bbox 1372 3053 1485 3107; x_wconf 85' lang='lat' dir='ltr'>sibi</span> <span class='ocrx_word' id='word_1_445' title='bbox 1516 3053 1785 3108; x_wconf 88' lang='lat' dir='ltr'>futurum</span> <span class='ocrx_word' id='word_1_446' title='bbox 1814 3092 1856 3148; x_wconf 68' lang='grc' dir='ltr'><strong>Ο</strong></span> <span class='ocrx_word' id='word_1_447' title='bbox 1897 3064 2109 3118; x_wconf 76' lang='lat' dir='ltr'>eadem</span> <span class='ocrx_word' id='word_1_448' title='bbox 2137 3078 2289 3133; x_wconf 72' lang='lat' dir='ltr'>pone</span> <span class='ocrx_word' id='word_1_449' title='bbox 2319 3062 2752 3130; x_wconf 68' lang='lat' dir='ltr'>significatione</span> <span class='ocrx_word' id='word_1_450' title='bbox 2784 3062 3258 3133; x_wconf 62' lang='lat' dir='ltr'>accipitur,quia</span> <span class='ocrx_word' id='word_1_451' title='bbox 3272 3061 3561 3115; x_wconf 80' lang='lat' dir='ltr'>nimirum</span> 
     </span>
    </p>
   </div>
   <div class='ocr_carea' id='block_1_63' title="bbox 122 3143 1784 3217">
    <p class='ocr_par' dir='ltr' id='par_1_63' title="bbox 122 3143 1784 3217">
     <span class='ocr_line' id='line_1_63' title="bbox 122 3143 1784 3217; baseline 0 -17"><span class='ocrx_word' id='word_1_452' title='bbox 122 3144 345 3203; x_wconf 73' lang='lat' dir='ltr'>cmleste</span> <span class='ocrx_word' id='word_1_453' title='bbox 373 3160 608 3201; x_wconf 91' lang='lat' dir='ltr'>munus</span> <span class='ocrx_word' id='word_1_454' title='bbox 639 3144 1007 3217; x_wconf 85' lang='lat' dir='ltr'>impleretur.</span> <span class='ocrx_word' id='word_1_455' title='bbox 1038 3146 1232 3199; x_wconf 83' lang='lat' dir='ltr'>Potest</span> <span class='ocrx_word' id='word_1_456' title='bbox 1253 3143 1316 3198; x_wconf 92' lang='lat' dir='ltr'>in</span> <span class='ocrx_word' id='word_1_457' title='bbox 1364 3143 1488 3211; x_wconf 89' lang='lat' dir='ltr'>illa,</span> <span class='ocrx_word' id='word_1_458' title='bbox 1517 3159 1784 3216; x_wconf 65' lang='lat' dir='ltr'>praesen-</span> 
     </span>
    </p>
   </div>
   <div class='ocr_carea' id='block_1_64' title="bbox 121 3233 1783 3305">
    <p class='ocr_par' dir='ltr' id='par_1_64' title="bbox 121 3233 1783 3305">
     <span class='ocr_line' id='line_1_64' title="bbox 121 3233 1783 3305; baseline -0.001 -16"><span class='ocrx_word' id='word_1_459' title='bbox 121 3234 188 3289; x_wconf 87' lang='lat' dir='ltr'>tis</span> <span class='ocrx_word' id='word_1_460' title='bbox 216 3235 487 3291; x_wconf 62' lang='lat' dir='ltr'>Ecclesiae</span> <span class='ocrx_word' id='word_1_461' title='bbox 518 3234 698 3290; x_wconf 89' lang='lat' dir='ltr'>labor</span> <span class='ocrx_word' id='word_1_462' title='bbox 726 3237 784 3290; x_wconf 90' lang='lat' dir='ltr'>et</span> <span class='ocrx_word' id='word_1_463' title='bbox 808 3233 1103 3300; x_wconf 86' lang='lat' dir='ltr'>exsilium,</span> <span class='ocrx_word' id='word_1_464' title='bbox 1138 3234 1200 3287; x_wconf 88' lang='lat' dir='ltr'>in</span> <span class='ocrx_word' id='word_1_465' title='bbox 1236 3234 1350 3288; x_wconf 90' lang='lat' dir='ltr'>hoc</span> <span class='ocrx_word' id='word_1_466' title='bbox 1382 3233 1582 3289; x_wconf 89' lang='lat' dir='ltr'>futura</span> <span class='ocrx_word' id='word_1_467' title='bbox 1611 3234 1783 3305; x_wconf 90' lang='lat' dir='ltr'>quies</span> 
     </span>
    </p>
   </div>
   <div class='ocr_carea' id='block_1_65' title="bbox 124 3322 1785 3394">
    <p class='ocr_par' dir='ltr' id='par_1_65' title="bbox 124 3322 1785 3394">
     <span class='ocr_line' id='line_1_65' title="bbox 124 3322 1785 3394; baseline -0.002 -15"><span class='ocrx_word' id='word_1_468' title='bbox 124 3330 174 3380; x_wconf 90' lang='lat' dir='ltr'>et</span> <span class='ocrx_word' id='word_1_469' title='bbox 198 3325 505 3381; x_wconf 89' lang='lat' dir='ltr'>beatitudo</span> <span class='ocrx_word' id='word_1_470' title='bbox 532 3323 803 3393; x_wconf 85' lang='lat' dir='ltr'>ﬁgurari.</span> <span class='ocrx_word' id='word_1_471' title='bbox 837 3322 936 3378; x_wconf 89' lang='lat' dir='ltr'>Vel</span> <span class='ocrx_word' id='word_1_472' title='bbox 966 3327 1122 3379; x_wconf 87' lang='lat' dir='ltr'>certe</span> <span class='ocrx_word' id='word_1_473' title='bbox 1169 3322 1315 3394; x_wconf 89' lang='lat' dir='ltr'>quia</span> <span class='ocrx_word' id='word_1_474' title='bbox 1347 3322 1447 3378; x_wconf 91' lang='lat' dir='ltr'>illa</span> <span class='ocrx_word' id='word_1_475' title='bbox 1478 3322 1619 3377; x_wconf 89' lang='lat' dir='ltr'>solis</span> <span class='ocrx_word' id='word_1_476' title='bbox 1649 3322 1785 3377; x_wconf 85' lang='lat' dir='ltr'>ﬁliis</span> 
     </span>
    </p>
   </div>
   <div class='ocr_carea' id='block_1_66' title="bbox 122 3411 1787 3486">
    <p class='ocr_par' dir='ltr' id='par_1_66' title="bbox 122 3411 1787 3486">
     <span class='ocr_line' id='line_1_66' title="bbox 122 3411 1787 3486; baseline 0 -19"><span class='ocrx_word' id='word_1_477' title='bbox 122 3413 309 3486; x_wconf 84' lang='lat' dir='ltr'>Israel,</span> <span class='ocrx_word' id='word_1_478' title='bbox 337 3415 468 3470; x_wconf 64' lang='lat' dir='ltr'>haec</span> <span class='ocrx_word' id='word_1_479' title='bbox 500 3419 709 3469; x_wconf 89' lang='lat' dir='ltr'>autem</span> <span class='ocrx_word' id='word_1_480' title='bbox 754 3429 791 3469; x_wconf 92' lang='lat' dir='ltr'>a</span> <span class='ocrx_word' id='word_1_481' title='bbox 834 3412 1156 3485; x_wconf 86' lang='lat' dir='ltr'>proselytis</span> <span class='ocrx_word' id='word_1_482' title='bbox 1187 3412 1368 3467; x_wconf 89' lang='lat' dir='ltr'>etiam</span> <span class='ocrx_word' id='word_1_483' title='bbox 1421 3416 1478 3467; x_wconf 92' lang='lat' dir='ltr'>et</span> <span class='ocrx_word' id='word_1_484' title='bbox 1508 3411 1787 3480; x_wconf 87' lang='lat' dir='ltr'>gentibus</span> 
     </span>
    </p>
   </div>
   <div class='ocr_carea' id='block_1_67' title="bbox 120 3500 1790 3573">
    <p class='ocr_par' dir='ltr' id='par_1_67' title="bbox 120 3500 1790 3573">
     <span class='ocr_line' id='line_1_67' title="bbox 120 3500 1790 3573; baseline -0.001 -15"><span class='ocrx_word' id='word_1_485' title='bbox 120 3502 268 3559; x_wconf 79' lang='lat' dir='ltr'>facta</span> <span class='ocrx_word' id='word_1_486' title='bbox 321 3508 430 3560; x_wconf 87' lang='lat' dir='ltr'>est.</span> <span class='ocrx_word' id='word_1_487' title='bbox 464 3506 726 3559; x_wconf 88' lang='lat' dir='ltr'>Possunt</span> <span class='ocrx_word' id='word_1_488' title='bbox 776 3502 837 3557; x_wconf 93' lang='lat' dir='ltr'>in</span> <span class='ocrx_word' id='word_1_489' title='bbox 886 3501 988 3557; x_wconf 90' lang='lat' dir='ltr'>illa</span> <span class='ocrx_word' id='word_1_490' title='bbox 1031 3500 1441 3573; x_wconf 87' lang='lat' dir='ltr'>principaliter</span> <span class='ocrx_word' id='word_1_491' title='bbox 1481 3505 1704 3573; x_wconf 88' lang='lat' dir='ltr'>patres,</span> <span class='ocrx_word' id='word_1_492' title='bbox 1733 3505 1790 3557; x_wconf 90' lang='lat' dir='ltr'>et</span> 
     </span>
    </p>
   </div>
   <div class='ocr_carea' id='block_1_68' title="bbox 122 3589 1788 3663">
    <p class='ocr_par' dir='ltr' id='par_1_68' title="bbox 122 3589 1788 3663">
     <span class='ocr_line' id='line_1_68' title="bbox 122 3589 1788 3663; baseline 0 -18"><span class='ocrx_word' id='word_1_493' title='bbox 122 3591 327 3648; x_wconf 79' lang='lat' dir='ltr'>Veteris</span> <span class='ocrx_word' id='word_1_494' title='bbox 370 3591 739 3648; x_wconf 87' lang='lat' dir='ltr'>Testamenti</span> <span class='ocrx_word' id='word_1_495' title='bbox 791 3590 1079 3663; x_wconf 88' lang='lat' dir='ltr'>antiquus</span> <span class='ocrx_word' id='word_1_496' title='bbox 1126 3589 1223 3644; x_wconf 92' lang='lat' dir='ltr'>ille</span> <span class='ocrx_word' id='word_1_497' title='bbox 1276 3589 1376 3644; x_wconf 89' lang='lat' dir='ltr'>Dei</span> <span class='ocrx_word' id='word_1_498' title='bbox 1406 3589 1694 3661; x_wconf 81' lang='lat' dir='ltr'>populus,</span> <span class='ocrx_word' id='word_1_499' title='bbox 1725 3589 1788 3645; x_wconf 90' lang='lat' dir='ltr'>in</span> 
     </span>
    </p>
   </div>
   <div class='ocr_carea' id='block_1_69' title="bbox 120 3678 1789 3751">
    <p class='ocr_par' dir='ltr' id='par_1_69' title="bbox 120 3678 1789 3751">
     <span class='ocr_line' id='line_1_69' title="bbox 120 3678 1789 3751; baseline -0.001 -14"><span class='ocrx_word' id='word_1_500' title='bbox 120 3681 226 3738; x_wconf 85' lang='lat' dir='ltr'>hac</span> <span class='ocrx_word' id='word_1_501' title='bbox 253 3687 457 3739; x_wconf 89' lang='lat' dir='ltr'>autem</span> <span class='ocrx_word' id='word_1_502' title='bbox 490 3686 862 3751; x_wconf 86' lang='lat' dir='ltr'>congregata</span> <span class='ocrx_word' id='word_1_503' title='bbox 892 3680 968 3736; x_wconf 93' lang='lat' dir='ltr'>de</span> <span class='ocrx_word' id='word_1_504' title='bbox 1008 3679 1289 3748; x_wconf 89' lang='lat' dir='ltr'>gentibus</span> <span class='ocrx_word' id='word_1_505' title='bbox 1322 3678 1607 3745; x_wconf 90' lang='lat' dir='ltr'>Ecclesia,</span> <span class='ocrx_word' id='word_1_506' title='bbox 1638 3679 1789 3749; x_wconf 88' lang='lat' dir='ltr'>ﬁgu-</span> 
     </span>
    </p>
   </div>
   <div class='ocr_carea' id='block_1_70' title="bbox 119 3768 1787 3845">
    <p class='ocr_par' dir='ltr' id='par_1_70' title="bbox 119 3768 1787 3845">
     <span class='ocr_line' id='line_1_70' title="bbox 119 3768 1787 3845; baseline -0.002 -17"><span class='ocrx_word' id='word_1_507' title='bbox 119 3770 306 3827; x_wconf 81' lang='lat' dir='ltr'>raliter</span> <span class='ocrx_word' id='word_1_508' title='bbox 363 3771 650 3845; x_wconf 86' lang='lat' dir='ltr'>exprimi.</span> <span class='ocrx_word' id='word_1_509' title='bbox 724 3769 1016 3836; x_wconf 90' lang='lat' dir='ltr'>Quamvis</span> <span class='ocrx_word' id='word_1_510' title='bbox 1081 3768 1407 3823; x_wconf 73' lang='lat' dir='ltr'>aadiﬁcium</span> <span class='ocrx_word' id='word_1_511' title='bbox 1474 3768 1787 3841; x_wconf 88' lang='lat' dir='ltr'>utriusque</span> 
     </span>
    </p>
   </div>
   <div class='ocr_carea' id='block_1_71' title="bbox 124 3858 1791 3931">
    <p class='ocr_par' dir='ltr' id='par_1_71' title="bbox 124 3858 1791 3931">
     <span class='ocr_line' id='line_1_71' title="bbox 124 3858 1791 3931; baseline -0.001 -15"><span class='ocrx_word' id='word_1_512' title='bbox 124 3860 332 3918; x_wconf 89' lang='lat' dir='ltr'>domus</span> <span class='ocrx_word' id='word_1_513' title='bbox 362 3860 746 3918; x_wconf 89' lang='lat' dir='ltr'>enucleatius</span> <span class='ocrx_word' id='word_1_514' title='bbox 789 3858 1042 3931; x_wconf 88' lang='lat' dir='ltr'>spiritali</span> <span class='ocrx_word' id='word_1_515' title='bbox 1099 3874 1303 3927; x_wconf 89' lang='lat' dir='ltr'>sensu,</span> <span class='ocrx_word' id='word_1_516' title='bbox 1360 3873 1681 3913; x_wconf 87' lang='lat' dir='ltr'>excursum</span> <span class='ocrx_word' id='word_1_517' title='bbox 1733 3863 1791 3915; x_wconf 91' lang='lat' dir='ltr'>et</span> 
     </span>
    </p>
   </div>
   <div class='ocr_carea' id='block_1_72' title="bbox 121 3946 1787 4025">
    <p class='ocr_par' dir='ltr' id='par_1_72' title="bbox 121 3946 1787 4025">
     <span class='ocr_line' id='line_1_72' title="bbox 121 3946 1787 4025; baseline -0.001 -20"><span class='ocrx_word' id='word_1_518' title='bbox 121 3948 348 4007; x_wconf 88' lang='lat' dir='ltr'>labores</span> <span class='ocrx_word' id='word_1_519' title='bbox 376 3950 702 4025; x_wconf 72' lang='lat' dir='ltr'>praesentis</span> <span class='ocrx_word' id='word_1_520' title='bbox 750 3948 1019 4005; x_wconf 66' lang='lat' dir='ltr'>Ecclesia’</span> <span class='ocrx_word' id='word_1_521' title='bbox 1070 3946 1484 4020; x_wconf 90' lang='lat' dir='ltr'>quotidianos,</span> <span class='ocrx_word' id='word_1_522' title='bbox 1516 3952 1573 4004; x_wconf 91' lang='lat' dir='ltr'>et</span> <span class='ocrx_word' id='word_1_523' title='bbox 1632 3964 1787 4020; x_wconf 70' lang='lat' dir='ltr'>pras-</span> 
     </span>
    </p>
   </div>
   <div class='ocr_carea' id='block_1_73' title="bbox 121 4036 1788 4111">
    <p class='ocr_par' dir='ltr' id='par_1_73' title="bbox 121 4036 1788 4111">
     <span class='ocr_line' id='line_1_73' title="bbox 121 4036 1788 4111; baseline -0.002 -15"><span class='ocrx_word' id='word_1_524' title='bbox 121 4040 235 4096; x_wconf 89' lang='lat' dir='ltr'>mia</span> <span class='ocrx_word' id='word_1_525' title='bbox 261 4041 323 4099; x_wconf 93' lang='lat' dir='ltr'>in</span> <span class='ocrx_word' id='word_1_526' title='bbox 350 4040 560 4097; x_wconf 86' lang='lat' dir='ltr'>futuro</span> <span class='ocrx_word' id='word_1_527' title='bbox 592 4039 902 4111; x_wconf 84' lang='lat' dir='ltr'>perennia,</span> <span class='ocrx_word' id='word_1_528' title='bbox 931 4036 1277 4109; x_wconf 85' lang='lat' dir='ltr'>gaudiaque</span> <span class='ocrx_word' id='word_1_529' title='bbox 1306 4037 1477 4107; x_wconf 88' lang='lat' dir='ltr'>regni</span> <span class='ocrx_word' id='word_1_530' title='bbox 1508 4036 1788 4107; x_wconf 60' lang='lat' dir='ltr'>caelestis,</span> 
     </span>
    </p>
   </div>
   <div class='ocr_carea' id='block_1_74' title="bbox 123 4126 1788 4204">
    <p class='ocr_par' dir='ltr' id='par_1_74' title="bbox 123 4126 1788 4204">
     <span class='ocr_line' id='line_1_74' title="bbox 123 4126 1788 4204; baseline -0.002 -19"><span class='ocrx_word' id='word_1_531' title='bbox 123 4135 173 4185; x_wconf 92' lang='lat' dir='ltr'>et</span> <span class='ocrx_word' id='word_1_532' title='bbox 196 4130 547 4188; x_wconf 89' lang='lat' dir='ltr'>electionem</span> <span class='ocrx_word' id='word_1_533' title='bbox 568 4130 779 4204; x_wconf 66' lang='lat' dir='ltr'>primae</span> <span class='ocrx_word' id='word_1_534' title='bbox 809 4129 884 4184; x_wconf 94' lang='lat' dir='ltr'>de</span> <span class='ocrx_word' id='word_1_535' title='bbox 912 4126 1091 4183; x_wconf 89' lang='lat' dir='ltr'>Israel</span> <span class='ocrx_word' id='word_1_536' title='bbox 1121 4127 1416 4197; x_wconf 62' lang='lat' dir='ltr'>Ecclesiae,</span> <span class='ocrx_word' id='word_1_537' title='bbox 1446 4131 1503 4182; x_wconf 90' lang='lat' dir='ltr'>et</span> <span class='ocrx_word' id='word_1_538' title='bbox 1533 4127 1788 4183; x_wconf 89' lang='lat' dir='ltr'>salutem</span> 
     </span>
    </p>
   </div>
   <div class='ocr_carea' id='block_1_75' title="bbox 123 4216 1789 4291">
    <p class='ocr_par' dir='ltr' id='par_1_75' title="bbox 123 4216 1789 4291">
     <span class='ocr_line' id='line_1_75' title="bbox 123 4216 1789 4291; baseline -0.003 -14"><span class='ocrx_word' id='word_1_539' title='bbox 123 4221 386 4277; x_wconf 88' lang='lat' dir='ltr'>omnium</span> <span class='ocrx_word' id='word_1_540' title='bbox 414 4222 713 4291; x_wconf 90' lang='lat' dir='ltr'>gentium,</span> <span class='ocrx_word' id='word_1_541' title='bbox 744 4218 806 4275; x_wconf 91' lang='lat' dir='ltr'>in</span> <span class='ocrx_word' id='word_1_542' title='bbox 838 4218 1074 4275; x_wconf 87' lang='lat' dir='ltr'>Christo</span> <span class='ocrx_word' id='word_1_543' title='bbox 1126 4216 1330 4272; x_wconf 91' lang='lat' dir='ltr'>multis</span> <span class='ocrx_word' id='word_1_544' title='bbox 1360 4216 1559 4272; x_wconf 91' lang='lat' dir='ltr'>modis</span> <span class='ocrx_word' id='word_1_545' title='bbox 1588 4222 1789 4273; x_wconf 87' lang='lat' dir='ltr'>osten-</span> 
     </span>
    </p>
   </div>
   <div class='ocr_carea' id='block_1_76' title="bbox 123 4306 1787 4379">
    <p class='ocr_par' dir='ltr' id='par_1_76' title="bbox 123 4306 1787 4379">
     <span class='ocr_line' id='line_1_76' title="bbox 123 4306 1787 4379; baseline -0.002 -15"><span class='ocrx_word' id='word_1_546' title='bbox 123 4309 289 4366; x_wconf 86' lang='lat' dir='ltr'>datur</span> <span class='ocrx_word' id='word_1_547' title='bbox 340 4311 655 4366; x_wconf 89' lang='lat' dir='ltr'>insinuare</span> <span class='ocrx_word' id='word_1_548' title='bbox 709 4308 943 4379; x_wconf 87' lang='lat' dir='ltr'>ﬁguris.</span> <span class='ocrx_word' id='word_1_549' title='bbox 997 4310 1211 4365; x_wconf 85' lang='lat' dir='ltr'>Narrat</span> <span class='ocrx_word' id='word_1_550' title='bbox 1266 4310 1471 4362; x_wconf 88' lang='lat' dir='ltr'>autem</span> <span class='ocrx_word' id='word_1_551' title='bbox 1518 4306 1787 4375; x_wconf 89' lang='lat' dir='ltr'>historia,</span> 
     </span>
    </p>
   </div>
   <div class='ocr_carea' id='block_1_77' title="bbox 124 4395 1794 4472">
    <p class='ocr_par' dir='ltr' id='par_1_77' title="bbox 124 4395 1794 4472">
     <span class='ocr_line' id='line_1_77' title="bbox 124 4395 1794 4472; baseline -0.002 -17"><span class='ocrx_word' id='word_1_552' title='bbox 124 4400 259 4472; x_wconf 89' lang='lat' dir='ltr'>quia</span> <span class='ocrx_word' id='word_1_553' title='bbox 288 4400 582 4458; x_wconf 88' lang='lat' dir='ltr'>Salomon</span> <span class='ocrx_word' id='word_1_554' title='bbox 613 4398 869 4457; x_wconf 88' lang='lat' dir='ltr'>domum</span> <span class='ocrx_word' id='word_1_555' title='bbox 905 4396 1144 4453; x_wconf 91' lang='lat' dir='ltr'>Domini</span> <span class='ocrx_word' id='word_1_556' title='bbox 1174 4395 1598 4461; x_wconf 66' lang='lat' dir='ltr'>aedificaturus,</span> <span class='ocrx_word' id='word_1_557' title='bbox 1631 4412 1794 4468; x_wconf 83' lang='lat' dir='ltr'>quae-</span> 
     </span>
    </p>
   </div>
   <div class='ocr_carea' id='block_1_78' title="bbox 128 4486 1797 4559">
    <p class='ocr_par' dir='ltr' id='par_1_78' title="bbox 128 4486 1797 4559">
     <span class='ocr_line' id='line_1_78' title="bbox 128 4486 1797 4559; baseline -0.002 -14"><span class='ocrx_word' id='word_1_558' title='bbox 128 4491 275 4547; x_wconf 74' lang='lat' dir='ltr'>sierit</span> <span class='ocrx_word' id='word_1_559' title='bbox 305 4491 606 4547; x_wconf 81' lang='lat' dir='ltr'>auxilium</span> <span class='ocrx_word' id='word_1_560' title='bbox 632 4488 711 4545; x_wconf 88' lang='lat' dir='ltr'>ab</span> <span class='ocrx_word' id='word_1_561' title='bbox 741 4488 943 4544; x_wconf 85' lang='lat' dir='ltr'>Hiram</span> <span class='ocrx_word' id='word_1_562' title='bbox 980 4502 1122 4556; x_wconf 88' lang='lat' dir='ltr'>rege</span> <span class='ocrx_word' id='word_1_563' title='bbox 1166 4486 1328 4559; x_wconf 85' lang='lat' dir='ltr'>Tyri,</span> <span class='ocrx_word' id='word_1_564' title='bbox 1358 4486 1463 4559; x_wconf 90' lang='lat' dir='ltr'>qui</span> <span class='ocrx_word' id='word_1_565' title='bbox 1491 4491 1619 4543; x_wconf 90' lang='lat' dir='ltr'>erat</span> <span class='ocrx_word' id='word_1_566' title='bbox 1647 4486 1797 4542; x_wconf 91' lang='lat' dir='ltr'>ami-</span> 
     </span>
    </p>
   </div>
   <div class='ocr_carea' id='block_1_79' title="bbox 127 4578 1793 4653">
    <p class='ocr_par' dir='ltr' id='par_1_79' title="bbox 127 4578 1793 4653">
     <span class='ocr_line' id='line_1_79' title="bbox 127 4578 1793 4653; baseline -0.002 -17"><span class='ocrx_word' id='word_1_567' title='bbox 127 4596 226 4636; x_wconf 89' lang='lat' dir='ltr'>cus</span> <span class='ocrx_word' id='word_1_568' title='bbox 250 4582 439 4638; x_wconf 88' lang='lat' dir='ltr'>David</span> <span class='ocrx_word' id='word_1_569' title='bbox 464 4580 637 4637; x_wconf 91' lang='lat' dir='ltr'>omni</span> <span class='ocrx_word' id='word_1_570' title='bbox 665 4585 957 4653; x_wconf 89' lang='lat' dir='ltr'>tempore,</span> <span class='ocrx_word' id='word_1_571' title='bbox 987 4583 1044 4634; x_wconf 90' lang='lat' dir='ltr'>et</span> <span class='ocrx_word' id='word_1_572' title='bbox 1068 4594 1208 4633; x_wconf 90' lang='lat' dir='ltr'>cum</span> <span class='ocrx_word' id='word_1_573' title='bbox 1250 4578 1384 4649; x_wconf 90' lang='lat' dir='ltr'>ipso</span> <span class='ocrx_word' id='word_1_574' title='bbox 1412 4594 1658 4650; x_wconf 91' lang='lat' dir='ltr'>quoque</span> <span class='ocrx_word' id='word_1_575' title='bbox 1687 4580 1793 4633; x_wconf 89' lang='lat' dir='ltr'>Sa-</span> 
     </span>
    </p>
   </div>
   <div class='ocr_carea' id='block_1_80' title="bbox 126 4669 1795 4745">
    <p class='ocr_par' dir='ltr' id='par_1_80' title="bbox 126 4669 1795 4745">
     <span class='ocr_line' id='line_1_80' title="bbox 126 4669 1795 4745; baseline -0.001 -20"><span class='ocrx_word' id='word_1_576' title='bbox 126 4669 358 4728; x_wconf 89' lang='lat' dir='ltr'>lomone</span> <span class='ocrx_word' id='word_1_577' title='bbox 387 4676 724 4745; x_wconf 89' lang='lat' dir='ltr'>postquam</span> <span class='ocrx_word' id='word_1_578' title='bbox 769 4685 958 4738; x_wconf 83' lang='lat' dir='ltr'>regno</span> <span class='ocrx_word' id='word_1_579' title='bbox 1006 4669 1232 4741; x_wconf 90' lang='lat' dir='ltr'>potitus</span> <span class='ocrx_word' id='word_1_580' title='bbox 1278 4672 1385 4735; x_wconf 88' lang='lat' dir='ltr'>est,</span> <span class='ocrx_word' id='word_1_581' title='bbox 1424 4684 1639 4740; x_wconf 91' lang='lat' dir='ltr'>pacem</span> <span class='ocrx_word' id='word_1_582' title='bbox 1682 4669 1795 4725; x_wconf 91' lang='lat' dir='ltr'>ha-</span> 
     </span>
    </p>
   </div>
   <div class='ocr_carea' id='block_1_81' title="bbox 128 4758 1797 4834">
    <p class='ocr_par' dir='ltr' id='par_1_81' title="bbox 128 4758 1797 4834">
     <span class='ocr_line' id='line_1_81' title="bbox 128 4758 1797 4834; baseline -0.001 -19"><span class='ocrx_word' id='word_1_583' title='bbox 128 4759 260 4818; x_wconf 87' lang='lat' dir='ltr'>bere</span> <span class='ocrx_word' id='word_1_584' title='bbox 284 4762 412 4833; x_wconf 89' lang='lat' dir='ltr'>jam</span> <span class='ocrx_word' id='word_1_585' title='bbox 465 4763 751 4834; x_wconf 81' lang='lat' dir='ltr'>cceperat,</span> <span class='ocrx_word' id='word_1_586' title='bbox 783 4764 1259 4832; x_wconf 89' lang='lat' dir='ltr'>promptumque</span> <span class='ocrx_word' id='word_1_587' title='bbox 1289 4774 1433 4814; x_wconf 84' lang='lat' dir='ltr'>mox</span> <span class='ocrx_word' id='word_1_588' title='bbox 1492 4759 1569 4814; x_wconf 92' lang='lat' dir='ltr'>ad</span> <span class='ocrx_word' id='word_1_589' title='bbox 1624 4758 1797 4830; x_wconf 89' lang='lat' dir='ltr'>adju-</span> 
     </span>
    </p>
   </div>
   <div class='ocr_carea' id='block_1_82' title="bbox 130 4847 1799 4919">
    <p class='ocr_par' dir='ltr' id='par_1_82' title="bbox 130 4847 1799 4919">
     <span class='ocr_line' id='line_1_82' title="bbox 130 4847 1799 4919; baseline -0.001 -15"><span class='ocrx_word' id='word_1_590' title='bbox 130 4850 391 4907; x_wconf 89' lang='lat' dir='ltr'>vandum</span> <span class='ocrx_word' id='word_1_591' title='bbox 414 4866 478 4906; x_wconf 87' lang='lat' dir='ltr'>se</span> <span class='ocrx_word' id='word_1_592' title='bbox 504 4849 569 4906; x_wconf 90' lang='lat' dir='ltr'>in</span> <span class='ocrx_word' id='word_1_593' title='bbox 594 4848 882 4905; x_wconf 90' lang='lat' dir='ltr'>omnibus</span> <span class='ocrx_word' id='word_1_594' title='bbox 907 4849 1038 4919; x_wconf 91' lang='lat' dir='ltr'>ejus</span> <span class='ocrx_word' id='word_1_595' title='bbox 1064 4847 1355 4903; x_wconf 84' lang='lat' dir='ltr'>invenerit</span> <span class='ocrx_word' id='word_1_596' title='bbox 1379 4848 1645 4904; x_wconf 91' lang='lat' dir='ltr'>amicum</span> <span class='ocrx_word' id='word_1_597' title='bbox 1672 4866 1684 4903; x_wconf 94' lang='lat'>:</span> <span class='ocrx_word' id='word_1_598' title='bbox 1714 4848 1799 4904; x_wconf 88' lang='lat' dir='ltr'>ita</span> 
     </span>
    </p>
   </div>
   <div class='ocr_carea' id='block_1_83' title="bbox 135 4939 1794 5010">
    <p class='ocr_par' dir='ltr' id='par_1_83' title="bbox 135 4939 1794 5010">
     <span class='ocr_line' id='line_1_83' title="bbox 135 4939 1794 5010; baseline 0 -15"><span class='ocrx_word' id='word_1_599' title='bbox 135 4943 197 4995; x_wconf 87' lang='lat' dir='ltr'>ut</span> <span class='ocrx_word' id='word_1_600' title='bbox 221 4940 476 4997; x_wconf 86' lang='lat' dir='ltr'>artiﬁces</span> <span class='ocrx_word' id='word_1_601' title='bbox 505 4939 609 5003; x_wconf 89' lang='lat' dir='ltr'>illi,</span> <span class='ocrx_word' id='word_1_602' title='bbox 641 4943 699 4995; x_wconf 92' lang='lat' dir='ltr'>et</span> <span class='ocrx_word' id='word_1_603' title='bbox 722 4939 889 5007; x_wconf 84' lang='lat' dir='ltr'>ligna</span> <span class='ocrx_word' id='word_1_604' title='bbox 915 4943 971 4994; x_wconf 91' lang='lat' dir='ltr'>et</span> <span class='ocrx_word' id='word_1_605' title='bbox 997 4953 1237 5007; x_wconf 90' lang='lat' dir='ltr'>aurum,</span> <span class='ocrx_word' id='word_1_606' title='bbox 1277 4942 1458 5010; x_wconf 88' lang='lat' dir='ltr'>prout</span> <span class='ocrx_word' id='word_1_607' title='bbox 1500 4954 1655 5010; x_wconf 89' lang='lat' dir='ltr'>opus</span> <span class='ocrx_word' id='word_1_608' title='bbox 1680 4939 1794 4995; x_wconf 91' lang='lat' dir='ltr'>ha-</span> 
     </span>
    </p>
   </div>
   <div class='ocr_carea' id='block_1_84' title="bbox 137 5026 1801 5102">
    <p class='ocr_par' dir='ltr' id='par_1_84' title="bbox 137 5026 1801 5102">
     <span class='ocr_line' id='line_1_84' title="bbox 137 5026 1801 5102; baseline 0.001 -19"><span class='ocrx_word' id='word_1_609' title='bbox 137 5027 330 5102; x_wconf 84' lang='lat' dir='ltr'>bebat,</span> <span class='ocrx_word' id='word_1_610' title='bbox 383 5029 637 5086; x_wconf 89' lang='lat' dir='ltr'>dederit.</span> <span class='ocrx_word' id='word_1_611' title='bbox 671 5029 855 5099; x_wconf 89' lang='lat' dir='ltr'>Cujus</span> <span class='ocrx_word' id='word_1_612' title='bbox 898 5026 1177 5083; x_wconf 90' lang='lat' dir='ltr'>beneﬁcii</span> <span class='ocrx_word' id='word_1_613' title='bbox 1209 5027 1398 5097; x_wconf 89' lang='lat' dir='ltr'>gratia</span> <span class='ocrx_word' id='word_1_614' title='bbox 1429 5027 1716 5084; x_wconf 91' lang='lat' dir='ltr'>Salomon</span> <span class='ocrx_word' id='word_1_615' title='bbox 1747 5028 1801 5084; x_wconf 91' lang='lat' dir='ltr'>ei</span> 
     </span>
    </p>
   </div>
   <div class='ocr_carea' id='block_1_85' title="bbox 141 5116 1802 5192">
    <p class='ocr_par' dir='ltr' id='par_1_85' title="bbox 141 5116 1802 5192">
     <span class='ocr_line' id='line_1_85' title="bbox 141 5116 1802 5192; baseline -0.001 -17"><span class='ocrx_word' id='word_1_616' title='bbox 141 5132 239 5192; x_wconf 88' lang='lat' dir='ltr'>per</span> <span class='ocrx_word' id='word_1_617' title='bbox 266 5135 462 5178; x_wconf 88' lang='lat' dir='ltr'>annos</span> <span class='ocrx_word' id='word_1_618' title='bbox 516 5118 788 5189; x_wconf 85' lang='lat' dir='ltr'>singulos</span> <span class='ocrx_word' id='word_1_619' title='bbox 818 5118 1116 5191; x_wconf 88' lang='lat' dir='ltr'>plurimos</span> <span class='ocrx_word' id='word_1_620' title='bbox 1149 5116 1323 5174; x_wconf 88' lang='lat' dir='ltr'>tritici</span> <span class='ocrx_word' id='word_1_621' title='bbox 1353 5121 1411 5173; x_wconf 92' lang='lat' dir='ltr'>et</span> <span class='ocrx_word' id='word_1_622' title='bbox 1439 5116 1554 5173; x_wconf 90' lang='lat' dir='ltr'>olei</span> <span class='ocrx_word' id='word_1_623' title='bbox 1582 5119 1802 5174; x_wconf 89' lang='lat' dir='ltr'>choros</span> 
     </span>
    </p>
   </div>
   <div class='ocr_carea' id='block_1_86' title="bbox 144 5206 1803 5280">
    <p class='ocr_par' dir='ltr' id='par_1_86' title="bbox 144 5206 1803 5280">
     <span class='ocr_line' id='line_1_86' title="bbox 144 5206 1803 5280; baseline -0.001 -16"><span class='ocrx_word' id='word_1_624' title='bbox 144 5206 199 5265; x_wconf 90' lang='lat' dir='ltr'>in</span> <span class='ocrx_word' id='word_1_625' title='bbox 226 5211 423 5268; x_wconf 87' lang='lat' dir='ltr'>cibum</span> <span class='ocrx_word' id='word_1_626' title='bbox 455 5209 668 5267; x_wconf 91' lang='lat' dir='ltr'>domui</span> <span class='ocrx_word' id='word_1_627' title='bbox 700 5210 833 5280; x_wconf 89' lang='lat' dir='ltr'>ejus</span> <span class='ocrx_word' id='word_1_628' title='bbox 861 5208 1070 5264; x_wconf 90' lang='lat' dir='ltr'>dabat.</span> <span class='ocrx_word' id='word_1_629' title='bbox 1106 5207 1259 5263; x_wconf 86' lang='lat' dir='ltr'>Nulli</span> <span class='ocrx_word' id='word_1_630' title='bbox 1289 5211 1494 5263; x_wconf 89' lang='lat' dir='ltr'>autem</span> <span class='ocrx_word' id='word_1_631' title='bbox 1541 5206 1803 5263; x_wconf 86' lang='lat' dir='ltr'>dubium</span> 
     </span>
    </p>
   </div>
   <div class='ocr_carea' id='block_1_87' title="bbox 145 5298 1806 5373">
    <p class='ocr_par' dir='ltr' id='par_1_87' title="bbox 145 5298 1806 5373">
     <span class='ocr_line' id='line_1_87' title="bbox 145 5298 1806 5373; baseline -0.001 -17"><span class='ocrx_word' id='word_1_632' title='bbox 145 5302 299 5373; x_wconf 87' lang='lat' dir='ltr'>quod</span> <span class='ocrx_word' id='word_1_633' title='bbox 326 5302 637 5370; x_wconf 91' lang='lat' dir='ltr'>Salomon,</span> <span class='ocrx_word' id='word_1_634' title='bbox 666 5300 771 5373; x_wconf 89' lang='lat' dir='ltr'>qui</span> <span class='ocrx_word' id='word_1_635' title='bbox 793 5300 1216 5372; x_wconf 87' lang='lat' dir='ltr'>interpretatur</span> <span class='ocrx_word' id='word_1_636' title='bbox 1236 5299 1550 5367; x_wconf 80' lang='lat' dir='ltr'>paciﬁcus,</span> <span class='ocrx_word' id='word_1_637' title='bbox 1585 5300 1641 5353; x_wconf 91' lang='lat' dir='ltr'>et</span> <span class='ocrx_word' id='word_1_638' title='bbox 1671 5298 1806 5370; x_wconf 90' lang='lat' dir='ltr'>ipso</span> 
     </span>
    </p>
   </div>
   <div class='ocr_carea' id='block_1_88' title="bbox 144 5386 1810 5458">
    <p class='ocr_par' dir='ltr' id='par_1_88' title="bbox 144 5386 1810 5458">
     <span class='ocr_line' id='line_1_88' title="bbox 144 5386 1810 5458; baseline -0.001 -15"><span class='ocrx_word' id='word_1_639' title='bbox 144 5392 374 5448; x_wconf 89' lang='lat' dir='ltr'>nomine</span> <span class='ocrx_word' id='word_1_640' title='bbox 403 5397 463 5448; x_wconf 89' lang='lat' dir='ltr'>et</span> <span class='ocrx_word' id='word_1_641' title='bbox 494 5390 883 5446; x_wconf 88' lang='lat' dir='ltr'>serenissimo</span> <span class='ocrx_word' id='word_1_642' title='bbox 904 5388 1074 5458; x_wconf 90' lang='lat' dir='ltr'>regni</span> <span class='ocrx_word' id='word_1_643' title='bbox 1098 5388 1188 5443; x_wconf 87' lang='lat' dir='ltr'>sui</span> <span class='ocrx_word' id='word_1_644' title='bbox 1218 5390 1396 5453; x_wconf 87' lang='lat' dir='ltr'>statu,</span> <span class='ocrx_word' id='word_1_645' title='bbox 1430 5386 1597 5442; x_wconf 91' lang='lat' dir='ltr'>illum</span> <span class='ocrx_word' id='word_1_646' title='bbox 1629 5387 1810 5457; x_wconf 90' lang='lat' dir='ltr'>signi-</span> 
     </span>
    </p>
   </div>
   <div class='ocr_carea' id='block_1_89' title="bbox 140 5475 1808 5555">
    <p class='ocr_par' dir='ltr' id='par_1_89' title="bbox 140 5475 1808 5555">
     <span class='ocr_line' id='line_1_89' title="bbox 140 5475 1808 5555; baseline -0.001 -22"><span class='ocrx_word' id='word_1_647' title='bbox 140 5477 284 5547; x_wconf 91' lang='lat' dir='ltr'>ﬁcet,</span> <span class='ocrx_word' id='word_1_648' title='bbox 338 5481 413 5537; x_wconf 92' lang='lat' dir='ltr'>de</span> <span class='ocrx_word' id='word_1_649' title='bbox 457 5496 586 5555; x_wconf 87' lang='lat' dir='ltr'>quo</span> <span class='ocrx_word' id='word_1_650' title='bbox 633 5479 784 5535; x_wconf 82' lang='lat' dir='ltr'>dixit</span> <span class='ocrx_word' id='word_1_651' title='bbox 832 5479 1016 5535; x_wconf 89' lang='lat' dir='ltr'>Isaias</span> <span class='ocrx_word' id='word_1_652' title='bbox 1048 5495 1061 5533; x_wconf 89' lang='lat'><strong>:</strong></span> <span class='ocrx_word' id='word_1_653' title='bbox 1088 5500 1117 5526; x_wconf 84' lang='lat'><strong><em>«</em></strong></span> <span class='ocrx_word' id='word_1_654' title='bbox 1148 5475 1632 5548; x_wconf 88' lang='lat' dir='ltr'>Multiplicabitur</span> <span class='ocrx_word' id='word_1_655' title='bbox 1675 5477 1808 5548; x_wconf 89' lang='lat' dir='ltr'>ejus</span> 
     </span>
    </p>
   </div>
   <div class='ocr_carea' id='block_1_90' title="bbox 144 5567 1811 5644">
    <p class='ocr_par' dir='ltr' id='par_1_90' title="bbox 144 5567 1811 5644">
     <span class='ocr_line' id='line_1_90' title="bbox 144 5567 1811 5644; baseline -0.001 -19"><span class='ocrx_word' id='word_1_656' title='bbox 144 5567 474 5644; x_wconf 89' lang='lat' dir='ltr'>imperium,</span> <span class='ocrx_word' id='word_1_657' title='bbox 508 5575 569 5628; x_wconf 89' lang='lat' dir='ltr'>et</span> <span class='ocrx_word' id='word_1_658' title='bbox 625 5570 794 5644; x_wconf 91' lang='lat' dir='ltr'>pacis</span> <span class='ocrx_word' id='word_1_659' title='bbox 836 5586 961 5626; x_wconf 92' lang='lat' dir='ltr'>non</span> <span class='ocrx_word' id='word_1_660' title='bbox 1010 5568 1121 5625; x_wconf 91' lang='lat' dir='ltr'>erit</span> <span class='ocrx_word' id='word_1_661' title='bbox 1161 5567 1320 5636; x_wconf 89' lang='lat' dir='ltr'>ﬁnis,</span> <span class='ocrx_word' id='word_1_662' title='bbox 1351 5589 1380 5618; x_wconf 82' lang='grc'>››</span> <span class='ocrx_word' id='word_1_663' title='bbox 1416 5567 1613 5623; x_wconf 87' lang='lat' dir='ltr'>Hiram</span> <span class='ocrx_word' id='word_1_664' title='bbox 1644 5584 1811 5638; x_wconf 89' lang='lat' dir='ltr'>vero,</span> 
     </span>
    </p>
   </div>
   <div class='ocr_carea' id='block_1_91' title="bbox 1897 3140 3560 3223">
    <p class='ocr_par' dir='ltr' id='par_1_91' title="bbox 1897 3140 3560 3223">
     <span class='ocr_line' id='line_1_91' title="bbox 1897 3140 3560 3223; baseline -0.002 -16"><span class='ocrx_word' id='word_1_665' title='bbox 1897 3152 2054 3207; x_wconf 88' lang='lat' dir='ltr'>viros</span> <span class='ocrx_word' id='word_1_666' title='bbox 2090 3150 2385 3223; x_wconf 88' lang='lat' dir='ltr'>sapientia</span> <span class='ocrx_word' id='word_1_667' title='bbox 2415 3155 2471 3205; x_wconf 86' lang='lat' dir='ltr'>et</span> <span class='ocrx_word' id='word_1_668' title='bbox 2501 3150 2743 3217; x_wconf 81' lang='lat' dir='ltr'>ingenio</span> <span class='ocrx_word' id='word_1_669' title='bbox 2772 3140 3096 3222; x_wconf 81' lang='lat' dir='ltr'>praeclaros</span> <span class='ocrx_word' id='word_1_670' title='bbox 3128 3149 3423 3204; x_wconf 90' lang='lat' dir='ltr'>ostendit:</span> <span class='ocrx_word' id='word_1_671' title='bbox 3448 3163 3560 3221; x_wconf 82' lang='lat' dir='ltr'>pro</span> 
     </span>
    </p>
   </div>
   <div class='ocr_carea' id='block_1_92' title="bbox 1895 3238 3560 3314">
    <p class='ocr_par' dir='ltr' id='par_1_92' title="bbox 1895 3238 3560 3314">
     <span class='ocr_line' id='line_1_92' title="bbox 1895 3238 3560 3314; baseline -0.001 -18"><span class='ocrx_word' id='word_1_672' title='bbox 1895 3241 2119 3314; x_wconf 90' lang='lat' dir='ltr'>quibus</span> <span class='ocrx_word' id='word_1_673' title='bbox 2178 3240 2407 3295; x_wconf 87' lang='lat' dir='ltr'>cunctis</span> <span class='ocrx_word' id='word_1_674' title='bbox 2454 3239 2859 3295; x_wconf 89' lang='lat' dir='ltr'>oblationibus</span> <span class='ocrx_word' id='word_1_675' title='bbox 2911 3238 3205 3309; x_wconf 89' lang='lat' dir='ltr'>gentilitas</span> <span class='ocrx_word' id='word_1_676' title='bbox 3238 3254 3274 3295; x_wconf 93' lang='lat' dir='ltr'>a</span> <span class='ocrx_word' id='word_1_677' title='bbox 3303 3238 3560 3295; x_wconf 81' lang='lat' dir='ltr'>Domino</span> 
     </span>
    </p>
   </div>
   <div class='ocr_carea' id='block_1_93' title="bbox 1894 3327 3561 3401">
    <p class='ocr_par' dir='ltr' id='par_1_93' title="bbox 1894 3327 3561 3401">
     <span class='ocr_line' id='line_1_93' title="bbox 1894 3327 3561 3401; baseline -0.002 -15"><span class='ocrx_word' id='word_1_678' title='bbox 1894 3331 2059 3386; x_wconf 83' lang='lat' dir='ltr'>dona</span> <span class='ocrx_word' id='word_1_679' title='bbox 2085 3332 2391 3401; x_wconf 83' lang='lat' dir='ltr'>exspectat</span> <span class='ocrx_word' id='word_1_680' title='bbox 2435 3329 2639 3395; x_wconf 67' lang='lat' dir='ltr'>gratize</span> <span class='ocrx_word' id='word_1_681' title='bbox 2694 3328 2971 3384; x_wconf 75' lang='lat' dir='ltr'>ccelestis.</span> <span class='ocrx_word' id='word_1_682' title='bbox 3016 3327 3303 3385; x_wconf 86' lang='lat' dir='ltr'>Convenit</span> <span class='ocrx_word' id='word_1_683' title='bbox 3355 3332 3561 3383; x_wconf 89' lang='lat' dir='ltr'>autem</span> 
     </span>
    </p>
   </div>
   <div class='ocr_carea' id='block_1_94' title="bbox 1896 3417 3562 3492">
    <p class='ocr_par' dir='ltr' id='par_1_94' title="bbox 1896 3417 3562 3492">
     <span class='ocr_line' id='line_1_94' title="bbox 1896 3417 3562 3492; baseline -0.001 -17"><span class='ocrx_word' id='word_1_684' title='bbox 1896 3424 2036 3491; x_wconf 90' lang='lat' dir='ltr'>apte</span> <span class='ocrx_word' id='word_1_685' title='bbox 2070 3419 2253 3474; x_wconf 90' lang='lat' dir='ltr'>rebus</span> <span class='ocrx_word' id='word_1_686' title='bbox 2296 3418 2593 3488; x_wconf 69' lang='lat' dir='ltr'>Ecclesiae,</span> <span class='ocrx_word' id='word_1_687' title='bbox 2623 3419 2790 3491; x_wconf 91' lang='lat' dir='ltr'>quod</span> <span class='ocrx_word' id='word_1_688' title='bbox 2822 3418 3113 3474; x_wconf 82' lang='lat' dir='ltr'>auxilium</span> <span class='ocrx_word' id='word_1_689' title='bbox 3142 3418 3340 3492; x_wconf 91' lang='lat' dir='ltr'>operis</span> <span class='ocrx_word' id='word_1_690' title='bbox 3370 3417 3562 3473; x_wconf 89' lang='lat' dir='ltr'>sancti</span> 
     </span>
    </p>
   </div>
   <div class='ocr_carea' id='block_1_95' title="bbox 1896 3507 2991 3577">
    <p class='ocr_par' dir='ltr' id='par_1_95' title="bbox 1896 3507 2991 3577">
     <span class='ocr_line' id='line_1_95' title="bbox 1896 3507 2991 3577; baseline -0.004 -13"><span class='ocrx_word' id='word_1_691' title='bbox 1896 3509 2175 3577; x_wconf 86' lang='lat' dir='ltr'>ﬂagitans</span> <span class='ocrx_word' id='word_1_692' title='bbox 2209 3508 2291 3563; x_wconf 85' lang='lat' dir='ltr'>ait</span> <span class='ocrx_word' id='word_1_693' title='bbox 2320 3507 2400 3563; x_wconf 88' lang='lat' dir='ltr'>ad</span> <span class='ocrx_word' id='word_1_694' title='bbox 2430 3508 2632 3563; x_wconf 80' lang='lat' dir='ltr'>Hiram</span> <span class='ocrx_word' id='word_1_695' title='bbox 2669 3508 2991 3565; x_wconf 90' lang='lat' dir='ltr'>Salomon:</span> 
     </span>
    </p>
   </div>
   <div class='ocr_carea' id='block_1_96' title="bbox 1969 3595 3561 3671">
    <p class='ocr_par' dir='ltr' id='par_1_96' title="bbox 1969 3595 3561 3671">
     <span class='ocr_line' id='line_1_96' title="bbox 1969 3595 3561 3671; baseline 0.002 -23"><span class='ocrx_word' id='word_1_696' title='bbox 1969 3620 1997 3648; x_wconf 86' lang='grc'><strong>‹‹</strong></span> <span class='ocrx_word' id='word_1_697' title='bbox 2039 3597 2303 3669; x_wconf 67' lang='lat' dir='ltr'>Przecipe</span> <span class='ocrx_word' id='word_1_698' title='bbox 2348 3597 2528 3666; x_wconf 90' lang='lat' dir='ltr'>igitur</span> <span class='ocrx_word' id='word_1_699' title='bbox 2564 3601 2628 3653; x_wconf 92' lang='lat' dir='ltr'>ut</span> <span class='ocrx_word' id='word_1_700' title='bbox 2656 3597 2989 3671; x_wconf 64' lang='lat' dir='ltr'>praecidant</span> <span class='ocrx_word' id='word_1_701' title='bbox 3034 3596 3181 3657; x_wconf 88' lang='lat' dir='ltr'>mihi</span> <span class='ocrx_word' id='word_1_702' title='bbox 3224 3597 3437 3653; x_wconf 89' lang='lat' dir='ltr'>cedros</span> <span class='ocrx_word' id='word_1_703' title='bbox 3484 3595 3561 3651; x_wconf 93' lang='lat' dir='ltr'>de</span> 
     </span>
    </p>
   </div>
   <div class='ocr_carea' id='block_1_97' title="bbox 1898 3686 3561 3755">
    <p class='ocr_par' dir='ltr' id='par_1_97' title="bbox 1898 3686 3561 3755">
     <span class='ocr_line' id='line_1_97' title="bbox 1898 3686 3561 3755; baseline -0.001 -12"><span class='ocrx_word' id='word_1_704' title='bbox 1898 3708 1927 3735; x_wconf 89' lang='grc'>‹‹</span> <span class='ocrx_word' id='word_1_705' title='bbox 1970 3686 2216 3754; x_wconf 87' lang='lat' dir='ltr'>Libano,</span> <span class='ocrx_word' id='word_1_706' title='bbox 2242 3691 2299 3742; x_wconf 93' lang='lat' dir='ltr'>et</span> <span class='ocrx_word' id='word_1_707' title='bbox 2325 3686 2479 3742; x_wconf 89' lang='lat' dir='ltr'>servi</span> <span class='ocrx_word' id='word_1_708' title='bbox 2505 3687 2621 3743; x_wconf 90' lang='lat' dir='ltr'>mei</span> <span class='ocrx_word' id='word_1_709' title='bbox 2644 3687 2760 3743; x_wconf 87' lang='lat' dir='ltr'>sint</span> <span class='ocrx_word' id='word_1_710' title='bbox 2778 3703 2918 3742; x_wconf 89' lang='lat' dir='ltr'>cum</span> <span class='ocrx_word' id='word_1_711' title='bbox 2950 3686 3134 3742; x_wconf 85' lang='lat' dir='ltr'>servis</span> <span class='ocrx_word' id='word_1_712' title='bbox 3164 3686 3299 3755; x_wconf 90' lang='lat' dir='ltr'>tuis,</span> <span class='ocrx_word' id='word_1_713' title='bbox 3333 3701 3561 3742; x_wconf 89' lang='lat' dir='ltr'>merce-</span> 
     </span>
    </p>
   </div>
   <div class='ocr_carea' id='block_1_98' title="bbox 1897 3775 3562 3848">
    <p class='ocr_par' dir='ltr' id='par_1_98' title="bbox 1897 3775 3562 3848">
     <span class='ocr_line' id='line_1_98' title="bbox 1897 3775 3562 3848; baseline -0.001 -17"><span class='ocrx_word' id='word_1_714' title='bbox 1897 3797 1927 3825; x_wconf 83' lang='lat'><strong>«</strong></span> <span class='ocrx_word' id='word_1_715' title='bbox 1968 3776 2109 3832; x_wconf 91' lang='lat' dir='ltr'>dem</span> <span class='ocrx_word' id='word_1_716' title='bbox 2140 3781 2343 3832; x_wconf 89' lang='lat' dir='ltr'>autem</span> <span class='ocrx_word' id='word_1_717' title='bbox 2400 3792 2713 3832; x_wconf 87' lang='lat' dir='ltr'>servorum</span> <span class='ocrx_word' id='word_1_718' title='bbox 2743 3781 2985 3832; x_wconf 89' lang='lat' dir='ltr'>tuorum</span> <span class='ocrx_word' id='word_1_719' title='bbox 3016 3775 3180 3832; x_wconf 92' lang='lat' dir='ltr'>dabo</span> <span class='ocrx_word' id='word_1_720' title='bbox 3210 3775 3315 3831; x_wconf 90' lang='lat' dir='ltr'>tibi</span> <span class='ocrx_word' id='word_1_721' title='bbox 3342 3789 3562 3848; x_wconf 90' lang='lat' dir='ltr'>quam-</span> 
     </span>
    </p>
   </div>
   <div class='ocr_carea' id='block_1_99' title="bbox 1902 3861 3563 3938">
    <p class='ocr_par' dir='ltr' id='par_1_99' title="bbox 1902 3861 3563 3938">
     <span class='ocr_line' id='line_1_99' title="bbox 1902 3861 3563 3938; baseline -0.001 -19"><span class='ocrx_word' id='word_1_722' title='bbox 1902 3885 1923 3918; x_wconf 76' lang='grc' dir='ltr'>ι</span> <span class='ocrx_word' id='word_1_723' title='bbox 1971 3881 2211 3938; x_wconf 91' lang='lat' dir='ltr'>cunque</span> <span class='ocrx_word' id='word_1_724' title='bbox 2240 3865 2499 3938; x_wconf 87' lang='lat' dir='ltr'>petieris.</span> <span class='ocrx_word' id='word_1_725' title='bbox 2537 3866 2660 3922; x_wconf 90' lang='lat' dir='ltr'>Scis</span> <span class='ocrx_word' id='word_1_726' title='bbox 2690 3865 2849 3921; x_wconf 91' lang='lat' dir='ltr'>enim</span> <span class='ocrx_word' id='word_1_727' title='bbox 2890 3865 3200 3937; x_wconf 88' lang='lat' dir='ltr'>quomodo</span> <span class='ocrx_word' id='word_1_728' title='bbox 3230 3880 3353 3920; x_wconf 92' lang='lat' dir='ltr'>non</span> <span class='ocrx_word' id='word_1_729' title='bbox 3384 3866 3472 3920; x_wconf 92' lang='lat' dir='ltr'>est</span> <span class='ocrx_word' id='word_1_730' title='bbox 3498 3861 3563 3918; x_wconf 86' lang='lat' dir='ltr'>in</span> 
     </span>
    </p>
   </div>
   <div class='ocr_carea' id='block_1_100' title="bbox 1899 3952 3564 4028">
    <p class='ocr_par' dir='ltr' id='par_1_100' title="bbox 1899 3952 3564 4028">
     <span class='ocr_line' id='line_1_100' title="bbox 1899 3952 3564 4028; baseline 0.001 -23"><span class='ocrx_word' id='word_1_731' title='bbox 1899 3976 1929 4004; x_wconf 87' lang='lat'><strong>«</strong></span> <span class='ocrx_word' id='word_1_732' title='bbox 1967 3954 2197 4028; x_wconf 88' lang='lat' dir='ltr'>populo</span> <span class='ocrx_word' id='word_1_733' title='bbox 2227 3970 2365 4009; x_wconf 89' lang='lat' dir='ltr'>meo</span> <span class='ocrx_word' id='word_1_734' title='bbox 2391 3954 2501 4023; x_wconf 88' lang='lat' dir='ltr'>vir,</span> <span class='ocrx_word' id='word_1_735' title='bbox 2534 3954 2638 4026; x_wconf 93' lang='lat' dir='ltr'>qui</span> <span class='ocrx_word' id='word_1_736' title='bbox 2686 3953 2917 4009; x_wconf 91' lang='lat' dir='ltr'>noverit</span> <span class='ocrx_word' id='word_1_737' title='bbox 2945 3953 3109 4022; x_wconf 89' lang='lat' dir='ltr'>ligna</span> <span class='ocrx_word' id='word_1_738' title='bbox 3147 3954 3381 4009; x_wconf 79' lang='lat' dir='ltr'>ccedere</span> <span class='ocrx_word' id='word_1_739' title='bbox 3412 3952 3564 4008; x_wconf 88' lang='lat' dir='ltr'>sicut</span> 
     </span>
    </p>
   </div>
   <div class='ocr_carea' id='block_1_101' title="bbox 1898 4042 3564 4111">
    <p class='ocr_par' dir='ltr' id='par_1_101' title="bbox 1898 4042 3564 4111">
     <span class='ocr_line' id='line_1_101' title="bbox 1898 4042 3564 4111; baseline -0.001 -13"><span class='ocrx_word' id='word_1_740' title='bbox 1898 4063 1931 4097; x_wconf 70' lang='grc' dir='ltr'>ι</span> <span class='ocrx_word' id='word_1_741' title='bbox 1969 4044 2213 4099; x_wconf 89' lang='lat' dir='ltr'>Sidonii.</span> <span class='ocrx_word' id='word_1_742' title='bbox 2249 4047 2399 4101; x_wconf 89' lang='lat' dir='ltr'>Cum</span> <span class='ocrx_word' id='word_1_743' title='bbox 2448 4060 2590 4111; x_wconf 83' lang='lat' dir='ltr'>ergo</span> <span class='ocrx_word' id='word_1_744' title='bbox 2623 4044 2890 4100; x_wconf 82' lang='lat' dir='ltr'>audisset</span> <span class='ocrx_word' id='word_1_745' title='bbox 2919 4045 3119 4100; x_wconf 84' lang='lat' dir='ltr'>Hiram</span> <span class='ocrx_word' id='word_1_746' title='bbox 3161 4043 3349 4100; x_wconf 88' lang='lat' dir='ltr'>verba</span> <span class='ocrx_word' id='word_1_747' title='bbox 3398 4042 3564 4099; x_wconf 87' lang='lat' dir='ltr'>Salo-</span> 
     </span>
    </p>
   </div>
   <div class='ocr_carea' id='block_1_102' title="bbox 1901 4134 3567 4205">
    <p class='ocr_par' dir='ltr' id='par_1_102' title="bbox 1901 4134 3567 4205">
     <span class='ocr_line' id='line_1_102' title="bbox 1901 4134 3567 4205; baseline 0.002 -19"><span class='ocrx_word' id='word_1_748' title='bbox 1901 4158 1930 4186; x_wconf 86' lang='lat'>«</span> <span class='ocrx_word' id='word_1_749' title='bbox 1971 4134 2192 4203; x_wconf 90' lang='lat' dir='ltr'>monis,</span> <span class='ocrx_word' id='word_1_750' title='bbox 2224 4134 2457 4190; x_wconf 73' lang='lat' dir='ltr'>laetatus</span> <span class='ocrx_word' id='word_1_751' title='bbox 2484 4138 2571 4189; x_wconf 89' lang='lat' dir='ltr'>est</span> <span class='ocrx_word' id='word_1_752' title='bbox 2599 4134 2796 4205; x_wconf 87' lang='lat' dir='ltr'>valde,</span> <span class='ocrx_word' id='word_1_753' title='bbox 2828 4140 2886 4190; x_wconf 91' lang='lat' dir='ltr'>et</span> <span class='ocrx_word' id='word_1_754' title='bbox 2911 4135 2990 4191; x_wconf 91' lang='lat' dir='ltr'>ait</span> <span class='ocrx_word' id='word_1_755' title='bbox 3024 4153 3037 4190; x_wconf 92' lang='lat'>:</span> <span class='ocrx_word' id='word_1_756' title='bbox 3072 4134 3425 4190; x_wconf 91' lang='lat' dir='ltr'>Benedictus</span> <span class='ocrx_word' id='word_1_757' title='bbox 3455 4134 3567 4189; x_wconf 91' lang='lat' dir='ltr'>Do-</span> 
     </span>
    </p>
   </div>
   <div class='ocr_carea' id='block_1_103' title="bbox 1900 4223 3570 4299">
    <p class='ocr_par' dir='ltr' id='par_1_103' title="bbox 1900 4223 3570 4299">
     <span class='ocr_line' id='line_1_103' title="bbox 1900 4223 3570 4299; baseline 0.003 -25"><span class='ocrx_word' id='word_1_758' title='bbox 1900 4245 1930 4274; x_wconf 90' lang='grc'><strong>‹‹</strong></span> <span class='ocrx_word' id='word_1_759' title='bbox 1971 4224 2174 4278; x_wconf 91' lang='lat' dir='ltr'>minus</span> <span class='ocrx_word' id='word_1_760' title='bbox 2199 4226 2351 4278; x_wconf 90' lang='lat' dir='ltr'>Deus</span> <span class='ocrx_word' id='word_1_761' title='bbox 2372 4224 2571 4291; x_wconf 91' lang='lat' dir='ltr'>hodie,</span> <span class='ocrx_word' id='word_1_762' title='bbox 2600 4224 2705 4297; x_wconf 91' lang='lat' dir='ltr'>qui</span> <span class='ocrx_word' id='word_1_763' title='bbox 2726 4224 2890 4280; x_wconf 89' lang='lat' dir='ltr'>dedit</span> <span class='ocrx_word' id='word_1_764' title='bbox 2909 4224 3100 4281; x_wconf 86' lang='lat' dir='ltr'>David</span> <span class='ocrx_word' id='word_1_765' title='bbox 3121 4224 3313 4281; x_wconf 89' lang='lat' dir='ltr'>ﬁlium</span> <span class='ocrx_word' id='word_1_766' title='bbox 3336 4223 3570 4299; x_wconf 86' lang='lat' dir='ltr'>sapien-</span> 
     </span>
    </p>
   </div>
   <div class='ocr_carea' id='block_1_104' title="bbox 1902 4312 3570 4387">
    <p class='ocr_par' dir='ltr' id='par_1_104' title="bbox 1902 4312 3570 4387">
     <span class='ocr_line' id='line_1_104' title="bbox 1902 4312 3570 4387; baseline 0.004 -24"><span class='ocrx_word' id='word_1_767' title='bbox 1902 4335 1933 4363; x_wconf 83' lang='lat'><strong>«</strong></span> <span class='ocrx_word' id='word_1_768' title='bbox 1974 4312 2300 4380; x_wconf 89' lang='lat' dir='ltr'>tissimum,</span> <span class='ocrx_word' id='word_1_769' title='bbox 2343 4328 2528 4385; x_wconf 91' lang='lat' dir='ltr'>super</span> <span class='ocrx_word' id='word_1_770' title='bbox 2567 4314 2865 4386; x_wconf 90' lang='lat' dir='ltr'>populum</span> <span class='ocrx_word' id='word_1_771' title='bbox 2907 4314 3070 4371; x_wconf 88' lang='lat' dir='ltr'>hunc</span> <span class='ocrx_word' id='word_1_772' title='bbox 3116 4314 3469 4387; x_wconf 90' lang='lat' dir='ltr'>plurimum.</span> <span class='ocrx_word' id='word_1_773' title='bbox 3503 4315 3570 4370; x_wconf 87' lang='lat' dir='ltr'>Et</span> 
     </span>
    </p>
   </div>
   <div class='ocr_carea' id='block_1_105' title="bbox 1904 4402 3573 4477">
    <p class='ocr_par' dir='ltr' id='par_1_105' title="bbox 1904 4402 3573 4477">
     <span class='ocr_line' id='line_1_105' title="bbox 1904 4402 3573 4477; baseline 0.004 -25"><span class='ocrx_word' id='word_1_774' title='bbox 1904 4424 1934 4452; x_wconf 85' lang='grc'><strong>‹‹</strong></span> <span class='ocrx_word' id='word_1_775' title='bbox 1976 4402 2137 4458; x_wconf 91' lang='lat' dir='ltr'>misit</span> <span class='ocrx_word' id='word_1_776' title='bbox 2157 4402 2362 4457; x_wconf 88' lang='lat' dir='ltr'>Hiram</span> <span class='ocrx_word' id='word_1_777' title='bbox 2386 4402 2466 4458; x_wconf 91' lang='lat' dir='ltr'>ad</span> <span class='ocrx_word' id='word_1_778' title='bbox 2494 4403 2881 4459; x_wconf 88' lang='lat' dir='ltr'>Salomonem</span> <span class='ocrx_word' id='word_1_779' title='bbox 2904 4403 3112 4461; x_wconf 87' lang='lat' dir='ltr'>dicens</span> <span class='ocrx_word' id='word_1_780' title='bbox 3139 4421 3152 4459; x_wconf 91' lang='lat'>:</span> <span class='ocrx_word' id='word_1_781' title='bbox 3174 4403 3391 4461; x_wconf 85' lang='lat' dir='ltr'>Audivi</span> <span class='ocrx_word' id='word_1_782' title='bbox 3409 4418 3573 4477; x_wconf 65' lang='lat' dir='ltr'>quaa-</span> 
     </span>
    </p>
   </div>
   <div class='ocr_carea' id='block_1_106' title="bbox 1906 4491 3571 4565">
    <p class='ocr_par' dir='ltr' id='par_1_106' title="bbox 1906 4491 3571 4565">
     <span class='ocr_line' id='line_1_106' title="bbox 1906 4491 3571 4565; baseline 0.005 -23"><span class='ocrx_word' id='word_1_783' title='bbox 1906 4515 1933 4542; x_wconf 83' lang='lat'>«</span> <span class='ocrx_word' id='word_1_784' title='bbox 1978 4507 2217 4565; x_wconf 90' lang='lat' dir='ltr'>cunque</span> <span class='ocrx_word' id='word_1_785' title='bbox 2238 4491 2542 4549; x_wconf 90' lang='lat' dir='ltr'>mandasti</span> <span class='ocrx_word' id='word_1_786' title='bbox 2564 4492 2730 4549; x_wconf 89' lang='lat' dir='ltr'>mihi.</span> <span class='ocrx_word' id='word_1_787' title='bbox 2767 4497 2888 4563; x_wconf 87' lang='lat' dir='ltr'>Ego</span> <span class='ocrx_word' id='word_1_788' title='bbox 2919 4493 3139 4550; x_wconf 89' lang='lat' dir='ltr'>faciam</span> <span class='ocrx_word' id='word_1_789' title='bbox 3170 4509 3416 4550; x_wconf 92' lang='lat' dir='ltr'>omnem</span> <span class='ocrx_word' id='word_1_790' title='bbox 3461 4508 3571 4550; x_wconf 91' lang='lat' dir='ltr'>vo-</span> 
     </span>
    </p>
   </div>
   <div class='ocr_carea' id='block_1_107' title="bbox 1894 4580 3572 4653">
    <p class='ocr_par' dir='ltr' id='par_1_107' title="bbox 1894 4580 3572 4653">
     <span class='ocr_line' id='line_1_107' title="bbox 1894 4580 3572 4653; baseline 0.003 -21"><span class='ocrx_word' id='word_1_791' title='bbox 1894 4604 1934 4632; x_wconf 79' lang='grc'>·‹‹</span> <span class='ocrx_word' id='word_1_792' title='bbox 1974 4580 2267 4637; x_wconf 89' lang='lat' dir='ltr'>luntatem</span> <span class='ocrx_word' id='word_1_793' title='bbox 2290 4587 2459 4639; x_wconf 91' lang='lat' dir='ltr'>tuam</span> <span class='ocrx_word' id='word_1_794' title='bbox 2477 4583 2537 4638; x_wconf 91' lang='lat' dir='ltr'>in</span> <span class='ocrx_word' id='word_1_795' title='bbox 2554 4583 2731 4651; x_wconf 86' lang='lat' dir='ltr'>lignis</span> <span class='ocrx_word' id='word_1_796' title='bbox 2753 4582 3009 4639; x_wconf 89' lang='lat' dir='ltr'>cedrinis</span> <span class='ocrx_word' id='word_1_797' title='bbox 3026 4588 3083 4639; x_wconf 91' lang='lat' dir='ltr'>et</span> <span class='ocrx_word' id='word_1_798' title='bbox 3099 4582 3393 4653; x_wconf 90' lang='lat' dir='ltr'>abiegnis.</span> <span class='ocrx_word' id='word_1_799' title='bbox 3409 4582 3572 4637; x_wconf 90' lang='lat' dir='ltr'>Servi</span> 
     </span>
    </p>
   </div>
   <div class='ocr_carea' id='block_1_108' title="bbox 1904 4671 3577 4744">
    <p class='ocr_par' dir='ltr' id='par_1_108' title="bbox 1904 4671 3577 4744">
     <span class='ocr_line' id='line_1_108' title="bbox 1904 4671 3577 4744; baseline 0.001 -19"><span class='ocrx_word' id='word_1_800' title='bbox 1904 4691 1936 4725; x_wconf 84' lang='grc'><em>‹</em></span> <span class='ocrx_word' id='word_1_801' title='bbox 1975 4672 2096 4727; x_wconf 91' lang='lat' dir='ltr'>mei</span> <span class='ocrx_word' id='word_1_802' title='bbox 2120 4672 2426 4744; x_wconf 91' lang='lat' dir='ltr'>deponent</span> <span class='ocrx_word' id='word_1_803' title='bbox 2447 4690 2519 4728; x_wconf 91' lang='lat' dir='ltr'>ea</span> <span class='ocrx_word' id='word_1_804' title='bbox 2538 4673 2612 4727; x_wconf 93' lang='lat' dir='ltr'>de</span> <span class='ocrx_word' id='word_1_805' title='bbox 2640 4672 2868 4728; x_wconf 89' lang='lat' dir='ltr'>Libano</span> <span class='ocrx_word' id='word_1_806' title='bbox 2891 4671 2971 4727; x_wconf 91' lang='lat' dir='ltr'>ad</span> <span class='ocrx_word' id='word_1_807' title='bbox 2996 4687 3185 4740; x_wconf 90' lang='lat' dir='ltr'>mare,</span> <span class='ocrx_word' id='word_1_808' title='bbox 3200 4675 3257 4726; x_wconf 90' lang='lat' dir='ltr'>et</span> <span class='ocrx_word' id='word_1_809' title='bbox 3278 4685 3390 4741; x_wconf 90' lang='lat' dir='ltr'>ego</span> <span class='ocrx_word' id='word_1_810' title='bbox 3411 4684 3577 4726; x_wconf 78' lang='lat' dir='ltr'>com-</span> 
     </span>
    </p>
   </div>
   <div class='ocr_carea' id='block_1_109' title="bbox 1903 4758 3575 4834">
    <p class='ocr_par' dir='ltr' id='par_1_109' title="bbox 1903 4758 3575 4834">
     <span class='ocr_line' id='line_1_109' title="bbox 1903 4758 3575 4834; baseline 0.002 -21"><span class='ocrx_word' id='word_1_811' title='bbox 1903 4783 1935 4813; x_wconf 83' lang='grc'>‹‹</span> <span class='ocrx_word' id='word_1_812' title='bbox 1974 4777 2205 4834; x_wconf 88' lang='lat' dir='ltr'>ponam</span> <span class='ocrx_word' id='word_1_813' title='bbox 2232 4777 2303 4816; x_wconf 90' lang='lat' dir='ltr'>ea</span> <span class='ocrx_word' id='word_1_814' title='bbox 2332 4763 2393 4817; x_wconf 93' lang='lat' dir='ltr'>in</span> <span class='ocrx_word' id='word_1_815' title='bbox 2446 4762 2676 4817; x_wconf 88' lang='lat' dir='ltr'>ratibus</span> <span class='ocrx_word' id='word_1_816' title='bbox 2706 4762 2768 4817; x_wconf 91' lang='lat' dir='ltr'>in</span> <span class='ocrx_word' id='word_1_817' title='bbox 2802 4761 2952 4817; x_wconf 90' lang='lat' dir='ltr'>mari</span> <span class='ocrx_word' id='word_1_818' title='bbox 3006 4775 3200 4833; x_wconf 90' lang='lat' dir='ltr'>usque</span> <span class='ocrx_word' id='word_1_819' title='bbox 3244 4759 3323 4814; x_wconf 88' lang='lat' dir='ltr'>ad</span> <span class='ocrx_word' id='word_1_820' title='bbox 3368 4758 3575 4816; x_wconf 91' lang='lat' dir='ltr'>locum</span> 
     </span>
    </p>
   </div>
   <div class='ocr_carea' id='block_1_110' title="bbox 1907 4848 3578 4924">
    <p class='ocr_par' dir='ltr' id='par_1_110' title="bbox 1907 4848 3578 4924">
     <span class='ocr_line' id='line_1_110' title="bbox 1907 4848 3578 4924; baseline 0.004 -23"><span class='ocrx_word' id='word_1_821' title='bbox 1907 4873 1936 4901; x_wconf 74' lang='grc' dir='ltr'><strong><em>α</em></strong></span> <span class='ocrx_word' id='word_1_822' title='bbox 1977 4867 2159 4924; x_wconf 90' lang='lat' dir='ltr'>quem</span> <span class='ocrx_word' id='word_1_823' title='bbox 2194 4851 2624 4919; x_wconf 88' lang='lat' dir='ltr'>signiﬁcaveris</span> <span class='ocrx_word' id='word_1_824' title='bbox 2659 4851 2827 4919; x_wconf 90' lang='lat' dir='ltr'>mihi,</span> <span class='ocrx_word' id='word_1_825' title='bbox 2852 4854 2908 4906; x_wconf 90' lang='lat' dir='ltr'>et</span> <span class='ocrx_word' id='word_1_826' title='bbox 2939 4848 3261 4922; x_wconf 87' lang='lat' dir='ltr'>applicabo</span> <span class='ocrx_word' id='word_1_827' title='bbox 3288 4864 3360 4904; x_wconf 91' lang='lat' dir='ltr'>ea</span> <span class='ocrx_word' id='word_1_828' title='bbox 3388 4848 3490 4917; x_wconf 92' lang='lat' dir='ltr'>ibi,</span> <span class='ocrx_word' id='word_1_829' title='bbox 3518 4853 3578 4907; x_wconf 87' lang='lat' dir='ltr'>et</span> 
     </span>
    </p>
   </div>
   <div class='ocr_carea' id='block_1_111' title="bbox 1908 4937 3578 5013">
    <p class='ocr_par' dir='ltr' id='par_1_111' title="bbox 1908 4937 3578 5013">
     <span class='ocr_line' id='line_1_111' title="bbox 1908 4937 3578 5013; baseline 0 -16"><span class='ocrx_word' id='word_1_830' title='bbox 1908 4963 1938 4993; x_wconf 79' lang='grc' dir='ltr'>(ι</span> <span class='ocrx_word' id='word_1_831' title='bbox 1980 4947 2044 4998; x_wconf 90' lang='lat' dir='ltr'>tu</span> <span class='ocrx_word' id='word_1_832' title='bbox 2074 4941 2243 4997; x_wconf 90' lang='lat' dir='ltr'>tolles</span> <span class='ocrx_word' id='word_1_833' title='bbox 2268 4957 2373 4997; x_wconf 89' lang='lat' dir='ltr'>ea:</span> <span class='ocrx_word' id='word_1_834' title='bbox 2402 4941 2817 5013; x_wconf 81' lang='lat' dir='ltr'>Praebebisque</span> <span class='ocrx_word' id='word_1_835' title='bbox 2846 4940 3187 4995; x_wconf 89' lang='lat' dir='ltr'>necessaria</span> <span class='ocrx_word' id='word_1_836' title='bbox 3208 4937 3376 5003; x_wconf 89' lang='lat' dir='ltr'>mihi,</span> <span class='ocrx_word' id='word_1_837' title='bbox 3402 4938 3578 4999; x_wconf 91' lang='lat' dir='ltr'>detur</span> 
     </span>
    </p>
   </div>
   <div class='ocr_carea' id='block_1_112' title="bbox 1912 5028 3579 5102">
    <p class='ocr_par' dir='ltr' id='par_1_112' title="bbox 1912 5028 3579 5102">
     <span class='ocr_line' id='line_1_112' title="bbox 1912 5028 3579 5102; baseline 0.004 -21"><span class='ocrx_word' id='word_1_838' title='bbox 1912 5054 1942 5081; x_wconf 74' lang='grc' dir='ltr'>«ε</span> <span class='ocrx_word' id='word_1_839' title='bbox 1983 5031 2155 5086; x_wconf 90' lang='lat' dir='ltr'>cibus</span> <span class='ocrx_word' id='word_1_840' title='bbox 2176 5031 2386 5086; x_wconf 90' lang='lat' dir='ltr'>domui</span> <span class='ocrx_word' id='word_1_841' title='bbox 2409 5047 2581 5086; x_wconf 74' lang='lat' dir='ltr'>meas.</span> <span class='ocrx_word' id='word_1_842' title='bbox 2608 5032 2813 5102; x_wconf 91' lang='lat' dir='ltr'>Itaque</span> <span class='ocrx_word' id='word_1_843' title='bbox 2838 5030 3037 5085; x_wconf 87' lang='lat' dir='ltr'>Hiram</span> <span class='ocrx_word' id='word_1_844' title='bbox 3061 5028 3247 5085; x_wconf 90' lang='lat' dir='ltr'>dabat</span> <span class='ocrx_word' id='word_1_845' title='bbox 3269 5028 3579 5087; x_wconf 84' lang='lat' dir='ltr'>Solomoni</span> 
     </span>
    </p>
   </div>
   <div class='ocr_carea' id='block_1_113' title="bbox 1914 5119 3582 5191">
    <p class='ocr_par' dir='ltr' id='par_1_113' title="bbox 1914 5119 3582 5191">
     <span class='ocr_line' id='line_1_113' title="bbox 1914 5119 3582 5191; baseline 0.005 -22"><span class='ocrx_word' id='word_1_846' title='bbox 1914 5142 1942 5169; x_wconf 80' lang='grc' dir='ltr'>κ</span> <span class='ocrx_word' id='word_1_847' title='bbox 1982 5120 2148 5189; x_wconf 89' lang='lat' dir='ltr'>ligna</span> <span class='ocrx_word' id='word_1_848' title='bbox 2176 5119 2422 5175; x_wconf 89' lang='lat' dir='ltr'>cedrina</span> <span class='ocrx_word' id='word_1_849' title='bbox 2452 5123 2508 5175; x_wconf 92' lang='lat' dir='ltr'>et</span> <span class='ocrx_word' id='word_1_850' title='bbox 2528 5120 2693 5189; x_wconf 88' lang='lat' dir='ltr'>ligna</span> <span class='ocrx_word' id='word_1_851' title='bbox 2722 5119 2982 5189; x_wconf 91' lang='lat' dir='ltr'>abiegna</span> <span class='ocrx_word' id='word_1_852' title='bbox 3007 5119 3181 5191; x_wconf 84' lang='lat' dir='ltr'>juxta</span> <span class='ocrx_word' id='word_1_853' title='bbox 3200 5136 3446 5177; x_wconf 91' lang='lat' dir='ltr'>omnem</span> <span class='ocrx_word' id='word_1_854' title='bbox 3476 5136 3582 5176; x_wconf 84' lang='lat' dir='ltr'>vo-</span> 
     </span>
    </p>
   </div>
   <div class='ocr_carea' id='block_1_114' title="bbox 1915 5208 3581 5282">
    <p class='ocr_par' dir='ltr' id='par_1_114' title="bbox 1915 5208 3581 5282">
     <span class='ocr_line' id='line_1_114' title="bbox 1915 5208 3581 5282; baseline 0.004 -21"><span class='ocrx_word' id='word_1_855' title='bbox 1915 5230 1944 5261; x_wconf 78' lang='lat'><em>«</em></span> <span class='ocrx_word' id='word_1_856' title='bbox 1984 5209 2275 5265; x_wconf 88' lang='lat' dir='ltr'>luntatem</span> <span class='ocrx_word' id='word_1_857' title='bbox 2307 5210 2458 5279; x_wconf 89' lang='lat' dir='ltr'>ejus.</span> <span class='ocrx_word' id='word_1_858' title='bbox 2488 5209 2775 5266; x_wconf 92' lang='lat' dir='ltr'>Salomon</span> <span class='ocrx_word' id='word_1_859' title='bbox 2805 5212 3009 5265; x_wconf 88' lang='lat' dir='ltr'>autem</span> <span class='ocrx_word' id='word_1_860' title='bbox 3046 5209 3353 5282; x_wconf 80' lang='lat' dir='ltr'>praebebat</span> <span class='ocrx_word' id='word_1_861' title='bbox 3378 5208 3581 5267; x_wconf 83' lang='lat' dir='ltr'>Hiram</span> 
     </span>
    </p>
   </div>
   <div class='ocr_carea' id='block_1_115' title="bbox 1919 5296 3581 5369">
    <p class='ocr_par' dir='ltr' id='par_1_115' title="bbox 1919 5296 3581 5369">
     <span class='ocr_line' id='line_1_115' title="bbox 1919 5296 3581 5369; baseline 0.002 -20"><span class='ocrx_word' id='word_1_862' title='bbox 1919 5321 1949 5349; x_wconf 74' lang='grc' dir='ltr'><strong><em>α</em></strong></span> <span class='ocrx_word' id='word_1_863' title='bbox 1988 5297 2201 5366; x_wconf 85' lang='lat' dir='ltr'>viginti</span> <span class='ocrx_word' id='word_1_864' title='bbox 2231 5296 2417 5353; x_wconf 88' lang='lat' dir='ltr'>millia</span> <span class='ocrx_word' id='word_1_865' title='bbox 2436 5298 2654 5353; x_wconf 88' lang='lat' dir='ltr'>choros</span> <span class='ocrx_word' id='word_1_866' title='bbox 2684 5297 2859 5354; x_wconf 88' lang='lat' dir='ltr'>tritici</span> <span class='ocrx_word' id='word_1_867' title='bbox 2881 5298 2943 5354; x_wconf 94' lang='lat' dir='ltr'>in</span> <span class='ocrx_word' id='word_1_868' title='bbox 2970 5298 3174 5354; x_wconf 89' lang='lat' dir='ltr'>cibum</span> <span class='ocrx_word' id='word_1_869' title='bbox 3199 5298 3403 5354; x_wconf 91' lang='lat' dir='ltr'>domui</span> <span class='ocrx_word' id='word_1_870' title='bbox 3428 5297 3581 5369; x_wconf 89' lang='lat' dir='ltr'>ejus,</span> 
     </span>
    </p>
   </div>
   <div class='ocr_carea' id='block_1_116' title="bbox 1919 5385 3588 5460">
    <p class='ocr_par' dir='ltr' id='par_1_116' title="bbox 1919 5385 3588 5460">
     <span class='ocr_line' id='line_1_116' title="bbox 1919 5385 3588 5460; baseline 0.003 -20"><span class='ocrx_word' id='word_1_871' title='bbox 1919 5411 1947 5438; x_wconf 84' lang='lat'><strong>«</strong></span> <span class='ocrx_word' id='word_1_872' title='bbox 1990 5391 2048 5442; x_wconf 90' lang='lat' dir='ltr'>et</span> <span class='ocrx_word' id='word_1_873' title='bbox 2072 5386 2278 5455; x_wconf 89' lang='lat' dir='ltr'>viginti</span> <span class='ocrx_word' id='word_1_874' title='bbox 2309 5387 2526 5442; x_wconf 90' lang='lat' dir='ltr'>choros</span> <span class='ocrx_word' id='word_1_875' title='bbox 2581 5387 2887 5460; x_wconf 89' lang='lat' dir='ltr'>purissimi</span> <span class='ocrx_word' id='word_1_876' title='bbox 2936 5387 3070 5443; x_wconf 93' lang='lat' dir='ltr'>olei.</span> <span class='ocrx_word' id='word_1_877' title='bbox 3104 5387 3242 5443; x_wconf 61' lang='lat' dir='ltr'>Haec</span> <span class='ocrx_word' id='word_1_878' title='bbox 3285 5385 3588 5445; x_wconf 85' lang='lat' dir='ltr'>tribuebat</span> 
     </span>
    </p>
   </div>
   <div class='ocr_carea' id='block_1_117' title="bbox 1921 5475 3585 5550">
    <p class='ocr_par' dir='ltr' id='par_1_117' title="bbox 1921 5475 3585 5550">
     <span class='ocr_line' id='line_1_117' title="bbox 1921 5475 3585 5550; baseline 0.002 -22"><span class='ocrx_word' id='word_1_879' title='bbox 1921 5498 1950 5528; x_wconf 82' lang='lat'><strong>«</strong></span> <span class='ocrx_word' id='word_1_880' title='bbox 1995 5476 2279 5533; x_wconf 88' lang='lat' dir='ltr'>Salomon</span> <span class='ocrx_word' id='word_1_881' title='bbox 2310 5476 2508 5533; x_wconf 91' lang='lat' dir='ltr'>Hiram</span> <span class='ocrx_word' id='word_1_882' title='bbox 2541 5492 2649 5549; x_wconf 92' lang='lat' dir='ltr'>per</span> <span class='ocrx_word' id='word_1_883' title='bbox 2680 5492 2875 5532; x_wconf 87' lang='lat' dir='ltr'>annos</span> <span class='ocrx_word' id='word_1_884' title='bbox 2906 5475 3198 5546; x_wconf 89' lang='lat' dir='ltr'>singulos.</span> <span class='ocrx_word' id='word_1_885' title='bbox 3235 5475 3404 5531; x_wconf 92' lang='lat' dir='ltr'>Dedit</span> <span class='ocrx_word' id='word_1_886' title='bbox 3432 5490 3585 5550; x_wconf 86' lang='lat' dir='ltr'>quo-</span> 
     </span>
    </p>
   </div>
   <div class='ocr_carea' id='block_1_118' title="bbox 1923 5565 3589 5639">
    <p class='ocr_par' dir='ltr' id='par_1_118' title="bbox 1923 5565 3589 5639">
     <span class='ocr_line' id='line_1_118' title="bbox 1923 5565 3589 5639; baseline 0.002 -20"><span class='ocrx_word' id='word_1_887' title='bbox 1923 5589 1952 5618; x_wconf 80' lang='lat'><strong><em>«</em></strong></span> <span class='ocrx_word' id='word_1_888' title='bbox 1993 5581 2112 5639; x_wconf 88' lang='lat' dir='ltr'>que</span> <span class='ocrx_word' id='word_1_889' title='bbox 2165 5566 2453 5622; x_wconf 89' lang='lat' dir='ltr'>Dominus</span> <span class='ocrx_word' id='word_1_890' title='bbox 2484 5566 2845 5639; x_wconf 89' lang='lat' dir='ltr'>sapientiam</span> <span class='ocrx_word' id='word_1_891' title='bbox 2895 5565 3202 5623; x_wconf 89' lang='lat' dir='ltr'>Salomoni</span> <span class='ocrx_word' id='word_1_892' title='bbox 3248 5566 3399 5622; x_wconf 89' lang='lat' dir='ltr'>sicut</span> <span class='ocrx_word' id='word_1_893' title='bbox 3426 5565 3589 5622; x_wconf 89' lang='lat' dir='ltr'>locu-</span> 
     </span>
    </p>
   </div>
   <div class='ocr_carea' id='block_1_119' title="bbox 148 5655 3591 5731">
    <p class='ocr_par' dir='ltr' id='par_1_119' title="bbox 148 5655 3591 5731">
     <span class='ocr_line' id='line_1_119' title="bbox 148 5655 3591 5731; baseline -0.001 -15"><span class='ocrx_word' id='word_1_894' title='bbox 148 5659 244 5731; x_wconf 83' lang='lat' dir='ltr'>qui</span> <span class='ocrx_word' id='word_1_895' title='bbox 288 5662 489 5718; x_wconf 88' lang='lat' dir='ltr'>Latine</span> <span class='ocrx_word' id='word_1_896' title='bbox 539 5660 759 5717; x_wconf 90' lang='lat' dir='ltr'>dicitur</span> <span class='ocrx_word' id='word_1_897' title='bbox 810 5661 1041 5717; x_wconf 70' lang='lat' dir='ltr'>excelSe</span> <span class='ocrx_word' id='word_1_898' title='bbox 1090 5659 1314 5724; x_wconf 81' lang='lat' dir='ltr'>vivens,</span> <span class='ocrx_word' id='word_1_899' title='bbox 1371 5656 1682 5713; x_wconf 88' lang='lat' dir='ltr'>credentes</span> <span class='ocrx_word' id='word_1_900' title='bbox 1739 5673 1816 5714; x_wconf 84' lang='lat' dir='ltr'>ex</span> <span class='ocrx_word' id='word_1_901' title='bbox 1928 5679 1956 5709; x_wconf 79' lang='grc' dir='ltr'>α</span> <span class='ocrx_word' id='word_1_902' title='bbox 1998 5660 2093 5713; x_wconf 91' lang='lat' dir='ltr'>tus</span> <span class='ocrx_word' id='word_1_903' title='bbox 2133 5659 2221 5711; x_wconf 89' lang='lat' dir='ltr'>est</span> <span class='ocrx_word' id='word_1_904' title='bbox 2247 5655 2322 5726; x_wconf 91' lang='lat' dir='ltr'>ei,</span> <span class='ocrx_word' id='word_1_905' title='bbox 2354 5661 2600 5730; x_wconf 86' lang='lat' dir='ltr'>eratque</span> <span class='ocrx_word' id='word_1_906' title='bbox 2644 5673 2766 5731; x_wconf 88' lang='lat' dir='ltr'>pax</span> <span class='ocrx_word' id='word_1_907' title='bbox 2802 5657 2956 5713; x_wconf 84' lang='lat' dir='ltr'>inter</span> <span class='ocrx_word' id='word_1_908' title='bbox 3004 5657 3210 5714; x_wconf 89' lang='lat' dir='ltr'>Hiram</span> <span class='ocrx_word' id='word_1_909' title='bbox 3240 5661 3298 5715; x_wconf 88' lang='lat' dir='ltr'>et</span> <span class='ocrx_word' id='word_1_910' title='bbox 3321 5655 3591 5713; x_wconf 86' lang='lat' dir='ltr'>Salomo-</span> 
     </span>
    </p>
   </div>
   <div class='ocr_carea' id='block_1_120' title="bbox 149 5747 1809 5821">
    <p class='ocr_par' dir='ltr' id='par_1_120' title="bbox 149 5747 1809 5821">
     <span class='ocr_line' id='line_1_120' title="bbox 149 5747 1809 5821; baseline 0.002 -16"><span class='ocrx_word' id='word_1_911' title='bbox 149 5750 410 5820; x_wconf 77' lang='lat' dir='ltr'>gentibus</span> <span class='ocrx_word' id='word_1_912' title='bbox 442 5755 503 5811; x_wconf 88' lang='lat' dir='ltr'>et</span> <span class='ocrx_word' id='word_1_913' title='bbox 524 5751 650 5811; x_wconf 89' lang='lat' dir='ltr'>vita</span> <span class='ocrx_word' id='word_1_914' title='bbox 676 5749 859 5809; x_wconf 88' lang='lat' dir='ltr'>simul</span> <span class='ocrx_word' id='word_1_915' title='bbox 885 5765 1027 5808; x_wconf 90' lang='lat' dir='ltr'>cum</span> <span class='ocrx_word' id='word_1_916' title='bbox 1068 5748 1190 5806; x_wconf 88' lang='lat' dir='ltr'>ﬁde</span> <span class='ocrx_word' id='word_1_917' title='bbox 1234 5747 1547 5821; x_wconf 85' lang='lat' dir='ltr'>gloriosos,</span> <span class='ocrx_word' id='word_1_918' title='bbox 1578 5747 1809 5820; x_wconf 85' lang='lat' dir='ltr'>ﬁgura-</span> 
     </span>
    </p>
   </div>
   <div class='ocr_carea' id='block_1_121' title="bbox 1930 5745 3591 5821">
    <p class='ocr_par' dir='ltr' id='par_1_121' title="bbox 1930 5745 3591 5821">
     <span class='ocr_line' id='line_1_121' title="bbox 1930 5745 3591 5821; baseline -0.002 -16"><span class='ocrx_word' id='word_1_919' title='bbox 1930 5768 1960 5798; x_wconf 86' lang='grc'>‹‹</span> <span class='ocrx_word' id='word_1_920' title='bbox 2000 5762 2164 5819; x_wconf 88' lang='lat' dir='ltr'>nem,</span> <span class='ocrx_word' id='word_1_921' title='bbox 2185 5749 2245 5805; x_wconf 87' lang='lat' dir='ltr'>et</span> <span class='ocrx_word' id='word_1_922' title='bbox 2259 5752 2687 5821; x_wconf 87' lang='lat' dir='ltr'>percusserunt</span> <span class='ocrx_word' id='word_1_923' title='bbox 2700 5747 2887 5807; x_wconf 86' lang='lat' dir='ltr'>ambo</span> <span class='ocrx_word' id='word_1_924' title='bbox 2900 5746 3118 5805; x_wconf 80' lang='lat' dir='ltr'>fcedus.</span> <span class='ocrx_word' id='word_1_925' title='bbox 3137 5769 3165 5799; x_wconf 84' lang='lat'><strong>»</strong></span> <span class='ocrx_word' id='word_1_926' title='bbox 3180 5746 3343 5806; x_wconf 89' lang='lat' dir='ltr'>Servi</span> <span class='ocrx_word' id='word_1_927' title='bbox 3362 5745 3591 5820; x_wconf 88' lang='lat' dir='ltr'>quippe</span> 
     </span>
    </p>
   </div>
  </div>
