3940 6442
357 264 462 326 407

1466 243 1822 328 ΑΙΝΕΕῘΑΟΜΙ
1861 239 2330 298 LUXOVIENSIS
2370 244 2681 301 MONACHI

3707 243 3810 303 ωε

361 383 588 451 Hiram,
619 377 725 452 qui
771 374 1182 451 pracidebant
1225 371 1533 438 Salomoni
1583 369 1794 426 cedros
1823 367 1899 422 de
1932 365 2018 421 Li-
2048 368 2097 421 Α
2134 365 2193 422 in
2225 366 2434 424 fratres
2463 385 2808 443 operamur.
2839 372 2945 424 Per
2971 365 3567 434 orationem,omnia
3583 364 3812 437 quibus

362 473 549 542 bano,
589 469 864 526 doctores
912 469 1051 520 sunt
1093 463 1257 519 electi
1307 462 1380 518 de
1433 460 1731 532 gentibus,
1759 472 2022 530 quorum

364 560 544 619 oﬁlcii
576 562 683 625 est,
716 573 818 613 eos
849 554 954 628 qui
981 554 1042 608 in
1093 553 1208 608 hoc
1257 550 1488 607 mundo
1520 549 1700 606 rebus
1730 551 1788 603 et
1835 545 2026 616 gloria

363 649 744 710 latabantur,
763 649 820 700 et
850 640 1146 715 superbia
1175 640 1335 696 fastu
1360 636 1715 708 corrigendo
1742 640 2021 700 sternere,

367 743 544 811 atque
573 736 650 791 ad
679 733 1045 805 obsequium
1077 730 1166 786 sui
1201 727 1634 800 Redemptoris,
1655 741 1863 782 eorum
1884 727 2026 778 vota

367 827 670 884 tranferre.
718 824 866 877 Cum
919 819 1144 893 quibus
1185 819 1461 874 videlicet
1505 815 1712 885 servis,
1761 817 1933 869 erant
1970 815 2028 868 et

366 915 519 974 servi
567 910 927 978 Salomonis,
964 926 1033 965 ac
1064 909 1287 982 pariter
1332 911 1668 963 memorato
1717 903 2027 960 instabant

365 1002 736 1077 operi;quia
783 999 960 1072 primi
1015 999 1291 1054 doctores
1335 1014 1406 1052 ex
1455 995 1732 1065 gentibus
1781 1007 2027 1048 necesse

362 1091 675 1150 habebant
711 1091 986 1162 ipsorum
1039 1086 1472 1160 apostolorum,
1519 1085 1624 1156 qui
1684 1099 1719 1137 a
1772 1079 2026 1136 Domino

364 1182 719 1249 didicerant,
749 1178 1082 1234 eruditione
1114 1177 1173 1231 in
1219 1175 1401 1230 verbo
1443 1172 1582 1228 ﬁdei
1628 1171 1872 1228 instituti
1905 1188 1918 1225 :
1954 1185 2027 1224 ne

367 1272 415 1328 si
471 1270 706 1343 absque
761 1266 1064 1338 magistris
1113 1266 1326 1321 docere
1380 1263 1727 1335 inciperent,
1753 1258 2028 1330 magistri

367 1362 680 1418 existerent
708 1357 944 1424 erroris,
981 1355 1202 1411 idcirco
1236 1353 1453 1410 etenim
1487 1352 1770 1407 Salomon
1822 1364 2027 1404 servos

369 1450 573 1507 Hiram
617 1446 844 1503 cadere
896 1445 1010 1500 sibi
1061 1443 1248 1500 voluit
1293 1442 1458 1512 ligna
1487 1440 1561 1496 de
1607 1440 1854 1504 Libano,
1887 1437 2033 1511 quia

369 1537 669 1595 doctiores
713 1539 884 1593 erant
939 1533 1126 1590 servis
1182 1533 1304 1587 suis
1355 1531 1431 1586 ad
1486 1528 1867 1585 cadendum.
1919 1525 2034 1583 Sed

370 1627 596 1685 idcirco
639 1626 819 1682 etiam
853 1639 1060 1680 servos
1092 1639 1235 1678 suos
1280 1620 1458 1676 simul
1489 1619 1700 1675 adesse
1730 1617 1936 1684 voluit,
1970 1619 2034 1671 ut

2134 471 2240 529 per
2295 457 2594 514 internam
2649 458 3176 531 compunctionem
3236 461 3440 512 nostro
3497 453 3811 510 Conditori

2133 547 2579 617 conjungimur.
2616 551 2720 604 Per
2761 547 3084 618 jejunium,
3117 545 3323 602 omnia
3357 544 3600 617 quibus
3634 559 3750 598 nos
3781 560 3815 598 a

2133 636 2492 706 contagione
2517 637 2816 702 vitiorum,
2851 640 2906 691 et
2935 634 3226 690 illecebris
3277 633 3484 688 saculi
3519 631 3818 687 observa-

2134 742 2291 794 mus,
2325 731 2388 782 ut
2414 726 2603 782 libera
2649 732 2868 783 mente.
2903 730 2959 781 et
2989 740 3239 797 corpore
3271 729 3461 788 casto,
3501 721 3815 777 dilectioni

2133 815 2450 872 valeamus
2499 817 2785 873 iuharere
2835 831 3072 889 semper
3117 813 3301 870 nostri
3352 811 3713 867 Conditoris
3765 814 3818 866 et

2137 905 2407 977 proximi.
2431 909 2494 961 Et
2520 906 2614 961 isti
2631 910 2768 961 sunt
2798 911 2914 960 tres
2935 920 3177 960 menses
3207 902 3642 975 operariorum
3669 905 3816 956 tem-

2134 994 2218 1068 pli
2250 1014 2262 1051 :
2295 999 2440 1051 Nam
2465 996 2609 1067 quia
2639 995 2863 1050 mensis
2902 993 3271 1068 plenitudine
3301 992 3544 1047 dierum
3581 989 3818 1044 lunaris

2135 1083 2336 1140 circuli
2362 1085 2682 1158 perﬁcitur,
2707 1089 2862 1140 recte
2894 1100 3001 1156 per
3021 1083 3189 1138 illum
3227 1080 3543 1154 plenitudo
3579 1079 3817 1135 virtutis

2136 1175 2426 1248 cujusque
2445 1174 2720 1248 spiritalis
2737 1173 3090 1238 ostenditur,
3115 1172 3171 1228 in
3190 1187 3316 1244 qua
3336 1186 3513 1226 mens
3537 1168 3816 1225 ﬁdelium

2139 1283 2175 1322 a
2206 1265 2456 1321 Domino
2499 1265 2854 1337 quotidiana
2907 1262 3322 1329 illustratione,
3353 1260 3543 1333 quasi
3595 1259 3751 1314 luna
3783 1273 3820 1314 ι

2138 1355 2261 1411 sole
2309 1354 2640 1427 respicitur.
2676 1357 2835 1410 Unus
2883 1369 3026 1408 vero
3086 1350 3307 1407 mensis
3358 1365 3486 1423 quo
3541 1347 3718 1417 ligna
3745 1346 3818 1402 ad

2139 1462 2294 1519 opus
2319 1445 2526 1518 templi
2556 1444 2889 1510 cadebant,
2910 1443 3295 1513 eleemosyna
3316 1444 3422 1508 est,
3452 1439 3515 1495 id
3548 1443 3641 1493 est
3662 1454 3816 1510 opus

2141 1534 2584 1600 misericordia,
2615 1550 2741 1606 qua
2793 1549 2938 1602 erga
2991 1532 3242 1587 salutem
3298 1528 3589 1602 proximi,
3643 1531 3710 1582 ut
3761 1526 3819 1581 in

2143 1626 2432 1682 unitatem
2465 1630 2684 1680 sancta
2710 1623 2979 1679 Ecclesia
3012 1622 3163 1677 bene
3193 1617 3576 1693 proﬁciendo
3607 1631 3818 1690 perve-

374 1716 759 1774 ostenderent
785 1713 1151 1770 cadentibus
1179 1713 1348 1782 cujus
1380 1725 1677 1766 mensura
1714 1709 1879 1778 ligna
1907 1705 2033 1763 ﬁeri
2063 1719 2108 1773 B
2143 1716 2332 1785 niam,
2364 1713 2660 1778 docendo,
2695 1711 3068 1782 castigando,
3096 1709 3449 1782 temporalia
3481 1705 3821 1763 commoda

374 1805 682 1863 deberent.
720 1804 902 1874 Cujus
933 1803 1014 1858 rei
1053 1802 1248 1872 ﬁgura
1296 1802 1356 1856 in
1402 1804 1690 1872 promptu
1719 1805 1810 1854 est
1845 1815 1857 1852 :
1890 1796 2036 1869 quia

375 1895 662 1952 nimirum
692 1892 952 1965 apostoli
979 1891 1192 1948 certius
1223 1889 1478 1945 verbum
1519 1886 1839 1956 Evangelii.
1868 1884 2034 1958 quod

377 2002 414 2041 a
444 1983 698 2040 Domino
748 1981 1013 2046 audiere,
1045 1984 1360 2042 noverunt,
1386 1977 1492 2033 sed
1539 1977 1788 2048 gentiles
1837 1975 1914 2031 ab
1944 1990 2034 2030 er-

374 2089 507 2129 rore
539 2071 833 2140 conversi,
867 2075 1047 2144 atque
1078 2069 1157 2126 ad
1177 2069 1484 2126 veritatem
1517 2066 1822 2137 Evangelii
1848 2070 2040 2121 trans-

373 2160 639 2230 formati,
669 2159 884 2216 melius
932 2160 1098 2232 ipsos
1148 2159 1417 2230 gentium
1465 2171 1693 2212 errores
1723 2158 2034 2212 noverant.

376 2253 444 2306 Et
471 2265 594 2323 quo
624 2249 838 2304 certius
870 2251 1186 2317 noverunt,
1211 2263 1282 2303 eo
1313 2244 1689 2302 artiﬁciosius
1713 2246 1826 2301 hos
1854 2259 2040 2317 expu-

377 2355 563 2410 gnare
587 2342 767 2411 atque
795 2353 1090 2394 evacuare
1114 2336 1468 2393 didicerunt.

451 2452 478 2479 α
521 2427 826 2501 Elegitque
872 2443 978 2484 rex
1035 2427 1321 2484 Salomon
1385 2426 1692 2500 Operarios
1741 2425 1814 2480 de
1872 2423 2039 2480 omni

379 2541 407 2570 «
452 2517 659 2587 Israel,
683 2521 739 2573 et
767 2521 892 2573 erat
939 2515 1186 2573 indictio
1235 2516 1474 2586 triginta
1515 2515 1702 2572 millia
1749 2515 2036 2569 virorum.

380 2630 410 2658 «
450 2605 829 2678 Mittebatque
860 2622 963 2661 eos
994 2605 1054 2660 in
1106 2604 1399 2660 Libanum
1440 2605 1649 2661 decem
1694 2603 1900 2671 millia,
1936 2618 2042 2674 per

381 2717 413 2746 ‹‹
451 2710 691 2750 menses
721 2693 992 2762 singulos
1023 2693 1308 2761 vicissim,
1341 2694 1421 2749 ita
1452 2699 1517 2750 ut
1544 2693 1785 2748 duobus
1817 2691 2039 2747 mensi-

382 2807 410 2834 ‹‹
454 2784 570 2839 bus
598 2787 803 2838 essent
830 2782 891 2838 in
921 2781 1206 2837 domibus
1236 2784 1376 2838 suis.
1413 2807 1440 2833 ››
1464 2783 1573 2839 Ubi
1598 2783 1792 2856 primo
1831 2785 2045 2838 notan-

381 2874 551 2939 dum,
586 2873 751 2946 quod
777 2888 899 2928 non
931 2871 1150 2928 frustra
1180 2872 1463 2929 Salomon
1485 2873 1792 2946 operarios
1820 2872 1894 2927 de
1917 2888 2043 2928 om-

337 2951 342 2956 ’
381 2962 444 3018 ni
480 2961 657 3017 Israel
690 2961 883 3031 elegit,
938 2976 1133 3033 neque
1164 2965 1290 3016 erat
1319 2961 1439 3016 ulla
1469 2962 1662 3035 portio
1712 2959 1940 3034 populi,
1969 2959 2043 3016 de

2145 1803 2574 1879 impendenda,
2620 1803 2753 1858 vita
2784 1801 3062 1874 exempla
3118 1797 3520 1856 monstrando
3581 1795 3821 1851 labora-

2147 1913 2302 1952 mus.
2337 1896 2464 1950 Duo
2493 1898 2691 1949 autem
2722 1891 2933 1965 reliqui
2966 1907 3204 1947 menses
3255 1889 3479 1961 quibus
3526 1888 3588 1943 in
3625 1884 3819 1939 domi-

2145 1983 2260 2038 bus
2310 1982 2432 2038 suis
2475 1998 2741 2048 manere,
2772 1997 2843 2036 ac
2886 1980 3008 2036 suis
3056 1977 3517 2034 necessitatibus
3552 1979 3696 2030 sunt
3728 1990 3820 2028 va-

2147 2089 2284 2129 care
2315 2072 2610 2144 permissi,
2645 2071 2834 2126 oratio
2861 2075 2946 2126 est
2976 2075 3032 2125 et
3056 2068 3378 2139 jejunium,
3407 2066 3645 2138 quibus
3676 2079 3821 2136 pra-

2147 2169 2308 2220 terea
2336 2179 2473 2236 qua
2503 2176 2647 2232 erga
2687 2161 3099 2216 necessitatem
3136 2159 3384 2214 fratrum
3409 2155 3562 2212 foris
3603 2168 3820 2227 opera-

2149 2269 2304 2320 mur,
2337 2256 2554 2308 nostra
2585 2250 2794 2306 salutis
2830 2249 3083 2322 propria
3112 2263 3319 2304 curam
3351 2246 3512 2300 intus
3543 2240 3816 2300 conversi

2152 2341 2231 2397 ad
2261 2340 2583 2397 Dominum
2624 2344 2823 2395 mente
2855 2337 3144 2407 gerimus.
3181 2339 3245 2390 Et
3272 2333 3592 2407 quomodo
3620 2330 3705 2386 illi
3735 2345 3822 2384 so-

2149 2432 2275 2487 lum
2329 2429 2585 2503 perfecte
2618 2429 2708 2486 vel
2759 2445 2879 2483 sua
2921 2426 3007 2482 vel
3059 2427 3330 2481 fraterna
3357 2422 3573 2477 salutis
3609 2435 3817 2476 curam

2152 2525 2385 2588 gerunt,
2412 2518 2515 2590 qui
2543 2533 2604 2574 se
2635 2517 2694 2573 in
2725 2515 2970 2573 tuitione
3003 2513 3220 2570 divina
3253 2511 3457 2581 gratia
3515 2505 3821 2565 humiliter

2153 2609 2420 2664 subdunt
2448 2612 2603 2663 recte
2631 2607 2900 2680 sequitur
2927 2623 2940 2661 :

2225 2722 2251 2748 ‹‹
2298 2701 2361 2753 Et
2385 2696 2712 2753 Adoniram
2734 2702 2860 2751 erat
2884 2711 3064 2768 super
3087 2692 3511 2764 hujuscemodi
3542 2687 3813 2747 indictio-

2151 2803 2311 2844 nem.
2346 2810 2374 2836 ιο
2403 2785 2728 2842 Adoniram
2758 2786 2983 2858 quippe
3011 2785 3116 2858 qui
3144 2785 3342 2840 Latine
3373 2781 3597 2838 dicitur
3624 2778 3817 2834 Domi-

2151 2893 2265 2933 nus
2321 2892 2484 2933 meus
2532 2877 2823 2940 excelsus,
2873 2890 3054 2947 quem
3107 2872 3324 2929 melius
3373 2887 3568 2944 quam
3618 2870 3813 2941 ipsum

2152 2982 2330 3040 quem
2352 2965 2593 3022 nomine
2615 2965 2879 3020 imitatur
2899 2964 3182 3032 insinuat,
3199 2961 3526 3018 Dominum
3548 2955 3817 3015 videlicet
3905 2965 3907 2968 '

381 3067 509 3123 qua
553 3065 676 3105 non
732 3049 902 3119 digni
954 3053 1123 3105 tanto
1173 3065 1352 3124 opere
1406 3050 1516 3106 viri
1569 3054 2039 3106 assumerentur.
2073 3080 2116 3136 ο
2155 3056 2544 3114 Salvatorem,
2597 3056 2660 3111 Et
2710 3059 2848 3111 tunc
2888 3052 3213 3110 Adoniram
3259 3052 3558 3123 operariis
3617 3043 3814 3117 templi

384 3139 534 3205 Quia
565 3139 846 3194 nimirum
882 3154 1005 3194 non
1033 3155 1194 3194 nunc
1225 3139 1298 3194 de
1327 3156 1452 3195 una
1490 3140 1669 3212 stirpe
1713 3145 1912 3195 Aaron
1944 3156 2041 3195 sa—

381 3228 652 3284 cerdotes
682 3227 959 3297 eligendi,
990 3228 1092 3283 sed
1123 3228 1196 3284 de
1224 3229 1388 3284 omni
1412 3233 1551 3285 sunt
1579 3225 1837 3285 Ecclesia
1883 3245 2045 3301 qua-

379 3316 573 3382 rendi,
597 3317 704 3389 qui
733 3316 1032 3373 adiﬁcare
1063 3316 1315 3373 domum
1372 3319 1606 3374 Domini
1650 3319 1740 3374 vel
1769 3317 2044 3391 exemplo

385 3422 496 3461 suo
524 3405 620 3460 vel
650 3405 808 3462 dicto
835 3405 1173 3462 sufﬁciant:
1205 3413 1261 3463 et
1293 3408 1636 3481 ubicunque
1670 3408 1892 3464 inventi
1924 3408 2048 3465 fue-

383 3494 522 3560 rint,
544 3509 685 3550 mox
710 3495 772 3549 in
800 3494 1065 3550 ofﬁcium
1095 3495 1409 3552 doctorum
1437 3497 1666 3570 absque
1689 3498 1811 3554 ulla
1840 3513 2044 3570 perso-

384 3599 605 3639 narum
635 3584 981 3655 acceptione
1012 3586 1428 3657 promovendi.
1463 3586 1628 3642 Tales
1659 3588 1761 3659 qui
1795 3604 1934 3642 cum
1969 3587 2048 3643 ad

386 3672 749 3730 erudiendos
775 3672 1046 3729 inﬁdeles
1076 3675 1137 3730 in
1169 3674 1488 3744 collegium
1517 3675 1789 3733 Ecclesia
1834 3691 2050 3733 vocan-

386 3762 498 3819 dos
528 3762 906 3832 ordinantur,
929 3765 1104 3836 quasi
1130 3764 1208 3820 ad
1231 3764 1476 3820 cadend
1487 3781 1553 3819 as
1575 3765 1633 3820 in
1662 3765 1884 3821 Libano
1905 3771 2050 3822 tem-

383 3851 468 3926 pli
498 3852 802 3921 materias,
835 3853 944 3909 viri
977 3855 1203 3910 strenui
1234 3860 1412 3927 atque
1435 3854 1599 3910 electi
1627 3858 1958 3911 mittuntur.
1988 3859 2052 3913 Et

384 3941 634 4013 quidem
688 3958 979 3998 numerus
1031 3943 1272 4013 triginta
1297 3945 1576 4009 millium,
1621 3961 1743 4016 quo
1772 3945 1952 4000 iidem
1981 3944 2050 4000 li-

385 4044 644 4098 gnorum
674 4046 926 4086 casores
955 4033 1449 4099 recensebantur,
1483 4038 1675 4105 potest
1725 4032 1802 4089 ad
1842 4050 2049 4090 eorum

384 4116 648 4185 ﬁguram
698 4123 835 4189 apte
866 4119 1089 4186 referri,
1116 4121 1220 4192 qui
1248 4121 1308 4175 in
1340 4121 1454 4176 ﬁde
1506 4128 1725 4178 sancta
1757 4124 2051 4181 Trinitatis

387 4207 526 4259 sunt
546 4204 810 4276 perfecti,
843 4206 1012 4278 quod
1060 4205 1406 4264 doctoribus
1461 4212 1721 4268 maxime
1754 4214 2046 4284 congruit.

389 4293 608 4348 Verum
639 4291 784 4363 quia
808 4294 1050 4364 triginta
1079 4296 1266 4353 millia
1315 4298 1395 4355 ita
1437 4305 1606 4356 erant
1657 4303 1954 4374 ordinata,
1988 4307 2054 4359 ut

2153 3145 2539 3219 praponitur,
2574 3149 2638 3201 ut
2665 3160 2777 3200 sua
2803 3142 3146 3216 provisione
3175 3141 3284 3197 rite
3313 3140 3571 3204 ordinet,
3592 3135 3812 3210 quibus

2153 3234 2462 3291 mensibus
2510 3232 2730 3304 singuli
2766 3231 2845 3288 ad
2874 3230 3253 3304 operandum
3301 3232 3539 3294 exeant,
3592 3223 3812 3298 quibus
3905 3239 3907 3270 :

2152 3324 2354 3382 denuo
2381 3324 2460 3380 ad
2499 3323 2835 3380 curandam
2863 3321 3119 3378 domum
3145 3336 3320 3376 suam
3365 3319 3644 3376 redeant,
3681 3326 3810 3368 cum

2152 3415 2440 3470 Dominus
2487 3417 2544 3469 et
2599 3411 2871 3468 Salvator
2929 3415 3132 3466 noster
3180 3413 3410 3464 mentes
3469 3408 3812 3462 sanctorum

2153 3503 2620 3576 pradicatorum
2651 3516 2763 3556 sua
2794 3499 3145 3555 familiarius
3199 3496 3594 3553 illustratione
3643 3489 3809 3547 infor-

2155 3598 2283 3650 mat
2309 3592 2388 3648 ad
2416 3589 2906 3657 discernendum,
2932 3587 3184 3661 quando
3212 3589 3485 3659 oporteat
3516 3581 3810 3638 adiﬁcan-

2155 3682 2216 3738 di
2243 3680 2567 3737 Ecclesiam
2592 3696 2747 3752 opus
2777 3678 2944 3739 inire,
2979 3675 3363 3750 praedicando
3385 3673 3474 3728 vel
3498 3671 3620 3727 alia
3642 3668 3813 3739 pieta-

2157 3773 2229 3828 tis
2261 3771 2457 3827 oﬁicia
2487 3769 2833 3843 prastando
2860 3785 2872 3835 ;
2903 3772 2958 3823 et
3001 3766 3254 3838 quando
3301 3779 3545 3819 rursum
3603 3769 3812 3815 conve-

2157 3862 2284 3917 niat
2313 3861 2389 3916 ad
2420 3876 2594 3916 suam
2654 3860 2922 3932 ipsorum
2978 3856 3408 3911 conscientiam
3462 3848 3813 3932 examinan-

2156 3952 2321 4018 dam,
2340 3950 2515 4023 quasi
2538 3949 2616 4006 ad
2642 3929 3081 4022 inspiciendam
3106 3945 3358 4002 domum
3384 3957 3563 3997 suam
3587 3929 3809 3998 reverti,

2157 4045 2211 4098 et
2239 4042 2393 4097 hanc
2425 4040 2800 4095 orationibus
2830 4055 2899 4095 ac
2923 4036 3169 4109 jejuniis
3194 4048 3454 4107 superno
3484 4030 3812 4102 inspectore

2159 4149 2229 4188 ac
2259 4132 2561 4187 visitatore
2585 4130 2834 4199 dignam
2868 4128 3138 4183 reddere.

2229 4238 2258 4274 ‹
2301 4225 2558 4277 Fuerunt
2601 4220 2805 4292 itaque
2839 4215 3146 4274 Salomoni
3197 4211 3583 4285 septuaginta
3636 4201 3810 4292 millia

2159 4333 2185 4359 «
2228 4327 2436 4366 eorum
2485 4309 2587 4382 qui
2617 4289 2804 4364 onera
2833 4305 3175 4380 portabant,
3209 4309 3266 4358 et
3290 4301 3595 4369 octoginta
3635 4289 3808 4352 millia

388 4379 552 4480 dena
600 4380 787 4492 millia
819 4399 949 4482 .per
977 4400 1216 4440 menses
1247 4387 1513 4458 singulos
1541 4392 1704 4463 operi
1738 4392 2048 4459 instarent,
2085 4438 2126 4492 υ
2160 4424 2186 4450 ((
2226 4379 2588 4456 latorum-tim
2617 4398 2676 4453 in
2697 4379 2899 4452 monte
2917 4396 3148 4468 absque
3173 4385 3652 4467 prapositis,qui
3674 4394 3809 4455 prae-

392 4484 585 4492 μη--
674 4471 851 4492 ωωε
1504 4485 1514 4492 _
1929 4482 1946 4492 ,
2462 4489 2471 4492 _
2608 4487 2640 4492 __
2860 4486 2892 4492 __
3355 4486 3365 4492 _
3409 4476 3420 4490 ,
3633 4471 3802 4492 ,ηε-,Μ

392 4469 586 4538 magis
625 4470 854 4528 denarii
905 4474 1139 4530 numeri
1179 4485 1626 4535 sacramentum
1681 4482 2050 4554 perpendere

388 4557 701 4616 debemus.
739 4563 903 4618 Dena
931 4579 1197 4637 namque
1228 4565 1414 4622 millia
1445 4569 1708 4626 virorum
1766 4571 1840 4626 de
1873 4567 2052 4628 Israel

391 4647 468 4703 ad
504 4647 791 4706 cadenda
821 4650 989 4722 ligna
1016 4653 1077 4709 in
1110 4669 1264 4727 opus
1289 4655 1510 4713 domus
1537 4658 1771 4715 Domini
1814 4661 2052 4717 mittun-

389 4740 503 4809 tur,
535 4739 679 4812 quia
724 4741 1071 4816 quicunque
1101 4745 1376 4803 doctores
1427 4753 1605 4822 atque
1641 4750 2050 4823 insipientium

387 4826 716 4886 eruditores
734 4838 873 4888 sunt
885 4834 1228 4903 ordinandi,
1244 4836 1453 4894 decem
1471 4841 1929 4913 praceptalegis
1945 4855 2053 4915 per

387 4917 596 4974 omnia
624 4922 681 4974 et
704 4919 818 4992 ipsi
835 4920 1180 4994 observare,
1206 4931 1264 4981 et
1289 4927 1665 4987 auditoribus
1689 4929 1812 4987 suis
1831 4929 2054 4988 debent

387 5004 773 5065 observanda
803 5017 1160 5080 monstrare,
1194 5015 1297 5071 sed
1319 5021 1375 5072 et
1403 5019 1655 5090 pramia
1679 5019 1738 5074 in
1771 5020 1932 5076 catis
1959 5020 2051 5077 fu-

387 5095 543 5184 tura,
570 5109 706 5184 qua
727 5097 977 5156 denario
1009 5102 1199 5160 solent
1230 5107 1700 5182 tigurari,etipsi
1735 5127 1975 5184 sperare
1995 5115 2054 5168 et

390 5180 768 5271 auditoribus
789 5188 912 5242 suis
930 5193 1232 5261 speranda
1257 5194 1477 5251 debent
1497 5180 1733 5271 semper
1752 5180 2048 5258 intimare.

386 5269 818 5362 Terni__autem
875 5293 1139 5348 menses,
1169 5298 1431 5355 quorum
1479 5269 1764 5346 distantia
1801 5290 2050 5362 singulis

387 5362 515 5456 erat
559 5358 863 5456 lignorum
893 5367 1223 5426 casoribus
1269 5371 1569 5446 imposita,
1622 5358 2050 5452 perfectionem

385 5449 569 5539 trium
596 5449 882 5509 virtutum
904 5457 1402 5528 Evangelicarum
1429 5449 2044 5539 typice—denuntiant:

386 5533 788 5630 eleemosyna
843 5543 1139 5615 videlicet,
1196 5533 1511 5611 orationis
1543 5562 1599 5613 et
1648 5559 1882 5630 jejunii.
1947 5562 2051 5616 Per

386 5618 852 5724 eleemo‘sy‘nam
882 5647 1150 5706 namque
1199 5618 1793 5716 comprehenduntur
1844 5648 2051 5704 omnia

385 5724 521 5780 quae
552 5710 628 5766 ad
659 5713 1036 5781 dilectionem
1065 5710 1720 5811 proximi-explendam
1756 5737 2048 5799 benevole

2159 4511 2186 4538 ‹‹
2229 4493 2398 4546 erant
2427 4487 2678 4558 singulis
2707 4486 3015 4558 operibus,
3048 4499 3302 4540 numero
3349 4476 3535 4537 trium
3565 4471 3806 4558 millium

2159 4602 2185 4629 «
2229 4555 2626 4635 trecentorum
2656 4555 3127 4649 praecipientium
3156 4571 3383 4646 populo
3414 4575 3468 4626 et
3493 4569 3586 4624 his
3608 4559 3710 4638 qui
3734 4555 3810 4610 (δ’

2160 4691 2188 4718 «
2229 4668 2462 4725 ciebant
2477 4682 2687 4739 opus.»
2704 4664 2929 4721 Latomi
2947 4663 3228 4719 dicuntur
3244 4659 3515 4733 lapidum
3544 4656 3802 4714 casores,

2157 4759 2316 4815 idem
2358 4761 2556 4812 autem
2601 4754 2875 4827 lapidum
2909 4769 3161 4808 casores
3191 4750 3354 4822 quod
3413 4754 3471 4802 et
3513 4747 3804 4827 lignorum

2158 4862 2413 4905 casores
2432 4822 2685 4914 ﬁgurate
2715 4843 3058 4913 designant,
3077 4841 3192 4896 hoc
3223 4843 3314 4895 est
3345 4840 3585 4893 sanctos
3612 4822 3807 4918 praedi:

2157 4939 2408 5001 catores,
2428 4933 2533 5007 qui
2560 4938 2790 4990 mentes
2810 4929 3222 5002 insipientium
3252 4925 3509 4983 dolabra
3531 4917 3694 4978 verbi
3716 4917 3806 4969 De!

2158 5028 2452 5090 exercent,
2471 5038 2694 5094 eosque
2715 5022 2794 5077 ab
2821 5036 2893 5076 ea
2919 5035 3040 5090 qua
3062 5016 3184 5071 nati
3210 5019 3350 5070 sunt
3378 5009 3718 5094 tortitudine
3741 5011 3803 5094 ἃς

2159 5113 2535 5170 deformitate
2565 5092 2966 5167 transmittare
2996 5103 3389 5172 contendunt,
3424 5117 3494 5156 ac
3538 5092 3805 5182 regulati-

2161 5208 2246 5258 ter
2269 5201 2565 5257 institutos
2592 5199 2816 5254 unitate
2847 5194 3142 5257 ﬁdelium,
3177 5187 3591 5247 adiﬁcationis
3618 5174 3806 5236 videli-

2158 5296 2251 5347 cet
2279 5291 2497 5347 domus
2526 5287 2628 5343 Dei
2660 5291 2832 5359 aptos
2861 5283 3111 5340 reddere
3144 5284 3376 5336 curant.
3414 5275 3586 5343 Quod
3619 5272 3801 5327 autem

2159 5387 2216 5437 et
2239 5381 2402 5449 ligna
2432 5383 2489 5435 et
2512 5377 2744 5450 lapides
2775 5377 2833 5430 in
2862 5377 3066 5429 monte
3099 5370 3436 5437 caeduntur,
3466 5371 3524 5420 et
3566 5374 3713 5420 casa
3741 5363 3803 5406 30

2157 5472 2520 5544 praparata,
2554 5472 2809 5538 utraque
2841 5460 3120 5519 materies
3172 5459 3250 5514 ad
3301 5461 3568 5512 montem
3599 5451 3802 5539 domi-19

2161 5540 2396 5615 Domini
2424 5557 2800 5625 transfertur,
2849 5557 3014 5625 patet
3045 5566 3282 5615 sensus,
3311 5544 3479 5619 quod
3505 5552 3708 5599 omnes
3738 5540 3803 5626 in

2161 5653 2363 5703 monte
2375 5644 2670 5718 superbia
2685 5642 2804 5698 nati
2821 5637 3405 5710 sumus,quicunque
3421 5637 3618 5688 autem
3631 5621 3804 5718 gratia

2163 5734 2263 5790 "ei
2292 5709 2674 5804 Pl‘aordinati
2704 5745 2915 5788 sumus
2948 5727 3026 5796 ad
3065 5709 3279 5792 vitam,
3311 5719 3641 5778 excidimur
3668 5709 3806 5765 eate-
