3940 6416
123 269 221 323 ~$09

1045 263 1302 319 ENARR.
1344 263 1412 318 IN
1454 262 1706 319 LIBROS
1746 262 2015 318 REGUM.
2046 294 2115 304 —-
2145 264 2214 320 IN
2259 265 2389 321 LIB.
2431 264 2526 321 ΙΙΙ.

3439 268 3552 326 410

121 387 400 446 chizando
432 391 489 444 et
521 391 901 444 sacramenta
929 386 1070 442 ﬁdei
1093 385 1483 460 percipiendo
1513 386 1587 442 de
1611 402 1776 442 mon-
1812 390 1860 441 Α
1891 387 2103 442 cedros
2133 389 2304 445 missi
2336 395 2493 446 sunt.
2530 393 2606 446 De
2629 391 2951 464 proselytis
2991 390 3142 454 istis,
3199 390 3273 446 de
3323 392 3548 465 quibus

121 486 168 536 te
197 477 514 552 superbia,
544 483 600 533 et
628 479 691 533 in
721 482 990 534 montem
1022 477 1242 532 domus
1273 477 1510 532 Domini
1536 477 1782 532 transfe-

120 571 346 626 rimur:
401 568 569 642 quia,
611 568 759 625 eruti
791 567 866 624 de
895 571 1185 640 potestate
1239 566 1646 632 tenebrarum,
1700 564 1780 621 ad

123 674 316 716 arcem
346 658 628 714 virtutum
660 674 798 730 qua
826 662 913 712 est
944 656 1003 712 in
1036 655 1264 712 unitate
1296 659 1518 711 sancta
1585 655 1777 710 Eccle-

121 749 214 804 sia
236 748 639 821 pervenimus.
694 745 1036 802 Notandum
1085 749 1311 811 autem,
1372 743 1539 816 quod
1594 744 1776 800 iidem

121 837 362 912 operarii
392 837 473 893 ita
503 840 672 892 erant
700 835 1021 904 distributi;
1049 841 1110 891 ut
1142 851 1280 908 pars
1309 836 1368 890 in
1395 839 1600 892 monte
1630 835 1775 907 lapi-

123 927 222 984 des
253 927 569 993 caderent,
601 943 742 999 pars
778 926 920 981 item
951 941 1137 981 onera
1166 929 1495 998 portarent.
1530 924 1778 980 Diversa

118 1032 374 1090 namque
406 1021 547 1072 sunt
575 1016 740 1072 dona
773 1014 1046 1088 Spiritus,
1075 1019 1132 1071 et
1179 1014 1431 1087 quidam
1480 1014 1773 1084 majorem

117 1105 345 1162 dicendi
389 1121 460 1161 ac
507 1108 822 1178 protervos
879 1103 1172 1174 arguendi
1215 1104 1620 1159 constantiam
1670 1103 1776 1158 ha-

117 1195 301 1251 bent:
357 1194 613 1267 quidam
679 1193 950 1248 mitiores
1015 1192 1092 1248 ad
1144 1191 1553 1248 consolandos
1591 1191 1776 1264 pusil-

114 1283 357 1340 lanimes
454 1287 510 1338 et
583 1281 858 1338 inﬁrmos
984 1280 1392 1338 sublevandos
1468 1281 1772 1337 existunt:

119 1373 357 1446 quidam
470 1372 781 1444 utriusque
871 1371 1098 1427 virtutis
1201 1386 1454 1427 munere
1523 1369 1774 1443 praediti,

115 1462 188 1519 ad
229 1478 381 1535 opus
430 1461 654 1518 domus
707 1460 942 1517 Domini
992 1459 1378 1516 conveniunt.
1405 1458 1624 1526 Quales
1648 1459 1775 1515 ﬁeri

114 1551 290 1608 voluit
307 1568 412 1608 eos
439 1551 665 1624 quibus
682 1550 950 1623 loquitur
970 1548 1314 1623 Apostolus,
1341 1548 1578 1605 dicens:
1595 1570 1623 1598 «
1640 1551 1775 1606 Cor-

115 1640 275 1713 ripite
303 1639 627 1714 inquietos,
656 1637 1053 1696 consolamini
1114 1637 1554 1712 pusillanimes,
1595 1638 1775 1693 susci-

1890 493 2051 532 nunc
2081 477 2259 533 locuti
2293 497 2524 550 sumus,
2548 480 2822 554 lapidum
2854 497 3127 536 casores.
3161 481 3238 536 De
3267 483 3548 552 gentibus

1891 565 2093 621 Hiram
2115 566 2242 639 ipse
2265 572 2321 623 et
2355 569 2510 623 servi
2540 570 2692 638 ejus,
2723 569 2826 642 qui
2857 586 2996 625 cum
3038 570 3224 625 servis
3277 570 3547 629 Salomo-

1887 653 1979 708 nis
2003 654 2166 725 ligna
2195 656 2508 713 caedebant
2536 657 2612 713 de
2637 658 2863 714 libano.
2903 660 3090 714 Omne
3122 659 3301 729 igitur
3352 661 3545 718 homi-

1887 759 2034 799 num
2067 761 2257 814 genus
2283 762 2389 818 per
2427 763 2580 818 quos
2612 747 2977 803 adiﬁcanda
3007 752 3136 803 erat
3185 748 3464 817 Ecclesia,
3489 751 3552 807 in

1886 833 2282 890 adificatione
2338 836 2546 908 templi
2597 837 2925 909 praeessit.
2989 837 3182 892 Judai
3205 853 3470 910 namque
3496 845 3552 897 et

1885 923 2188 996 proselyti,
2223 931 2280 980 et
2308 925 2555 995 gentiles
2586 926 2860 982 conversi
2881 926 2961 982 ad
2999 928 3307 983 veritatem
3363 931 3551 984 Evan-

1885 1013 2040 1084 gelii,
2073 1029 2260 1069 unam
2292 1015 2693 1088 eamdemque
2761 1015 2972 1073 Christi
3028 1017 3371 1082 Ecclesiam,
3431 1018 3551 1074 sive

1883 1109 2042 1158 recte
2070 1103 2348 1171 vivendo,
2383 1104 2508 1160 sive
2538 1106 2717 1160 etiam
2743 1105 3040 1175 docendo,
3073 1111 3447 1162 construunt.

1958 1215 1986 1242 ‹‹
2011 1192 2412 1265 Pracepitque
2436 1210 2541 1250 rex
2578 1199 2643 1251 ut
2681 1193 2952 1250 tollerent
2989 1193 3222 1266 lapides
3249 1195 3538 1265 grandes,

1887 1301 1917 1336 ‹
1944 1286 2000 1338 et
2028 1281 2261 1354 lapides
2301 1283 2596 1355 pretiosos
2628 1283 2686 1338 in
2733 1282 3197 1338 fundamentum
3227 1283 3454 1357 templi,
3491 1289 3549 1340 et

1887 1391 1918 1425 ‹
1943 1371 2314 1444 quadrarent
2341 1388 2464 1428 eos.
2497 1394 2522 1421 ››
2557 1371 3038 1428 Fundamentum
3068 1371 3271 1444 templi
3311 1372 3549 1429 nullum

1885 1465 1974 1517 est
1998 1460 2162 1516 aliud
2202 1461 2658 1533 intelligendum
2679 1461 2950 1534 mystice,
2981 1476 3170 1533 quam
3199 1459 3347 1516 illud
3372 1462 3546 1534 quod

1886 1550 2147 1606 ostendit
2167 1551 2508 1624 Apostolus,
2537 1551 2743 1606 dicens
2769 1569 2781 1605 :
2814 1571 2843 1602 ‹
2880 1549 3360 1606 Fundamentum
3387 1550 3549 1605 enim

1889 1639 2050 1695 aliud
2076 1655 2257 1697 nemo
2289 1645 2486 1713 potest
2512 1655 2734 1712 ponere
2760 1645 2974 1713 praeter
3004 1639 3064 1694 id
3091 1638 3256 1711 quod
3284 1638 3550 1711 positum

113 1727 1043 1803 piteinﬁrmos,patientesestote
1060 1726 1772 1798 adomnes(IThess.v).»
1813 1745 1856 1797 Β
1887 1734 1992 1796 est,
2025 1729 2128 1801 qui
2162 1735 2248 1784 est
2277 1729 2543 1785 Christus
2583 1733 2750 1785 .lesus
2783 1730 2946 1801 (Cor.
2979 1729 3029 1783 1.
3063 1728 3168 1799 ιιι).
3207 1751 3232 1777 ››
3278 1726 3388 1792 Qui
3418 1742 3557 1800 pro-

115 1817 407 1891 Prapositi
439 1820 646 1874 autem
689 1817 794 1889 qui
846 1820 1144 1889 praerant
1176 1815 1430 1886 singulis
1462 1815 1769 1887 Operibus,

115 1908 215 1982 ipsi
243 1913 380 1964 sunt
399 1923 590 1964 sacra
617 1907 958 1963 conditores
978 1905 1316 1980 Scriptura,
1348 1921 1610 1978 quorum
1641 1921 1773 1960 ma-

116 1997 343 2068 gisterio
394 1997 460 2053 in
509 1995 796 2053 omnibus
827 1995 1159 2058 erudimur,
1213 1994 1526 2067 quomodo
1549 1993 1775 2050 inscios

115 2085 315 2143 docere
337 2091 393 2142 et
413 2089 864 2158 contemptores
919 2084 1242 2157 corripere,
1301 2083 1614 2155 quomodo
1661 2100 1772 2138 nos

113 2175 353 2232 invicem
374 2190 570 2232 onera
587 2180 794 2231 nostra
824 2180 1065 2247 portare
1100 2174 1262 2242 (Gal.
1303 2175 1402 2245 v1),
1434 2178 1498 2228 ut
1525 2171 1771 2245 implea-

113 2280 237 2320 mus
263 2264 460 2335 legem
495 2263 733 2334 Christi,
765 2263 1104 2319 conveniat.
1142 2265 1315 2318 Recte
1371 2261 1605 2335 pratati
1635 2277 1775 2334 ope-

114 2352 244 2410 rarii
272 2353 659 2427 septuaginta
697 2351 904 2421 millia,
936 2356 994 2408 et
1039 2351 1346 2421 octoginta
1399 2350 1587 2406 millia
1641 2367 1773 2406 esse

112 2441 511 2514 perhibentur.
548 2440 938 2514 Septuaginta
989 2439 1176 2496 millia
1201 2439 1477 2496 videlicet
1528 2444 1774 2512 propter

112 2529 545 2587 sabbatismum
574 2529 921 2585 animarum
952 2545 964 2584 :
1018 2528 1310 2601 septimus
1340 2529 1501 2584 enim
1554 2528 1681 2583 dies
1711 2529 1772 2584 in

115 2618 447 2684 sabbatum,
476 2618 541 2674 id
571 2623 660 2674 est
689 2619 982 2690 requiem,
1017 2623 1410 2674 consecratus
1440 2623 1546 2673 est.
1604 2619 1771 2673 Octo-

113 2708 263 2777 ginta
286 2709 472 2766 millia
488 2713 736 2780 propter
764 2723 938 2779 spem
969 2707 1442 2772 resurrectionis,
1476 2723 1614 2779 qua
1675 2723 1770 2761 oc-

114 2801 239 2854 tava
268 2798 384 2867 die,
408 2798 471 2854 id
493 2802 584 2854 est
610 2802 748 2870 post
777 2796 1106 2853 sabbatum
1136 2796 1198 2852 in
1231 2796 1486 2851 Domino
1513 2812 1769 2868 praees-

115 2886 198 2953 sit,
229 2892 284 2942 et
307 2886 366 2944 in
400 2885 580 2944 nobis
601 2902 848 2959 quoque
880 2890 1092 2942 octava
1119 2885 1215 2940 die
1249 2884 1429 2940 simul
1471 2890 1528 2940 et
1559 2889 1773 2940 octava

114 2978 267 3032 atate
294 2975 501 3033 futura
534 2979 829 3048 speratur.
863 2975 1172 3047 Prapositi
1199 2979 1402 3030 autem
1430 2979 1603 3029 erant
1661 2973 1772 3028 tria

120 3063 290 3156 millia
318 3064 589 3134 trecenti,
608 3068 854 3136 propter
881 3063 1066 3119 ﬁdem
1083 3062 1371 3118 nimirum
1398 3067 1620 3118 sancta
1643 3061 1770 3116 Tri-
1803 3102 1844 3156 Ο

115 3154 296 3211 uitatis
323 3171 516 3228 quam
548 3170 656 3227 per
687 3158 899 3209 sancta
940 3153 1118 3209 nobis
1147 3152 1387 3225 eloquia
1417 3153 1769 3224 pradicant.

119 3243 272 3309 Quod
303 3261 441 3301 vero
459 3261 578 3318 pro
609 3244 800 3300 tribus
823 3242 1088 3299 millibus
1106 3242 1383 3298 trecentis
1407 3241 1770 3317 praepositis,

115 3333 167 3388 iu
223 3333 371 3390 libro
433 3333 950 3406 Paralipomenon
1000 3332 1089 3402 (ΙΙ
1138 3332 1269 3387 Par
1322 3333 1384 3402 ιι)
1428 3331 1539 3386 tria
1589 3329 1773 3386 millia

120 3425 360 3480 sexcenti
393 3429 540 3480 sunt
571 3422 794 3496 scripti,
848 3421 928 3478 ad
957 3421 1238 3478 eamdem
1282 3437 1530 3494 prorsus
1585 3419 1772 3476 subli-

121 3513 296 3570 mium
321 3516 603 3572 vivorum
629 3513 1058 3586 perfectionem
1116 3511 1377 3585 respicit.
1435 3513 1584 3566 Nam
1631 3510 1776 3583 quia

115 3603 167 3658 in
189 3605 415 3662 senario
445 3619 708 3660 numero
745 3603 1036 3660 Dominus
1063 3601 1274 3658 mundi
1299 3607 1582 3657 ornatum
1613 3617 1775 3657 com-

117 3691 300 3764 plevit,
325 3699 482 3751 recte
506 3693 570 3749 in
603 3708 675 3749 eo
704 3691 967 3766 perfecta
996 3691 1302 3747 bonorum
1339 3691 1534 3746 solent
1589 3706 1774 3763 opera

115 3779 360 3850 ﬁgurari.
387 3787 454 3840 Et
482 3784 637 3856 quia
667 3786 877 3838 sancta
905 3781 1210 3854 Scriptura
1240 3797 1378 3837 cum
1410 3779 1529 3835 ﬁde
1557 3780 1772 3835 verita-

118 3869 200 3940 tis,
224 3887 403 3945 opera
427 3872 677 3943 justitia
722 3870 900 3926 docet
943 3869 1249 3937 habenda,
1283 3875 1439 3926 recte
1471 3869 1773 3941 praepositi

117 3975 352 4034 operum
378 3961 591 4035 templi
623 3961 734 4017 tria
763 3959 950 4016 millia
979 3965 1036 4016 et
1066 3959 1328 4015 sexcenti
1358 3959 1540 4016 fuisse
1571 3958 1770 4032 perhi-

117 4049 334 4108 bentur.
366 4056 481 4108 Nec
516 4050 1011 4124 pratereundum
1040 4050 1206 4122 quod
1239 4051 1366 4106 hac
1393 4049 1774 4122 septuaginta

117 4139 285 4195 millia
321 4147 375 4196 et
404 4139 718 4210 octoginta
748 4138 936 4194 millia
963 4138 1334 4211 portantium
1366 4155 1570 4204 onera,
1605 4144 1661 4193 et
1687 4137 1772 4193 la-

117 4230 396 4285 tomorum
438 4245 586 4286 cum
619 4227 962 4300 prapositis
1023 4227 1170 4295 suis,
1201 4243 1326 4282 non
1376 4227 1539 4282 fuere
1590 4227 1663 4281 de
1703 4231 1774 4281 ls-

117 4317 246 4387 rael,
268 4319 371 4374 sed
421 4319 498 4375 de
535 4316 882 4391 proselytis,
916 4316 977 4371 id
1007 4321 1098 4372 est
1127 4315 1402 4385 advenis,
1430 4315 1533 4388 qui
1581 4331 1777 4370 mora-

118 4403 322 4463 bantur
345 4408 499 4464 inter
525 4423 652 4463 eos.
687 4405 989 4478 Scriptum
1022 4421 1289 4477 namque
1340 4410 1429 4462 est
1483 4405 1544 4459 in
1595 4406 1773 4459 Para-

117 4494 448 4568 lipomenon
485 4516 498 4553 :
563 4517 593 4548 ‹
617 4495 964 4552 Numeravit
1019 4495 1202 4564 igitur
1244 4494 1529 4551 Salomon
1561 4509 1775 4548 omnes

119 4584 262 4641 viros
288 4587 652 4660 proselytos,
687 4585 792 4658 qui
842 4589 1013 4641 erant
1067 4583 1129 4639 in
1183 4587 1338 4638 terra
1396 4583 1592 4646 Israel,
1640 4587 1778 4648 post

120 4672 661 4732 dinumerationem
683 4689 869 4746 quam
902 4672 1308 4728 dinumeravit
1365 4672 1554 4728 David
1610 4677 1780 4744 pater

121 4762 258 4832 ejus,
305 4770 360 4820 et
419 4763 647 4820 inventi
696 4767 838 4819 sunt
879 4766 1122 4817 centum
1177 4761 1620 4834 quinquaginta
1668 4759 1780 4815 tria

123 4851 291 4907 millia
323 4853 608 4909 sexcenti.
637 4850 916 4924 Fecitque
960 4867 1030 4905 ex
1057 4849 1142 4904 eis
1183 4849 1564 4923 septuaginta
1596 4848 1782 4904 millia

122 4939 214 5010 qui
258 4941 525 4998 humeris
552 4956 741 4997 onera
770 4943 1098 5012 portarent,
1133 4943 1190 4994 et
1226 4939 1534 5008 octoginta
1591 4937 1780 4993 millia

123 5028 214 5098 qui
252 5028 482 5103 lapides
536 5031 614 5086 de
665 5029 975 5086 montibus
1021 5027 1355 5084 caderent:
1410 5027 1518 5083 tria
1577 5033 1780 5082 autem

126 5117 310 5189 millia,
341 5125 397 5177 et
418 5123 730 5177 sexcentos
760 5117 1118 5192 prapositos
1172 5133 1425 5190 operum
1487 5115 1716 5188 populi,
1753 5139 1780 5164 ››

125 5209 222 5263 etc.
280 5211 562 5282 Prosetyti
614 5213 815 5265 autem
865 5207 1246 5264 vocobantur
1301 5208 1501 5262 Grace
1555 5205 1658 5276 qui
1709 5219 1783 5260 ex

128 5293 244 5350 aliis
292 5299 641 5356 nationibus
692 5295 1012 5371 progeniti,
1081 5296 1142 5351 in
1192 5295 1377 5351 ﬁdem
1428 5299 1484 5350 et
1538 5310 1782 5349 consor-

130 5381 262 5441 tium
334 5387 548 5460 populi
600 5387 719 5458 Dei,
792 5389 1044 5459 accepta
1099 5383 1576 5450 circumcisione,
1628 5388 1784 5438 tran-

131 5471 354 5532 sierunt.
412 5479 681 5533 Fuerunt
755 5476 958 5548 itaque
1039 5473 1298 5548 operarii
1372 5473 1592 5528 domus
1679 5475 1785 5528 Do-

137 5560 268 5619 mini
303 5564 377 5622 de
431 5564 572 5623 ﬁliis
624 5565 834 5634 lsaael,
881 5565 1126 5622 fuerunt
1167 5563 1243 5620 de
1296 5562 1634 5636 proselytis,
1665 5563 1784 5616 fue-

135 5656 258 5706 runt
298 5653 369 5710 de
428 5655 733 5724 gentibus.
793 5655 874 5711 De
929 5653 1069 5712 ﬁliis
1128 5653 1404 5708 videlicet
1458 5651 1635 5707 Israel
1686 5651 1782 5706 tri-

140 5737 287 5806 Binta
315 5744 497 5804 millia
531 5761 742 5802 eorum
773 5745 878 5825 qui
901 5743 981 5801 ad
1007 5741 1424 5820 praecidendas
1449 5741 1524 5798 de
1557 5740 1783 5798 Libano

1885 1823 2089 1890 pterea
2114 1817 2582 1874 fundamentum
2609 1818 2830 1874 domus
2860 1817 3093 1872 Domini
3125 1818 3345 1889 {potest
3398 1820 3557 1872 recte

1883 1907 2108 1976 vocari,
2143 1930 2170 1957 ‹‹
2204 1908 2348 1979 quia
2368 1907 2546 1977 (sicut
2568 1907 2650 1962 ait
2679 1911 2900 1974 Petrus)
2953 1921 3077 1961 non
3106 1910 3194 1961 est
3224 1904 3386 1960 aliud
3436 1902 3553 1960 sub

1883 1996 2030 2052 calo
2056 1997 2266 2052 datum
2298 2012 2523 2053 nomen
2574 1995 2945 2061 hominibus,
2984 1996 3047 2050 in
3104 2011 3226 2067 quo
3278 1997 3556 2066 oporteat

1881 2102 1996 2141 nos
2030 2086 2230 2142 salvos
2261 2086 2390 2142 ﬁeri
2422 2087 2567 2156 (Act.
2601 2087 2701 2150 iv).
2733 2107 2760 2135 ››
2795 2089 2858 2140 ln
2889 2084 3055 2156 quod
3087 2083 3551 2140 fundamentum

1881 2175 2114 2248 lapides
2137 2176 2398 2245 grandes
2418 2181 2475 2231 et
2501 2175 2743 2248 pretiosi
2763 2174 3060 2241 tollentur,
3093 2189 3230 2229 cum
3259 2171 3552 2245 pracipui

1882 2264 2055 2320 factis
2079 2281 2148 2320 ac
2179 2264 2489 2320 sanctitate
2517 2264 2642 2333 viri,
2677 2262 2955 2320 familiari
2985 2262 3205 2318 mentis
3238 2260 3552 2318 sanctitate

1883 2370 1994 2409 suo
2045 2354 2357 2410 adharent
2386 2353 2714 2422 Conditori,
2773 2357 2839 2408 ut
2880 2368 3003 2425 quo
3054 2351 3287 2406 ﬁrmius
3339 2349 3400 2406 in
3448 2349 3552 2405 illo

1883 2459 2054 2514 spem
2076 2459 2249 2498 suam
2272 2446 2525 2515 ponunt,
2551 2457 2622 2498 eo
2663 2441 2874 2497 fortius
2903 2439 3161 2496 aliorum
3193 2439 3383 2495 vitam
3409 2437 3552 2494 diri-

1883 2547 2020 2601 gere
2047 2531 2238 2605 (quod
2269 2537 2357 2587 est
2384 2531 2763 2587 latitudinem
2804 2529 3046 2603 parietis
3075 2532 3336 2602 portare)
3387 2525 3552 2582 suﬁi-

1883 2622 2064 2676 ciunt.
2102 2620 2353 2693 Lapides
2376 2636 2520 2689 ergo
2560 2619 2664 2691 qui
2709 2619 2771 2674 in
2832 2617 3298 2674 fundamentum
3344 2614 3553 2689 templi

1883 2711 1958 2766 ad
1990 2709 2358 2784 portandum
2405 2709 2728 2764 adiﬁcium
2754 2723 2934 2764 omne
2966 2707 3372 2780 ponebantur,
3417 2721 3554 2778 pro-

1881 2801 2009 2873 prie
2040 2807 2178 2855 sunt
2208 2799 2516 2872 prophetae
2549 2803 2605 2853 et
2635 2797 2916 2870 apostoli,
2949 2797 3054 2869 qui
3084 2796 3340 2852 verbum
3372 2799 3429 2850 et
3459 2809 3552 2850 sa-

1883 2894 2197 2945 cramenta
2222 2889 2506 2955 veritatis,
2541 2888 2663 2943 sive
2693 2887 2997 2943 visibiliter
3027 2886 3151 2942 sive
3177 2883 3556 2941 invisibiliter

1883 2979 1962 3034 ab
1997 2979 2131 3051 ipsa
2168 2978 2262 3033 Dei
2297 2977 2594 3050 sapientia
2623 2980 3042 3048 perceperunt.
3084 2975 3194 3039 Qui
3220 2975 3376 3030 bene
3406 2972 3556 3046 lapi-

1883 3067 1991 3122 des
2022 3067 2218 3139 primo
2249 3065 2528 3138 quadrati
2562 3081 2632 3120 ac
2663 3064 2745 3120 sic
2777 3064 2836 3119 in
2885 3064 3349 3120 fundamentum
3409 3061 3555 3134 poni

1878 3157 2187 3229 jubentur.
2248 3156 2623 3220 Quadratum
2710 3169 2978 3225 namque
3031 3168 3236 3223 omne,
3284 3165 3556 3224 quocun-

1882 3261 2000 3319 que
2025 3244 2508 3315 vertitur,iﬁxum
2539 3249 2694 3298 stare
2738 3241 3070 3298 consuevit.
3127 3240 3233 3295 Cui
3267 3240 3556 3296 nimirum

1882 3334 2091 3404 ﬁgura
2142 3333 2327 3388 corda
2398 3331 2816 3388 assimilantur
2883 3330 3229 3392 electorum,
3283 3344 3421 3402 qua
3470 3328 3556 3383 ita

1883 3425 1943 3480 in
2029 3423 2166 3479 ﬁdei
2257 3422 2535 3478 ﬁrmitate
2623 3421 2946 3477 consistere
3041 3419 3401 3486 didicerunt,
3489 3420 3558 3472 ut

1882 3514 2052 3570 nulla
2143 3511 2554 3569 occurentium
2649 3527 2850 3566 rerum
2954 3509 3337 3576 adversitate,
3442 3523 3555 3564 nec

1883 3604 2015 3675 ipsa
2050 3603 2229 3658 etiam
2263 3605 2451 3658 morte
2483 3617 2520 3657 a
2565 3600 2656 3656 sui
2705 3598 3056 3655 rectitudine
3095 3599 3329 3672 possint
3356 3601 3550 3653 status

1883 3691 2178 3747 inclinari.

1958 3804 1985 3830 κ
2013 3784 2174 3847 Quos
2204 3779 2561 3835 dolaverunt
2591 3776 2956 3834 camentarii
2988 3774 3327 3832 Salomonis
3358 3777 3414 3828 et
3442 3789 3556 3829 ca-

1886 3893 1913 3920 ‹‹
1940 3869 2212 3925 mentarii
2249 3869 2466 3924 Hiram.
2504 3891 2530 3916 ››
2557 3867 2842 3922 Dolantur
2865 3879 3132 3935 namque
3162 3861 3395 3935 lapides
3425 3877 3556 3933 pre-

1883 3958 2037 4023 tiosi,
2077 3975 2214 4014 cum
2237 3956 2651 4028 electiquique
2685 3952 3155 4026 praecedentium
3205 3954 3554 4006 sanctorum

1883 4047 2272 4102 instructione
2303 4051 2358 4102 et
2408 4045 2712 4105 instantia,
2765 4040 3061 4115 quidquid
3108 4041 3165 4096 in
3215 4057 3276 4095 se
3327 4039 3557 4094 habent

1883 4135 2133 4191 noxium
2149 4142 2205 4190 et
2220 4135 2398 4190 inane
2418 4133 2782 4205 relinquunt:
2805 4136 2984 4203 atque
3009 4134 3144 4184 ante
3160 4132 3553 4201 conspectum

1888 4224 1982 4280 sui
2014 4224 2326 4292 Creatoris,
2352 4223 2542 4279 solam
2574 4221 2763 4277 insita
2811 4220 2926 4274 sibi
2953 4220 3198 4290 justitia
3256 4218 3551 4288 regulam,

1886 4312 2066 4386 quasi
2083 4311 2358 4368 stabilem
2385 4311 2771 4384 quadratura
2794 4310 3052 4366 formam
3083 4309 3427 4364 ostendunt.
3456 4310 3557 4362 Do-

1888 4403 2160 4459 laverunt
2175 4407 2379 4457 autem
2394 4402 2507 4458 hos
2530 4400 2782 4473 lapides,
2815 4415 2939 4456 non
2969 4399 3168 4455 solum
3190 4397 3555 4454 cameutarii

1893 4491 2256 4560 Salomonis,
2283 4491 2389 4546 sed
2418 4496 2473 4546 et
2499 4489 2864 4545 camentarii
2889 4488 3113 4551 Hiram,
3134 4487 3278 4560 quia
3295 4502 3365 4542 ex
3391 4491 3554 4542 utro-

1889 4596 2009 4652 que
2031 4580 2259 4653 populo
2286 4579 2563 4635 doctores
2597 4579 2757 4634 fuere
2790 4582 3011 4633 sancta
3045 4576 3335 4632 Ecclesia.

1962 4693 1989 4716 ‹‹
2027 4672 2208 4724 Porro
2239 4668 2412 4724 Giblii
2444 4670 2939 4740 praeparaverunt
2994 4665 3162 4734 ligna
3215 4667 3272 4716 et
3317 4660 3554 4732 lapides
3625 4715 3650 4742 .

1891 4777 1921 4810 ‹
1957 4757 2036 4813 ad
2071 4757 2496 4812 aediﬁcandam
2550 4756 2824 4811 domum.
2894 4752 3148 4808 »Giblos
3204 4755 3297 4806 est
3337 4749 3550 4804 civitas

1890 4848 2209 4916 Phoenicis,
2243 4847 2418 4916 cujus
2449 4844 2725 4900 meminit
2776 4840 3063 4909 Ezechiel,
3094 4839 3302 4895 dicens
3337 4855 3350 4892 :
3380 4860 3409 4888 «
3459 4839 3555 4893 Sa-

1892 4936 2120 5009 pientes
2169 4935 2273 5001 tui,
2330 4937 2498 5006 Tyre,
2557 4932 2692 4988 facti
2738 4935 2879 4986 sunt
2935 4927 3368 4998 gubernatores
3443 4925 3550 4994 tui,

1893 5043 2067 5080 senes
2101 5024 2270 5079 Giblii
2301 5028 2353 5078 et
2386 5020 2713 5094 prudentes
2733 5020 2863 5089 ejus
2890 5016 3129 5088 (Ezech.
3154 5017 3356 5086 xxvu),
3384 5035 3412 5063 »
3436 5019 3547 5071 etc.

1894 5117 2002 5168 Pro
2032 5131 2153 5185 qua
2193 5113 2250 5166 in
2306 5111 2522 5167 Ilcbao
2566 5109 2902 5164 continetur
2946 5107 3123 5162 σει)θί
3171 5106 3292 5160 sive
3344 5105 3549 5175 Jabal,

1891 5202 2056 5274 quod
2095 5201 2516 5271 interpretatur
2562 5197 2848 5265 deﬁniens
2892 5195 3013 5249 sive
3073 5194 3548 5249 disterminans:

1891 5289 2058 5363 quod
2089 5288 2455 5343 vocabulum
2478 5291 2612 5359 apte
2640 5284 2920 5340 convenit
2947 5283 3030 5339 eis
3063 5283 3168 5355 qui
3219 5281 3405 5337 corda
3451 5281 3554 5335 ho-

1892 5380 2126 5435 minum
2159 5377 2236 5432 ad
2268 5377 2590 5431 (editicium
2615 5373 2896 5447 spiritale,
2921 5372 3083 5445 quod
3109 5387 3181 5426 ex
3235 5367 3552 5424 virtutibus

1894 5469 2112 5525 anima
2186 5465 2572 5533 construitur,
2635 5467 2870 5536 parant.
2922 5461 3015 5516 Sic
3044 5460 3263 5514 etenim
3326 5457 3551 5514 solum-

1893 5557 2078 5614 modo
2135 5572 2276 5610 suos
2335 5553 2638 5610 auditores
2714 5551 2900 5607 fidem
2952 5555 3008 5605 et
3064 5563 3249 5620 Opera
3308 5547 3550 5618 justitia

1893 5649 2105 5722 docere
2145 5644 2471 5709 sufficiunt,
2506 5643 2652 5698 dum
2703 5642 2815 5713 ipsi
2868 5640 3032 5712 prius
3083 5639 3270 5694 sacris
3314 5637 3549 5710 paginis

1893 5737 2088 5794 edocti
2134 5735 2448 5804 diligenter
2492 5748 2629 5805 qua
2677 5731 2752 5786 sit
2788 5729 2940 5786 ﬁdes
2971 5726 3248 5795 tenenda,
3281 5743 3404 5801 quo
3443 5727 3553 5782 vir-
