3940 6402
438 266 539 325 4η

1534 269 1900 326 'ANGELOMI
1940 262 2391 324 LUXOVIENSIS
2429 265 2749 324 MONACHI
3754 270 3848 325 4η

439 393 635 448 tutum
666 389 813 448 calle
840 391 1265 459 incedendum,
1285 394 1445 448 certa
1465 391 1811 449 deﬁnitione
1839 390 2096 447 veritatis
2128 392 2176 445 A
2207 406 2369 445 anno
2395 395 2632 463 quarto,
2664 408 2871 447 mense
2903 391 3021 456 Zio,
3056 392 3183 463 ipse
3213 394 3303 447 est
3331 391 3493 447 enim
3515 393 3745 448 mensis
3773 410 3850 449 se-

439 479 774 537 didicerint.
800 484 947 536 Nam
966 480 1187 536 frustra
1221 481 1486 537 ofﬁcium
1518 483 1631 537 sibi
1654 483 1913 538 doctoris
1930 496 2098 535 usur-

437 573 564 645 pat,
587 568 691 643 qui
711 568 1128 626 discretionem
1145 571 1450 627 catholicae
1472 571 1610 627 ﬁdei
1634 573 2097 642 ignorat.l\'eque

442 659 851 715 sanctuarium
868 659 1143 726 Domino,
1166 660 1269 715 sed
1285 660 1524 716 ruinam
1546 661 1657 716 sibi
1671 658 2097 730 aaditicant,qui

441 746 657 803 docere
683 747 829 803 alios
858 747 1155 817 regulam,
1175 764 1363 820 quam
1386 750 1499 822 ipsi
1530 766 1655 805 non
1685 749 1968 817 didicere,
2001 763 2096 803 co-

438 839 677 893 nantur.
702 839 766 891 In
795 836 1156 893 aediﬁcanda
1189 852 1331 909 ergo
1360 839 1545 894 domo
1571 840 1693 905 Dei,
1732 839 1929 912 primo
1961 841 2098 907 sunt

437 923 602 995 ligna
624 927 683 980 et
710 924 943 998 lapides
974 926 1246 982 cmdendi
1276 927 1351 983 de
1379 933 1613 984 monte:
1635 928 1777 1000 quia
1807 944 1909 982 eos
1942 942 2097 999 quos

436 1012 633 1069 inﬁde
657 1014 924 1070 veritatis
952 1014 1257 1071 instituere
1282 1016 1628 1089 quaerimus,
1648 1016 1844 1088 primo
1856 1030 2097 1070 necesse

436 1107 527 1158 est
552 1106 618 1158 ut
639 1102 1066 1159 abrenuntiare
1096 1104 1341 1160 diabolo
1359 1121 1428 1161 ac
1442 1105 1515 1161 de
1544 1110 1699 1161 sorte
1718 1105 1927 1177 primm
1944 1120 2095 1177 pra:-

434 1192 839 1261 varicationis,
860 1192 923 1248 in
952 1209 1074 1266 qua
1095 1195 1218 1249 nati
1243 1198 1404 1264 sunt,
1429 1195 1758 1251 doceamus
1786 1210 2099 1249 renascen-

445 1281 527 1338 do
552 1281 701 1337 erui.
734 1282 999 1354 Denique
1030 1284 1342 1355 quaerendi
1373 1289 1510 1340 sunt
1532 1283 1763 1357 lapides
1778 1284 2019 1357 pretiosi
2042 1289 2098 1340 et

438 1369 726 1441 grandes,
760 1374 941 1442 atque
971 1370 1031 1427 in
1058 1370 1522 1429 fundamentum
1554 1373 1758 1445 templi
1808 1373 2095 1446 ponendi,

437 1462 508 1514 ut
534 1458 989 1515 meminerimus
1017 1459 1297 1517 abdicata
1326 1463 1775 1518 conversatione
1788 1462 2096 1534 priori,eo-

437 1560 578 1604 rum
605 1547 668 1603 in
697 1548 981 1604 omnibus
1031 1549 1215 1605 vitam
1269 1568 1589 1625 moresque
1635 1552 1946 1625 inspicere,
1994 1567 2096 1606 eos

439 1634 664 1693 nostris
689 1636 1066 1693 auditoribus
1083 1638 1405 1696 imitandos
1428 1657 1784 1714 proponere,
1808 1657 1961 1714 quos
1991 1657 2097 1713 per

2207 480 2443 535 cundus
2471 481 2629 549 regis
2666 481 3001 538 Salomonis
3035 496 3215 553 super
3244 481 3440 536 Israel.
3468 481 3631 538 Ordo
3656 498 3849 538 sensus

2206 574 2312 636 est,
2342 569 2403 625 in
2431 587 2592 626 anno
2623 576 2839 644 quarto
2882 570 3038 637 regis
3088 570 3424 627 Salomonis
3452 587 3636 643 super
3665 573 3849 635 Israel,

2204 675 2411 714 mense
2428 660 2547 725 Zio,
2566 659 2692 731 ipse
2706 660 3028 715 estmensis
3053 659 3643 715 secundus.Mensem
3666 665 3848 717 autem

2206 748 2539 803 secundum
2572 750 2786 804 Maium
2814 748 2984 803 dicit:
3013 764 3277 820 namque
3315 748 3532 820 Aprilis
3570 764 3693 821 quo
3732 752 3849 805 Pas~

2206 838 2319 892 cha
2341 837 2755 893 celebrabitur
2784 838 3148 910 principium
3176 838 3501 906 mensium,
3541 838 3707 911 apud
3751 842 3846 895 He-

2203 925 2399 982 brmos
2422 926 2651 999 primus
2680 931 2805 982 erat
2830 927 2891 981 in
2916 926 3233 981 mensibus
3264 926 3427 982 anni.
3473 929 3557 982 Ex
3581 943 3704 999 quo
3733 944 3845 984 ma-

2204 1014 2413 1071 nifeste
2430 1020 2611 1087 patet,
2637 1016 2782 1088 quia
2811 1032 2953 1070 mox
2983 1020 3227 1088 peracto
3252 1016 3501 1088 pascha,
3523 1016 3702 1089 ccepit
3720 1016 3846 1071 aedi-

2204 1104 2384 1159 ﬁcare
2409 1104 2659 1159 domum
2692 1105 2965 1173 Domino,
2999 1109 3056 1159 et
3085 1110 3469 1160 consecratus
3502 1105 3846 1177 mysticaso-

2202 1193 2505 1250 lemnitate
2539 1193 2817 1267 populus,
2846 1211 3065 1249 manus
3102 1194 3180 1249 ad
3212 1195 3538 1267 mysticum
3571 1210 3722 1267 opus
3751 1194 3848 1250 mi-

2205 1283 2295 1338 sit.
2326 1283 2415 1338 Fit
2439 1287 2640 1338 autem
2672 1284 3168 1339 commemoratio
3223 1284 3590 1351 egressionis
3645 1301 3717 1339 ex
3764 1288 3844 1340 2E-

2204 1376 2411 1444 gypto,
2445 1372 2694 1443 quando
2746 1371 3206 1427 tabernaculum
3257 1371 3544 1427 aedificari
3596 1376 3845 1445 coeptum

2205 1466 2309 1516 est:
2332 1466 2395 1517 ut
2420 1461 2819 1516 admoneatur
2850 1461 3051 1528 lector,
3079 1460 3243 1526 quod
3275 1478 3578 1518 annorum
3600 1466 3844 1534 tempus.

2203 1550 2355 1607 inter
2380 1550 2837 1606 aedificationem
2870 1551 3180 1625 utriusque
3210 1552 3431 1606 domus
3462 1552 3771 1613 transierit,
3798 1555 3850 1606 et

2203 1641 2341 1695 huic
2367 1657 2609 1713 quoque
2628 1657 2881 1696 summae
2914 1640 3219 1712 temporis,
3246 1646 3693 1698 sacramentum
3712 1641 3849 1696 ines-

418 1721 718 1781 “Virtutem
748 1726 1097 1783 humilitatis
1141 1728 1474 1800 specialiter
1508 1730 1759 1785 Domino
1792 1730 2095 1785 adhaerere
2132 1743 2173 1800 Β
2204 1745 2265 1784 se
2298 1729 2558 1800 spiritale
2591 1735 2934 1795 cognoscat.
2972 1731 3192 1794 Quater
3219 1746 3487 1802 namque
3524 1731 3771 1800 centeni,
3802 1734 3850 1784 et

440 1812 810 1870 nOVerimus.
834 1814 1164 1871 Addendus
1190 1821 1284 1873 est
1311 1816 1371 1873 in
1403 1818 1590 1874 altum
1617 1819 1813 1891 paries
1842 1835 2095 1891 operum

420 1896 763 1971 ‘bonorum,
795 1906 851 1959 et
877 1904 1051 1975 quasi
1085 1906 1563 1979 superimpositis
1598 1907 1707 1962 sibi
1734 1907 1988 1963 invicem
2007 1924 2096 1962 or-

440 1988 683 2046 dinibus
713 1990 1008 2064 lapidum,
1054 1994 1500 2051 ambulandum
1546 2000 1635 2051 est
1685 2013 1755 2052 ac
1785 1998 2095 2069 proficiens

439 2076 588 2135 dum
620 2078 695 2135 de
726 2080 935 2137 virtute
967 2082 1028 2137 in
1057 2083 1353 2139 virtutem.
1390 2087 1489 2140 Vel
1524 2092 1677 2142 certe
1707 2086 1937 2158 lapides
1960 2087 2093 2141 fun-

439 2167 725 2225 damento
749 2171 1029 2239 grandes,
1054 2173 1296 2245 pretiosi
1336 2177 1393 2229 et
1419 2175 1721 2246 quadrati,
1755 2176 1931 2248 primi
1958 2181 2096 2231 sunt

441 2256 529 2319 (ut
553 2270 737 2327 supra
761 2256 1044 2331 diximus)
1076 2261 1472 2318 Ecclesiarum
1494 2264 1894 2337 magistrl,qui
1916 2263 1994 2320 ab
2011 2264 2097 2335 ip-

439 2357 507 2397 so
529 2344 783 2401 Domino
803 2347 1059 2403 verbum
1077 2350 1319 2405 audiere
1347 2351 1574 2406 salutis.
1603 2353 1969 2424 Supcrpositi
1990 2350 2093 2407 au-

438 2431 802 2505 temlapides
822 2435 1105 2492 ordinum
1127 2438 1246 2493 sive
1272 2438 1917 2513 lignorum,sequentes
1934 2446 2092 2509 sunt,

437 2535 549 2576 suo
564 2521 790 2595 quique
808 2528 1077 2596 tempore
1094 2528 1432 2583 sacerdotes
1450 2545 1518 2585 ac
1534 2529 2095 2601 doctores,quorum

436 2607 535 2663 vel
550 2610 975 2680 praedicatione
999 2629 1069 2669 ac
1106 2614 1456 2679 ministerio,
1481 2616 1804 2672 fabricatur
1839 2618 2098 2674 Ecclesia

437 2693 533 2750 vel
562 2696 874 2754 ordinatur
900 2700 1244 2756 virtutibus.
1281 2703 1498 2768 Quales
1528 2709 1734 2759 autem
1757 2704 1953 2761 colore
1976 2707 2097 2761 fue-

439 2782 560 2839 rint
586 2783 819 2857 lapides
848 2787 1071 2859 quibus
1101 2789 1325 2846 factum
1376 2796 1463 2847 est
1507 2793 1823 2865 templum,
1855 2794 1915 2849 in
1943 2794 2096 2850 libro

441 2872 940 2946 Paralipomenon
965 2883 1166 2950 aperte
1184 2880 1555 2937 declaratum
1584 2887 1696 2947 est,
1736 2882 1967 2938 dicente
1993 2886 2097 2939 Da-

437 2959 542 3016 vid
584 2961 662 3018 ad
701 2962 1106 3037 Salomonem,
1152 2984 1290 3023 cum
1313 2970 1361 3025 ei
1384 2969 1691 3042 impensas
1719 2971 1922 3044 templi
1943 2988 2096 3043 quas

2202 1817 2415 1890 viceni,
2434 1818 2905 1891 quadringentos
2937 1823 2991 1874 et
3017 1820 3319 1889 octoginta
3346 1820 3847 1885 faciunt.Quatuor

2203 1913 2404 1963 autem
2464 1909 2830 1977 Evangelicae
2889 1908 3237 1980 perfectioni
3288 1913 3425 1981 apte
3476 1909 3845 1979 conveniunt,

2201 2002 2445 2069 propter
2472 1996 2672 2068 ipsum
2697 1995 3209 2067 Evangelistarum
3242 2013 3597 2055 numerum:
3622 2012 3844 2053 centum

2202 2085 2432 2153 viginti,
2450 2085 2627 2153 legali
2648 2085 3207 2158 doctrinze,propter
3218 2102 3411 2142 annos
3427 2086 3720 2156 legistoris
3735 2085 3847 2141 toti-

2203 2174 2436 2229 dem.In
2465 2192 2587 2247 quo
2616 2175 2794 2230 etiam
2828 2191 3081 2231 numero
3113 2176 3399 2243 virorum,
3426 2177 3678 2247 gratiam
3696 2192 3847 2231 sanc-

2205 2264 2245 2319 ti
2274 2263 2522 2335 Spiritus
2546 2263 2765 2336 primiti
2776 2280 2845 2319 va
2869 2264 3129 2336 suscepit
3162 2264 3419 2321 Ecclesia
3440 2270 3739 2338 :patcnter
3761 2280 3844 2320 os-

2204 2352 2456 2408 tendens
2486 2354 2630 2425 quia
2658 2354 2763 2425 qui
2788 2353 2918 2422 lege
2948 2354 3209 2423 legitime
3239 2359 3510 2427 utuntur,
3551 2354 3613 2411 id
3642 2359 3726 2410 est
3754 2353 3845 2426 qui

2208 2442 2419 2498 Christi
2446 2443 2505 2497 in
2533 2460 2603 2497 ea
2630 2444 2882 2511 gratiam
2932 2449 3365 2514 cognoscentes
3393 2444 3842 2517 amplectuntur,

2201 2531 2333 2602 jure
2366 2531 2605 2603 spiritus
2637 2532 2766 2602 ejus
2799 2533 2990 2600 gratia
3029 2533 3355 2605 replentur,
3383 2534 3529 2607 quia
3557 2532 3619 2589 in
3674 2531 3844 2589 chari-

2206 2626 2321 2676 tate
2350 2621 2479 2690 ejus
2506 2621 2767 2692 amplius
2799 2623 3133 2691 ignescunt.
3184 2623 3451 2678 Diximus
3507 2627 3706 2680 autem
3753 2637 3845 2695 per

2204 2708 2663 2765 tabernaculum
2694 2711 2859 2782 quod
2893 2711 3026 2766 fecit
3065 2714 3293 2783 Moyses
3325 2717 3382 2767 et
3436 2712 3543 2768 ﬁlii
3594 2711 3765 2767 lsrael
3790 2710 3843 2765 in

2205 2798 2461 2866 deserto,
2482 2800 2867 2870 Synagogam
2899 2819 2910 2854 :
2945 2816 3053 2872 per
3076 2800 3366 2872 templum
3397 2818 3542 2857 vero
3573 2800 3734 2874 quod
3753 2801 3843 2855 Sa-

2204 2884 2411 2941 lomon
2441 2891 2498 2941 et
2521 2886 2623 2941 ﬁlii
2655 2888 2832 2943 Israel
2864 2904 3002 2944 cum
3020 2890 3465 2962 prosclytorum
3482 2889 3843 2959 etgentilium

2206 2975 2425 3030 auxilio
2458 2978 2804 3043 construxit,
2836 2978 3163 3033 Ecclesiam
3186 2978 3452 3049 gentium
3494 2995 3672 3051 posse
3700 2975 3841 3033 desi-
3900 2970 3910 2981 ⁷

437 3058 887 3156 praeparaverat
912 3056 1284 3113 ostenderet:
1310 3060 1561 3115 Omnem
1588 3060 1916 3131 pretiosum
1949 3060 2096 3132 lapi-
2129 3100 2168 3156 Ο
2207 3064 2734 3133 gnari.Permansit
2760 3072 2961 3121 autem
3006 3066 3204 3122 cultus
3234 3072 3292 3122 et
3343 3067 3554 3135 religio
3587 3068 3843 3123 taberna-

436 3137 577 3196 dem
609 3145 665 3198 et
687 3158 955 3201 marmor
984 3146 1221 3203 Parium
1239 3148 1763 3205 abundantissime
1794 3165 2095 3222 praepara-

434 3227 492 3284 vi
520 3228 576 3300 (Ι
596 3228 746 3289 Ραν.
770 3234 943 3307 xxu).
978 3256 1006 3285 »
1032 3237 1287 3293 Marmor
1317 3243 1517 3293 autem
1548 3239 1791 3294 Parium
1829 3255 2096 3294 marmor

436 3317 768 3375 candidum
813 3320 1055 3378 dicitur:
1109 3324 1287 3396 quale
1346 3324 1559 3381 eadem
1602 3326 1800 3383 insula
1853 3327 2095 3397 gignere

437 3408 766 3465 consuevit.
784 3408 954 3466 Unde
984 3417 1163 3482 poeta
1194 3413 1268 3468 de
1298 3414 1399 3469 illa
1418 3420 1436 3445 ⁸
1461 3431 1475 3469 :

438 3493 683 3577 glearon
713 3499 1051 3577 niveamque
1080 3504 1265 3577 Paron
1316 3521 1669 3577 sparsasque
1702 3525 1803 3576 per
1830 3524 2026 3577 aequor

436 3566 735 3639 Cycladas,
760 3573 816 3621 et
838 3566 1057 3624 crebris
1087 3566 1521 3640 legimus-freta
1553 3566 1778 3632 concita
1816 3566 2011 3634 ter‘ris.

509 3655 754 3712 Niveam
782 3674 925 3729 ergo
956 3662 1144 3716 Paron
1171 3661 1404 3731 dicitur,
1436 3681 1508 3719 eo
1543 3666 1712 3737 quod
1743 3668 2094 3724 candidissi-

436 3744 522 3801 mi
550 3761 821 3804 marmor
848 3748 1082 3818 generis
1106 3750 1323 3806 mittat.
1350 3754 1446 3808 Est
1483 3758 1683 3809 autem
1731 3772 1851 3811 una
1879 3757 1953 3812 de
1984 3759 2094 3830 Cy-

437 3833 734 3903 cladibus,
758 3853 881 3909 quo
919 3837 1194 3895 videlicet
1208 3839 1431 3912 lapide,
1459 3842 1747 3915 templum
1768 3844 1950 3899 fuisse
1974 3846 2094 3902 fac-

434 3925 589 3991 tum,
621 3928 678 3980 et
702 3927 1001 3999 Iosephus
1030 3926 1318 3999 insinuat,
1346 3931 1581 3987 dicens:
1608 3931 1870 3988 Elevavit
1898 3934 2096 4007 itaque

438 4011 729 4083 templum
786 4031 982 4087 usque
1048 4016 1127 4071 ad
1180 4033 1509 4087 cameram,
1578 4037 1651 4075 ex
1702 4020 1902 4094 lapide
1957 4024 2096 4080 albo

438 4104 869 4157 constructum.
912 4103 1172 4160 Altitudo
1204 4106 1315 4162 fuit
1373 4109 1683 4179 sexaginta
1732 4112 2094 4181 cubitorum,

436 4191 548 4244 etc.
577 4189 697 4243 Nec
726 4191 995 4262 mysterii
1020 4208 1231 4249 sensus
1260 4194 1321 4249 in
1366 4196 1570 4254 abdito
1597 4204 1703 4267 est,
1738 4202 1926 4256 cuivis
1980 4208 2096 4258 ete-

435 4275 564 4331 nim
589 4280 771 4348 patet,
798 4279 945 4350 quia
973 4295 1244 4339 marmor
1273 4284 1707 4359 candidum,ex
1731 4305 1854 4362 quo
1874 4289 2095 4347 domus

438 4364 675 4420 Domini
706 4371 1049 4425 constructa
1079 4375 1185 4439 est,
1228 4374 1523 4431 mundam
1554 4377 1879 4434 electorum
1910 4380 2093 4434 actio-

435 4467 577 4508 nem
608 4453 787 4511 simul
814 4462 871 4512 et
899 4458 1326 4517 conscientiam
1356 4463 1433 4518 ab
1464 4466 1629 4520 omni
1658 4482 1832 4521 naevo
1855 4483 2095 4540 corrup-
2126 4453 2168 4507 ι)

437 4541 612 4598 tionis
644 4544 1003 4615 castigatam
1035 4548 1335 4620 designat.
1383 4553 1601 4617 Quales
1631 4570 1766 4609 esse
1790 4554 1975 4612 voluit
2008 4573 2097 4612 sa-

436 4631 609 4706 piens
646 4632 743 4689 ille
773 4635 1150 4705 architectus,
1186 4654 1289 4695 eos
1319 4656 1473 4713 quos
1512 4658 1691 4714 super
1739 4642 2098 4701 fundamen-

436 4726 566 4777 tum
596 4723 806 4778 Christi
830 4723 1071 4781 locabat
1097 4726 1331 4800 lapides
1357 4732 1674 4802 pretiosos,
1700 4748 1849 4787 auro
1881 4749 2095 4801 argen-

435 4813 619 4883 toque
648 4812 958 4871 redimitos
984 4832 998 4869 :
1023 4837 1051 4864 «
1084 4817 1451 4890 Charissimi,
1482 4819 1696 4891 inquit,
1729 4822 2095 4879 mundemus

436 4914 549 4955 nos
579 4901 658 4957 ab
681 4903 849 4958 omni
876 4903 1339 4976 inquinamento
1370 4910 1569 4963 carnis
1586 4915 1642 4963 et
1673 4910 1935 4980 spiritus,
1962 4929 2097 4984 per-

437 4988 702 5045 ﬁcientes
729 4992 1263 5051 sanctiﬁcationem
1302 4995 1361 5051 in
1416 4996 1627 5051 timore
1686 4998 1784 5053 Dei
1845 5000 1931 5070 (II
1958 5002 2093 5059 Cor.

595 5096 623 5125 »ι

1106 5172 1331 5227 CAPUT
1368 5175 1437 5227 VI

512 5271 540 5300 «
572 5250 821 5308 Factum
850 5258 937 5310 est
980 5269 1122 5326 ergo
1153 5260 1748 5331 quadringentesimo
1779 5270 1835 5323 et
1865 5272 2099 5335 octoge-

443 5358 473 5387 «
508 5338 663 5396 simo
694 5356 855 5398 anno
905 5345 1263 5413 egressionis
1302 5348 1565 5407 ﬁliorum
1608 5356 1786 5411 Israel
1839 5358 1913 5413 de
1945 5336 2101 5416 terra

443 5449 474 5478 α
505 5431 840 5519 £gypti,in
861 5448 1024 5489 anno
1051 5440 1509 5507 quarto,mense
1538 5444 1656 5515 Zio,
1688 5446 1816 5519 ipse
1835 5453 1922 5504 est
1938 5466 2103 5505 men-

446 5537 476 5565 «
507 5518 589 5572 sis
617 5521 919 5576 secundus
949 5524 1105 5592 regis
1133 5526 1469 5586 Salomonis
1500 5550 1679 5607 super
1706 5518 1902 5604 lsrael,
1921 5539 2103 5594 {edifi-

447 5626 478 5655 «
508 5620 643 5662 care
669 5608 844 5679 caepit
871 5609 1121 5669 domum
1156 5616 1427 5676 Domino.
1460 5642 1487 5670 »
1541 5624 1714 5689 Quod
1771 5626 2007 5696 dicitrr,
2038 5628 2101 5683 in

518 5726 540 5751 '
561 5718 749 5796 Virg,
779 5725 1031 5787 Εηείά.
1066 5745 1148 5789 ιιι.

2204 3153 2323 3208 culi
2358 3170 2551 3208 annos
2606 3155 3086 3227 quadringentos
3129 3161 3185 3211 et
3213 3157 3542 3226 octoginta,
3573 3173 3642 3213 ac
3671 3156 3747 3211 sic
3774 3153 3840 3209 ab

2204 3259 2273 3297 eo
2308 3242 2599 3314 templum
2628 3244 2909 3299 aedificari
2939 3245 3165 3318 incipit.
3214 3246 3388 3311 Quod
3412 3251 3616 3302 autem
3645 3249 3840 3319 quarto
3905 3265 3910 3277 ·

2204 3347 2365 3386 anno
2396 3331 2551 3400 regis
2590 3332 2925 3387 Salomonis
2953 3333 3237 3389 aedificari
3269 3339 3467 3407 coepta
3497 3339 3588 3390 est
3638 3332 3839 3389 domus

2202 3422 2460 3487 Domini,
2489 3426 2681 3495 potest
2703 3422 2781 3477 ad
2812 3439 2914 3477 eos
2966 3422 3169 3478 referri
3203 3424 3473 3496 mystice,
3526 3423 3688 3497 quod
3723 3423 3841 3495 post

2204 3511 2502 3582 expletam
2526 3510 3040 3582 dispensationem
3056 3511 3380 3568 Dominich
3410 3510 3836 3577 incarnationis,

2203 3616 2337 3672 quae
2370 3601 2431 3653 in
2458 3604 2720 3671 quatuor
2752 3600 3054 3671 Evangelii
3083 3601 3249 3657 libris
3279 3601 3501 3675 scripta
3540 3607 3645 3669 est,
3676 3600 3839 3657 misso

2204 3689 2278 3744 de
2310 3689 2473 3744 caelis
2495 3682 2709 3761 spiritu
2730 3696 2958 3758 sancto,
2988 3692 3257 3747 Ecclesia:
3282 3697 3580 3749 structura
3599 3689 3837 3765 cmperit.

2206 3780 2272 3833 Et
2292 3777 2455 3850 quod
2488 3794 2694 3834 mense
2727 3780 2996 3836 secundo
3028 3785 3224 3854 coepta
3254 3786 3361 3853 est,
3393 3787 3589 3855 potest
3616 3781 3692 3838 ad
3718 3778 3839 3835 elec-

2204 3870 2427 3925 tionem
2470 3870 2758 3941 gentium,
2813 3888 2946 3943 quae
3003 3872 3270 3928 secundo
3324 3872 3459 3929 loco
3515 3877 3651 3946 post
3688 3867 3840 3927 Israel

2206 3959 2662 4014 aedificationem
2688 3962 2748 4015 in
2774 3978 2835 4016 se
2868 3962 2959 4017 sui
2992 3978 3309 4035 suscepere
3358 3963 3669 4019 Creatoris.
3696 3958 3839 4017 Unde

2206 4053 2263 4104 et
2289 4049 2589 4104 secundus
2624 4052 2851 4105 mensis
2896 4051 2958 4106 in
3005 4052 3135 4123 lege
3176 4068 3501 4108 concessus
3534 4058 3621 4109 est
3666 4050 3739 4107 ad
3767 4048 3839 4104 {a-

2206 4137 2485 4193 ciendum
2504 4140 2749 4210 Pascha,
2778 4140 2923 4213 quia
2949 4140 3249 4196 immundi
3267 4157 3449 4213 super
3471 4142 3733 4198 animam
3750 4138 3841 4193 ho-

2205 4226 2385 4282 minis
2416 4226 2511 4282 vel
2536 4227 2597 4283 in
2626 4228 2723 4283 via
2740 4229 2949 4302 procul
2978 4230 3157 4303 positi
3189 4231 3266 4286 ad
3292 4230 3639 4287 faciendum
3667 4230 3722 4285 in
3740 4224 3840 4300 pri-

2207 4333 2307 4372 mo
2336 4334 2543 4373 mense
2592 4320 2839 4391 pascha,
2892 4336 3168 4376 ocurrere
3217 4322 3556 4394 nequirent.
3607 4321 3709 4378 Ubi
3745 4332 3840 4373 nos

2209 4407 2578 4479 apertissime
2610 4408 2908 4479 designati
2938 4426 3169 4472 sumus,
3202 4411 3307 4483 qui
3336 4410 3635 4466 immundi
3682 4419 3842 4480 super

2208 4502 2461 4553 mortem
2494 4498 2709 4553 animae
2758 4504 2999 4570 nostrae,
3047 4503 3103 4554 et
3130 4499 3345 4572 procul
3374 4500 3573 4556 adhuc
3615 4496 3781 4573 positi
3810 4509 3841 4548 a

2205 4585 2432 4657 populo
2462 4586 2583 4653 Dei,
2612 4602 2736 4642 non
2765 4587 3071 4659 potuimus
3092 4589 3358 4661 primum
3390 4589 3618 4661 pascha
3646 4588 3837 4648 facere,

2205 4675 2371 4746 quod
2398 4675 2455 4730 in
2471 4691 2648 4731 carne
2666 4680 2721 4731 et
2752 4676 3045 4746 sanguine
3078 4677 3215 4746 agni
3248 4677 3450 4735 ﬁebat.
3483 4678 3839 4736 Celebramus

2207 4768 2407 4820 autem
2438 4764 2615 4820 hodie
2668 4766 2915 4837 pascha,
2950 4767 3283 4825 secundum
3314 4768 3480 4840 quod
3526 4768 3587 4824 in
3614 4775 3839 4837 corpore

2208 4860 2263 4911 et
2290 4854 2583 4926 sanguine
2616 4855 3033 4928 Redemptoris
3075 4857 3284 4925 nostri,
3318 4874 3353 4913 a
3399 4875 3518 4931 quo
3548 4852 3767 4931 quaesiti
3794 4853 3841 4904 et

2208 4944 2481 4999 mundati
2532 4961 2762 5011 sumus,
2797 4951 2997 5000 actum
3032 4951 3137 5002 est.
3199 4951 3260 5001 In
3310 4964 3432 5021 quo
3482 4952 3681 5003 autem
3722 4942 3837 4999 loco

2210 5034 2496 5104 templum
2530 5033 2602 5088 sit
2632 5034 2996 5089 aediﬁcatum
3028 5036 3403 5092 manifestius
3428 5038 3489 5091 in
3516 5036 3665 5091 libro
3694 5036 3839 5088 Para-

2206 5123 2555 5194 lipomenon
2578 5123 2928 5193 ostenditur,
2962 5124 3066 5180 ubi
3092 5126 3381 5199 scriptum
3418 5130 3541 5182 est:
3573 5147 3601 5174 «
3647 5125 3707 5178 Et
3734 5134 3835 5175 οω-

2207 5212 2294 5283 pit
2325 5211 2608 5266 Salomon
2640 5211 2937 5268 (editicare
2969 5210 3221 5269 domum
3252 5214 3487 5270 Domini
3539 5214 3599 5269 in
3627 5215 3838 5267 Jerusa-

2207 5301 2347 5371 1em,
2365 5300 2424 5355 in
2458 5304 2659 5356 monte
2690 5302 2890 5371 Moria,
2925 5302 3029 5376 qui
3056 5302 3502 5360 demonstratus
3533 5302 3717 5358 fuerat
3750 5298 3841 5349 Da-

2209 5389 2311 5445 vid
2344 5389 2498 5461 patri
2529 5390 2658 5460 ejus
2688 5390 2749 5444 in
2778 5390 2912 5445 loco
2941 5407 3127 5463 quem
3182 5397 3502 5463 paraverat
3555 5386 3737 5446 David
3788 5382 3839 5437 in

2210 5480 2364 5532 Area
2394 5479 2595 5533 Ornan
2643 5479 2899 5534 Jebusaei
2947 5481 3039 5547 (II
3080 5481 3229 5536 Par.
3298 5482 3407 5554 ιιι).
3453 5502 3479 5537 η
3524 5477 3841 5535 ιιΕάὶᾗοειῐιιι

2212 5582 2354 5630 ergo
2410 5566 2631 5621 domus
2697 5567 2933 5623 Domini
2985 5569 3044 5623 in
3094 5570 3443 5637 Jerusalem,
3484 5567 3597 5623 hoc
3649 5568 3746 5629 est,
3788 5559 3839 5612 in

2209 5656 2439 5712 visione
2496 5657 2710 5728 pacis:
2767 5674 2891 5731 qua
2946 5658 3192 5716 dilatata
3244 5676 3352 5733 per
3410 5660 3599 5718 totum
3652 5652 3839 5711 orbem
