3940 6434
135 304 240 361 H3

1110 300 1366 361 ENARR.
1407 302 1479 361 IN
1516 301 1763 359 LIBROS
1798 300 2058 363 REGUM.
2101 336 2170 349 -
2208 307 2299 364 IN.
2343 307 2479 365 LIB.
2519 309 2610 363 Ill.

3472 308 3583 364 M4

136 427 400 504 Ecclesia
427 425 491 483 in
520 441 648 484 una
668 427 1007 502 eademque
1040 427 1184 499 ﬁde,
1219 433 1277 485 et
1306 427 1575 486 veritatis
1616 428 1888 485 catho-A
1927 429 2274 489 viventium.
2305 431 2414 489 Ubi
2442 431 2781 489 notandum
2809 431 2976 504 quod
3000 431 3241 503 triginta
3277 430 3463 488 cubiti
3505 432 3585 489 al-

133 497 259 575 licaa
288 518 584 575 societate
618 518 908 573 consistit.
962 522 1235 592 Namque
1266 518 1329 574 in
1360 519 1623 575 scissura
1648 534 1821 574 men—

135 606 286 664 tium
318 607 482 664 Deus
510 621 635 663 non
663 610 755 663 est
778 623 791 662 :
818 607 926 663 sed
957 627 987 662 ‹
1015 607 1211 665 factus
1266 614 1353 665 est
1383 610 1445 663 in
1474 625 1623 682 pace
1650 607 1819 664 locus

139 697 301 769 ejus,
326 700 385 754 et
404 695 701 753 habitatio
731 697 860 768 ejus
887 697 947 752 in
973 698 1112 755 Sion
1144 701 1336 769 (Psal.
1370 702 1571 765 Lxxv).
1608 721 1637 747 »
1661 696 1816 753 ΑΞᾱὶ-

138 786 368 843 ﬁcatur
396 785 458 842 in
484 791 711 855 monte,
764 786 1041 843 videlicet
1073 788 1134 844 in
1164 788 1297 863 ipso
1325 787 1579 845 Domino
1612 787 1817 844 Salva-

142 879 291 945 tore,
324 875 401 932 de
430 891 555 950 quo
587 875 779 932 Isaias
805 877 887 933 ait
915 894 926 933 :
954 900 982 928 ‹‹
1016 880 1083 934 Et
1105 879 1215 935 erit
1241 880 1303 935 in
1332 877 1675 935 novissimis
1696 877 1816 933 die-

139 964 257 1023 bus
310 969 691 1039 praeparatus
736 982 913 1022 mons
944 967 1164 1025 domus
1194 969 1431 1026 Domini
1488 969 1548 1024 in
1596 968 1813 1024 vertice

143 1056 448 1112 montium
474 1055 615 1128 (Isa.
652 1056 734 1127 ιι).
784 1079 812 1105 ››
846 1058 912 1112 Et
962 1056 1092 1130 ipse
1123 1057 1196 1113 de
1228 1074 1289 1114 se
1336 1057 1397 1114 in
1450 1055 1810 1127 Evangelio:

142 1166 171 1193 ‹‹
200 1147 329 1200 Non
353 1149 574 1217 potest,
602 1143 817 1219 inquit,
850 1144 1054 1202 civitas
1082 1147 1379 1204 abscondi
1435 1163 1615 1219 super
1643 1162 1813 1203 mon-

139 1238 258 1290 tem
286 1235 488 1308 posita
514 1233 752 1307 (Matth.
774 1236 856 1307 v).
890 1258 919 1284 »
955 1235 1086 1309 Ipse
1135 1241 1222 1293 cst
1246 1238 1408 1293 enim
1438 1253 1614 1293 mons
1646 1251 1814 1292 mon-

144 1323 311 1390 tium,
344 1322 451 1396 qui
478 1323 554 1379 de
580 1328 735 1380 terra
759 1323 1009 1397 quidem
1032 1341 1140 1398 per
1169 1326 1461 1395 originem
1487 1331 1814 1399 assumptae

144 1410 342 1467 carnis
373 1415 544 1467 ortus
561 1416 669 1483 est,
704 1412 809 1468 sed
835 1414 1109 1469 omnium
1142 1415 1579 1486 terrigenarum
1602 1420 1813 1489 poten-

118 1500 282 1558 ‘tiam
315 1515 387 1556 ac
423 1500 804 1557 sanctitatem
848 1501 1141 1572 singulari
1200 1504 1461 1561 culmine
1505 1505 1812 1574 dignitatis

141 1589 603 1646 transcendit.ln
621 1606 744 1663 quo
770 1590 1059 1647 nimirum
1081 1597 1287 1650 monte
1311 1593 1539 1664 civitas,
1572 1594 1817 1650 sivedm

144 1694 277 1735 mus
308 1678 570 1749 Domini,
595 1685 942 1738 constructa
969 1686 1087 1738 est:
1135 1684 1283 1755 quia
1310 1684 1424 1739 nisi
1458 1684 1595 1740 Sion
1622 1685 1682 1739 in
1712 1684 1814 1740 illo

1928 519 2215 587 titudinis,
2243 538 2368 579 non
2401 539 2589 594 usque
2621 521 2699 578 ad
2730 525 2951 578 tectum
2977 521 3206 594 templi,
3251 522 3359 577 sed
3387 536 3581 597 usque

1924 608 2003 665 ad
2034 613 2411 669 caenaculum
2443 611 2689 668 inferius
2716 611 3159 686 pertingebant.
3188 612 3464 686 Namque
3517 611 3582 668 in

1920 698 2072 756 libro
2104 700 2605 775 Paralipomenon
2649 705 2851 775 aperte
2907 701 3199 774 scriptum
3251 705 3361 770 est,
3413 700 3582 774 quod

1921 787 2175 847 altitudo
2202 796 2444 847 centum
2487 790 2699 861 viginti
2730 790 3069 846 cubitorum
3126 792 3270 847 erat.
3320 791 3402 846 De
3456 803 3581 863 quo

1921 885 2061 951 post
2088 880 2218 936 haec
2247 881 2462 937 dicturi
2488 896 2719 937 sumus.

1994 990 2023 1017 ‹‹
2055 970 2319 1026 Porticus
2350 975 2477 1027 erat
2499 975 2636 1027 ante
2687 970 2980 1042 templum
3006 969 3216 1039 viginti
3240 968 3581 1026 cubitorum

1922 1076 1951 1104 «
1983 1055 2376 1127 longitudinis
2402 1059 2575 1129 juxta
2603 1074 2953 1114 mensuram
2994 1057 3324 1114 latitudinis
3352 1057 3581 1131 templi,

1921 1168 1949 1196 ‹‹
1983 1151 2040 1203 et
2057 1147 2321 1205 habebat
2351 1149 2560 1205 decem
2590 1148 2826 1204 cubitos
2858 1147 3185 1204 latitudinis
3214 1152 3351 1205 ante
3368 1148 3581 1205 faciem

1922 1258 1950 1285 ‹‹
1986 1238 2212 1310 templi.
2242 1261 2268 1289 ››
2296 1239 2607 1312 Templum
2642 1254 2908 1311 namque
2934 1240 3059 1295 erat
3100 1254 3460 1294 conversum
3502 1238 3583 1294 ad

1921 1326 2230 1397 orientem,
2262 1328 2414 1385 sicut
2443 1334 2500 1385 et
2530 1327 3012 1385 tabernaculum.
3046 1327 3441 1401 Habebatque
3484 1336 3582 1384 os-

1921 1415 2071 1472 tium
2148 1417 2415 1490 porticus
2504 1418 2582 1474 ab
2663 1417 2929 1481 oriente,
3049 1420 3258 1473 contra
3358 1416 3580 1473 ostium

1921 1505 2147 1578 templi,
2213 1508 2387 1578 juxta
2457 1508 2625 1582 quod
2694 1505 3013 1563 historicus
3083 1505 3431 1562 Judmorum
3494 1507 3585 1562 Jo-

1922 1597 2146 1668 sephus
2178 1597 2553 1671 apertissime
2585 1598 2799 1653 docet:
2835 1597 2915 1653 ita
2958 1600 3023 1652 ut
3060 1595 3148 1651 sol
3201 1595 3585 1668 aequinoctia-

1919 1682 1991 1738 lis
2022 1685 2239 1753 oriens,
2264 1685 2504 1741 directis
2536 1686 2845 1742 radiorum
2878 1701 3126 1740 suorum
3150 1683 3343 1755 lineis,
3369 1700 3478 1757 per
3495 1699 3589 1740 os-

140 1769 407 1826 radicem
438 1770 607 1841 ﬁgat,
642 1787 779 1844 spes
832 1776 889 1827 et
927 1771 1077 1827 ﬁdes
1108 1777 1314 1829 nostra
1351 1773 1517 1830 nulla
1564 1778 1671 1830 est.
1704 1774 1815 1840 Qui
1842 1795 1884 1849 Β
1922 1772 2003 1827 tia
2028 1772 2138 1828 tria
2161 1774 2427 1845 porticus
2453 1773 2747 1843 videlicet,
2782 1777 2837 1829 et
2868 1772 3074 1845 templi
3114 1775 3170 1828 et
3217 1771 3465 1839 oraculi,
3497 1786 3589 1828 ar-

142 1862 295 1915 recta
332 1872 519 1915 mons
550 1858 752 1927 Moria,
797 1859 859 1916 id
913 1864 1002 1916 est
1042 1862 1286 1917 visionis
1334 1866 1616 1918 vocatur:
1672 1862 1816 1935 quia

146 1947 357 2005 electos
389 1964 536 2004 suos
567 1965 726 2022 quos
759 1949 839 2006 ad
869 1954 1157 2007 aeternam
1188 1967 1311 2007 suae
1341 1951 1623 2009 claritatis
1641 1951 1819 2008 visio-

146 2052 280 2093 nem
306 2037 712 2105 conservat,in
743 2037 859 2094 hac
883 2038 1123 2095 interim
1145 2039 1269 2096 vita
1291 2039 1634 2096 laborantes
1657 2041 1819 2097 vide-

146 2142 206 2183 re
232 2131 287 2183 et
314 2127 613 2200 adjuvare
659 2127 963 2198 dignatur.
1002 2128 1115 2195 Qui
1144 2129 1594 2186 demonstratus
1626 2131 1820 2188 fuerat

149 2215 329 2274 David
347 2217 509 2291 patri
530 2217 580 2289 ej
593 2219 979 2274 us.Ostensus
1006 2233 1276 2291 namque
1303 2224 1429 2275 erat
1446 2219 1634 2276 David
1666 2221 1819 2277 sicut

149 2310 202 2363 et
229 2306 456 2363 caeteris
491 2307 827 2381 prophetis,
859 2313 1150 2364 venturus
1177 2309 1239 2364 in
1288 2324 1467 2365 carne
1499 2308 1814 2367 Dominus.

150 2397 297 2454 Bene
326 2396 499 2453 idem
525 2397 697 2454 locus
721 2414 866 2455 area
887 2403 1014 2454 erat
1044 2400 1249 2455 Ornan
1280 2399 1559 2470 Jebustei,
1588 2399 1733 2473 quia
1763 2405 1821 2456 et

152 2485 403 2543 Ecclesia
454 2503 615 2543 areae
667 2486 815 2544 solet
868 2486 1169 2545 vocabulo
1227 2489 1551 2562 designari,
1585 2489 1819 2546 dicente

151 2577 369 2633 Joanne
390 2575 473 2633 de
496 2576 754 2633 Domino
779 2596 793 2634 :
829 2600 858 2630 «
891 2578 1074 2649 Cujus
1104 2578 1510 2635 ventilabrum
1536 2579 1597 2634 in
1627 2595 1819 2636 manu

154 2680 276 2733 sua,
309 2669 366 2722 et
394 2666 838 2740 permundabit
868 2683 1072 2723 aream
1107 2684 1281 2723 suam
1305 2669 1520 2740 (Marc.
1559 2685 1680 2724 ιιι.»
1714 2671 1819 2726 Or-

154 2770 271 2811 nan
297 2755 404 2830 qui
431 2756 866 2830 interpretatur
897 2757 1304 2827 illumz’natus,
1336 2763 1393 2814 et
1422 2762 1548 2814 erat
1576 2759 1821 2816 natione

154 2844 479 2916 Jebusasus,
508 2847 757 2902 natione
795 2846 1045 2921 quidem
1067 2847 1317 2918 gentiles
1352 2848 1669 2919 signiﬁcat.
1700 2850 1821 2905 Hos

155 2938 347 2990 autem
367 2936 623 2992 eosdem
652 2935 1039 2993 illustrandos
1070 2952 1107 2992 a
1137 2936 1413 3004 Domino,
1458 2942 1638 3011 atque
1668 2936 1731 2993 in
1756 2936 1823 2992 ﬁ-

155 3022 260 3079 lios
278 3025 558 3081 Ecclesiae
585 3026 1054 3081 commutandos
1080 3026 1344 3082 ostendit
1369 3026 1591 3099 quibus
1608 3029 1821 3083 merito

157 3110 291 3169 dicit
318 3113 645 3188 Apostolus
668 3132 681 3170 :
701 3138 727 3164 «
746 3114 967 3171 Fuistis
996 3115 1327 3190 aliquando
1360 3117 1641 3187 tenebras,
1659 3132 1821 3173 nunc
1850 3150 1892 3205 α

160 3206 351 3259 autem
376 3203 483 3261 lux
509 3204 575 3261 in
612 3205 869 3261 Domino
901 3205 1141 3278 (Ephes.
1190 3210 1272 3275 v).
1311 3228 1338 3257 n
1369 3206 1549 3261 Jebus
1603 3206 1820 3277 eadem

163 3295 243 3347 est
261 3292 465 3351 civitas
496 3309 638 3367 quae
665 3298 723 3350 et
745 3293 1105 3351 Jerusalem.
1140 3297 1206 3350 Et
1249 3294 1435 3352 Jebus
1465 3294 1713 3368 quidem
1739 3295 1825 3350 in-

164 3383 511 3456 terpretatur
539 3386 919 3456 conculcata,
950 3383 1288 3441 Jerusalem
1318 3390 1521 3440 autem
1536 3387 1708 3455 pacis
1742 3400 1825 3442 v2-

161 3472 257 3527 sio.
284 3472 349 3528 In
370 3489 495 3548 qua
518 3472 795 3547 quandiu
811 3475 1012 3530 Ornan
1038 3474 1272 3544 gentilis
1298 3472 1614 3543 regnabat,
1641 3473 1824 3531 Jebus

162 3555 310 3617 dicta
329 3566 440 3633 est,
474 3562 662 3618 etiam
685 3577 823 3617 cum
856 3562 917 3617 in
946 3578 1020 3617 ea
1048 3561 1237 3618 David
1266 3561 1468 3618 locum
1500 3562 1824 3619 holocaus-

164 3647 201 3703 ti
235 3654 637 3709 emeret.Cum
663 3666 808 3707 vero
833 3651 1119 3708 Salomon
1176 3652 1239 3706 in
1269 3666 1341 3707 ea
1373 3651 1665 3724 templum
1717 3653 1827 3708 Do-

162 3738 318 3795 mino
347 3740 698 3808 aediﬁcaret,
724 3755 849 3796 non
870 3741 998 3812 jam
1016 3740 1218 3811 Jebus,
1243 3740 1345 3795 sed
1368 3739 1701 3796 Jerusalem
1722 3757 1826 3797 vo-

164 3832 285 3884 cata
311 3834 417 3886 est.
450 3828 608 3894 Quia
638 3829 927 3885 nimirum
982 3829 1279 3899 gentilitas
1309 3829 1587 3902 quandiu
1639 3828 1825 3886 divini

162 3915 341 3973 cultus
369 3919 583 3976 nescia
612 3917 1004 3993 perdurabat,
1034 3918 1507 3975 conculcabatur
1535 3923 1592 3974 et
1616 3918 1824 3976 illude-

158 4002 326 4063 batur
348 4008 426 4065 ab
452 4006 793 4065 immundis
826 4009 1132 4082 spiritibus
1159 4023 1172 4064 :
1216 4008 1293 4065 ad
1330 4007 1657 4065 simulacra
1688 4025 1824 4065 mu-

159 4094 213 4149 ta
235 4103 409 4169 prout
435 4096 801 4169 ducebatur,
833 4114 1114 4172 sequens.
1152 4098 1301 4152 Cum
1332 4112 1477 4153 vero
1500 4097 1661 4155 illam
1692 4113 1825 4169 gra-

160 4185 292 4243 tiam
321 4186 413 4245 sui
441 4186 786 4245 Conditoris
829 4188 1115 4261 respexit,
1149 4186 1436 4245 continuo
1468 4189 1637 4261 pacis
1664 4189 1726 4245 in
1761 4205 1824 4244 se

159 4276 210 4330 et
233 4272 431 4333 locum
452 4277 687 4334 invenit
706 4281 761 4334 et
790 4292 1037 4332 nomen.

226 4385 253 4412 «
285 4365 511 4423 Domus
541 4370 748 4423 autem
777 4380 967 4440 quam
997 4363 1341 4422 aediﬁcabat
1382 4380 1489 4421 rex
1540 4364 1827 4422 Salomon

166 4474 191 4500 «
215 4452 481 4525 Domino,
512 4454 784 4513 habebat
814 4454 1127 4525 sexaginta
1182 4453 1416 4510 cubitos
1468 4453 1531 4509 in
1569 4453 1825 4525 longitu-

161 4563 186 4591 α
212 4542 368 4618 dine,
399 4550 457 4603 et
504 4545 721 4617 viginti
751 4545 988 4601 cubitos
1017 4544 1080 4600 in
1127 4543 1465 4607 latitudine,
1499 4547 1557 4600 et
1582 4544 1822 4613 triginta

161 4653 187 4681 ‹‹
216 4632 442 4692 cubitos
473 4637 536 4692 in
569 4634 904 4692 altitudine.
931 4657 960 4684 »
1001 4633 1337 4704 Longitudo
1367 4632 1588 4690 domus
1611 4633 1821 4706 longa-

160 4721 480 4782 nimitatem
511 4727 794 4796 designat
823 4723 1119 4793 Ecclesiae,
1150 4723 1294 4796 quia
1322 4721 1383 4778 in
1413 4723 1620 4779 exsilio
1650 4740 1821 4798 pere-

161 4811 497 4883 grinationis
522 4815 710 4887 hujus
755 4814 1053 4890 patienter
1101 4814 1358 4870 adversa
1387 4829 1645 4888 quaeque
1676 4814 1821 4871 tole-

161 4908 263 4975 rat,
293 4905 486 4963 donec
517 4906 598 4962 ad
628 4902 887 4979 patriam
910 4920 1098 4978 quam
1130 4908 1457 4978 exspectat,
1486 4904 1818 4977 perveniat.

161 4992 420 5053 Latitudo
449 4995 724 5052 insinuat
754 4993 1128 5062 charitatem,
1187 5009 1311 5066 qua
1368 4990 1637 5049 dilatatio
1687 4993 1822 5049 sinu

161 5085 364 5142 mentis
390 5103 516 5143 non
558 5085 759 5142 solum
790 5086 1021 5141 amicos
1050 5083 1111 5139 in
1143 5084 1284 5151 Deo,
1310 5083 1417 5139 sed
1458 5087 1516 5138 et
1544 5082 1821 5138 inimicos

161 5172 390 5245 diligere
422 5177 647 5247 gaudet
675 5180 924 5249 propter
955 5175 1177 5230 Deum:
1220 5173 1415 5229 donec
1444 5172 1649 5228 veniat
1680 5178 1821 5230 tem-

161 5275 282 5335 pus,
310 5264 559 5339 quando
590 5266 716 5322 sive
751 5266 828 5323 ad
858 5281 1077 5341 pacem
1118 5280 1294 5319 suam
1335 5262 1665 5329 conversis,
1694 5262 1817 5318 sive

161 5349 410 5412 funditus
442 5356 736 5413 omnibus
789 5354 1093 5412 exstinctis
1150 5351 1432 5416 inimicis,
1480 5367 1621 5408 cum
1674 5351 1817 5408 solis

162 5443 405 5513 gaudeat
437 5448 650 5505 amicis
680 5447 742 5504 in
773 5448 916 5503 Deo.
962 5444 1228 5502 Altitudo
1281 5459 1451 5516 spem
1503 5441 1821 5499 denuntiat

163 5528 354 5595 futurae
382 5537 810 5602 retributionis,
839 5538 1014 5609 cujus
1043 5534 1261 5592 intuit:.1
1291 5531 1544 5589 libenter
1602 5532 1820 5591 inﬁma

162 5635 422 5701 quaeque,
472 5628 597 5685 sive
665 5644 802 5703 quae
871 5625 1238 5691 demulcent,
1303 5621 1426 5678 sive
1494 5637 1631 5695 quae
1713 5622 1817 5678 ad-

164 5723 472 5791 versantur,
506 5717 873 5777 contemnit:
908 5733 1100 5791 usque
1141 5715 1291 5771 dum
1320 5713 1588 5786 utrisque
1619 5716 1812 5769 trans-

168 5804 358 5877 censis,
386 5808 513 5867 sola
543 5813 848 5870 mereatur
872 5808 1075 5866 videre
1104 5806 1270 5867 bona
1288 5802 1527 5864 Domini
1558 5802 1621 5862 in
1654 5806 1811 5863 terra

1923 1875 2059 1915 cam
2087 1862 2427 1917 testamenti
2457 1861 2820 1935 perfundere
2855 1864 3083 1934 posset.
3109 1860 3261 1927 Quia
3291 1863 3589 1916 verotem-

1922 1948 2091 2021 plum
2121 1954 2390 2006 sanctam
2451 1950 2777 2006 Ecclesiam
2825 1950 3124 2021 designat,
3154 1950 3419 2022 porticus
3448 1964 3587 2022 quae

1923 2042 2050 2094 erat
2080 2044 2217 2095 ante
2260 2039 2573 2112 templum,
2628 2045 2683 2094 et
2724 2039 2973 2112 propior
3007 2038 3205 2094 lucem
3258 2038 3401 2093 solis
3432 2037 3588 2094 acci-

1923 2144 2064 2201 pere
2093 2128 2343 2199 solebat,
2378 2128 2527 2202 quid
2559 2128 2822 2201 apertius
2851 2144 3038 2200 quam
3076 2127 3241 2183 illam
3295 2127 3425 2198 ejus
3449 2140 3588 2199 par-

1924 2221 2065 2284 tem,
2099 2233 2236 2289 quae
2267 2218 2589 2273 Dominicze
2642 2215 3072 2273 incarnationis
3118 2220 3394 2288 tempora
3439 2228 3588 2287 pras-

1927 2306 2121 2376 cessit,
2156 2307 2353 2380 typice
2385 2306 2744 2363 denuntiat?
2772 2310 2834 2361 In
2865 2322 2987 2380 qua
3007 2309 3147 2360 sunt
3164 2304 3519 2378 patriarchae
3533 2307 3594 2360 et

1923 2397 2258 2469 prophetas,
2310 2397 2414 2470 qui
2445 2397 2734 2452 orientem
2764 2396 2906 2452 huic
2934 2395 3167 2451 mundo
3199 2394 3389 2450 solem
3412 2392 3589 2465 justi-

1926 2486 2017 2542 tiae
2052 2487 2229 2559 primi
2261 2491 2674 2559 susceperunt,
2702 2490 2759 2543 et
2786 2485 3060 2542 nascenti
3089 2485 3150 2541 in
3182 2499 3361 2540 carne
3394 2483 3593 2539 Domi-

1926 2592 2007 2632 no
2035 2577 2469 2644 testimonium,
2519 2577 2645 2633 sive
2691 2576 2969 2641 vivendo,
3004 2574 3127 2631 sive
3176 2573 3588 2648 praedicando,

1928 2668 2051 2721 sive
2082 2666 2413 2736 nascendo,
2445 2666 2565 2721 sive
2588 2666 2767 2723 etiam
2794 2665 3129 2735 moriendo,
3178 2662 3587 2738 praebuerunt.

1929 2758 2155 2813 Ostium
2190 2773 2335 2813 vero
2358 2756 2563 2829 templi
2591 2758 2880 2813 Dominus
2911 2760 3030 2811 est:
3059 2753 3203 2828 quia
3233 2768 3466 2809 «nemo
3493 2768 3592 2809 ve-

1926 2845 2013 2901 nit
2042 2846 2121 2901 ad
2150 2848 2406 2916 Patrem,
2434 2846 2548 2902 nisi
2577 2862 2685 2919 per
2724 2846 2923 2919 ipsum
2969 2845 3169 2916 (Jama.
3200 2843 3336 2914 x1v).
3372 2864 3401 2893 ››
3430 2843 3498 2898 Et
3520 2840 3594 2898 si-

1929 2940 2028 2991 cut
2049 2934 2191 2991 alibi
2220 2935 2474 2992 dicitur:
2509 2959 2537 2985 «
2567 2939 2690 3005 Ego
2737 2952 2871 2992 sum
2922 2934 3180 2990 ostium:
3232 2948 3341 3005 per
3390 2947 3489 2988 me
3542 2931 3592 2987 si

1928 3027 2066 3099 quis
2098 3026 2407 3093 introierit,
2429 3025 3110 3097 salvabitur(Joan.x).~
3150 3023 3382 3080 Ostium
3409 3021 3592 3094 porti-

1930 3132 2035 3170 cus
2060 3130 2261 3170 sermo
2289 3120 2376 3170 est
2400 3115 2807 3186 propheticus,
2827 3113 2931 3185 qui
2952 3112 3129 3185 quasi
3146 3116 3306 3166 recto
3330 3109 3476 3166 calle
3496 3109 3589 3165 in-

1932 3204 2287 3274 gredientes,
2310 3203 2371 3258 in
2401 3203 2620 3259 ostium
2648 3203 2854 3275 templi
2884 3200 3271 3274 perducebat:
3302 3198 3446 3271 quia
3461 3212 3592 3269 gra-

1932 3292 2078 3348 tiam
2098 3293 2334 3349 Domini
2356 3292 2677 3350 Salvatoris
2700 3308 2822 3365 qua
2840 3290 3140 3347 mundum
3163 3292 3289 3345 erat
3315 3286 3593 3363 redemp-

1932 3387 2124 3453 turus,
2148 3388 2350 3457 aperte
2382 3383 2771 3455 praedicabat.
2788 3384 3040 3438 Factura
3061 3396 3204 3451 ergo
3217 3379 3480 3453 porticus
3498 3382 3589 3434 to-

1934 3476 1991 3528 ta
2022 3472 2231 3529 ﬁdeles
2288 3472 2446 3529 illius
2499 3473 2787 3546 temporis
2841 3470 3158 3542 signiﬁcat.
3193 3469 3422 3527 Ostium
3448 3484 3591 3525 vero

1931 3560 1993 3617 in
2020 3563 2285 3635 porticus
2314 3562 2590 3618 doctores
2642 3562 2747 3634 qui
2798 3559 3024 3617 caeteris
3081 3560 3279 3616 lucem
3324 3559 3459 3614 vitm
3503 3558 3593 3630 ja-

1932 3668 2241 3725 nuamquc
2271 3653 2537 3709 intrandi
2569 3652 2647 3709 ad
2703 3651 3025 3708 Dominum
3079 3648 3449 3722 pandebant,
3498 3663 3596 3704 ex-

1931 3742 2153 3815 primit.
2178 3746 2243 3799 Et
2278 3742 2433 3799 bene
2480 3759 2673 3799 unum
2705 3742 2927 3798 ostium
2958 3744 3204 3813 propter
3258 3752 3594 3796 consonam

1931 3833 1993 3888 in
2025 3833 2310 3889 omnibus
2343 3834 2563 3889 sanctis
2594 3832 2800 3902 ﬁdem,
2822 3848 2892 3888 ac
2909 3830 3288 3886 dilectionem
3308 3827 3592 3885 veritatis.

1934 3923 2076 3988 Quae
2110 3922 2380 3979 videlicet
2399 3922 2688 3997 porticus,
2709 3921 2882 3992 juxta
2892 3918 3267 3975 latitudinem
3283 3916 3490 3990 templi
3504 3913 3594 3972 vi-

1934 4010 2312 4081 ginticubitis
2332 4010 2514 4081 longa
2547 4011 2855 4083 erat,quia
2878 4007 3165 4064 nimirum
3196 4004 3426 4079 antiqui
3450 4004 3597 4078 justi

1932 4116 2040 4172 per
2066 4101 2591 4171 longanimitatem
2619 4100 2851 4155 devotas
2899 4097 3140 4165 mentis,
3165 4095 3597 4152 desiderabant

1932 4191 2132 4247 venire
2167 4192 2245 4247 ad
2273 4190 2625 4247 dilationem
2676 4188 2975 4253 Ecclesiae,
3024 4187 3088 4243 in
3137 4186 3423 4243 charitate
3470 4184 3595 4257 Dei,

1933 4297 2070 4354 qure
2102 4285 2191 4337 est
2219 4281 2280 4336 in
2314 4280 2545 4337 Christo
2576 4278 2831 4336 Domino
2862 4282 3088 4334 nostro.

2008 4391 2035 4419 «
2065 4370 2344 4443 Fecitque
2374 4368 2436 4423 in
2466 4366 2691 4441 templo
2730 4365 3021 4423 fenestras
3072 4364 3376 4439 obliquas.
3423 4384 3453 4413 ιο
3494 4361 3600 4419 Fe-

1934 4462 2146 4514 nestrae
2175 4457 2381 4531 templi
2428 4456 2706 4513 doctores
2751 4455 2943 4512 sancti
2998 4458 3137 4512 sunt
3192 4458 3252 4512 et
3296 4450 3597 4526 spiritales

1934 4550 2161 4624 quique
2194 4546 2256 4605 in
2304 4547 2589 4618 Ecclesia,
2643 4545 2866 4620 quibus
2897 4548 3095 4600 mente
3145 4539 3596 4611 excedentibus,

1934 4640 2054 4696 Deo
2106 4652 2331 4694 arcana
2385 4639 2751 4692 secretorum
2779 4632 3113 4689 ccelestium
3143 4628 3460 4705 specialius
3488 4643 3599 4683 caa-

1932 4730 2070 4784 teris
2096 4725 2299 4784 videre
2331 4724 2694 4781 conceditur.
2731 4723 2862 4789 Qui,
2895 4721 3044 4777 dum
3089 4734 3161 4775 ea
3201 4733 3337 4790 quae
3384 4716 3447 4770 in
3499 4728 3599 4770 oc-

1932 4817 2093 4873 culto
2148 4815 2375 4881 vident,
2415 4812 2655 4886 publice
2707 4810 2989 4866 ﬁdelibus
3039 4805 3367 4881 pandunt:
3417 4802 3598 4877 quasi

1933 4910 2215 4980 suscepto
2244 4904 2470 4960 lumine
2500 4902 2663 4969 solis,
2697 4900 2968 4955 fenestrae
2994 4897 3204 4969 juncta
3247 4892 3455 4967 templi
3496 4907 3597 4965 pe-

1929 4979 2184 5053 netralia
2212 4993 2460 5066 replent.
2495 4990 2661 5047 Unde
2683 4988 2837 5044 bene
2864 4985 3091 5042 eaedem
3123 4984 3395 5039 fenestrae
3443 4979 3595 5038 obli-

1930 5104 2087 5161 quae,
2120 5086 2180 5141 id
2209 5086 2297 5139 est
2324 5083 2486 5139 intus
2513 5080 2753 5137 latiores
2785 5076 2967 5133 fuisse
2997 5075 3416 5149 perhibentur:
3449 5073 3597 5149 quia

1928 5174 2217 5233 nimirum
2248 5187 2493 5230 necesse
2525 5174 2633 5239 est,
2684 5172 2750 5225 ut
2777 5167 3058 5241 quisquis
3080 5166 3263 5239 jubar
3318 5178 3595 5238 supernae

1930 5261 2458 5335 contemplationis
2517 5258 2613 5315 vel
2670 5256 2750 5315 ad
2806 5259 3184 5313 momentum
3242 5250 3593 5329 perceperit,

1928 5369 2073 5411 mox
2101 5352 2305 5409 sinum
2337 5348 2534 5406 cordis
2568 5346 2832 5420 amplius
2855 5343 3212 5416 castigando
3262 5341 3485 5410 dilatet,
3518 5343 3596 5396 at-

1899 5438 2047 5517 'que
2068 5442 2146 5499 ad
2171 5443 2406 5512 majora
2428 5435 2812 5515 capessenda
2838 5434 3039 5492 solerti
3088 5429 3503 5490 exercitatione
3532 5446 3595 5486 se

1924 5535 2478 5677 prfIEBtrtitdiﬁcavit
2520 5633 2703 5691 super
2743 5613 3037 5689 parietem
3070 5609 3278 5686 templi
3322 5608 3595 5668 tabulata

1925 5734 1952 5764 α
1984 5726 2092 5785 per
2119 5726 2361 5784 gyrum,
2407 5708 2469 5765 in
2502 5705 2832 5782 parietibus
2886 5703 3108 5759 domus
3139 5717 3249 5776 per
3278 5700 3593 5757 circuitum

1923 5826 1953 5855 «
1974 5799 2181 5879 templi
2209 5803 2268 5858 et
2286 5797 2539 5869 oraculi,
2571 5800 2630 5857 et
2649 5794 2787 5854 fecit
2811 5791 3077 5854 laterain
3093 5790 3378 5852 circuitu.
3398 5787 3592 5851 Tabu-
