3940 6400
422 249 535 305 415

1536 251 1899 307 ANGELOMI
1937 245 2401 304 LUXOVIENSIS
2439 245 2755 303 MONACHI

3751 251 3847 305 416

425 392 456 422 κ
479 368 671 427 latum
682 372 849 444 quod
870 372 1076 429 subter
1097 378 1241 440 erat,
1257 375 1525 447 quinque
1553 374 1787 431 cubitos
1814 370 2081 429 habebat
2117 372 2166 425 Α
2195 367 2375 436 riora,
2394 368 2611 426 fuerint
2632 385 2782 425 auro
2797 369 3218 436 vestitm.Quod
3243 369 3320 426 ita
3343 368 3567 427 factum
3590 386 3847 428 esse-non

425 480 455 508 κ
481 457 811 514 latitudinis
834 465 921 516 :et
950 460 1218 517 medium
1237 463 1595 529 tabulatum,
1614 463 1721 520 sed
1742 463 2082 519 cubitorum

425 569 453 598 ι(
484 546 847 605 latitudinis:
878 555 937 606 et
964 551 1201 607 tertium
1220 551 1581 617 tabulatum,
1603 558 1831 627 septem
1852 552 2085 609 habens

426 659 456 688 κ
487 636 721 693 cubitos
747 637 1103 696 latitudinis.
1147 662 1175 690 ››
1208 642 1345 698 Haec
1374 642 1644 699 tabulata
1671 643 1731 699 in
1763 641 2085 713 Evangelio

424 726 529 783 ubi
560 727 847 783 Dominus
876 733 1141 785 tentatur
1169 747 1207 787 a
1234 730 1499 800 diabolo,
1527 732 1855 805 pinnacula
1879 730 2086 805 templi

422 820 734 873 vocantur.
770 816 884 875 Sed
915 823 971 875 et
998 819 1294 877 Iacobum
1322 821 1564 878 fratrem
1587 823 1821 879 Domini
1843 826 2084 896 aposto-

425 904 574 974 lum,
602 905 663 962 in
712 906 1108 978 pinnaculum
1166 910 1395 983 templi,
1445 911 1607 967 unde
1663 912 1743 969 ad
1788 911 2086 985 populum

419 994 895 1065 concionaretur,
932 997 1198 1055 levatum
1228 1016 1362 1056 esse
1392 1000 1671 1071 legimus.
1731 1004 1936 1057 Utrum
1981 1016 2085 1056 au-

421 1085 539 1138 tem
567 1083 753 1140 moris
776 1084 952 1141 fuerit
993 1085 1362 1157 doctoribus,
1392 1093 1455 1143 ut
1479 1088 1573 1145 his
1613 1088 1886 1145 sedentes
1917 1088 2087 1144 tabu-

419 1168 558 1228 latis
590 1171 670 1229 ad
717 1173 1200 1231 circumstantem
1254 1175 1498 1232 inferius
1548 1177 1788 1233 turbam
1845 1177 2088 1234 fecerint

418 1277 788 1327 sermonem,
820 1278 1129 1336 nusquam
1185 1265 1473 1337 scriptum
1532 1266 1894 1323 invenimus.
1928 1270 2086 1324 Patet

418 1366 563 1409 vero
602 1350 753 1407 ratio
786 1352 1170 1422 sacramenti,
1202 1354 1347 1426 quia
1382 1354 1651 1412 tabulata
1678 1356 1805 1412 haec
1828 1356 2087 1412 triatoti-

420 1439 562 1496 dem
628 1438 901 1495 ﬁdelium
955 1441 1204 1511 gradus,
1257 1444 1720 1515 conjugatorum
1786 1445 2080 1514 videlicet,

421 1527 856 1584 continentium
915 1533 971 1585 et
1018 1530 1319 1601 virginum
1375 1532 1714 1603 designant,
1768 1533 2079 1589 distinctos

420 1615 669 1689 quidem
700 1616 1012 1673 altitudine
1043 1619 1449 1690 professionis,
1484 1622 1589 1677 sed
1631 1622 1911 1678 societate
1940 1623 2078 1677 fidei

2193 457 2450 513 dubium
2479 462 2593 526 est,
2626 463 2691 514 ut
2712 459 2826 514 illa;
2860 459 3117 515 trabium
3146 463 3369 531 partes,
3414 475 3550 531 quae
3592 459 3752 516 intus
3792 463 3846 517 in

2196 545 2420 619 templo
2437 551 2628 616 erant,
2656 548 2851 603 aureis
2869 553 3069 603 essent
3094 547 3332 604 laminis
3355 550 3694 614 tectae.Quae
3717 565 3846 606 vero

2194 634 2336 690 foris
2363 635 2763 708 apparebant,
2783 637 2874 692 hae
2905 637 3170 693 minimae
3198 637 3499 693 deauratae
3533 637 3732 710 ipsam
3760 654 3847 696 ce-

2194 724 2285 779 dri
2316 725 2578 797 speciem
2632 725 3014 798 formamque
3055 726 3285 782 cunctis
3338 726 3747 795 ostenderent,
3791 728 3847 785 in

2194 828 2321 885 qua
2352 818 2554 869 tamen
2608 814 2890 886 imposita
2921 814 3160 870 sibimet
3192 815 3481 881 tabulata,
3515 816 3843 887 gestabant.

2195 902 2369 967 Quod
2399 918 2543 973 ergo
2600 903 2967 959 extrinsecus
3012 904 3316 961 eminebat
3362 904 3645 971 trabium,
3676 905 3846 962 vitam

2195 995 2541 1047 sanctorum
2575 1009 2713 1065 quae
2748 992 2925 1047 nobis
2956 993 3017 1048 in
3047 993 3217 1049 terris
3249 993 3621 1049 innotescere
3669 994 3847 1066 potuit

2195 1078 2487 1149 designat.
2520 1081 2693 1147 Quod
2722 1081 2883 1137 intus
2930 1082 2992 1138 in
3031 1083 3254 1155 templo
3284 1082 3648 1139 deauratum
3677 1081 3850 1153 fulge-

2192 1167 2320 1237 bat,
2372 1170 2703 1226 claritatem
2736 1170 2901 1227 illam
2946 1189 3071 1245 qua
3101 1174 3163 1228 in
3194 1172 3418 1228 caelesti
3448 1172 3646 1245 patria
3671 1171 3734 1229 in
3761 1189 3849 1229 as-

2194 1263 2372 1333 pectu
2404 1260 2495 1316 sui
2527 1262 2793 1330 gaudent
2822 1264 3134 1331 Creatoris,
3168 1263 3421 1332 figurate
3450 1262 3781 1319 denuntiat.

2265 1369 2295 1399 ‹‹
2328 1350 2555 1405 Domus
2576 1356 2778 1406 autem
2806 1368 2948 1407 cum
2977 1352 3395 1417 aedificaretur,
3420 1351 3727 1424 lapidibus
3755 1351 3848 1407 de-

2196 1459 2226 1487 «
2255 1437 2473 1494 dolatis
2498 1444 2677 1511 atque
2709 1442 3004 1512 perfectis,
3025 1441 3321 1498 aedificata
3356 1447 3462 1508 cst,
3497 1448 3556 1497 et
3579 1440 3845 1512 malleus,

2194 1550 2221 1578 ‹‹
2252 1533 2307 1584 et
2335 1530 2657 1596 securis,et
2688 1547 2867 1587 omne
2886 1532 3317 1588 ferramentum
3337 1548 3461 1587 non
3487 1537 3629 1588 sunt
3651 1531 3847 1587 audita

2195 1639 2223 1665 ‹‹
2253 1618 2315 1673 in
2346 1618 2552 1686 domo,
2577 1634 2715 1675 cum
2746 1620 3165 1676 tedificaretur.
3199 1639 3231 1673 ›
3268 1620 3403 1676 Haec
3433 1620 3513 1676 ad
3546 1620 3712 1676 illam
3748 1622 3845 1676 Ec-

421 1709 480 1760 et
509 1704 770 1761 veritatis
802 1705 1095 1777 ejusdem,
1152 1724 1365 1764 omnes
1417 1710 1495 1764 ad
1546 1710 1796 1766 domum
1847 1711 2079 1766 Domini
2125 1719 2164 1772 Β
2193 1705 2385 1761 ΟῙΘΒῘίΒ
2424 1712 2677 1778 partem,
2710 1725 2847 1781 quae
2891 1714 3028 1782 post
3076 1710 3259 1779 hujus
3295 1709 3500 1764 saeculi
3527 1707 3767 1765 labores
3794 1714 3844 1765 et

420 1793 802 1867 pertinentes,
834 1794 1006 1868 eique
1036 1796 1157 1852 ﬁxa
1180 1801 1379 1853 mente
1412 1798 1784 1856 inhaerentes.
1819 1800 1929 1855 Ubi
1951 1799 2081 1871 pul-

421 1882 561 1937 chre
582 1882 818 1952 dicitur,
832 1884 976 1956 quia
999 1884 1336 1942 tabulatum
1354 1887 1520 1959 quod
1537 1890 1740 1944 subter
1759 1894 1884 1943 erat
1903 1890 2079 1961 quin-

420 1986 540 2043 que
571 1970 804 2027 cubitos
836 1972 1103 2028 habebat
1131 1973 1483 2045 latitudinis,
1507 1976 1775 2032 medium
1808 1994 1931 2040 sex,
1975 1984 2081 2033 ter-

418 2058 566 2113 tium
608 2062 1207 2133 septem.Supernum
1226 2078 1370 2132 ergo
1402 2063 1737 2120 tabulatum
1758 2072 1886 2121 erat
1912 2071 2081 2121 caate-

416 2145 497 2201 ris
527 2147 866 2216 angustius,
894 2149 1163 2205 medium
1194 2167 1459 2223 superno
1495 2151 1693 2217 latius,
1715 2153 1819 2209 sed
1839 2154 2077 2210 inﬁrmo

416 2239 543 2291 erat
553 2234 777 2292 factum
792 2239 1284 2307 angustius.Quia
1300 2240 1583 2297 nimirum
1599 2242 1771 2298 altior
1786 2244 2077 2316 professio

415 2322 646 2380 virtutis
659 2326 976 2383 arctiorem
994 2327 1174 2384 debet
1187 2329 1375 2386 vitam
1395 2334 1589 2387 tenere
1604 2331 2076 2405 vivendi.Singu-

413 2410 475 2468 la
503 2416 703 2469 autem
752 2415 1022 2472 tabulata
1070 2417 1380 2474 habebant
1408 2420 1470 2474 in
1497 2419 1745 2476 circuitu
1775 2420 1984 2491 latera,
2014 2423 2075 2479 id

415 2505 504 2557 est
532 2502 869 2567 turriculas,
918 2521 992 2560 ne
1030 2505 1200 2561 facile
1253 2507 1390 2578 quis
1418 2508 1479 2563 in
1533 2508 1758 2564 eisdem
1794 2511 2076 2567 tabulatis

414 2591 745 2647 consistens
767 2593 890 2649 sive
910 2594 1201 2664 residens,
1238 2602 1442 2668 posset
1471 2597 1549 2653 ad
1593 2598 1876 2655 inferiora
1919 2600 2075 2656 deci-

413 2678 588 2736 dere:
618 2681 785 2753 quod
813 2683 1086 2739 Ochozias
1119 2685 1245 2754 regi
1275 2685 1595 2755 contigisse
1617 2688 1677 2743 in
1711 2690 1980 2746 Samaria
1999 2691 2076 2746 le-

415 2766 634 2837 gimus.
665 2770 807 2834 Quae
839 2771 1129 2827 nimirum
1158 2773 1345 2828 latera
1367 2790 1489 2830 non
1517 2776 1847 2845 incongrue
1876 2780 2073 2851 quoti-

413 2854 599 2912 diana
623 2856 838 2914 divinw
861 2861 1245 2930 protectionis
1271 2878 1529 2933 erganos
1561 2865 1901 2923 munimina
1923 2867 2076 2924 desi-

413 2950 622 3014 gnant.
651 2949 728 3001 De
746 2948 968 3019 quibus
997 2949 1302 3007 Psalmista
1328 2971 1340 3007 :
1372 2953 1937 3027 «lmmittct,inquit.
1962 2973 2069 3012 an-

412 3032 613 3102 gelum
645 3035 957 3104 Dominus,
1020 3039 1079 3093 in
1125 3040 1371 3096 circuitu
1419 3042 1755 3099 timentium
1803 3061 1963 3113 eum,
2013 3051 2071 3103 et

409 3121 616 3195 eripiet
645 3139 747 3179 eos
801 3126 993 3194 (Psal.
1025 3131 1242 3197 xxxnu).
1280 3150 1307 3177 ››
1370 3130 1655 3187 Ascendit
1704 3132 1950 3204 quidem
2007 3134 2069 3190 in

408 3213 786 3270 ccenaculum
820 3216 1107 3272 Ochozias
1138 3235 1238 3273 rex
1267 3220 1576 3288 Samariaa,
1603 3222 1706 3293 qui
1736 3239 1796 3276 se
1818 3240 1854 3279 a
1884 3223 2069 3279 domo

407 3300 594 3356 David
626 3310 1031 3373 separaverat,
1056 3306 1160 3361 sed
1192 3323 1298 3378 per
1328 3310 1629 3365 cancellos
1654 3310 1893 3367 decidit.
1919 3314 2069 3378 Quia

406 3391 464 3442 et
494 3388 541 3442 si
572 3388 851 3455 haeretici,
887 3392 1007 3447 sive
1030 3395 1416 3460 schismatici,
1445 3397 1714 3471 aliquam
1741 3398 1918 3455 bona:
1967 3418 2067 3457 ac-

404 3474 582 3530 tionis
635 3492 833 3533 arcem
894 3482 1301 3538 conscendere
1370 3484 1667 3551 videntur,
1729 3488 1872 3559 quia
1927 3495 2066 3545 tunc

407 3577 765 3635 compagem
836 3566 1263 3624 Ecclesiasticae
1335 3571 1574 3629 unitatis
1636 3590 1761 3630 non
1817 3576 2063 3646 habent,

403 3651 578 3723 quasi
605 3653 946 3724 patentibus
978 3659 1035 3711 et
1058 3672 1183 3713 non
1212 3659 1399 3714 solitis
1441 3660 1697 3718 laterum
1751 3666 2061 3735 praesidiis,

403 3756 642 3813 semper
675 3743 753 3798 ad
785 3744 1066 3801 vitiorum
1097 3746 1309 3805 intima
1334 3749 1706 3819 relabuntur,
1738 3752 1884 3808 dum
1913 3755 2063 3810 divi-

400 3845 482 3885 no
505 3830 771 3888 destituti
827 3834 1074 3892 auxilio.
1133 3852 1257 3892 suae
1316 3837 1658 3909 pertinaciae
1708 3840 1865 3897 fastu
1919 3844 2065 3899 inte-

399 3923 591 3974 reunt.
644 3921 773 3985 Qua
803 3928 1006 3979 autem
1064 3930 1188 3980 arte
1236 3925 1488 3998 prtefata
1542 3927 1814 3984 tabulata
1866 3933 2063 4002 parie-

400 4005 560 4062 tibus
587 4008 791 4080 templi
815 4017 954 4067 sunt
979 4011 1181 4081 afﬁxa,
1218 4014 1559 4071 declaratur
1598 4033 1736 4073 cum
1764 4019 2059 4076 subditur.

473 4114 501 4141 ‹‹
534 4096 751 4152 Trabes
780 4102 979 4153 autem
1002 4100 1204 4171 posuit
1228 4101 1289 4156 in
1316 4102 1500 4159 domo
1527 4120 1632 4176 per
1652 4106 1964 4164 circuitum
1978 4109 2062 4164 fo-

402 4202 431 4230 ι(
458 4180 747 4244 rinsecus,
782 4188 843 4239 ut
873 4201 995 4240 non
1019 4187 1313 4245 hazrercnt
1334 4192 1521 4247 muris
1548 4193 1810 4267 templi.»
1843 4196 2061 4253 Trabes

399 4283 543 4337 ergo
572 4284 709 4340 quae
733 4271 1092 4329 intrinsecus
1122 4275 1374 4333 domum
1402 4282 1758 4339 muniebant
1802 4290 1859 4340 et
1883 4302 2058 4342 orna-

397 4355 567 4445 bant,
599 4362 775 4414 tanta:
807 4366 976 4417 erant
1014 4362 1423 4435 longitudinis,
1479 4376 1541 4425 ut
1598 4373 1794 4445 capita
1846 4390 2056 4429 eorum

399 4444 732 4503 forinsecus
773 4450 1217 4521 prominerent:
1250 4455 1306 4511 in
1337 4456 1548 4515 inﬁmo
1576 4444 1824 4532 quidem
1847 4463 2056 4519 ordine

397 4532 737 4592 cubitorum
793 4544 1045 4609 septem,
1101 4540 1162 4596 in
1209 4545 1407 4600 medio
1466 4562 1589 4613 sex,
1652 4548 1712 4603 in
1772 4565 2057 4622 supremo

395 4622 686 4696 quinque,
721 4631 904 4699 atque
936 4628 993 4683 in
1034 4630 1264 4687 eisdem
1284 4634 1600 4707 capitibus,
1633 4652 1844 4693 earum
1876 4638 2058 4694 tribu-

393 4710 513 4769 lata
575 4725 1106 4787 componerentur,
1154 4738 1543 4795 nequaquam
1602 4727 1793 4781 muris
1850 4727 2058 4800 templi

393 4798 598 4870 inﬁxa,
654 4804 756 4859 sed
785 4806 959 4874 juxta
1000 4825 1210 4865 muros
1252 4811 1546 4883 trabibus,
1580 4830 1716 4886 quae
1757 4814 1832 4869 de
1869 4798 2055 4872 muris

393 4890 699 4962 exiebant,
734 4899 1129 4969 superposita.
1161 4900 1313 4965 Quid
1339 4901 1543 4973 itaque
1593 4920 1699 4975 per
1731 4904 1926 4960 trabes
1953 4906 2055 4962 do-

393 4994 551 5045 mus,
594 4997 730 5051 quae
773 4984 1043 5042 tabulata
1080 4989 1424 5060 portabant,
1466 4991 1581 5046 nisi
1630 4992 2052 5063 praedicatores

394 5065 583 5118 sancti
609 5074 746 5122 sunt
779 5072 973 5142 typice
997 5074 1295 5143 designati
1316 5076 1343 5130 ‘I
1375 5077 1485 5141 Qui
1512 5078 1658 5133 dum
1704 5079 1820 5151 ipsi
1865 5083 2050 5139 subli-

393 5166 555 5206 mem
582 5157 761 5225 atque
789 5156 1208 5217 honorabilem
1230 5163 1293 5217 in
1324 5164 1584 5220 Ecclesia
1612 5168 1711 5222 Dei
1741 5168 1941 5226 locum
1965 5177 2049 5229 te-

392 5244 554 5303 nent,
585 5241 946 5300 inﬁrmiores
977 5263 1253 5319 quosque
1282 5266 1352 5305 ac
1386 5252 1643 5321 fragiles,
1672 5257 1792 5311 suis
1842 5262 2052 5332 praedi-

394 5328 731 5386 cationibus
763 5332 841 5388 ab
883 5334 1260 5391 infirmorum
1294 5341 1561 5410 appetitu
1592 5328 1925 5414 sustollunt,
1961 5356 2052 5406 at-

392 5431 510 5510 que
542 5418 620 5474 ad
638 5420 901 5477 caelestia
932 5422 1339 5481 desideranda
1378 5443 1448 5483 ac
1477 5435 1775 5502 speranda
1802 5454 2049 5510 suspen-

392 5502 563 5599 dunt:
597 5506 720 5561 suis
750 5509 929 5565 etiam
952 5512 1655 5589 intercessionibus,utin
1688 5502 2052 5599 coeptisper-

394 5589 606 5647 sistant
620 5594 931 5687 adjuvant,
953 5598 1227 5669 Legimus
1243 5608 1445 5661 autem
1489 5608 1548 5663 in
1578 5609 1731 5667 libro
1755 5589 2051 5687 P-aralipo-

392 5682 807 5755 menon,quod
823 5684 1022 5743 trabes
1047 5690 1270 5765 templi,
1284 5693 1435 5751 sicut
1449 5700 1729 5757 etcaetera
1744 5703 1793 5774 ej
1805 5719 1877 5758 us
1891 5682 2041 5760 inte-

2192 1795 2540 1862 certamina,
2591 1796 2670 1851 ad
2703 1802 2927 1853 (eterna
2972 1797 3224 1870 praemia
3274 1797 3490 1853 meruit
3535 1795 3844 1865 introduci,

2188 1884 2430 1956 proprie
2456 1884 2777 1956 pertinent.
2810 1885 2894 1940 lbi
2928 1886 3149 1941 etenim
3171 1885 3411 1958 perfecti
3444 1884 3843 1953 solummodo,

2188 1976 2246 2027 et
2276 1972 2647 2028 immaculati
2681 1979 2860 2046 atque
2872 1974 2953 2029 ob
2979 1975 3145 2029 omni
3164 1974 3301 2031 labe
3328 1974 3661 2047 iniquitatis
3686 1974 3843 2030 casti-

2188 2061 2330 2131 gati,
2359 2061 2796 2129 ingrediuntur.
2826 2067 2954 2118 Non
2984 2064 3142 2119 enim
3175 2064 3353 2119 intrat
3377 2063 3440 2119 in
3460 2063 3628 2119 illam
3655 2063 3842 2119 civita-

2187 2153 2307 2205 tem
2337 2149 2564 2222 aliquid
2585 2150 3065 2223 coinquinatum,
3088 2151 3314 2207 faciens
3335 2152 3841 2208 abominationem

2187 2243 2245 2294 et
2272 2240 2681 2307 mendacium,
2716 2241 2867 2296 sicut
2893 2240 2955 2297 in
3002 2241 3366 2315 Apocalypsi
3398 2241 3644 2315 scripsit
3679 2242 3840 2297 Joan-

2186 2343 2313 2396 nes,
2339 2351 2365 2377 ‹‹
2394 2328 2493 2384 ubi
2517 2328 2771 2385 malleus
2789 2335 2846 2385 et
2872 2330 3096 2386 securis
3128 2336 3185 2386 et
3211 2347 3392 2387 omne
3414 2330 3838 2387 ferramentum

2186 2432 2311 2471 non
2340 2417 2581 2473 auditur
2627 2418 2839 2488 (Apoc.
2866 2419 3010 2490 xxi),
3038 2441 3066 2468 ιι
3096 2419 3241 2491 quia
3270 2419 3367 2476 hic
3397 2419 3712 2476 tundimur
3738 2419 3833 2476 ad-

2184 2505 2588 2575 versitatibus,
2639 2512 2697 2562 et
2746 2506 3065 2580 disciplina
3092 2508 3353 2565 veritatis
3379 2524 3749 2579 exercemur,
3780 2510 3837 2562 ut

2183 2593 2302 2649 illic
2331 2594 2476 2649 locis
2496 2595 2669 2664 juxta
2699 2595 2978 2652 meritum
3028 2597 3311 2667 congruis
3329 2597 3749 2670 disponamur,
3777 2600 3829 2652 et

2186 2684 2573 2751 castigatione
2595 2689 2884 2745 cessante.
2914 2684 3041 2740 solo
3074 2685 3299 2742 amoris
3330 2686 3564 2755 glutino
3595 2687 3738 2759 (quo
3765 2684 3835 2742 ad

2183 2770 2438 2827 invicem
2468 2772 2845 2845 copulemur)
2874 2789 2996 2829 uno
3022 2773 3248 2847 impleti
3277 2775 3490 2848 spiritu
3519 2774 3833 2848 perfunda-

2183 2877 2343 2918 mur.

2259 2972 2287 2999 ι‹
2321 2949 2551 3006 Ostium
2570 2949 2770 3006 lateris
2796 2952 2979 3007 medii
3003 2953 3063 3008 in
3080 2954 3306 3025 pariete
3329 2953 3689 3010 eratdomus
3710 2951 3832 3007 dex-
3902 2960 3907 2969 ‘

2115 3067 2156 3123 ρ
2187 3060 2213 3086 ‹‹
2247 3042 2374 3109 trae,
2396 3043 2453 3094 et
2480 3055 2587 3111 per
2608 3040 2883 3096 cochleas
2910 3041 3318 3097 ascendebant
3345 3042 3404 3097 in
3437 3042 3710 3099 medium
3728 3056 3831 3097 cae-

2182 3129 2491 3198 naculum,
2520 3134 2578 3185 et
2607 3146 2643 3185 a
2673 3129 2875 3186 medio
2903 3132 2965 3187 in
3006 3132 3265 3188 tertium.
3302 3153 3330 3181 ››
3373 3131 3635 3197 Quidam
3681 3132 3827 3187 hunc

2180 3216 2383 3273 locum
2414 3218 2569 3274 male
2597 3218 3013 3291 intelligentes,
3047 3224 3264 3292 putant
3307 3220 3532 3277 ostium
3574 3220 3769 3293 templi
3795 3235 3826 3274 a

2179 3305 2427 3361 meridie
2456 3306 2658 3372 fuisse,
2688 3324 2809 3363 nou
2832 3308 3224 3380 attendentes,
3258 3310 3403 3382 quia
3447 3309 3497 3365 si
3527 3310 3643 3367 hoc
3664 3307 3827 3378 signi-

2177 3393 2357 3450 ﬁcare
2376 3395 2685 3467 voluisset,
2713 3396 3015 3469 Scriptura
3039 3413 3161 3453 non
3178 3398 3260 3455 ita
3284 3398 3507 3454 diceret
3525 3418 3539 3454 :
3557 3422 3584 3448 «
3614 3398 3825 3455 Ostium

2175 3483 2375 3541 lateris
2424 3484 2604 3540 medii
2631 3486 2693 3540 in
2726 3491 2896 3558 parte
2934 3493 3060 3542 erat
3106 3487 3328 3543 domus
3384 3486 3609 3543 dextrae.
3635 3506 3648 3554 ;
3674 3508 3701 3537 »
3731 3484 3823 3541 sed

2175 3572 2260 3629 ita
2286 3574 2484 3645 potius
2505 3573 2898 3646 simpliciter:
2962 3578 3027 3631 Et
3065 3576 3329 3632 habebat
3353 3577 3579 3632 domus
3616 3576 3823 3633 ostium

2178 3660 2256 3716 ad
2285 3662 2624 3717 meridiem.
2658 3665 2825 3718 Nunc
2854 3668 3057 3719 autem
3088 3664 3105 3718 l
3132 3680 3267 3733 inge
3305 3663 3469 3719 aliud
3504 3664 3818 3735 significat:

2175 3753 2317 3806 Pars
2343 3767 2609 3823 namque
2631 3751 2850 3807 domus
2893 3752 3115 3809 dextrae
3146 3754 3303 3810 latus
3330 3753 3536 3827 templi
3570 3752 3821 3810 meridia-

2173 3853 2322 3895 num
2344 3840 2577 3905 dicitur,
2628 3841 2687 3896 in
2714 3842 2887 3912 cujus
2916 3848 3087 3915 parte
3127 3843 3411 3899 orientale
3440 3844 3664 3899 ostium
3708 3845 3819 3898 erat

2172 3926 2235 3983 in
2263 3927 2396 4000 ipso
2425 3929 2649 3997 angulo
2681 3929 2906 3987 factum
2932 3932 3107 4002 juxta
3156 3937 3394 3997 terram,
3444 3932 3510 3987 in
3558 3948 3681 4005 quo
3742 3930 3818 3986 in-

2177 4019 2497 4085 troeuntes,
2555 4017 2753 4073 statim
2821 4019 2899 4075 ad
2940 4020 3155 4076 altiora
3203 4020 3502 4091 gradatim
3553 4018 3817 4077 ascende-

2170 4102 2341 4169 bant,
2373 4105 2668 4162 habentes
2719 4107 2880 4165 viam
2937 4125 3222 4164 ascensus
3263 4125 3373 4182 per
3416 4110 3552 4182 ipsa
3591 4107 3817 4181 parietis

2172 4194 2474 4264 interiora,
2506 4195 2699 4250 donec
2721 4186 3115 4253 ascenderent
3144 4197 3222 4253 ad
3252 4197 3525 4254 medium
3552 4212 3808 4254 caanacu-

2171 4283 2317 4351 lum,
2342 4289 2397 4338 et
2427 4300 2464 4339 a
2492 4284 2691 4340 medio
2723 4287 3100 4358 pervenirent
3128 4287 3206 4343 ad
3258 4286 3515 4343 tertium.
3559 4291 3671 4343 Nec
3716 4285 3814 4340 du-

2172 4371 2511 4441 bitandum,
2543 4375 2825 4444 quamvis
2856 4374 2972 4431 hoc
3006 4377 3310 4447 Scriptura
3332 4391 3454 4431 non
3494 4376 3655 4432 dicat
3681 4373 3812 4446 quia

2171 4458 2255 4514 sic
2279 4459 2670 4517 ascendentes
2701 4463 3096 4519 creberrimas
3137 4463 3448 4519 habebant
3498 4482 3536 4520 a
3580 4462 3811 4520 meridie

2169 4547 2481 4616 fenestras,
2516 4566 2775 4622 quarum
2824 4550 2959 4607 luce
3011 4568 3120 4624 per
3149 4552 3353 4608 omnia
3388 4558 3444 4607 et
3474 4554 3601 4608 sine
3641 4550 3812 4607 offen-

2169 4636 2335 4691 sione
2364 4636 2472 4692 iter
2501 4646 2781 4707 agerent:
2814 4640 2920 4711 qui
2952 4641 3235 4695 nimirum
3261 4640 3451 4708 locus,
3483 4640 3719 4715 proprie
3739 4636 3808 4693 ad

2167 4740 2387 4798 corpus
2418 4727 2795 4783 Dominicum
2838 4728 3007 4801 quod
3038 4729 3112 4785 de
3140 4729 3369 4799 virgine
3397 4731 3669 4803 sumpsit,
3699 4744 3810 4784 res-

2165 4814 2323 4887 picit.
2357 4815 2587 4871 Ostium
2618 4832 2885 4889 namque
2933 4817 3132 4873 lateris
3164 4818 3344 4874 medii
3374 4819 3435 4873 in
3486 4824 3655 4892 parte
3696 4820 3810 4872 erat

2163 4903 2383 4958 domus
2408 4904 2650 4973 dextrae,
2684 4907 2829 4977 quia
2858 4906 3142 4963 defuncto
3195 4908 3257 4962 in
3309 4924 3485 4963 cruce
3545 4908 3803 4971 Domino,

2163 5008 2321 5047 unus
2353 4993 2608 5049 militum
2628 4994 2840 5050 lancea
2860 4995 3017 5051 latus
3056 4997 3186 5066 ejus
3213 4997 3464 5069 aperuit.
3492 5000 3557 5053 Et
3584 4998 3732 5052 bene
3752 4994 3803 5048 in

2160 5085 2329 5152 parte
2357 5081 2576 5136 domus
2595 5082 2836 5151 dextrae,
2868 5085 3011 5157 quia
3037 5086 3111 5140 ad
3128 5086 3403 5141 dextrum
3436 5086 3585 5157 ejus,
3603 5085 3751 5141 latus
3773 5096 3805 5135 a

2162 5169 2345 5225 milite
2371 5178 2647 5243 apertum
2680 5180 2887 5230 sancta
2940 5176 3125 5231 credit
3182 5175 3458 5231 Ecclesia.
3514 5176 3615 5231 Ubi
3674 5176 3802 5245 apto

2160 5258 2339 5314 etiam
2369 5261 2549 5315 verbo
2590 5278 2735 5317 usus
2766 5268 2854 5319 est
2879 5264 3257 5333 Evangelista
3308 5268 3503 5336 (Joan.
3556 5266 3696 5333 xm),
3748 5264 3802 5314 ut

2159 5364 2285 5404 non
2311 5349 2549 5421 diceret,
2573 5375 2599 5401 ‹‹
2629 5354 2924 5425 percussit
2949 5353 3107 5409 latus
3131 5355 3329 5425 ejus,»
3363 5361 3465 5411 aut
3488 5379 3514 5404 ‹‹
3547 5353 3803 5409 vulnera-

2158 5438 2259 5506 νίίν
2295 5461 2321 5487 η
2348 5440 2447 5494 Sed
2484 5464 2511 5490 ‹‹
2550 5443 2801 5513 aperuit,
2849 5465 2878 5492 ››
2932 5443 3202 5499 videlicet
3250 5445 3425 5517 quasi
3473 5445 3688 5499 ostium
3732 5442 3799 5494 la-

2160 5528 2298 5582 teris
2325 5530 2525 5597 medii,
2550 5547 2657 5602 per
2684 5532 2851 5604 quod
2881 5532 3056 5587 nobis
3096 5534 3205 5588 iter
3234 5534 3312 5588 ad
3360 5534 3618 5589 cmlestia
3663 5543 3799 5604 pan-

2158 5614 2416 5672 deretur.
2453 5620 2714 5691 Denique
2739 5620 2819 5676 ita
2849 5621 3193 5691 subjunxit:
3225 5641 3253 5674 ‹
3292 5624 3358 5677 Et
3376 5623 3657 5677 continuo
3686 5616 3796 5673 exi-

2161 5704 2246 5761 vit
2273 5708 2519 5777 sanguis
2550 5713 2605 5765 et
2634 5724 2815 5783 aqua.
2852 5732 2880 5761 »
2914 5713 3091 5783 Aqua
3148 5711 3391 5783 scilicet,
3449 5728 3570 5785 qua
3616 5706 3795 5765 ablui-
