3940 6404
110 259 205 313 417
1247 253 1314 308 1N
1361 251 1608 307 LIBROS
1647 250 1905 306 REGUM.
1945 281 2016 292 -—-
2053 251 2121 307 IN
2170 253 2299 309 LIB.
2341 253 2432 309 Ill.

3433 263 3493 316 Η
3507 266 3553 351 8⁹

109 397 237 438 mur
265 379 323 434 in
350 377 675 450 baptismo,
706 382 762 432 et
791 393 1037 447 sangqu
1067 393 1190 449 quo
1240 391 1668 432 consecramur
1697 374 1727 428 ii

1939 374 2067 430 esis,
2081 375 2329 432 felicitas
2343 376 2405 432 in
2434 379 2888 434 resurrectionis
2905 379 3095 448 gloria
3114 382 3536 455 complebitur.

108 470 279 526 calice
328 473 561 522 sancto.
610 467 717 521 Per
748 466 860 521 hoc
910 482 1176 539 namque
1209 467 1433 522 ostium
1461 465 1638 519 nobis
1670 469 1758 518 est

108 573 388 614 ascensus
421 555 483 610 in
516 555 783 610 medium
813 556 1216 625 cmnaculum,
1265 561 1320 609 et
1365 570 1400 608 a
1450 553 1648 608 medio
1698 553 1755 606 in

108 647 355 706 tertium,
417 644 563 716 quia
616 661 722 716 per
764 644 946 700 ﬁdem
997 650 1050 699 et
1096 643 1382 715 mysteria
1431 643 1616 696 nostri
1657 644 1757 696 Re-

106 733 446 808 demptoris,
473 733 547 788 de
579 735 857 805 praesenti
886 734 1151 788 licclesiie
1185 732 1657 795 conversatione,
1679 729 1757 784 ad

106 823 366 897 requiem
396 822 739 878 animarum
771 829 905 894 post
926 828 1180 878 mortem
1209 821 1754 888 ascemlimus,rur-

108 928 355 986 sumque
406 912 482 967 de
523 912 726 984 requie
757 912 1098 967 animarum
1134 910 1508 982 (adveniente
1536 910 1631 964 die
1657 909 1754 979 ju-

106 1001 255 1072 dicii)
286 1001 361 1057 ad
393 1000 908 1056 immortalitatem
939 1017 1184 1073 quoque
1204 1016 1548 1072 corporum,
1579 997 1753 1070 quasi

105 1091 162 1146 in
188 1090 420 1146 tertium
463 1088 868 1153 ccenaculum,
914 1089 1250 1145 sublimiori
1279 1089 1549 1160 profectu
1577 1103 1754 1159 pene-

105 1178 412 1247 trabimus,
446 1195 518 1234 ex
565 1195 687 1251 quo
725 1179 785 1232 in
819 1195 1044 1248 magna
1074 1178 1419 1247 amborum,
1452 1183 1506 1232 et
1538 1191 1750 1246 corpo-

104 1270 180 1324 ris
208 1267 479 1323 videlicet
502 1273 559 1324 et
589 1269 806 1322 animae
833 1268 1224 1337 beatitudine,
1275 1272 1561 1339 perpetuo
1588 1265 1752 1320 viva-

104 1373 254 1412 mus.
281 1358 410 1422 Quo
441 1357 688 1428 quidem
723 1361 828 1413 iter
854 1357 1226 1412 invisibiliter
1271 1355 1626 1424 agebamur,
1673 1355 1754 1408 ita

104 1451 164 1501 ut
192 1446 297 1502 soli
324 1447 440 1501 hoc
479 1447 586 1518 qui
629 1447 999 1502 intraverant
1042 1450 1308 1511 nossent,
1359 1444 1639 1517 quamvis
1671 1444 1754 1515 ip-

104 1552 231 1592 sum
252 1537 473 1592 ostium
501 1536 682 1592 etiam
712 1536 856 1592 foris
888 1536 1064 1609 positi
1097 1536 1364 1591 viderent
1423 1552 1436 1589 :
1489 1534 1634 1606 quia
1666 1533 1752 1587 ni-

103 1625 312 1681 mirum
361 1630 534 1682 actus
564 1625 624 1680 in
655 1626 770 1682 hoc
811 1625 1055 1695 saeculo,
1102 1631 1158 1680 et
1204 1624 1634 1680 celebrationes
1660 1638 1750 1678 sa-

99 1720 563 1780 cramentorum,
597 1714 777 1772 etiam
810 1715 1050 1787 reprobi
1082 1717 1338 1787 possunt
1384 1712 1618 1777 intueri,
1653 1728 1748 1767 ve-
1782 1735 1820 1786 Β

96 1819 224 1860 rum
252 1820 482 1860 arcana
512 1804 652 1859 ﬁdei
678 1804 903 1860 intimae
935 1803 1192 1873 gratiam
1231 1802 1588 1864 dilectionis,
1617 1801 1749 1855 nul-

95 1892 181 1948 lus
204 1893 338 1965 (nisi
371 1909 484 1966 per
515 1893 638 1949 haec
669 1894 921 1949 Domino
964 1892 1117 1948 duce
1167 1891 1245 1948 ad
1292 1891 1555 1947 caelestia
1582 1907 1751 1945 scan-

98 1981 193 2053 dit)
223 1985 521 2051 agnoscit.
569 2005 596 2032 «
653 1983 763 2048 Qui
801 1982 962 2038 enim
994 1981 1136 2038 dicit
1159 1999 1222 2036 se
1249 1997 1429 2036 nosse
1454 1982 1662 2045 Deum,
1697 1984 1753 2034 et

100 2071 379 2127 mandata
408 2072 543 2142 ejus
582 2087 705 2128 non
735 2071 1014 2133 custodit,
1065 2071 1330 2126 mendax
1366 2075 1455 2124 est
1505 2071 1748 2139 (IJoan.

98 2165 175 2228 ιι).
210 2183 237 2211 ››
268 2161 617 2217 Notandum
642 2177 787 2217 sane
814 2160 981 2233 quod
1009 2160 1249 2230 triginta
1284 2159 1468 2214 cubiti
1497 2157 1752 2213 altitudi-

93 2250 198 2319 nis,
222 2251 295 2307 de
325 2251 557 2322 quibus
599 2267 784 2323 supra
821 2250 1058 2321 legitur,
1119 2264 1312 2321 usque
1356 2247 1433 2303 ad
1482 2247 1750 2302 medium

95 2340 468 2397 cenaculum
518 2341 919 2406 addebantur,
966 2353 1288 2412 quousque
1322 2337 1586 2410 porticus
1615 2352 1753 2408 quae

94 2436 209 2488 erat
233 2433 387 2488 circa
425 2431 721 2503 templum
748 2432 826 2487 ab
858 2436 1083 2494 austro,
1132 2435 1189 2485 et
1218 2429 1523 2501 aquilone,
1561 2434 1618 2483 et
1661 2443 1756 2481 oc-

94 2535 252 2587 casu,
281 2525 511 2577 tectum
543 2519 956 2593 perveniebat,
987 2524 1050 2574 ut
1081 2519 1340 2590 Josepho
1366 2521 1648 2572 narrante
1671 2516 1757 2570 di-

93 2609 354 2666 dicimus.
431 2610 704 2682 Denique
757 2625 948 2682 usque
1005 2607 1085 2664 ad
1135 2623 1488 2680 supremum
1550 2605 1754 2677 templi

95 2703 323 2762 tectum,
357 2700 458 2755 alii
491 2699 807 2769 sexaginta
838 2697 1021 2754 cubiti
1052 2697 1552 2766 numerabantur,
1585 2701 1642 2750 et
1671 2695 1754 2750 sic

95 2793 206 2844 tota
233 2789 488 2846 altitudo
535 2789 756 2844 domus
781 2788 956 2859 juxta
997 2787 1220 2843 librum
1247 2786 1753 2858 Paralipomenon

94 2879 172 2948 (II
194 2882 339 2936 Par.
375 2881 460 2952 Ill)
496 2881 560 2935 in
595 2883 835 2935 centum
860 2878 1067 2948 viginti
1097 2877 1331 2934 cubitos
1362 2892 1748 2932 consumma-

93 2974 146 3024 ta
174 2975 282 3025 est.
326 2970 604 3025 Porticus
649 2983 894 3040 quoque
946 2985 1083 3040 quae
1129 2972 1255 3022 erat
1307 2971 1442 3021 ante
1495 2965 1750 3021 frontem

94 3057 283 3132 templi
313 3058 392 3114 ad
419 3060 736 3123 orientem,
763 3057 935 3128 juxta
958 3056 1144 3111 ﬁdem
1173 3055 1403 3128 praefati
1420 3053 1751 3146 voluminis
1791 3091 1831 3146 Ο

93 3147 358 3203 eamdem
409 3147 759 3203 cubitorum
797 3161 1104 3201 summam
1138 3145 1199 3200 in
1232 3143 1538 3200 altitudine
1568 3143 1752 3198 habe-

91 3234 230 3292 bat:
284 3237 390 3310 qui
433 3235 716 3292 videlicet
745 3235 915 3305 liber,
949 3234 1078 3290 illas
1117 3234 1192 3290 de
1230 3234 1453 3306 quibus
1479 3231 1753 3305 praedixi-

91 3340 218 3380 mus
243 3325 512 3398 porticus
537 3325 696 3380 circa
719 3323 1032 3396 templum,
1053 3323 1295 3378 cellaria
1308 3327 1480 3378 vocat
1496 3327 1554 3376 et
1583 3321 1751 3376 cubi-

93 3414 232 3470 cula.
265 3437 293 3464 «
328 3414 502 3471 Dedit
533 3419 759 3484 autem,
794 3412 1008 3485 inquit,
1061 3412 1247 3468 David
1289 3410 1596 3468 Salomoni
1628 3409 1752 3465 ﬁlio

92 3519 193 3561 suo
220 3504 696 3578 descriptionem
726 3503 992 3575 porticus
1015 3501 1244 3575 templi,
1267 3507 1323 3557 et
1351 3500 1750 3567 cellariorum,

89 3601 138 3648 et
165 3595 477 3662 ccenaculi,
507 3593 930 3650 cubiculorum
956 3592 1018 3648 in
1045 3592 1359 3662 abditis,et
1387 3591 1607 3646 domus
1619 3605 1754 3662 pro-

89 3678 398 3750 pitiationis
425 3681 486 3747 (Ι
506 3680 661 3735 Par.
689 3680 912 3749 xxvni).
949 3701 976 3727 ››
1035 3677 1143 3732 Ubi
1175 3678 1356 3732 etiam
1385 3677 1753 3731 exteriorum

87 3767 420 3839 domorum,
453 3786 598 3842 quae
639 3771 809 3824 erant
833 3772 1000 3823 extra
1027 3767 1246 3822 atrium
1276 3765 1663 3822 sacerdotum
1691 3764 1753 3819 in

88 3856 321 3914 circuitu
353 3858 587 3931 templi,
623 3856 756 3913 fecit
783 3857 1170 3925 mentionem,
1193 3872 1332 3911 cum
1357 3855 1632 3927 protinus
1652 3853 1758 3910 ad-

83 3945 297 4015 junxit:
331 3952 582 4004 Necnon
612 3953 669 4002 et
694 3946 969 4002 omnium
993 3962 1130 4017 quae
1161 3945 1550 4014 cogitaverat,
1578 3943 1752 3999 atrio-

87 4049 210 4092 rum
237 4041 295 4093 et
322 4037 694 4093 exedrarum
727 4051 832 4107 per
854 4035 1192 4104 circuitum,
1217 4035 1278 4088 in
1312 4033 1608 4090 thesauris
1640 4033 1751 4087 do-

88 4139 212 4179 mus
251 4126 514 4192 Domini,
550 4130 606 4180 et
636 4124 697 4180 in
731 4123 1026 4180 thesauris
1059 4129 1430 4179 sanctorum.
1456 4121 1631 4187 Quod
1649 4137 1755 4178 au-

91 4215 196 4269 tem
224 4216 422 4272 omnis
447 4214 707 4270 altitudo
739 4213 943 4286 templi
977 4217 1221 4268 centum
1257 4210 1461 4280 viginti
1494 4210 1604 4266 fuit
1646 4226 1751 4265 cu-

87 4299 358 4374 bitorum,
383 4303 465 4359 ad
491 4303 659 4358 idem
684 4307 1134 4358 sacramentum
1166 4301 1428 4372 respicit.
1475 4299 1646 4364 Quod
1677 4314 1750 4354 ex

89 4393 375 4462 primitiva
398 4391 833 4464 Hierosolymis
867 4389 1146 4457 Ecclesia,
1204 4394 1341 4462 post
1377 4389 1745 4461 passionem,

89 4483 599 4549 resurrectionem,
643 4487 700 4537 et
729 4481 1145 4538 ascensionem
1188 4477 1421 4534 Domini
1450 4477 1512 4532 in
1543 4477 1744 4544 caelos,

90 4566 145 4623 in
183 4571 293 4627 hoc
323 4587 588 4627 numero
621 4571 910 4636 virorum,
948 4568 1206 4638 gratiam
1263 4567 1512 4639 Spiritus
1559 4567 1750 4621 sancti

91 4660 697 4731 accepit.Quindecim
727 4675 1014 4731 namque,
1043 4675 1180 4730 quae
1214 4674 1285 4712 cx
1317 4662 1546 4730 septem
1573 4661 1630 4711 et
1656 4671 1751 4710 oc-

90 4749 144 4801 to
171 4754 467 4819 constant,
520 4748 718 4804 solent
771 4763 1218 4820 nonnunquam
1251 4746 1330 4802 ad
1370 4746 1752 4816 signiﬁcatio-

90 4851 219 4893 nem
238 4839 444 4895 referri
473 4840 630 4905 vitae,
655 4854 792 4910 quae
814 4853 976 4892 nunc
1025 4838 1086 4891 in
1119 4853 1289 4892 sacro
1322 4835 1622 4908 baptismo
1655 4850 1752 4904 ge-

91 4923 226 4982 ritur
276 4928 633 4984 animarum
689 4927 959 4982 ﬁdelium
1013 4943 1024 4980 :
1076 4924 1416 4998 perﬁcietur
1455 4931 1656 4980 autem
1688 4924 1748 4978 in

92 5012 200 5070 ﬁne
232 5018 456 5084 seculi,
493 5016 932 5073 resurrectione
959 5013 1746 5087 corporumimmortalium.

95 5103 216 5173 ipsa
243 5110 445 5162 autem
472 5103 850 5179 quindecim,
903 5103 965 5160 in
1010 5103 1313 5173 trigonum
1344 5102 1545 5169 ducta,
1575 5101 1636 5156 id
1663 5106 1750 5157 est

96 5207 219 5248 cum
249 5196 566 5251 ommibus
599 5195 722 5250 suis
753 5194 1025 5266 partibus
1055 5197 1475 5262 annumerata,
1506 5195 1748 5246 centum

97 5283 283 5351 viginti
313 5286 590 5342 efﬁciunt
622 5304 634 5340 :
673 5300 798 5358 qua
818 5289 1064 5358 propter
1089 5288 1227 5356 apte
1267 5297 1522 5337 numero
1553 5297 1585 5336 e
1615 5297 1750 5336 cen-

99 5375 309 5432 tenario
339 5381 396 5433 et
421 5374 756 5446 vicenario,
803 5389 1034 5444 magna
1084 5373 1410 5429 electorum
1439 5369 1748 5427 beatitudo

98 5459 150 5516 in
187 5463 394 5523 futura
425 5466 550 5522 vita
577 5464 948 5535 designatur.
1008 5468 1159 5536 Apte
1199 5464 1379 5518 etiam
1409 5461 1471 5516 in
1501 5462 1616 5517 hoc
1644 5466 1752 5517 ter-

99 5550 231 5607 tium
267 5554 492 5612 domus
529 5554 767 5609 Domini
806 5552 1190 5610 ccenaculum
1236 5555 1702 5606 consummatur
1732 5567 1746 5606 :

100 5641 226 5710 quia
254 5651 384 5714 post
411 5649 744 5716 praesentes
792 5643 1061 5698 ﬁdelium
1092 5641 1351 5709 labores,
1378 5644 1514 5712 post
1544 5655 1727 5711 accep

102 5731 214 5785 tam
232 5732 289 5788 in
318 5734 521 5791 futuro
549 5734 822 5807 requiem
845 5733 1213 5795 animarum,
1238 5729 1420 5804 plena
1450 5729 1628 5786 totius
1649 5731 1749 5785 Ec-

1943 487 1970 514 ‹‹
2006 467 2070 519 Et
2095 464 2414 522 aedificavit
2437 466 2691 522 domum
2722 472 2778 522 et
2806 470 3254 526 consummavit
3275 476 3539 529 eam.Te-

1869 571 1899 606 ‹
1947 553 2030 608 xit
2059 569 2304 626 quoque
2333 554 2586 612 domum
2621 557 3007 628 laquearibus
3038 559 3321 616 cedrinis.
3354 584 3382 610 »
3433 565 3538 619 La-

1866 642 2116 714 quearia
2142 643 2289 716 quid
2322 650 2460 699 sunt
2484 645 2511 700 '?
2543 647 2872 718 Laquearia
2912 651 3052 703 sunt
3075 647 3367 720 tabulata,
3398 665 3535 723 quae

1867 747 2092 799 magno
2133 731 2347 787 decore
2383 735 2718 805 composita
2749 741 2806 790 et
2842 742 3077 803 ornata,
3135 737 3214 793 ab
3256 737 3535 797 inferiore

1864 825 2034 890 parte
2060 820 2330 876 trabibus
2362 820 2689 892 afﬁguntur
2722 840 2734 877 :
2770 829 2827 878 et
2851 825 2996 896 quia
3016 829 3101 880 ter
3117 827 3372 896 geminae
3403 828 3532 885 alti-

1867 911 2087 968 tudinis
2123 913 2342 968 domus
2384 915 2618 970 Domini
2650 916 2809 971 facta
2861 923 3006 985 erat,
3050 925 3218 975 terna
3247 919 3532 977 nimirum

1863 1001 2129 1058 habebat
2153 1002 2484 1074 laquearia.
2520 1004 2674 1069 Quid
2705 1011 2905 1061 autem
2939 1009 3138 1080 aptius
3167 1025 3274 1081 per
3293 1009 3535 1082 laquea-

1864 1089 1954 1145 ria
2002 1107 2190 1162 quam
2223 1091 2602 1148 sublimiores
2631 1110 2909 1167 quosque
2941 1096 3000 1151 in
3034 1104 3241 1152 sancta
3270 1098 3534 1156 Ecclesia

1859 1179 2054 1250 justos
2079 1179 2402 1248 significari
2427 1181 2748 1237 credamus
2777 1183 2804 1236 ‘I
2825 1186 3092 1249 Quorum
3115 1201 3270 1258 opus
3302 1193 3360 1243 et
3390 1187 3532 1245 doc-

1865 1267 2020 1322 trina
2046 1268 2276 1322 cunctis
2312 1271 2373 1323 in
2421 1269 2699 1342 exemplo
2728 1272 3058 1342 proposita,
3090 1274 3265 1345 quasi
3293 1274 3532 1346 longius

1861 1355 1922 1410 in
1956 1356 2076 1412 alto
2098 1357 2511 1429 praeeminent,
2543 1375 2822 1432 quosque
2845 1361 2968 1415 suis
3001 1361 3530 1421 intercessionibus

1863 1451 1919 1499 et
1944 1446 2459 1502 exhortationibus
2482 1447 2718 1504 animos
2744 1449 3148 1519 inﬁrmorum,
3164 1467 3240 1506 ne
3257 1453 3316 1507 in
3342 1459 3534 1509 tenta-

1864 1533 2127 1589 tionibus
2146 1535 2449 1604 deﬁciant,
2473 1540 2966 1608 proteguntQuaa
2984 1539 3270 1596 nimirum
3288 1541 3531 1614 laquea-

1862 1623 1950 1677 ria
1969 1629 2124 1678 recte
2149 1624 2394 1680 cedrina
2411 1641 2540 1681 esse
2557 1626 3237 1684 describuntur.Cedrus
3267 1647 3533 1704 namque

1863 1713 2043 1767 arbor
2069 1716 2157 1768 est
2186 1714 2571 1787 imputribilis
2601 1715 2850 1772 omnino
2905 1721 3156 1782 naturce,
3217 1718 3418 1775 odoris
3439 1720 3534 1791 ju-

1863 1801 2068 1871 cundi,
2097 1807 2380 1873 aspectus
2432 1803 2626 1874 nitidi,
2667 1810 2982 1876 serpentes
3029 1823 3286 1864 accensa
3323 1809 3534 1865 nidore

1863 1892 2082 1960 t'ugans
2110 1907 2180 1945 ac
2227 1891 2552 1963 perimens.
2589 1895 2734 1958 Quae
2771 1893 3057 1950 universa
3102 1897 3376 1968 perfectis
3405 1898 3537 1971 qui-

1861 1978 2100 2051 busque
2127 1980 2512 2046 conveniunt,
2573 1997 2834 2053 quorum
2865 1983 3286 2057 insuperabilis
3317 1991 3403 2041 est
3431 2003 3536 2059 pa-

1864 2068 2087 2135 tientia,
2122 2069 2287 2124 t'ama
2331 2069 2618 2125 virtutum
2651 2070 2890 2139 eximia,
2943 2074 3262 2144 praesentia
3303 2064 3533 2131 cunctis

1865 2156 2224 2226 gratissima,
2262 2158 2324 2212 in
2373 2157 2548 2213 bonis
2592 2160 2933 2230 auctoritas,
2983 2162 3059 2217 ad
3111 2163 3530 2232 revincendos,

1865 2244 2388 2318 confutandosque
2418 2263 2520 2302 eos
2549 2247 2652 2318 qui
2692 2248 2910 2304 veritati
2934 2250 3235 2316 resistunt,
3260 2256 3537 2308 constan-

1866 2333 2096 2390 tissima
2132 2351 2144 2389 :
2177 2335 2281 2406 qui
2313 2342 2369 2390 et
2397 2336 2459 2390 in
2490 2336 2604 2391 hac
2621 2338 2742 2392 vita
2770 2342 2826 2392 et
2849 2337 3070 2410 futura,
3089 2339 3376 2409 singulari
3408 2356 3532 2412 prae

1866 2424 2092 2478 caeteris
2125 2424 2347 2479 sanctis
2380 2424 2729 2492 eminentia,
2762 2425 3012 2496 fulgent.

1939 2536 1966 2562 α
2000 2517 2064 2570 Et
2088 2514 2407 2570 aediﬁcavit
2436 2516 2771 2572 tabulatum
2807 2534 3239 2590 superomnem
3253 2520 3531 2592 domum,

1865 2625 1893 2651 «
1939 2604 2207 2675 quinque
2230 2604 2447 2660 cubitis
2489 2605 2822 2661 altitudinis
2855 2610 3050 2678 (Deut.
3086 2617 3246 2668 χχιι).
3286 2633 3312 2659 ››
3373 2611 3532 2666 Lori-

1863 2692 2030 2747 culas
2061 2693 2377 2763 signiﬁcat,
2420 2711 2557 2766 quae
2584 2695 2644 2750 in
2677 2712 2960 2768 supremo
2991 2697 3212 2754 domus
3245 2704 3395 2755 tecto
3427 2715 3535 2771 per

1862 2782 2178 2838 circuitum
2208 2790 2380 2840 erant
2431 2783 2620 2850 factm,
2681 2801 2757 2840 ne
2796 2786 2933 2858 quis
2966 2786 3046 2842 ad
3088 2788 3299 2844 altiora
3329 2803 3533 2860 perve-

1862 2871 2056 2940 niens,
2102 2877 2346 2944 repente
2398 2872 2700 2929 laberetur
2731 2875 2810 2928 ad
2849 2875 2975 2932 ima
3029 2893 3042 2929 :
3088 2878 3342 2950 quodin
3363 2877 3532 2934 omni

1860 2960 2067 3023 domo,
2090 2976 2278 3032 quam
2303 2961 2561 3034 quisque
2583 2963 2928 3034 aediﬁcaret,
2959 2967 3188 3034 Moyses
3217 2966 3345 3022 ﬁeri
3376 2983 3530 3040 prte-

1861 3049 2045 3121 cepit:
2081 3071 2107 3096 «
2139 3053 2287 3105 Cum
2319 3049 2734 3118 eediticaveris,
2786 3051 3088 3124 inquiens,
3122 3054 3376 3110 domum
3417 3071 3529 3111 no-

1861 3154 2020 3206 vam,
2040 3139 2223 3193 facies
2253 3155 2498 3194 murum
2525 3140 2658 3194 tecti
2680 3157 2786 3212 per
2813 3141 3127 3197 circuitum
3159 3161 3172 3210 ;
3206 3159 3281 3198 ne
3307 3144 3527 3201 funda-

1862 3234 1956 3284 tur
1986 3229 2234 3298 sanguis
2259 3229 2318 3284 in
2345 3228 2532 3284 domo
2556 3235 2678 3295 tua,
2705 3235 2762 3284 et
2793 3232 2872 3285 sis
2901 3247 3039 3286 reus
3059 3231 3302 3289 labente
3327 3233 3446 3291 alio
3472 3239 3530 3290 et

1859 3317 1922 3372 in
1952 3333 2222 3389 princeps
2253 3321 2462 3372 ruente
2501 3319 2698 3388 (Deut.
2723 3335 2829 3389 xu,
2860 3322 2936 3389 8).
2972 3343 2999 3368 η
3055 3323 3186 3376 Haec
3211 3326 3414 3378 autem
3442 3327 3527 3379 ta-

1860 3405 2006 3462 bula
2029 3406 2150 3462 sive
2182 3405 2446 3462 loriculm
2489 3423 2677 3479 supra
2709 3414 2846 3463 sunt
2873 3408 3060 3466 latera
3090 3416 3306 3468 vocata
3335 3429 3347 3466 :
3397 3412 3522 3481 ubi,

1862 3515 2002 3554 cum
2028 3497 2256 3553 dictum
2278 3502 2450 3553 esset.

1935 3609 1962 3636 ‹‹
2014 3589 2081 3641 Et
2111 3586 2430 3642 aediﬁcavit
2480 3602 2661 3659 super
2690 3587 2977 3659 parietem
3023 3589 3230 3663 templi
3259 3591 3528 3649 tabulata

1863 3696 1894 3727 α
1934 3691 2041 3749 per
2072 3692 2313 3748 gyrum,
2353 3675 2414 3730 in
2445 3676 2776 3748 parietibus
2823 3677 3044 3734 domus
3074 3695 3181 3751 per
3211 3679 3525 3737 circuitum

1867 3787 1896 3814 «ι
1937 3765 2142 3837 templi
2179 3769 2235 3820 et
2271 3764 2517 3820 oraculi.
2551 3783 2582 3817 ›
2642 3765 2936 3822 Continuo
2987 3768 3380 3838 subjunctum
3410 3774 3521 3839 est,

1868 3874 1896 3907 ‹
1931 3858 1996 3910 Et
2025 3855 2159 3910 fecit
2206 3855 2392 3910 latera
2424 3854 2481 3909 in
2515 3855 2784 3924 circuitu,
2814 3873 2844 3907 ›
2894 3857 2952 3910 in
2984 3856 3207 3928 quibus
3238 3857 3524 3914 nimirum

1865 3944 2151 4000 lateribus
2193 3944 2578 4015 intelligimus
2625 3944 2832 4002 divina
2888 3963 3018 4003 esse
3061 3947 3343 4019 praesidia
3373 3949 3525 4004 desi-

1865 4039 2069 4106 gnata,
2108 4050 2243 4106 quae
2273 4050 2386 4090 nos
2415 4033 2478 4089 in
2526 4035 2641 4090 hoc
2671 4035 2870 4091 adhuc
2902 4036 3122 4092 smculo
3151 4036 3521 4109 laborantes,

1862 4139 1934 4180 ac
1963 4139 2074 4196 pro
2102 4127 2286 4194 captu
2317 4127 2520 4179 nostro
2549 4124 2627 4182 ad
2659 4125 2970 4197 superiora
3011 4126 3289 4198 nitentes,
3334 4129 3525 4200 quoti-

1861 4214 1957 4268 die
1984 4229 2060 4268 ne
2087 4211 2443 4267 deﬁciamus
2475 4213 2787 4284 adjuvant.
2840 4215 2995 4270 Bene
3047 4222 3248 4272 autem
3281 4217 3394 4273 hoc
3428 4234 3524 4272 su-

1861 4318 2141 4374 premum
2174 4301 2510 4357 tabulatum
2541 4302 2602 4357 in
2641 4308 2792 4360 tecto
2823 4304 3044 4360 domus
3088 4306 3324 4362 Domini
3352 4307 3524 4380 quin-

1861 4408 1980 4464 que
2010 4390 2226 4446 cubitis
2255 4390 2444 4447 altum
2474 4408 2602 4446 esse
2645 4404 3032 4460 memoratur,
3065 4395 3210 4468 quia
3238 4396 3520 4452 nimirum

1859 4481 1944 4536 ita
1981 4496 2093 4536 nos
2138 4481 2198 4536 in
2253 4480 2354 4536 illa
2400 4482 2594 4553 patria
2646 4483 2863 4538 divinae
2902 4486 3234 4555 praesentiae
3287 4484 3522 4542 claritas

1861 4571 2172 4643 adimplet,
2203 4575 2270 4626 ut
2293 4571 2439 4626 nihil
2465 4571 2630 4627 aliud
2661 4574 2820 4628 visus
2843 4579 3064 4642 noster,
3090 4575 3236 4630 nihil
3256 4575 3518 4642 auditus,

1859 4661 2006 4716 nihil
2048 4661 2321 4727 olfactus,
2353 4661 2503 4717 nihil
2547 4668 2780 4732 gustus,
2825 4662 2972 4717 nihil
3011 4668 3203 4719 tactus
3233 4663 3385 4718 duce
3416 4664 3520 4718 ha-

1856 4750 2015 4816 beat,
2041 4750 2153 4806 nisi
2182 4749 2429 4819 diligere
2453 4751 2774 4806 Dominum
2800 4754 2985 4806 Deum
3013 4756 3284 4807 nostrum
3308 4767 3379 4806 ex
3399 4756 3519 4807 toto

1858 4839 2060 4907 corde,
2120 4844 2241 4894 tota
2272 4839 2498 4907 anima,
2554 4844 2677 4894 tota
2715 4839 2924 4894 virtute
2954 4839 3198 4908 diligere
3236 4843 3292 4894 et
3323 4840 3520 4911 proxi-

1857 4945 2028 4984 mum
2054 4933 2346 5000 tanquam
2377 4927 2784 4999 nosmetipsos
2814 4927 3154 4993 (Mettium
3185 4946 3197 4995 ;
3232 4933 3394 4984 Deut.
3416 4930 3514 5001 vr).

1859 5039 1889 5068 α
1930 5020 1997 5073 Et
2021 5019 2255 5089 operuit
2277 5015 2531 5071 domum
2563 5015 2740 5085 lignis
2769 5015 3048 5072 cedrinis.
3077 5038 3105 5067 »
3154 5019 3514 5090 Supremum

1855 5105 2062 5178 ipsum
2082 5105 2302 5161 domus
2333 5109 2555 5160 tectum
2580 5104 2814 5171 dicitur,
2839 5103 2901 5160 id
2932 5109 3043 5174 est,
3069 5105 3406 5163 tabulatum
3445 5107 3515 5163 il-

1854 5193 1983 5265 lud,
2031 5193 2200 5266 quod
2242 5193 2540 5264 supremis
2590 5192 2862 5250 trabibus
2892 5196 3336 5268 superpositum
3368 5201 3512 5251 erat.

1859 5287 1986 5340 Non
2009 5283 2171 5338 enim
2201 5281 2466 5338 habebat
2500 5281 2789 5354 templum
2833 5282 3072 5340 culmen
3101 5284 3164 5339 in
3191 5284 3514 5355 superiori-

1857 5371 1995 5438 bus,
2047 5370 2199 5426 sicut
2261 5386 2373 5426 nec
2419 5371 2897 5439 tabernaculum,
2945 5373 3049 5427 sed
3116 5377 3244 5427 erat
3286 5371 3515 5444 aequale

1859 5459 2172 5533 quomodo
2204 5458 2490 5515 omnibus
2538 5460 2600 5515 in
2644 5459 2958 5517 Palaestina
3017 5465 3074 5518 et
3127 5460 3390 5530 IEgvpto
3411 5461 3516 5518 do-

1858 5565 1996 5606 mus
2025 5547 2461 5605 mdiﬁcantibus
2491 5548 2685 5605 facere
2723 5549 2908 5606 moris
2954 5553 3059 5606 est.
3106 5548 3375 5623 ldipsum
3413 5567 3516 5608 au-

1859 5642 1982 5696 tem
2010 5638 2126 5694 hoc
2162 5636 2521 5707 tabulatum,
2555 5654 2679 5710 quo
2707 5643 2916 5710 operta
2945 5644 3033 5694 est
3075 5638 3317 5706 domus,
3349 5639 3516 5713 quod

1861 5734 1920 5784 et
1964 5725 2275 5799 laquearia
2321 5725 2618 5798 designat,
2661 5727 2724 5784 id
2763 5731 2873 5798 est,
2931 5728 3183 5787 eximios
3239 5745 3516 5803 quosque
