3940 6402
386 237 495 294 δίο

1450 229 1807 287 ANGELOMI
1848 221 2321 285 LUXOVIENSIS
2369 226 2689 285 MONACHI

3705 230 3821 285 420

390 360 453 417 in
479 358 931 417 resurrectionis
968 356 1159 425 gloria
1185 356 1366 424 viros,
1414 359 1473 410 et
1500 354 1788 422 singulari
1822 352 2035 407 sancti-
2072 354 2121 407 Α
2152 367 2339 423 usque
2370 351 2447 408 ad
2476 351 2786 425 laquearia
2803 348 3503 423 perveniens,profectus
3519 348 3820 409 virtutum

390 453 509 506 tate
556 449 637 505 ad
685 449 886 521 ipsum
923 445 1155 501 virtutis
1202 444 1435 516 apicem
1465 442 1880 516 pervenientes
1920 458 1934 495 :
1966 440 2041 495 de

390 553 653 610 quorum
676 551 797 592 uno
825 534 1042 589 dicitur
1067 550 1080 587 :
1114 554 1144 583 «
1168 536 1322 587 Inter
1350 536 1524 587 natos
1550 530 1893 599 mulierum,
1914 544 2042 584 non

392 625 642 682 surrexit
661 624 858 693 major
884 624 1112 678 Joanne
1143 619 1407 691 Baptista
1431 620 1674 690 (Matth.
1707 618 1789 689 x1)
1820 636 1832 686 ;
1873 640 1902 666 ››
1935 632 2039 672 cu-

387 714 488 785 jus
514 713 611 769 hic
638 727 891 784 compar
911 717 1001 766 est
1028 708 1465 779 magnitudinis
1497 708 1546 763 si
1586 706 1733 763 scire
1762 707 1872 773 vis,
1897 704 2042 760 audi

391 802 538 875 quid
565 800 721 857 Patri
762 799 955 872 ipsius
987 798 1239 867 angelus
1271 796 1354 853 ait
1386 814 1399 850 :
1433 816 1464 851 ‹
1494 800 1561 852 Et
1589 796 1715 868 ipse
1746 793 2043 867 praecedet

390 896 524 947 ante
554 888 978 953 Dominum,in
1007 887 1218 959 spiritu
1242 891 1300 941 et
1323 885 1537 942 virtute
1568 885 1701 940 Elite
1730 886 1895 955 (Luc.
1913 887 1974 951 1).
2008 904 2038 931 ››

458 1002 488 1029 κ
529 981 595 1035 Et
630 978 954 1034 aedificavit
995 975 1250 1048 parietes
1281 974 1526 1042 domus,
1556 974 1915 1029 intrinsecus
1955 975 2040 1027 ta-

387 1089 417 1118 «
454 1065 676 1123 bulatis
726 1065 1009 1133 cedrinis,
1041 1080 1079 1121 a
1108 1063 1455 1136 pavimento
1482 1062 1705 1118 domus
1744 1077 1938 1133 usque
1962 1060 2039 1117 ad

388 1177 415 1205 ‹‹
456 1155 864 1212 summitatem
903 1154 1225 1227 parietum,
1267 1157 1325 1208 et
1372 1167 1564 1223 usque
1603 1151 1685 1207 ad
1726 1149 2042 1222 laquearia

386 1267 415 1295 «
457 1245 693 1318 aperuit
719 1243 897 1314 lignis
925 1242 1182 1298 cedrinis
1202 1240 1588 1297 intrinsecus.
1610 1262 1638 1289 ιο
1680 1239 2040 1294 Intrinsecus

385 1333 633 1407 quidem
661 1333 883 1388 domus
901 1331 1083 1386 cedro
1113 1335 1239 1385 erat
1256 1330 1468 1385 vestita
1498 1346 1513 1383 :
1537 1344 1680 1384 nam
1710 1328 2040 1384 forinsecus

386 1427 558 1479 tanto
587 1423 779 1478 nitore
812 1420 968 1492 lapis
990 1420 1142 1491 ipse,
1175 1418 1249 1474 de
1275 1435 1399 1490 quo
1426 1418 1584 1473 facta
1613 1417 1825 1483 fuerat,
1852 1415 2039 1485 fulge-

385 1510 513 1578 bat,
542 1527 614 1566 ac
640 1511 694 1565 si
716 1509 946 1565 calculo
975 1512 1133 1565 esset
1153 1508 1413 1564 candido
1436 1512 1607 1563 tecta.
1631 1508 1807 1561 Juxta
1829 1521 2040 1560 sensus

386 1614 530 1654 vero
555 1598 868 1670 mysticos,
896 1596 1152 1669 parietes
1198 1595 1403 1667 templi
1442 1600 1584 1650 sunt
1624 1594 1895 1650 ﬁdelium
1935 1610 2040 1666 po-

2148 442 2368 512 quibus
2399 442 2565 499 electi
2605 443 2685 499 ad
2730 457 2988 512 regnum
3032 439 3269 495 cozleste
3299 439 3682 513 perveniunt,
3713 439 3816 497 vel

2148 536 2302 587 certe
2325 531 2489 603 ipsos
2519 532 2843 588 electorum
2880 530 3115 599 choros,
3146 528 3508 600 sibimetper
3537 533 3821 602 tempora

2148 620 2313 675 varia
2343 621 2748 685 succedentes,
2777 618 3153 687 signiﬁcant:
3184 616 3266 672 ita
3295 615 3609 688 aequalitas
3632 616 3811 690 pavi-

2148 710 2333 765 menti
2357 709 2636 765 concordi
2648 705 3095 765 tereorumdem
3125 704 3543 773 humilitatem,
3577 705 3726 780 quia
3751 704 3819 764 in

2149 798 2464 869 temporali
2486 799 2609 854 vita
2630 797 2829 853 adhuc
2857 795 3058 868 positi,
3082 793 3377 850 socialiter
3398 794 3657 850 invicem
3673 795 3819 852 cha-

2145 887 2315 942 ritate
2373 886 2631 941 dictante
2681 887 3132 951 conversantur,
3185 899 3306 938 non
3354 882 3657 939 immerito
3696 883 3803 939 de-

2148 980 2459 1032 monstrat.
2495 973 2669 1040 Quod
2697 972 2971 1028 videlicet
2999 970 3418 1044 pavimentum
3441 970 3814 1044 pretiosissi-

2146 1082 2248 1121 mo
2276 1069 2401 1120 erat
2421 1079 2724 1119 marmore
2756 1067 3008 1117 stratum
3030 1060 3247 1116 decore
3276 1060 3491 1117 multo.
3523 1060 3817 1134 [demque

2145 1170 2413 1211 marmor
2441 1153 2503 1207 in
2533 1153 2649 1208 hoc
2680 1150 2900 1207 tabulis
2940 1155 3161 1206 tectum
3203 1150 3497 1221 abiegnis,
3540 1149 3689 1224 quia
3719 1148 3817 1208 ni-

2146 1243 2367 1298 mirum
2397 1243 2519 1297 vita
2541 1242 2845 1313 justorum
2876 1240 3073 1312 primo
3099 1238 3239 1293 ﬁdei
3254 1238 3532 1295 ﬁrmitate
3548 1255 3818 1312 praemu-

2146 1332 2368 1388 nienda
2388 1331 2449 1386 in
2478 1330 2678 1396 corde,
2710 1346 2781 1385 ac
2810 1329 3027 1384 deinde
3067 1327 3472 1400 spiritualium
3518 1332 3818 1384 virtutum

2144 1421 2454 1478 latitudine
2485 1418 2842 1475 adornanda
2871 1423 2963 1473 est
2991 1418 3053 1473 in
3077 1432 3258 1490 opere
3291 1434 3304 1472 :
3356 1416 3627 1490 alioquin
3655 1415 3814 1489 quid

2146 1511 2412 1566 utilitatis
2445 1509 2709 1564 habebat
2737 1508 2923 1563 decus
2951 1506 3273 1562 marmoris
3303 1505 3722 1579 pretiosissimi
3748 1504 3819 1562 li-

2148 1616 2407 1670 gnorum
2445 1598 2663 1654 tabulis
2715 1597 3043 1664 obtectum,
3095 1596 3143 1650 si
3183 1611 3308 1651 non
3345 1594 3674 1668 mysticum
3706 1593 3818 1651 ali-

386 1687 534 1759 puli,
558 1703 634 1743 ex
661 1687 883 1759 quibus
913 1689 1123 1742 sancta
1156 1684 1510 1741 universalis
1554 1683 1822 1739 consistit
1851 1682 2042 1738 Eccle-
2076 1701 2123 1761 Β
2148 1689 2295 1761 quid
2326 1688 2497 1744 tacite
2536 1686 2863 1756 signabat?
2893 1686 3007 1741 hoc
3028 1689 3116 1740 est
3136 1684 3437 1740 bonorum
3466 1682 3821 1757 amplitudi-

391 1775 502 1844 sia,
528 1792 791 1849 quorum
820 1774 1170 1831 dilationem
1200 1790 1307 1845 per
1331 1773 1564 1843 orbem,
1591 1772 1844 1828 latitudo
1882 1770 2037 1826 desi-

389 1869 535 1936 gnat
559 1865 887 1937 parietum:
922 1880 1090 1935 spem
1118 1880 1255 1919 vero
1283 1867 1340 1918 et
1368 1862 1759 1918 intentionem
1790 1876 2036 1917 omnem

387 1954 466 2009 ad
486 1954 749 2010 coelestia
770 1958 1055 2023 erectam,
1094 1952 1429 2021 longitudo.
1474 1950 1570 2007 Vel
1611 1956 1765 2006 certe
1786 1949 2038 2006 altitudo

385 2043 626 2115 parietis
649 2059 786 2115 quas
815 2059 888 2098 ex
913 2042 1229 2098 ordinibus
1260 2040 1536 2112 lapidum
1566 2057 1750 2112 super
1777 2039 2037 2094 invicem

386 2132 595 2205 positis
636 2136 870 2188 constat
893 2130 1205 2205 prmsentis
1243 2134 1466 2185 statum
1501 2128 1778 2185 Ecclesiae
1808 2128 2038 2197 signiti-

383 2226 497 2290 cat,
521 2221 625 2277 ubi
662 2222 833 2277 electi
879 2237 1059 2293 super
1090 2220 1555 2275 fundamentum
1592 2218 1890 2273 Christum
1913 2233 2037 2273 om-

383 2326 490 2365 nes
519 2310 817 2376 aediﬁcati,
851 2310 963 2365 sibi
988 2309 1245 2364 invicem
1285 2308 1351 2364 in
1388 2308 1619 2377 ordine,
1667 2323 1776 2380 per
1808 2312 2037 2379 tempo-

380 2416 517 2456 rum
565 2400 862 2455 curricula
910 2398 1257 2461 succedunt,
1314 2414 1570 2469 seseque
1614 2397 1873 2452 invicem
1906 2412 2039 2468 por—

384 2494 599 2557 tantes,
622 2489 820 2559 legem
844 2488 1081 2557 Chrisui,
1110 2504 1249 2560 quae
1267 2493 1355 2543 est
1380 2488 1663 2554 Charitas,
1680 2485 2033 2558 adimplent.

388 2582 540 2634 Dum
567 2579 728 2634 enim
765 2578 871 2650 qui
898 2593 1059 2632 nunc
1090 2592 1127 2632 a
1168 2575 1650 2647 praecedentibus
1681 2574 2038 2629 erudiuntur

383 2667 709 2738 magistris,
742 2682 986 2721 rursum
1015 2665 1130 2736 ipsi
1153 2664 1303 2720 alios
1324 2664 1623 2730 erudiunt,
1654 2664 1831 2734 quasi
1854 2678 2037 2735 super

383 2755 645 2811 invicem
675 2755 884 2828 positis
918 2752 1252 2820 ordinibus,
1293 2752 1517 2824 quique
1563 2752 1839 2823 lapidum
1876 2752 2038 2808 vivo—

382 2860 521 2901 rum
548 2845 610 2901 in
630 2844 815 2901 domo
847 2844 967 2898 Dei.
1000 2844 1082 2898 sic
1104 2842 1183 2898 ab
1219 2842 1346 2898 aliis
1376 2842 1498 2898 ﬁxa
1527 2842 1865 2897 constantia
1897 2857 2035 2913 por-

382 2937 585 2991 tantur
615 2951 631 2990 :
664 2939 730 2990 ut
762 2934 843 2990 ad
874 2932 1204 3006 portandos
1233 2931 1383 2987 alios
1440 2936 1497 2987 et
1550 2931 1665 3003 ipsi
1711 2930 2033 3001 sufﬁciant,

2144 1795 2283 1833 nem
2312 1793 2585 1849 operum,
2631 1774 2976 1830 fortitudine
3016 1773 3159 1829 ﬁdei
3193 1773 3560 1829 intemeratae
3607 1771 3821 1829 sutl'ul-

2143 1866 2415 1922 ciendam
2450 1864 2726 1921 docebat.
2759 1863 2936 1920 Abies
2965 1879 3110 1919 vero
3138 1866 3387 1936 propter
3431 1860 3821 1919 altitudinem

2146 1956 2259 2023 sui,
2288 1960 2345 2011 et
2372 1956 2555 2010 robur
2580 1953 2684 2008 diu
2706 1952 3005 2020 durabile,
3028 1957 3295 2008 mentem
3323 1951 3650 2008 electorum
3681 1950 3821 2007 inﬁs

2144 2063 2247 2102 ma
2292 2061 2550 2117 quaeque
2590 2041 2885 2098 desideria
2932 2045 3336 2114 spernentem,
3374 2045 3431 2098 et
3476 2040 3820 2097 caelestium

2146 2131 2634 2205 contemplationi
2666 2147 2905 2203 semper
2941 2130 3256 2203 intentam,
3302 2130 3518 2186 virtute
3562 2145 3818 2203 quoque

2145 2222 2443 2297 patientiae
2478 2222 2858 2291 singulariter
2886 2220 3296 2288 excellentem,
3319 2235 3443 2276 non
3471 2218 3813 2290 incongrue

2146 2314 2539 2369 demonstrat.
2598 2310 2738 2366 Auri
2787 2315 2990 2365 autem
3020 2309 3265 2365 laminae
3293 2308 3583 2365 marmori
3614 2324 3691 2365 ac
3726 2313 3816 2367 ta-

2144 2402 2301 2457 bulis
2345 2400 2618 2469 abiegnis
2656 2398 3073 2472 superpositae,
3121 2398 3257 2471 ipsa
3284 2403 3372 2453 est
3397 2396 3654 2454 latitudo
3678 2397 3818 2455 cha-

2143 2493 2351 2562 ritatis,
2382 2492 2457 2546 de
2491 2490 2669 2546 corde
2698 2505 2874 2559 puro,
2900 2496 2955 2545 et
2982 2490 3352 2545 conscientia
3383 2487 3559 2554 bona,
3608 2492 3665 2543 et
3690 2488 3814 2558 ﬁde

2143 2599 2263 2638 non
2290 2584 2433 2650 ﬁcta
2460 2581 2515 2649 (Ι
2544 2581 2691 2635 Tim.
2726 2580 2788 2647 1),
2826 2593 2984 2651 quae,
3013 2578 3168 2634 sicut
3195 2593 3414 2634 aurum
3432 2576 3564 2633 aliis
3587 2576 3815 2650 pretio-

2145 2672 2267 2726 sius
2299 2674 2389 2725 est
2423 2669 2699 2736 metallis,
2737 2668 2819 2722 ita
2848 2667 3075 2723 cieteris
3115 2666 3369 2722 eximior
3396 2665 3724 2723 virtutibus
3751 2665 3815 2722 in

2142 2762 2366 2834 templo
2398 2760 2497 2816 Dei
2527 2759 2815 2828 singulari
2838 2758 2972 2814 luce
2993 2758 3262 2830 refulget.

2212 2874 2243 2902 α
2266 2850 2594 2907 Editicavit
2619 2864 2864 2921 quoque
2898 2849 3102 2919 viginti
3132 2848 3476 2905 cubitorum
3501 2846 3581 2904 ad
3606 2851 3813 2922 poste-

2146 2964 2172 2991 ‹‹
2197 2940 2417 2997 riorem
2448 2942 2681 3009 partem
2726 2937 2931 3010 templi
2968 2936 3240 2994 tabulata
3274 2937 3540 3005 cedrina,
3577 2953 3615 2992 a
3642 2934 3814 3010 pavi-

381 3040 575 3096 usque
602 3024 684 3081 ad
705 3024 946 3079 Ultimos
974 3022 1079 3093 (Ιυὶ
1105 3022 1166 3076 in
1194 3022 1311 3076 ﬁne
1332 3020 1551 3111 ξηιωάί
1578 3020 1863 3111 ῌᾶξοίῑιινί
1895 3023 2033 3077 sunt
2069 3057 2113 3111 ο
2145 3054 2171 3079 ‹‹
2204 3034 2407 3086 mento
2434 3043 2627 3099 usque
2647 3026 2726 3083 ad
2746 3026 3076 3099 superiora,
3103 3033 3160 3082 et
3184 3026 3320 3084 fecit
3337 3026 3685 3082 interiorem
3708 3025 3816 3082 do-

374 3113 571 3184 iustos
590 3113 694 3186 (Illi
733 3112 905 3185 quasi
936 3112 997 3166 in
1044 3125 1286 3167 summo
1310 3108 1531 3165 domus
1572 3109 1675 3164 Πθὶ
1715 3109 2028 3165 cacumine
2081 3108 2104 3111 ⁷
2138 3144 2167 3173 ‹‹
2192 3135 2361 3176 mum
2391 3117 2617 3173 oraculi
2648 3117 2711 3172 in
2736 3120 3020 3174 Sanctum
3052 3121 3421 3173 sanctorum.
3450 3139 3480 3167 ››
3515 3116 3815 3172 Posterio-

379 3202 579 3271 locati,
614 3203 908 3258 docentur
926 3201 1176 3273 quidem
1205 3202 1263 3254 et
1284 3203 1601 3271 portantur
1625 3198 1705 3254 ab
1726 3198 1881 3255 aliis.
1913 3197 2028 3253 Sed

378 3308 535 3365 quos
558 3292 840 3361 doceant,
867 3306 1207 3363 quorumve
1231 3288 1425 3356 fragili
1436 3292 1612 3344 mem
1625 3287 1892 3354 tolerent,
1913 3285 2030 3359 ipsi

378 3396 502 3437 non
519 3381 764 3437 habent.
780 3380 895 3446 Qui
916 3378 1189 3434 videlicet
1216 3378 1472 3450 parietes
1494 3376 1827 3432 intresecus
1858 3375 2028 3432 tabu-

376 3469 513 3525 latis
560 3470 813 3525 cedrinis
869 3469 1239 3541 Operiuntur,
1299 3483 1438 3522 eum
1502 3467 1690 3523 corda
1754 3464 2029 3522 ﬁdelium

379 3574 584 3617 amore
635 3559 922 3615 virtutum
951 3556 1311 3614 redundant.
1362 3556 1523 3611 Sicut
1551 3556 1714 3612 enim
1740 3555 1903 3610 cedri
1925 3571 2031 3611 na-

377 3653 512 3706 tura
537 3648 833 3722 perfectos
862 3648 1138 3704 homines
1171 3651 1259 3713 (ut
1288 3662 1471 3718 supra
1500 3645 1838 3715 docuimus)
1873 3643 2027 3716 typi-

377 3754 443 3795 ce
458 3737 778 3794 denuntiat
802 3756 814 3793 :
846 3736 931 3793 ita
959 3736 1139 3791 etiam
1166 3734 1313 3790 locis
1350 3734 1709 3807 opportunis
1736 3731 2030 3789 celsitudi-

374 3844 516 3884 nem
546 3828 850 3898 virtutum,
879 3825 1103 3899 quibus
1152 3823 1232 3879 ad
1273 3822 1554 3879 eamdem
1601 3821 2030 3894 perfectionem

373 3917 627 3981 venitur,
657 3932 780 3973 non
809 3915 1107 3972 immerito
1134 3913 1431 3981 designat.
1482 3915 1783 3981 Teguntur
1824 3915 2026 3967 autem

374 4006 582 4063 omnia
604 4005 781 4076 lignis
808 4022 847 4062 a
894 4004 1242 4077 pavimento
1269 4003 1509 4069 domus,
1544 4017 1737 4073 usque
1757 3999 1839 4056 ad
1860 4016 2026 4056 sum-

374 4095 644 4150 mitatem
677 4093 993 4166 parietum,
1019 4097 1079 4149 et
1107 4108 1298 4164 usque
1333 4090 1414 4148 ad
1453 4090 1768 4162 laquearia
1815 4106 1829 4145 :
1882 4106 2027 4145 eum

374 4182 545 4239 electi
572 4198 612 4239 a
634 4182 842 4255 primis
864 4181 1008 4237 ﬁdei
1044 4181 1422 4247 rudimentis,
1452 4196 1649 4252 usque
1682 4178 1767 4237 ad
1803 4178 2028 4251 perfec-

374 4272 598 4329 tionem
627 4271 804 4328 bonas
840 4270 1109 4339 actionis,
1143 4274 1200 4327 et
1221 4285 1412 4341 usque
1441 4269 1522 4325 ad
1548 4269 1889 4339 ingressum
1920 4283 2026 4341 pa-

372 4361 500 4417 trias
526 4360 809 4431 celestis,
839 4377 875 4417 a
894 4360 1070 4417 bonis
1092 4360 1377 4415 insudare
1403 4374 1526 4415 non
1557 4358 1851 4414 desistunt
1877 4372 2023 4428 ope-

370 4450 537 4507 ribus
557 4466 749 4506 cuma
777 4449 984 4522 primis
1004 4449 1184 4521 justis
1214 4464 1406 4520 usque
1436 4447 1770 4504 adultimos
1791 4446 1854 4500 in
1880 4461 2024 4501 con-

372 4539 773 4596 summatione
818 4538 1043 4606 saeculi,
1110 4553 1325 4594 omnes
1385 4536 1698 4592 virtutibus
1758 4533 2021 4601 student,

368 4645 628 4702 quarum
648 4629 860 4686 merito
876 4645 1015 4685 vere
1034 4626 1273 4683 valeant
1285 4624 1619 4697 protestari,
1636 4624 2024 4697 quia.«Chris-

369 4719 410 4774 ti
437 4719 639 4776 bonus
677 4719 830 4775 odor
870 4734 1083 4773 sumus
1112 4718 1234 4773 Deo
1259 4716 1323 4772 in
1366 4730 1534 4771 omni
1586 4714 1721 4771 loco
1760 4714 1853 4785 (II
1879 4714 2018 4771 Cor.

367 4808 485 4881 11).»
508 4830 541 4859 «
565 4812 633 4865 Et
651 4808 796 4864 texit
813 4807 1230 4879 pavimentum
1252 4805 1477 4861 domus
1497 4803 1719 4861 tabulis
1744 4802 2020 4872 abiegnis

369 4898 460 4964 (ΙΙ
482 4898 633 4953 Par.
657 4901 743 4957 11).
768 4919 798 4946 n
829 4899 949 4952 Hoc
973 4892 1286 4966 quomodo
1314 4893 1541 4949 factum
1573 4893 1667 4958 sit,
1700 4891 1935 4963 plenius
1955 4891 2019 4947 in

362 4984 519 5041 libro
547 4984 1048 5057 Paralipomenon
1074 4980 1425 5053 explicatur,
1458 4980 1561 5036 ubi
1590 4980 1884 5052 scriptum
1905 4984 2013 5036 est:

366 5095 395 5123 «
427 5073 643 5131 Stravit
665 5088 922 5146 quoque
951 5072 1368 5144 pavimentum
1398 5069 1623 5141 templi,
1655 5069 2016 5143 pretiosissi-

362 5178 467 5219 mo
495 5178 797 5218 marmore
822 5161 1037 5216 decore
1062 5158 1254 5214 multo
1276 5159 1365 5229 (II
1384 5160 1533 5215 Par.
1564 5176 1647 5229 ru,
1680 5165 1757 5227 6).
1786 5182 1816 5210 ι
1847 5159 2015 5217 Unde

361 5255 530 5324 patet
569 5251 717 5325 quia
743 5248 984 5305 tabulas
1026 5246 1318 5315 abiegnas
1343 5248 1566 5320 quibus
1598 5249 2009 5322 pavimentum

360 5344 599 5410 tegeret,
630 5352 1025 5409 nequaquam
1054 5336 1118 5389 in
1152 5338 1306 5392 terra
1331 5337 1551 5407 posuit,
1594 5339 1699 5394 sed
1726 5339 1921 5411 primo
1944 5338 2013 5394 il-

359 5427 469 5485 lud
494 5441 797 5485 marmore
828 5423 1119 5496 praetexit,
1133 5438 1205 5479 ac
1235 5424 1453 5482 deinde
1486 5427 1725 5485 tabulas
1754 5444 2014 5486 marmo-

359 5515 411 5571 ri
444 5513 849 5588 superposuit,
882 5526 954 5566 ac
984 5510 1220 5568 tertium
1260 5514 1353 5570 his
1400 5515 1640 5574 duobus
1682 5518 1816 5574 auri
1842 5519 2015 5575 vesti-

361 5607 491 5659 tum
522 5598 958 5675 superaddidit,
988 5603 1054 5656 ut
1076 5600 1139 5656 in
1167 5606 1555 5677 sequentibus
1583 5608 1819 5678 legitur.
1846 5608 2013 5666 Sicut

357 5694 566 5749 autem
584 5686 845 5750 latitudo
871 5687 1113 5760 parietis
1138 5692 1412 5753 inaltum
1440 5713 1797 5769 exsurgens,
1826 5701 2012 5771 atque

2134 3225 2265 3265 rem
2284 3211 2517 3280 partem
2534 3205 3198 3278 templi,occidentalem
3212 3204 3377 3261 dicit:
3391 3204 3471 3261 ab
3493 3210 3629 3260 ortu
3644 3204 3811 3260 enim

2137 3298 2276 3353 solis
2298 3297 2643 3364 ingressum
2667 3293 2934 3350 habebat
2954 3292 3426 3366 templum,etab
3455 3309 3687 3349 occasu
3708 3292 3811 3350 do-

2134 3403 2306 3442 mum
2324 3384 2811 3450 interiorem,hoc
2835 3387 2922 3438 est
2944 3386 3230 3441 Sanctum
3244 3388 3595 3440 sanctorum
3613 3382 3813 3453 ingrec

2135 3476 2431 3532 diebatur.
2454 3472 2626 3539 Quod
2650 3477 2853 3528 autem
2883 3471 3149 3529 tabulata
3172 3489 3313 3545 qua;
3337 3472 3686 3530 interiorem
3699 3472 3810 3529 do-

2136 3582 2307 3620 mum
2319 3565 2400 3621 ab
2415 3563 2702 3619 exteriore
2722 3562 3150 3635 separabant,a
3160 3563 3504 3635 pavimento
3518 3578 3721 3636 usque
3732 3561 3813 3619 ad

2138 3652 2451 3725 superiora
2473 3667 2603 3707 esse
2635 3651 2918 3706 dicuntur
2938 3650 3390 3719 aediﬁcatamon
3412 3666 3605 3723 usque
3624 3650 3711 3707 ad
3726 3650 3812 3707 la-

2134 3740 2387 3813 quearia
2407 3742 2568 3811 (quae
2586 3740 2825 3809 triginta
2845 3739 3062 3796 cubitis
3090 3745 3260 3795 erant
3273 3740 3336 3795 in
3359 3739 3618 3796 sublime
3633 3756 3678 3796 a
3698 3756 3811 3813 pa-

2135 3830 2400 3886 vimento
2419 3833 3006 3901 suspensa,utsupra
3021 3828 3154 3899 jam
3164 3828 3395 3887 dictum
3410 3828 3656 3901 est),sed
3673 3833 3810 3886 iano

2135 3922 2264 3975 tum
2296 3933 2489 3989 usque
2520 3916 2601 3972 ad
2629 3918 2868 3973 cubitos
2910 3917 3123 3987 viginti
3153 3918 3503 3983 altitudinis,
3534 3922 3601 3974 ut
3626 3918 3695 3974 in
3714 3935 3809 3976 se-

2132 4006 2458 4079 quentibus
2470 4011 2672 4077 aperte
2684 4006 3378 4076 legitur,intelligendum
3392 4006 3812 4080 estzreliquum

2133 4112 2272 4154 vero
2290 4101 2418 4152 erat
2432 4112 2613 4168 super
2623 4096 2751 4152 haec
2766 4096 3035 4152 tabulata
3054 4101 3335 4169 apertum
3344 4101 3405 4153 et
3417 4097 3599 4154 inane
3610 4113 3812 4171 usque

2134 4184 2214 4241 ad
2231 4184 2568 4257 laquearia,
2583 4184 2925 4241 cubitorum
2953 4185 3165 4242 decem
3185 4185 3540 4256 altitudinis,
3554 4190 3617 4243 et
3639 4185 3813 4243 cubi-

2132 4277 2333 4330 torum
2353 4273 2561 4344 viginti
2575 4273 2988 4343 longitudinis,
2996 4275 3022 4345 j
3033 4274 3564 4333 uxtalatitudinem
3579 4274 3809 4332 domus

2062 4417 2106 4472 Β
2130 4378 2239 4436 per
2250 4379 2439 4435 quam
2452 4362 2738 4419 nimirum
2749 4363 2769 4434 j
2779 4379 3006 4419 anuam
3022 4364 3226 4420 fumus
3236 4364 3622 4421 incensorum
3632 4364 3716 4421 de
3729 4363 3810 4421 al'

2691 4452 2975 4472 --.-L-.:_
2999 4455 3106 4472 η---
3130 4458 3203 4472 Α-
3239 4469 3330 4472 ,-_
3599 4468 3657 4472 μ
3678 4470 3693 4472 -
3716 4468 3775 4472 ω

2132 4452 2244 4509 tari
2260 4452 2671 4524 thymiamatis
2683 4452 2912 4508 solebat
2921 4453 2983 4509 in
2998 4455 3215 4510 Sancta
3230 4458 3579 4511 sanctorum
3592 4468 3809 4511 ascen-

2131 4541 2271 4597 dere
2291 4546 2471 4614 atque
2492 4541 2571 4597 ad
2586 4542 3031 4598 arcamDomini
3045 4541 3444 4615 operiendam
3460 4548 3800 4615 penetrare.

2130 4631 2195 4686 In
2219 4646 2346 4703 qua
2370 4630 2752 4687 distinctione
2778 4630 3239 4688 domusDomini
3262 4636 3425 4704 patet
3451 4631 3648 4701 ﬁgura
3664 4649 3804 4705 my-

2131 4719 2321 4776 sterii:
2346 4724 2404 4775 et
2432 4720 2720 4792 Apostolo
2745 4726 3085 4793 exponente
3100 4722 3397 4793 (Hebrum)
3414 4720 3547 4779 luce
3578 4720 3801 4779 clarior

2130 4813 2237 4877 est,
2263 4808 2408 4879 quia
2434 4809 2600 4880 prior
2626 4808 2851 4865 domus
2878 4810 2941 4865 in
2969 4826 3157 4882 quam
3190 4826 3428 4883 semper
3460 4810 3802 4869 introibant

2128 4897 2466 4953 sacerdotes
2481 4898 2912 4954 sacriﬁciorum
2925 4899 3800 4973 oﬂiciaconsummantes,prae-

2127 5002 2264 5043 sens
2293 4991 2381 5043 est
2409 4986 2694 5055 Ecclesia.
2712 4987 2816 5043 ubi
2830 4988 3101 5059 quotidie
3122 4989 3237 5060 piis
3250 4988 3798 5063 insistentesoperi-

2124 5074 2261 5144 bus,
2271 5075 2520 5132 Domino
2529 5076 2823 5132 sacriﬁcia
2833 5076 3033 5135 laudis
3047 5078 3374 5135 offerimus.
3386 5078 3633 5136 interior
3650 5094 3795 5139 vero

2124 5163 2346 5220 domus
2357 5181 2494 5236 quas
2511 5165 2588 5221 ad
2602 5165 2993 5237 posteriorem
3009 5172 3243 5240 partem
3258 5168 3464 5240 templi
3473 5168 3793 5239 eratfacta,

2122 5253 2256 5326 ipsa
2284 5258 2372 5309 est
2396 5256 2696 5326 promissa
2727 5256 2905 5312 nobis
2925 5258 3049 5313 vita
3074 5257 3141 5313 in
3171 5258 3630 5316 coalis.Exterior
3656 5258 3790 5331 qui-

2122 5344 2263 5399 dem
2279 5343 2406 5399 hzec
2430 5345 2807 5400 conversatio
2828 5345 3014 5401 nostri
3033 5346 3255 5404 exsilii:
3276 5347 3523 5404 interior
3538 5363 3682 5404 vero
3700 5350 3794 5404 est

2122 5447 2257 5503 qua:
2274 5432 2335 5487 in
2353 5433 2846 5504 prresentiaRegis
2863 5435 3217 5503 summi,ubi
3232 5452 3450 5509 perpes
3470 5436 3790 5494 beatorum

2121 5524 2179 5576 et
2206 5521 2562 5589 angelorum
2579 5526 2636 5578 et
2662 5522 2983 5580 hominum
3006 5523 3356 5582 solemnitas
3377 5526 3596 5595 agitur.
3620 5524 3788 5582 Unde

2120 5624 2190 5666 ea
2220 5609 2376 5666 bene
2404 5611 2618 5667 merito
2637 5628 2809 5667 servo
2831 5612 3267 5672 diciturmlntra
3281 5615 3343 5671 in
3362 5616 3657 5685 gaudium
3678 5617 3789 5672 Do-

2120 5698 2272 5755 mini
2290 5700 2538 5770 (Matth.
2558 5701 2751 5773 xxv).»
2775 5702 2893 5760 Sed
2917 5702 3050 5761 hinc
3067 5703 3472 5776 posteriore“
3490 5709 3785 5778 tempore.
