3940 6402
112 224 199 278 ﬁt
1065 223 1321 281 ENARR.
1363 225 1431 279 1N
1471 223 1720 279 LIBROS
1760 222 2019 282 REGUM.
2062 251 2129 268 -ι
2166 230 2236 284 IN
2274 231 2405 286 LIB.
2448 234 2541 287 Ill.

3410 243 3517 303 421

111 344 246 418 quia
265 345 401 416 post
428 342 615 432 hujus
630 343 832 400 saeculi
863 343 1108 402 labores
1138 346 1217 402 ad
1250 346 1404 403 illius
1426 347 1765 417 ingressum
1798 348 1849 403 Α
1884 350 2203 408 multitudo
2224 354 2722 421 ﬁdelium.unum
2745 361 2948 417 tamen
2970 376 3293 432 oor,unam
3316 364 3540 424 habere

111 432 504 507 perducimur.
542 431 842 490 Tabulata
875 438 1079 490 autem
1110 452 1246 508 quae
1306 443 1627 508 utramque
1657 436 1767 492 do-

116 540 276 580 mum
309 523 389 580 ab
417 523 678 579 invicem
705 524 1148 597 dividunt,ipsa
1170 530 1309 582 sunt
1331 526 1591 581 claustra
1611 526 1765 595 caeli,

110 630 359 687 quorum
390 613 569 669 nobis
595 614 968 687 apertionem
1021 616 1289 687 quotidie
1341 618 1717 689 suspiramus
1750 633 1765 672 :

109 709 157 760 et
183 708 480 777 quantum
504 704 797 760 Dominus
817 704 1153 776 donaverit,
1168 706 1268 778 pia
1287 722 1524 778 semper
1544 706 1768 761 instan-

107 794 202 857 tia,
243 792 439 849 donec
489 792 841 865 aperiantur
870 798 927 849 et
953 794 1176 851 intrare
1205 794 1400 863 liceat,
1424 794 1764 867 pulsamus.

111 882 209 939 Ubi
228 882 335 938 etsi
351 882 616 938 necdum
639 887 777 939 ante
802 882 1163 940 solutionem
1190 901 1514 957 corporum
1543 884 1767 940 intrare

109 971 476 1043 permittitur,
505 976 781 1044 apertam
820 976 1023 1028 tamen
1054 973 1356 1029 habemus
1386 975 1644 1045 januam
1675 973 1766 1028 di-

107 1062 250 1118 vinae
281 1062 540 1135 pietatis,
568 1079 695 1135 qua
724 1062 1068 1120 orationum
1109 1068 1482 1132 nostrarum,
1515 1063 1768 1119 eleemo-

108 1167 405 1223 synarum.
434 1152 829 1223 lduniorum,
864 1156 1341 1226 cteterorumque
1368 1169 1622 1226 operum
1655 1153 1766 1208 bo-

105 1258 311 1298 norum
342 1241 764 1314 thymiamata,
794 1242 1254 1314 prtemittamus.
1290 1242 1438 1299 Hinc
1485 1247 1576 1299 est
1604 1242 1766 1298 enim

104 1329 261 1403 quod
285 1330 620 1404 parietibus
652 1330 909 1387 cedrinis
961 1330 1183 1386 domus
1228 1330 1527 1387 interioris
1575 1331 1765 1387 aediﬁ-

107 1425 251 1481 cata.
278 1420 536 1491 januam
558 1420 742 1476 habet
770 1420 830 1476 in
859 1420 1271 1493 superioribus
1299 1436 1406 1494 per
1433 1419 1766 1487 totum,ubi

112 1507 306 1564 fumus
341 1508 732 1564 incensorum
784 1508 1051 1570 intraret.
1110 1508 1256 1580 quia
1307 1508 1464 1564 oculi
1528 1508 1765 1565 Domini

105 1597 283 1671 aperti
303 1603 445 1654 sunt
468 1614 654 1670 super
667 1598 922 1653 domum
944 1598 1076 1668 ejus
1102 1601 1277 1653 nocte
1297 1614 1365 1653 ac
1382 1597 1499 1663 die,
1514 1602 1572 1653 et
1587 1614 1765 1653 aures

1879 440 2168 509 animam,
2198 460 2307 516 pro
2339 447 2681 502 communis
2720 448 2861 505 ﬁdei
2891 466 2961 506 ac
2988 452 3323 511 dilectionis
3351 456 3541 512 socie-

1878 532 2243 593 tate,merito
2263 534 2557 593 dicantur.
2586 540 2856 611 Namque
2888 544 3384 618 tornaturss,quaa
3400 546 3542 617 jun-

1879 620 2061 676 cturis
2092 623 2437 681 tabularum
2464 627 2950 699 apponebantur,
2973 635 3037 688 ut
3069 648 3260 690 unum
3307 650 3382 691 ex
3410 650 3541 691 om-

1876 710 2055 765 nibus
2088 711 2252 768 ﬁeret
2281 714 2638 786 tabulatum,
2663 717 2794 790 ipsa
2820 723 2960 776 sunt
2987 719 3186 779 ofﬁcia
3211 723 3536 790 charitatis.

1876 799 2099 869 quibus
2129 800 2471 860 adinvicem
2502 804 2839 862 fraternitas
2865 814 3073 865 sancta
3093 810 3431 884 copulatur,
3452 816 3540 870 at-

1877 903 1994 959 que
2024 889 2084 944 in
2118 906 2302 947 unam
2350 893 2561 949 Christi
2585 893 2842 952 domum
2890 901 3015 954 toto
3044 902 3341 957 terrarum
3388 902 3538 961 orbe

1878 979 2279 1050 componitur.
2320 983 2461 1044 Quae
2509 983 2691 1040 etiam
2738 986 2962 1042 domus
3013 988 3199 1047 habet
3220 989 3539 1048 calatum

1876 1063 2226 1135 eminentes,
2253 1085 2392 1125 cum
2413 1086 2600 1143 opera
2626 1072 2907 1131 virtutum
2927 1077 3117 1132 sancti
3144 1091 3538 1152 nequaquam

1875 1155 2108 1211 occulto
2132 1161 2355 1227 tegunt,
2371 1159 2477 1214 sed
2499 1161 2816 1218 manifesta
2835 1166 3217 1236 expressione
3247 1167 3391 1224 foris
3411 1184 3540 1225 om-

1874 1242 2053 1299 nibus
2083 1246 2294 1317 quales
2325 1247 2442 1303 sint
2468 1248 2603 1320 ipsi,
2656 1250 2803 1322 quid
2833 1257 3038 1323 agant,
3072 1254 3135 1310 in
3190 1256 3537 1330 exemplum

1878 1332 2114 1389 vivendi
2145 1336 2749 1406 proferunt.«0mnia
2778 1340 3036 1397 cedrinis
3067 1343 3289 1400 tabulis
3319 1345 3535 1403 vestie-

1876 1443 1903 1469 «
1945 1422 2186 1495 bantur,
2217 1440 2328 1480 nec
2386 1426 2635 1483 omnino
2691 1426 2847 1501 lapis
2877 1445 3170 1502 apparere
3201 1436 3435 1505 poterat
3473 1434 3538 1492 in

1876 1534 1903 1562 «
1944 1514 2187 1584 pariete.
2220 1535 2247 1563 ››
2281 1516 2346 1569 Et
2367 1514 2599 1587 lapides
2628 1517 2874 1588 parietis
2931 1518 3049 1574 sive
3103 1521 3454 1592 pavimenti,
3478 1524 3540 1581 et

1874 1601 2095 1671 tabulae
2116 1607 2174 1659 et
2194 1619 2433 1675 aurum,
2454 1610 2806 1662 sanctorum
2824 1607 2886 1663 in
2904 1607 3169 1667 Ecclesia
3197 1610 3382 1668 vitam
3401 1626 3538 1668 om-

102 1688 224 1758 ejus
252 1688 311 1743 in
336 1687 643 1743 orationes
670 1703 982 1743 servorum
1015 1702 1263 1742 suorum
1289 1686 1689 1757 intendentes,
1708 1692 1769 1743 et
1792 1708 1838 1765 Β
1874 1692 1976 1747 nia
2004 1692 2344 1762 designant.
2381 1695 2495 1750 Sed
2519 1711 2591 1752 ea
2609 1696 2813 1769 utique
2843 1697 3240 1763 distinctione.
3267 1716 3407 1757 cum
3428 1717 3540 1775 pa-

102 1777 207 1834 hoc
231 1793 338 1851 per
368 1782 560 1834 totam
586 1776 964 1834 latitudinem
1004 1777 1237 1833 diffusae
1268 1793 1376 1850 per
1404 1777 1634 1833 orbem.
1664 1780 1763 1833 Ec-

102 1867 281 1923 clesite
310 1866 500 1923 altare
535 1883 805 1939 namque
834 1865 1270 1938 thymiamatis,
1295 1867 1461 1939 quod
1485 1867 1545 1922 in
1576 1866 1762 1923 domo

100 1956 336 2031 quidem
365 1956 665 2025 exteriori,
709 1956 815 2012 sed
845 1972 1034 2029 prope
1067 1956 1288 2012 ostium
1319 1956 1518 2012 stabat
1541 1955 1763 2012 domus

100 2046 404 2115 interioris,
454 2051 638 2119 typus
669 2046 777 2101 fuit
806 2046 1229 2118 perfectorum’,
1258 2045 1363 2117 qui
1393 2062 1573 2102 carne
1626 2046 1762 2118 qui-

101 2135 229 2192 dem
259 2137 461 2193 adhuc
491 2135 553 2191 in
607 2135 839 2191 mundo
868 2134 1098 2203 retenti,
1134 2135 1238 2190 sed
1268 2136 1435 2190 omni
1460 2134 1761 2190 desiderio

102 2231 230 2283 sunt
253 2226 334 2282 ad
358 2225 628 2281 ccelestia
658 2225 936 2297 suspensi
966 2242 978 2280 :
1013 2228 1070 2280 et
1095 2223 1258 2279 velut
1284 2224 1533 2281 incenso
1566 2224 1760 2296 thure,

101 2317 326 2373 fumum
357 2316 791 2372 ascendentem
818 2315 879 2370 in
941 2317 1161 2372 Sancta
1215 2319 1567 2370 sanctorum
1596 2315 1763 2371 emit-

102 2411 239 2473 tunt,
269 2407 417 2480 quia
449 2422 720 2479 superna
750 2421 957 2461 amore
990 2405 1340 2475 ﬂagrantes,
1375 2405 1598 2460 crebris
1628 2422 1761 2461 ora-

100 2498 317 2553 tionum
351 2497 631 2567 vocibus,
663 2512 843 2552 aures
875 2496 967 2551 sui
996 2496 1245 2568 pulsant
1270 2495 1550 2551 auctoris.
1579 2500 1760 2569 Aper-

101 2593 265 2661 taque
292 2588 408 2644 late
431 2588 631 2658 janua
658 2586 862 2642 fumus
890 2586 1279 2641 incensorum
1330 2585 1391 2640 in
1446 2585 1762 2657 superiori-

98 2677 204 2733 bus
225 2678 407 2735 venit:
434 2677 586 2750 quia
605 2682 834 2749 quanto
858 2676 1209 2731 mundiores
1230 2675 1456 2748 quique
1480 2675 1541 2731 in
1566 2677 1756 2744 terris,

99 2774 151 2823 et
189 2768 360 2841 quasi
391 2766 717 2823 viciniores
775 2765 1000 2822 crelcsti
1031 2765 1239 2837 patriae
1279 2770 1758 2831 commorantur,

100 2862 255 2913 tanto
280 2859 458 2914 citius
492 2862 709 2912 cuncta
739 2873 875 2929 quae
928 2861 1210 2928 poscunt,
1246 2855 1567 2927 accipiunt.
1602 2857 1758 2911 Bene

100 2953 289 3004 autem
319 2947 573 3004 interior
596 2946 819 3002 domus
868 2945 1080 3013 viginti
1133 2945 1349 3001 cubitis
1385 2945 1569 3016 longa
1600 2945 1760 3002 facta

99 3042 200 3104 est,
218 3043 466 3110 propter
493 3036 858 3108 mysterium
890 3034 1110 3091 scilicet
1142 3034 1398 3105 geminae
1423 3034 1758 3091 dilectionis

99 3126 188 3195 (de
223 3144 345 3201 quo
393 3132 451 3184 et
502 3141 693 3199 supra
721 3126 1033 3193 diximus),
1066 3141 1203 3198 qua:
1258 3124 1320 3180 in
1374 3125 1488 3180 hac
1519 3123 1754 3179 interim

100 3216 210 3273 vita
239 3233 310 3273 ex
339 3222 512 3291 parte
545 3216 820 3273 maxima
849 3216 1175 3272 electorum
1206 3219 1437 3270 mentes
1481 3213 1757 3278 illustrat,

102 3310 199 3363 sed
242 3308 303 3364 in
330 3308 435 3364 illa
466 3307 666 3381 patria
717 3306 1096 3363 cessantibus
1156 3306 1415 3361 aliarum
1470 3305 1758 3361 virtutum

100 3398 371 3470 operibus
402 3397 537 3454 sola
563 3403 855 3471 perpetuo
884 3401 1119 3465 regnat.

164 3508 191 3537 α
232 3488 413 3545 Porro
443 3487 856 3561 quadraginta
887 3486 1227 3541 cubitorum
1250 3488 1377 3540 erat
1398 3483 1598 3556 ipsum
1618 3487 1761 3539 tem-

104 3597 129 3625 κ
162 3575 329 3649 plum
351 3593 468 3650 pro
498 3576 735 3633 foribus
766 3574 1016 3631 oraculi.
1036 3593 1068 3629 ν
1090 3574 1358 3630 Diximus
1386 3574 1588 3646 ipsum
1607 3576 1759 3627 temo

100 3663 255 3737 plum
284 3682 396 3739 pro
419 3665 654 3722 foribus
675 3664 905 3721 oraculi
926 3664 1237 3737 prresentis
1258 3663 1528 3720 Ecclesiae
1546 3666 1760 3733 typum

102 3753 360 3819 gessisse.
398 3754 569 3811 Unde
600 3758 757 3810 recte
786 3753 1194 3826 quadraginta
1241 3752 1352 3809 fuit
1394 3752 1757 3822 cubitorum,

101 3841 197 3913 qui
236 3858 530 3900 numerus
585 3859 747 3915 sepe
775 3843 837 3898 in
868 3842 1304 3912 signiﬁcatione
1340 3841 1583 3914 ponitur
1610 3856 1761 3912 prie.

101 3933 268 3988 sentis
282 3934 561 3989 ﬁdelium
584 3932 829 4000 laboris,
847 3932 1161 4005 quomodo
1176 3931 1757 4005 quinquagenarius,

97 4019 155 4075 in
177 4021 684 4094 signiﬁcationem
712 4023 928 4079 futuras
958 4022 1177 4095 quietis
1205 4027 1261 4077 ct
1280 4022 1469 4094 pacis.
1503 4020 1759 4077 Denario

98 4124 351 4184 namque
397 4128 661 4169 numero
709 4112 1090 4168 continentur
1145 4116 1470 4183 praecepta,
1496 4126 1761 4183 quorum

97 4198 513 4259 observatione
547 4202 628 4259 ad
659 4202 845 4259 vitam
876 4200 1237 4274 pervenitur.
1290 4200 1545 4257 Denario
1588 4214 1761 4271 aeque

99 4288 462 4358 signiﬁcatur
488 4291 648 4363 ipsa,
683 4305 874 4363 quam
904 4289 1321 4346 desideramus
1366 4294 1424 4345 et
1474 4303 1585 4361 pro
1634 4304 1761 4360 qua

97 4375 462 4449 laboramus,
514 4381 640 4436 vita
697 4380 1000 4453 perennis.
1058 4379 1400 4444 Quadratus
1464 4392 1608 4434 vero
1668 4380 1762 4432 est

100 4469 377 4533 mundus,
404 4469 469 4525 in
496 4485 625 4542 quo
653 4485 765 4544 pro
799 4468 1170 4541 acquirenda
1222 4468 1435 4523 eadem
1485 4466 1609 4522 vita
1638 4481 1762 4521 cer-

104 4559 306 4613 tamus.
343 4558 513 4615 Unde
544 4558 861 4614 Psalmista
890 4556 1389 4627 congregandam
1434 4555 1759 4611 Ecclesium

102 4642 168 4700 de
198 4648 477 4717 gentibus
524 4648 889 4719 praevidens,
934 4645 1137 4702 aiebat
1170 4662 1183 4700 :
1218 4667 1247 4696 «
1280 4646 1358 4699 De
1413 4643 1762 4715 regionibus

105 4736 483 4806 congregavit
506 4752 612 4791 eos
643 4752 682 4793 a
702 4736 845 4793 solis
868 4738 1005 4792 ortu
1027 4739 1084 4791 et
1101 4750 1344 4806 occasu,
1371 4733 1451 4790 ab
1475 4733 1762 4806 aquilone

104 4827 324 4882 etmari
349 4828 477 4897 (Ps.
502 4842 652 4898 cm,
685 4826 742 4895 2,
773 4828 848 4897 3).
884 4846 913 4876 n

167 4932 197 4966 ς
232 4915 347 4971 Sed
364 4921 424 4972 et
442 4916 625 4971 cedro
640 4915 841 4972 omnis
857 4914 1078 4970 domus
1093 4913 1452 4970 intrinbecus
1473 4912 1766 4969 vestiebac

107 5024 131 5050 α
161 5005 515 5075 tur,habens
528 5010 872 5061 tornaturas
886 5004 1073 5075 suas,j
1085 5008 1367 5060 uncturas
1379 5002 1761 5070 fabrefactas,

107 5113 131 5140 κ
161 5098 216 5149 et
233 5095 573 5152 caelatutras
596 5094 947 5151 eminentes.
962 5116 990 5145 »
1017 5094 1284 5150 Diximus
1304 5092 1381 5148 de
1397 5093 1577 5148 cedro
1592 5091 1766 5164 quod

104 5181 565 5258 insuperabilem
585 5186 871 5242 virtutum
900 5189 1276 5241 venustatem
1300 5183 1564 5253 signaret
1594 5199 1607 5235 :
1639 5196 1766 5253 quo

107 5271 377 5331 nimirum
424 5276 595 5345 ligno
644 5274 844 5331 omnis
875 5273 1095 5330 domus
1125 5272 1362 5329 Domini
1405 5270 1765 5328 intrinsecus

106 5360 479 5435 vestiebatur,
495 5379 634 5419 cum
648 5364 836 5419 corda
846 5363 866 5434 j
876 5368 1151 5419 ustorum
1167 5361 1298 5417 solo
1310 5361 1612 5417 bonorum
1624 5374 1767 5432 ope-

106 5462 233 5506 rum
258 5464 463 5509 amore
492 5454 813 5509 nitescunt.
866 5453 1177 5525 Habetque
1208 5452 1429 5507 domus
1454 5452 1514 5506 in
1546 5448 1766 5505 tabulis

112 5538 351 5598 cedrinis
378 5545 729 5600 tornaturas
775 5557 917 5597 suas
947 5546 1006 5598 et
1029 5542 1346 5613 juncturas
1376 5538 1763 5608 fabrefactas,

116 5640 238 5684 cum
258 5629 441 5688 iidem
468 5631 635 5687 electi
665 5647 795 5686 sese
818 5630 896 5686 ad
920 5630 1180 5686 invicem
1200 5627 1610 5701 pulcherrima
1629 5626 1767 5683 cha-

115 5712 284 5775 ritatis
298 5720 526 5795 copula
536 5724 1006 5778 connectuntur:
1020 5720 1105 5777 ita
1116 5722 1183 5776 ut
1201 5733 1342 5775 cum
1356 5718 1676 5774 innumera
1687 5716 1765 5774 sit

1873 1782 2011 1838 riter
2040 1790 2368 1856 ponuntur,
2402 1789 2466 1840 ut
2492 1784 2727 1858 lapides
2758 1787 2879 1844 vivi
2904 1790 3023 1845 sint
3058 1790 3274 1859 sancti,
3305 1791 3536 1851 fortitu-

1872 1871 2011 1927 dine
2042 1872 2181 1928 ﬁdei
2212 1873 2273 1928 in
2304 1888 2426 1929 una
2456 1875 2795 1948 eademque
2828 1877 3037 1947 regula
3066 1880 3305 1938 sibimet
3320 1881 3537 1953 agglu-

1870 1961 2060 2017 tinati.
2088 1962 2327 2018 Tabulae
2350 1962 2607 2020 cedrinae
2636 1980 2758 2036 sive
2779 1965 3054 2036 abiegnae
3080 1973 3219 2025 sunt
3243 1971 3433 2027 sancti
3449 1970 3538 2028 la-

1871 2051 2119 2107 titudine
2152 2052 2459 2109 variarum
2478 2053 2767 2110 virtutum
2799 2056 3136 2113 secundum
3175 2057 3535 2119 donationes

1874 2141 2123 2213 Spiritus
2158 2141 2373 2212 sancti,
2393 2143 2455 2198 in
2480 2159 2604 2199 una
2628 2144 2964 2217 eademque
2990 2146 3110 2202 fide
3139 2148 3537 2205 sibimetaltd‘

1868 2235 2101 2288 rutrum
2121 2231 2397 2288 connexi.
2412 2232 2555 2288 Auri
2572 2232 2813 2290 laminas
2836 2240 2976 2291 sunt
2996 2238 3185 2293 sancti
3206 2254 3535 2310 superemi-

1869 2326 2112 2377 nentem
2162 2322 2421 2378 scientiae
2472 2324 2824 2381 charitatem
2878 2325 3190 2393 habentes,
3224 2328 3533 2401 hujusque

1868 2409 2097 2481 fulgore
2129 2413 2469 2482 gratissimo
2498 2413 2836 2470 adinvicem
2886 2417 3355 2486 congaudentes.
3386 2421 3532 2484 Quae

1869 2502 1979 2557 tria
2007 2501 2219 2558 beatus
2242 2502 2564 2572 Apostolus
2590 2518 2714 2559 una
2738 2506 3033 2561 sententia
3052 2506 3404 2579 complexus
3421 2512 3530 2579 est,

1869 2592 2075 2647 dicens
2111 2610 2123 2647 :
2164 2612 2193 2644 ‹
2216 2594 2368 2647 Nam
2392 2595 2453 2647 in
2478 2593 2709 2649 Christo
2752 2596 2893 2649 Jesu
2921 2610 3118 2668 neque
3152 2597 3533 2653 circumcisio

1870 2680 2096 2752 aliquid
2128 2680 2305 2747 valet,
2337 2697 2533 2753 neque
2552 2683 2945 2754 praeputium:
2977 2685 3083 2740 sed
3103 2684 3254 2742 ﬁdes
3270 2702 3408 2759 quas
3429 2702 3539 2760 per

1869 2770 2248 2827 dilectionem
2280 2777 2564 2843 operatur
2592 2773 2753 2844 (Gal.
2784 2775 2857 2845 v).
2889 2796 2917 2825 κ
2950 2774 3109 2831 Fidei
3138 2792 3406 2849 namque
3442 2777 3538 2833 in-

1868 2861 2038 2916 victae
2066 2860 2220 2932 lapis
2251 2860 2511 2930 ﬁguram
2545 2863 2732 2918 tenuit
2765 2880 2778 2919 :
2812 2863 3029 2919 cedrus
3053 2866 3304 2922 actionis
3341 2866 3541 2923 odori-

1870 2947 2006 3003 ferae
2031 2965 2045 3003 :
2070 2964 2310 3013 aurum,
2336 2951 2814 3007 transcendentis
2843 2969 3024 3011 omne
3052 2954 3409 3013 dilectionis.
3430 2958 3536 3012 Ve-

1870 3037 2159 3108 stiturque
2194 3036 2470 3108 lapideus
2490 3042 2688 3100 paries
2708 3039 2928 3095 tabulis
2952 3042 3383 3106 cedrinis,’cum
3399 3059 3538 3116 pro-

1869 3124 2055 3180 fessio
2080 3124 2220 3179 ﬁdei
2244 3124 2422 3180 bonis
2469 3130 2719 3182 ornatur
2744 3127 3057 3198 operibus,
3088 3144 3164 3185 ne
3204 3129 3398 3186 otiosa
3440 3130 3538 3201 ju-

1869 3212 2099 3269 dicetur
2119 3230 2271 3283 esse,
2290 3218 2394 3269 aut
2421 3218 2679 3270 mortua.
2709 3216 2931 3272 Verum
2961 3217 3107 3289 quia
3136 3217 3233 3274 lex
3250 3218 3313 3274 in
3330 3218 3535 3292 lapide

1871 3306 2113 3375 scripta,
2156 3302 2431 3359 doctrina
2482 3318 2620 3360 vera
2675 3304 2983 3374 Evangelii
3030 3322 3137 3378 per
3181 3306 3416 3377 lignum
3445 3313 3537 3367 est

1871 3392 2193 3448 Dominicae
2219 3392 2913 3464 passionis-conﬁrmata
2944 3412 2957 3449 :
2982 3396 3147 3451 unde
3175 3401 3233 3452 et
3268 3396 3534 3471 populus

1868 3480 1963 3536 ille
1990 3481 2191 3552 lapide
2219 3481 2762 3539 circumcidebatur
2787 3483 2851 3539 in
2880 3485 3197 3557 praeputio,
3223 3502 3336 3542 nos
3354 3486 3533 3557 signo

1870 3570 2062 3625 crucis
2091 3586 2522 3627 consecramur
2548 3572 2610 3627 in
2638 3572 2849 3629 fronte.
2886 3576 3141 3631 Possunt
3165 3590 3292 3632 non
3330 3576 3536 3634 incon.

1871 3675 2016 3729 grue
2070 3660 2326 3732 parietes
2378 3660 2585 3734 templi
2639 3662 2885 3734 lapidei,
2938 3664 3063 3720 sive
3115 3665 3536 3737 pavimentum

1868 3750 2304 3823 pretiosissimo
2324 3767 2629 3807 marmore
2659 3757 2933 3822 stratum,
2962 3770 3173 3810 eorum
3199 3754 3382 3826 quiin
3400 3754 3534 3825 lege

1868 3842 2121 3898 ﬁdeliter
2151 3859 2221 3898 ac
2255 3843 2512 3916 perfecte
2533 3843 2831 3906 vixerunt,
2854 3849 3069 3917 typum
3094 3850 3329 3911 tenero;
3360 3846 3537 3903 tabuo

1868 3931 1940 3986 lu:
1971 3948 2114 3988 vero
2144 3932 2402 3988 cedrinaa
2457 3932 2581 3988 sive
2634 3931 2931 4002 adiegnae,
2971 3933 3114 3989 Novi
3172 3933 3537 3991 'llestamenﬂ

1864 4021 2062 4093 justos
2092 4021 2378 4088 indicare,
2410 4021 2516 4094 qui
2542 4020 2807 4078 volentes
2837 4026 2975 4095 post
3004 4023 3328 4079 Dominum
3368 4022 3535 4081 veni-

1869 4126 1955 4174 re,
1981 4109 2289 4179 abnegant
2317 4111 2766 4182 semetipsos,et
2787 4116 3031 4185 sumpta
3061 4128 3235 4169 cruce
3258 4128 3372 4170 sua
3387 4127 3539 4186 quo-

1871 4198 2031 4265 tidie,
2067 4203 2407 4271 sequuntur
2435 4199 2626 4256 illum.
2656 4203 2724 4256 Et
2748 4217 2875 4273 quo
2904 4201 3216 4274 utriusque
3247 4202 3538 4276 temporis

1826 4306 1835 4311 '
1866 4288 2062 4359 justos
2100 4288 2445 4344 communis
2494 4288 2685 4359 gloria
2726 4306 3005 4363 supernae
3030 4296 3238 4347 manet
3287 4292 3539 4349 retribu.

1874 4376 2072 4445 tionis,
2104 4376 2413 4450 lapidibus
2443 4394 2515 4435 ac
2561 4378 2739 4450 lignis
2764 4381 3041 4452 pretiosis
3069 4381 3242 4438 tertia
3268 4386 3359 4439 est
3402 4396 3538 4456 spe-

1876 4468 1995 4523 cies
2027 4482 2350 4523 aurearum
2382 4468 2670 4540 adjuncta
2718 4467 3107 4527 laminarum.
3139 4474 3256 4527 Nec
3303 4476 3540 4529 conuin-

1872 4557 2030 4613 rium
2058 4556 2241 4613 debet
2267 4556 2477 4627 videri,
2507 4558 2675 4632 quod
2707 4574 2896 4633 supra
2920 4560 3209 4627 diximus,
3232 4561 3539 4632 porticum

1873 4661 2010 4718 quae
2038 4650 2169 4701 erat
2194 4651 2334 4703 ante
2358 4648 2675 4720 templum,
2705 4648 3096 4721 antiquorum
3146 4647 3409 4719 ﬁguram
3430 4663 3538 4718 gs-

1874 4740 2031 4791 stare
2060 4734 2329 4790 ﬁdelium
2365 4754 2377 4790 ε
2410 4735 2613 4807 ipsum
2654 4752 2793 4791 vero
2832 4736 3150 4809 templum,
3174 4749 3390 4791 eorum
3428 4734 3541 4808 qui

1872 4829 2010 4896 post
2038 4823 2466 4879 incarnationis
2499 4824 2823 4879 Dominicaa
2846 4829 3096 4895 tempus
3144 4824 3207 4880 in
3232 4824 3540 4881 mundum

1871 4916 2187 4969 venerunt.
2233 4914 2413 4969 Porro
2457 4912 2716 4968 domum
2763 4913 3125 4978 interiorem,
3154 4912 3330 4983 regni
3361 4912 3539 4969 caele-

1874 5003 1975 5057 stis
2006 5001 2250 5072 gaudia,
2279 5016 2416 5074 quae
2460 5002 2727 5073 utrisque
2765 5001 2944 5071 iustis
2986 5000 3208 5058 dantur
3252 5001 3535 5073 ﬁgurare.

1875 5095 2041 5146 Nunc
2071 5095 2275 5146 autem
2298 5091 2578 5147 dicamus
2627 5090 2888 5163 parietes
2932 5089 3169 5160 lapides
3216 5092 3540 5167 antiquum

1873 5180 1975 5235 Dei
2019 5178 2338 5252 populum,
2382 5179 2657 5237 tabulata
2712 5179 2961 5236 cedrina
3014 5195 3267 5251 novum,
3320 5196 3539 5239 aureas

1873 5269 2133 5325 laminas
2178 5268 2486 5341 utriusque
2536 5271 2598 5325 in
2646 5268 2814 5325 caelis
2857 5270 3110 5342 praemia
3165 5270 3489 5340 designare
3516 5285 3535 5324 ι

1876 5375 2013 5415 cum
2044 5358 2207 5413 idem
2233 5359 2490 5431 parietes
2533 5357 2738 5431 templi
2766 5363 2828 5414 et
2850 5359 2915 5414 in
2946 5358 3199 5430 porticu,
3234 5363 3291 5415 et
3310 5358 3376 5414 in
3402 5359 3540 5431 ipso

1873 5447 2122 5520 templo,
2156 5452 2213 5502 et
2240 5447 2301 5502 in
2343 5450 2575 5505 Sanctis
2605 5451 2955 5505 sanctorum
2985 5446 3119 5520 pari
3147 5446 3367 5505 fuerint
3413 5462 3542 5505 mo-

1874 5538 1975 5606 do,
2007 5537 2084 5592 de
2130 5536 2436 5609 lapidibus
2460 5542 2519 5594 et
2545 5538 2723 5608 lignis
2762 5542 2820 5593 et
2864 5550 3016 5593 auro
3046 5536 3366 5610 compecti.
3398 5536 3540 5596 Iul~

1874 5626 2057 5698 tiplex
2084 5641 2351 5698 namque
2375 5631 2465 5683 est
2487 5626 2548 5681 in
2580 5626 2829 5683 diversis
2857 5626 3040 5681 rebus
3064 5625 3425 5684 earumdem
3451 5641 3542 5683 re-

1878 5714 2083 5789 petitio
2108 5715 2464 5787 ﬁgurarum.
2490 5716 2609 5774 Sed
2634 5720 2695 5773 et
2718 5715 2838 5773 hoc
2863 5714 3214 5789 dicendum,
3239 5716 3390 5790 quia
3414 5716 3545 5774 tum
