3940 6428
382 267 490 323 423

1499 254 1856 313 ANGELOMI
1896 253 2342 312 LUXOVIENSIS
2379 253 2696 312 MONACHI

3711 252 3809 306 424

385 391 527 444 runt
555 389 614 440 et
641 383 702 440 in
732 382 862 452 lege
907 385 964 436 et
1010 383 1146 434 ante
1195 377 1479 450 scriptam
1527 377 1720 446 legem
1757 394 1769 430 :
1802 375 2042 448 plurimi
2075 377 2124 429 A
2155 376 2414 432 fraterna
2435 375 2676 444 negotia
2697 390 2804 447 per
2825 371 3031 429 omnia
3060 369 3504 443 fulgentzquod
3524 370 3809 442 sequenti.

386 476 489 548 qui
520 473 788 543 legaliter
819 468 1071 525 Domino
1096 466 1480 530 deservirent,
1509 482 1631 522 non
1681 465 2040 531 occidentes,

386 579 512 621 non
531 561 1057 625 fornicantes,non
1090 554 1315 610 furtum
1349 555 1647 620 facientes,
1669 569 1790 608 non
1822 552 2042 608 falsum

388 659 443 709 te
461 650 795 708 stimonium
839 649 1046 702 contra
1094 643 1439 716 proximum
1484 643 1819 716 loquentes,
1852 642 2042 696 hono-

387 746 588 798 rantes
624 743 855 809 patrem
883 738 939 789 et
981 737 1254 800 matrem,
1288 737 1345 787 et
1373 731 1684 801 diligentes
1735 731 2044 802 proximos

391 831 540 886 sicut
573 828 820 898 seipsos,
854 823 914 878 hi
947 822 1024 877 ad
1053 821 1306 894 parietes
1326 822 1590 894 porticus
1616 820 1886 892 lapideos
1915 835 2044 890 per-

389 916 674 973 tinebant.
700 914 964 967 Fuerunt
1007 910 1127 979 alii,
1159 911 1263 981 qui
1309 910 1524 981 majori
1555 910 1915 982 perfectione
1960 923 2045 962 re-

385 1005 536 1059 lictis
588 1000 802 1056 mundi
852 999 1124 1068 negotiis,
1158 1003 1215 1052 et
1240 1003 1556 1070 assumpta
1585 1013 1758 1052 cruce
1791 1013 1922 1066 sua,
1953 1012 2042 1051 se-

386 1092 728 1164 quebantur
780 1087 1149 1142 Dominum:
1199 1088 1363 1160 quod
1419 1085 1740 1158 Apostolus
1795 1084 2040 1139 scribit:

387 1202 416 1229 «
448 1177 728 1235 Ludibria
772 1182 829 1232 et
878 1176 1128 1231 verbera
1177 1177 1400 1247 experti
1448 1175 1694 1247 insuper
1723 1179 1779 1228 et
1807 1172 2046 1228 vincula

387 1273 445 1325 et
474 1283 762 1332 carceres,
793 1264 1044 1336 lapidati
1096 1269 1255 1333 sunt,
1288 1264 1428 1320 secti
1460 1268 1618 1331 sunt,
1650 1261 1854 1318 tentati
1885 1265 2043 1325 sunt,

390 1357 452 1412 in
503 1356 807 1412 occisione
839 1353 1019 1422 gladii
1066 1353 1284 1408 mortui
1337 1356 1496 1407 sunt.
1530 1350 2045 1406 Circumieruntin

388 1445 645 1507 melotis,
675 1444 735 1498 in
785 1442 1041 1514 pellibus
1091 1441 1351 1512 caprinis
1398 1445 1657 1506 egentes,
1700 1438 2041 1508 angustiati,

391 1533 592 1589 afﬂicti
645 1531 867 1604 quibus
917 1531 1136 1599 dignus
1185 1546 1306 1584 non
1365 1535 1488 1584 erat
1535 1529 1799 1584 mundus
1835 1528 2040 1594 (Hebr.

391 1623 492 1693 ιι).
530 1644 556 1670 ››
591 1621 660 1676 Hi
691 1619 796 1692 qui
823 1623 959 1674 ante
990 1617 1370 1674 manifestata
1401 1622 1671 1689 tempora
1721 1615 2041 1684 Evangelii,

2153 463 2267 518 bus
2285 481 2526 536 quoque
2550 464 2747 519 verbis
2773 464 3077 530 astruitur,
3100 478 3239 519 cum
3261 461 3478 517 dicitur
3502 478 3515 515 :
3538 482 3566 510 «
3593 463 3660 515 Et
3682 475 3809 532 ope-

2156 576 2182 602 ‹‹
2225 554 2341 608 ruit
2371 554 2516 609 illud
2551 559 2730 626 atque
2761 553 2990 608 vestivit
3021 568 3169 608 auro
3198 550 3547 625 purissimo.
3585 572 3613 598 »
3645 548 3809 614 Quod

2155 648 2242 696 est
2297 649 2498 716 aperte
2548 643 2765 705 dicere,
2813 641 2958 714 quia
3003 657 3264 715 superna
3308 639 3538 695 muenia
3567 637 3808 694 civitatis

2155 732 2344 800 gratia
2391 732 2690 788 charitatis
2743 731 3027 804 implevit.
3063 753 3090 780 «
3127 729 3240 786 Sed
3269 733 3326 784 et
3363 728 3553 785 altare
3584 726 3810 783 vestivit

2155 842 2184 869 «
2225 821 2426 876 cedro.
2450 844 2475 868 υ
2507 820 2701 876 Altare
2728 819 2869 875 dicit
2898 818 3313 892 thymiamatis
3333 816 3502 890 quod
3531 820 3657 871 erat
3682 819 3809 871 ante

2154 910 2486 965 oraculum.
2510 913 2586 965 De
2617 926 2740 982 quo
2762 909 2944 982 paulo
2976 913 3113 982 post
3137 907 3506 963 subinfertur
3530 922 3543 960 :
3570 928 3596 954 ‹‹
3622 905 3731 960 Sed
3759 910 3811 959 et

2156 1022 2183 1049 «
2226 1003 2416 1054 totum
2449 999 2633 1054 altare
2663 997 2890 1055 oraculi
2924 997 3067 1054 texit
3095 1013 3263 1053 auro.
3302 1019 3330 1046 ››
3359 995 3526 1052 Unde
3577 993 3811 1062 intelligi

2153 1088 2350 1155 datur,
2368 1087 2531 1153 quod
2550 1087 2710 1142 idem
2727 1087 2909 1142 altare
2931 1086 3004 1141 de
3023 1085 3220 1158 lapide
3237 1084 3487 1158 quidem
3508 1083 3682 1139 fuerit
3704 1083 3813 1137 fac-

2156 1182 2374 1246 tum,et
2391 1176 2570 1232 cedro
2595 1176 2978 1245 vestitum,ac
3001 1174 3218 1230 deinde
3243 1189 3394 1228 auro
3425 1176 3805 1244 coopertum:

2155 1265 2447 1334 signiﬁcat
2461 1269 2662 1320 autem
2677 1266 2874 1337 typice
2886 1264 3283 1337 perfectorum
3296 1262 3480 1317 vitam
3489 1261 3510 1332 j
3522 1266 3808 1325 ustorum,

2154 1355 2256 1426 qui
2287 1355 2459 1426 quasi
2485 1354 2546 1409 in
2577 1353 2792 1409 vicinia
2810 1352 3034 1409 oraculi
3067 1357 3204 1407 sunt
3222 1350 3416 1424 positi,
3447 1351 3594 1423 quia
3621 1349 3812 1404 deser-

2156 1443 2228 1498 tis
2258 1443 2480 1497 inﬁmis
2524 1441 3019 1498 delectationibus
3071 1441 3147 1496 de
3178 1440 3305 1496 solo
3359 1438 3531 1507 regni
3561 1437 3809 1493 caelestis

2156 1532 2451 1601 ingressu,
2483 1547 2689 1585 curam
2721 1546 2964 1585 omnem
2992 1528 3370 1602 impendunt.
3388 1527 3557 1582 Unde
3572 1526 3722 1582 bene
3756 1526 3809 1580 in

2158 1621 2270 1674 lioc
2303 1619 2473 1674 altari
2501 1635 2621 1674 non
2653 1635 2863 1674 carnes
2893 1617 3294 1684 victimarum,
3320 1616 3426 1671 sed
3459 1615 3589 1671 sola
3618 1615 3811 1670 incen-

390 1711 577 1767 vitam
619 1710 844 1765 duxere
891 1707 1321 1778 evangelicam,
1351 1723 1472 1762 non
1505 1706 1672 1762 aliter
1701 1711 1878 1778 atque
1910 1711 2044 1759 ante
2077 1725 2120 1778 Β
2158 1707 2455 1762 debentur
2471 1705 3206 1778 thymiamata,quiatales
3222 1703 3422 1760 adhuc
3439 1707 3813 1776 peccatacar-

391 1799 732 1870 ingressum
802 1797 1028 1868 templi,
1085 1797 1352 1853 tabulata
1403 1795 1647 1852 cedrina
1697 1795 1758 1850 in
1816 1794 2045 1866 porticu

392 1887 722 1958 fulgebant.
792 1889 953 1952 Quos
1020 1891 1305 1958 utrosque
1370 1885 1515 1957 quia
1570 1883 1729 1939 idem
1793 1899 2046 1951 regnum

393 1977 630 2032 caeleste
689 1976 1090 2031 communiter
1143 1974 1440 2046 (quamvis
1497 1974 1556 2029 in
1629 1972 2047 2028 mansionibus

391 2065 684 2134 discretis)
714 2063 941 2135 recipit,
971 2063 1147 2135 quasi
1180 2062 1445 2135 porticus
1477 2061 1706 2134 templi,
1739 2067 1873 2132 post
1897 2060 2046 2131 lapi-

390 2151 497 2209 d'e$
529 2157 586 2209 et
615 2152 884 2218 cedrum,
909 2151 1262 2206 intrinsecus
1279 2155 1373 2206 est
1403 2166 1552 2205 auro
1573 2154 1876 2220 cooperta.
1903 2150 2050 2204 Sunt

389 2243 449 2297 in
481 2243 594 2297 hoc
639 2246 908 2313 tempore
959 2240 1266 2312 perplures
1313 2239 1418 2311 qui
1461 2238 1758 2307 legalibus
1787 2235 2048 2293 contenti

388 2332 702 2406 praeceptis
736 2332 886 2402 (quae
918 2345 1101 2402 supra
1118 2329 1750 2384 commemoravimus)
1777 2327 2048 2381 sufﬁcere

390 2421 501 2475 sibi
533 2420 785 2476 credunt
824 2423 1077 2483 tantum,
1114 2418 1161 2473 si
1211 2419 1288 2473 ad
1321 2423 1503 2472 Vitam
1542 2417 1741 2471 venire
1775 2430 2047 2470 merean-

390 2514 504 2565 tur.
539 2511 684 2564 Sunt
729 2507 848 2576 alii,
881 2507 983 2579 qui
1031 2507 1108 2560 ad
1159 2505 1580 2578 perfectionem
1626 2520 1745 2559 non
1789 2503 2044 2567 desides,

389 2597 647 2653 venditis
693 2614 828 2668 qua:
873 2595 1099 2650 habent
1140 2594 1424 2649 omnibus
1468 2598 1802 2665 sequuntur
1854 2592 2048 2646 Domi-

397 2702 568 2751 num,
599 2701 898 2739 memores
929 2682 1209 2755 promissi
1240 2681 1583 2753 illius,quod
1619 2681 1834 2736 talibus
1867 2681 1925 2734 in
1958 2697 2048 2735 re-

393 2773 760 2828 surrectione
802 2787 925 2827 non
975 2771 1174 2826 solum
1213 2770 1416 2838 vitam,
1469 2769 1572 2825 sed
1629 2775 1685 2824 et
1728 2769 2048 2840 specialem

392 2861 666 2934 praedixit
713 2861 1006 2916 honorem
1037 2875 1164 2915 esse
1195 2858 1547 2914 tribundum
1583 2875 1596 2912 :
1631 2880 1659 2908 α
1695 2861 1882 2911 Amen
1915 2858 2048 2912 dico

390 2949 581 3014 vobis,
613 2949 778 3021 quod
806 2965 911 3004 vos
939 2947 1044 3021 qui
1073 2947 1259 3004 secuti
1307 2947 1445 3002 estis
1494 2963 1610 3013 me,
1645 2947 1703 3001 in
1734 2962 2049 3015 regenera-

391 3039 548 3094 tione
579 3055 717 3094 cum
752 3038 967 3093 sederit
998 3037 1172 3093 Filius
1221 3035 1482 3092 hominis
1524 3037 1586 3090 in
1612 3035 1751 3090 sede
1785 3035 2049 3105 majestis
2080 3072 2122 3126 Ο

390 3145 536 3192 suae,
569 3127 848 3183 sedebitis
879 3132 935 3182 et
956 3143 1064 3183 vos
1093 3141 1276 3199 super
1302 3125 1474 3182 sedes
1515 3125 1858 3187 duodecim,
1886 3125 2048 3194 judi-

389 3217 613 3273 candes
658 3216 979 3272 duodecim
1011 3215 1199 3270 tribus
1252 3213 1431 3270 Israel
1474 3214 1714 3283 (Matth.
1749 3221 1886 3278 nx).
1921 3235 1949 3262 ››
1984 3212 2049 3268 Hi

389 3307 468 3363 ad
515 3306 804 3378 parietem
860 3304 1063 3376 templi
1119 3303 1258 3360 albo
1306 3303 1381 3358 de
1426 3302 1625 3374 lapide
1675 3302 1919 3370 factum,
1967 3302 2047 3357 illi

388 3394 719 3463 ﬁguraliter
749 3394 826 3448 ad
857 3393 1101 3448 cedrina
1140 3391 1437 3464 pertinent
1466 3390 1731 3446 tabulata
1765 3410 1777 3446 :
1814 3392 2048 3463 utrique

390 3482 645 3554 praemia
684 3497 720 3535 a
749 3479 1001 3535 Domino
1030 3484 1336 3551 perpetua:
1365 3478 1534 3548 lucis,
1561 3478 1739 3550 quasi
1782 3479 1910 3534 auri
1960 3479 2046 3535 la-

390 3569 592 3624 minas
653 3567 873 3640 quibus
937 3566 1295 3622 decorentur
1360 3569 1725 3637 exspectant.
1784 3569 1932 3622 Sunt
1985 3565 2046 3621 in

389 3657 564 3716 aditis
594 3656 824 3729 lapides
854 3655 1116 3728 pretiosi,
1135 3659 1276 3710 sunt
1295 3654 1514 3710 tabulae
1534 3655 1679 3724 ligni
1708 3655 2042 3724 aromatici,

389 3753 643 3820 utraque
669 3762 818 3802 auro
851 3750 1151 3819 cooperta,
1183 3745 1326 3817 quia
1358 3749 1412 3798 et
1439 3743 1519 3798 illi
1545 3746 1648 3816 qui
1691 3744 1752 3798 in
1780 3744 1909 3813 lege
1939 3746 2046 3798 Do-

388 3836 536 3892 mini
591 3834 960 3892 immaculati
1013 3833 1488 3899 ambulaverant,
1537 3837 1593 3888 et
1637 3832 1743 3905 qui
1792 3833 2046 3902 gratiam

389 3925 691 3996 Evangelii
719 3924 976 3998 perfecte
1007 3926 1414 3996 susceperant,
1445 3921 1666 3994 pariter
1685 3926 1906 3978 aeterna
1926 3924 2046 3980 vita

388 4015 794 4086 perfruuntur.
1943 4020 1953 4028 ·

461 4123 490 4150 α
532 4101 854 4158 Oraculum
885 4104 1086 4157 autem
1115 4099 1175 4154 in
1205 4098 1406 4155 medio
1431 4098 1649 4155 domus
1679 4099 1739 4154 in
1782 4099 2045 4156 interiori

390 4212 419 4240 κ
460 4193 628 4262 parte
658 4189 898 4256 fecerat,
931 4193 996 4244 ut
1023 4191 1272 4260 poneret
1308 4186 1390 4243 ibi
1421 4204 1624 4244 arcam
1654 4188 1892 4244 foederis
1933 4189 2043 4244 Do-

393 4301 422 4328 ‹‹
460 4276 627 4333 mini.
662 4299 691 4326 »
720 4277 842 4332 Hoc
872 4276 1147 4349 superius
1176 4277 1657 4349 praeoccupando
1701 4278 2040 4350 expositum

389 4372 497 4434 est,
529 4365 676 4438 quia
702 4365 977 4421 videlicet
1019 4365 1261 4421 interior
1303 4365 1521 4421 domus
1566 4371 1792 4422 secreta
1834 4367 2040 4438 patrita

389 4455 664 4524 caelestis,
713 4470 854 4510 arca
910 4453 1148 4510 foederis
1188 4454 1508 4510 Dominum
1557 4455 1934 4521 salvatorem,
1978 4455 2040 4509 in

389 4560 511 4618 quo
543 4543 669 4600 solo
700 4542 894 4598 foedus
932 4544 1098 4616 pacis
1128 4542 1293 4614 apud
1323 4545 1558 4598 Patrem
1586 4542 1910 4609 habemus,
1937 4542 2041 4597 de-

389 4634 670 4705 signaret,
693 4632 797 4706 qui
819 4636 954 4705 post
981 4631 1475 4688 resurrectionem
1506 4647 1681 4687 suam
1711 4629 2043 4687 ascendens

386 4722 446 4778 in
474 4723 715 4788 coelum,
742 4738 985 4778 carnem
1012 4736 1200 4794 quam
1228 4721 1302 4776 de
1325 4720 1552 4791 virgine
1593 4723 1954 4793 sumpserat,
1982 4719 2044 4773 in

387 4811 574 4868 Patris
605 4812 848 4867 dextera
879 4809 1212 4867 collocavit.

458 4921 486 4948 ‹‹
525 4903 706 4955 Porro
738 4899 1051 4955 oraculum
1075 4898 1343 4954 habebat
1369 4896 1576 4967 viginti
1597 4895 1834 4952 cubitos
1859 4894 2048 4963 longi-

388 5005 418 5040 ‹
457 4987 700 5054 tudinis,
735 4993 790 5044 et
817 4987 1060 5058 triginta
1104 4987 1337 5042 cubitos
1383 4983 1732 5049 latitudinis,
1757 4989 1814 5038 et
1842 4982 2046 5056 viginti

387 5095 417 5123 «
457 5075 690 5130 cubitos
716 5075 1062 5131 altitudinis.
1092 5097 1120 5125 η
1145 5073 1319 5140 Quod
1339 5073 1555 5129 dicitur
1577 5071 1780 5142 viginti
1810 5071 2043 5127 cubitos

384 5163 713 5220 altitudinis
734 5164 1020 5235 parietem
1047 5163 1343 5234 signiﬁcat
1358 5161 1692 5226 cedrinum,
1716 5161 1820 5232 qui
1842 5177 2044 5218 oracu-

383 5252 531 5323 lum,
555 5252 616 5309 id
645 5257 751 5315 est,
777 5255 994 5309 Sancta
1025 5256 1372 5308 sanctorum
1405 5249 1484 5305 ab
1509 5249 1638 5304 aede
1663 5250 1935 5306 exteriori
1954 5267 2044 5306 se-

385 5341 696 5411 gregabat,
731 5341 884 5396 sicut
913 5345 968 5396 et
1005 5355 1186 5412 supra
1215 5337 1499 5393 diximus.
1534 5338 1854 5394 Oraculum
1901 5357 2040 5396 vero

383 5429 489 5484 ubi
515 5435 642 5485 erat
661 5445 801 5484 arca
822 5429 1088 5484 habebat
1112 5427 1351 5482 vicenos
1373 5426 1606 5482 cubitos
1632 5428 1696 5483 in
1721 5427 2040 5498 longitudi-

383 5529 479 5580 ne,
500 5520 556 5568 et
579 5515 888 5570 latitudine
915 5521 971 5570 et
996 5513 1326 5580 altitudine,
1349 5513 1409 5568 id
1440 5519 1547 5586 est,
1570 5532 1676 5589 per
1696 5517 2033 5588 quadrum:

383 5602 528 5671 quia
558 5602 616 5655 in
648 5619 908 5673 superna
925 5603 1026 5658 illa
1045 5602 1239 5673 patria
1257 5602 1356 5658 ubi
1387 5619 1588 5674 regem
1612 5605 1670 5660 in
1688 5605 1902 5662 decore
1925 5621 2035 5661 suo

383 5688 588 5744 vident
611 5690 769 5746 oculi
811 5695 1179 5759 sanctorum,
1213 5691 1342 5750 sola
1383 5694 1684 5752 charitatis
1717 5695 1935 5751 divinae
1961 5711 2033 5752 ac

2158 1796 2270 1861 nis,
2295 1801 2350 1851 et
2371 1794 2680 1851 illecebras
2708 1795 3138 1863 cogitationum
3168 1793 3229 1848 in
3258 1808 3321 1848 se
3367 1797 3637 1848 mactare
3665 1805 3811 1862 opus

2159 1885 2411 1950 habent;
2438 1884 2541 1939 sed
2574 1888 2803 1939 tantum
2835 1883 3176 1940 orationum
3208 1880 3612 1954 spiritualium
3630 1883 3688 1934 et
3707 1893 3811 1933 coe-

2157 1974 2397 2029 lestium
2427 1973 2862 2028 desideriorum
2895 1972 3310 2028 odoramenta.
3348 1987 3457 2043 per
3496 1970 3699 2038 ignem
3729 1968 3810 2021 in-

2160 2064 2308 2118 terni
2338 2063 2560 2118 amoris
2588 2062 2647 2117 in
2675 2066 3001 2134 conspectu
3033 2061 3125 2116 sui
3176 2059 3512 2118 Conditoris
3543 2057 3807 2114 offerunt.

2232 2173 2259 2199 «
2304 2151 2559 2206 Domum
2599 2167 2845 2223 quoque
2887 2155 3025 2206 ante
3055 2148 3368 2204 oraculum
3412 2145 3650 2204 vestivit
3675 2159 3810 2200 auro

2159 2263 2187 2289 «
2230 2241 2574 2312 purissimo,
2622 2246 2679 2296 et
2735 2239 2920 2296 affixit
2964 2239 3222 2295 laminas
3281 2238 3466 2294 clavis
3521 2235 3735 2292 aureis.
3783 2255 3808 2280 ιο

2161 2333 2415 2384 Domum
2463 2334 2600 2384 ante
2651 2327 2986 2388 oraculum.
3038 2327 3348 2400 praesentis
3397 2324 3672 2381 Ecclesiae
3725 2327 3807 2393 tyo

2158 2434 2307 2490 pum
2358 2424 2554 2472 tenere
2601 2417 2885 2486 diximus,
2913 2416 3015 2471 ubi
3069 2417 3150 2472 ita
3189 2413 3606 2487 Redemptoris
3635 2408 3808 2468 nostri

2160 2522 2364 2560 amore
2394 2506 2743 2577 ﬂagramus,
2777 2511 2839 2560 ut
2879 2505 3140 2560 necdum
3192 2505 3395 2576 ipsum
3440 2503 3643 2558 videre
3668 2498 3805 2554 facie

2161 2595 2466 2650 valeamus
2504 2595 2579 2650 ad
2613 2594 2846 2649 faciem.
2882 2593 3047 2649 Unde
3077 2597 3215 2666 apte
3245 2591 3470 2648 domus
3500 2591 3628 2646 haec
3668 2601 3804 2643 auro

2161 2684 2403 2755 quidem
2437 2683 2763 2755 purissimo
2813 2688 3133 2756 cooperta;
3168 2681 3273 2737 sed
3316 2680 3664 2753 interposito
3692 2679 3806 2731 erat

2162 2771 2361 2827 medio
2390 2772 2611 2844 pariete
2634 2771 2712 2826 ab
2743 2770 2990 2827 oraculo
3015 2775 3260 2826 secreta.
3295 2769 3618 2844 Oraculum
3643 2781 3801 2822 nam-

2161 2877 2280 2932 que
2312 2843 2576 2928 vocatur,
2609 2877 2749 2915 cum
2778 2859 2873 2916 vel
2901 2859 3109 2916 divina
3132 2843 3486 2915 hominibus
3515 2855 3607 2913 vel
3631 2868 3800 2921 ange-

2159 2949 2274 3004 lica
2305 2949 2583 3004 allocutio
2609 2966 2747 3004 cum
2781 2953 3144 3004 secretorum
3181 2961 3567 3021 quorumque
3595 2941 3800 3000 revela—
3881 2948 3889 2958 ‘

2165 3038 2319 3094 tione
2351 3037 2716 3093 conceditur.
2753 3038 2918 3094 Unde
2965 3037 3118 3093 bene
3149 3036 3468 3092 oraculum
3515 3035 3575 3090 in
3618 3030 3796 3090 aditis.

2159 3127 2272 3181 hoc
2304 3130 2393 3181 est
2417 3125 2477 3180 in
2502 3125 2762 3181 interiori
2789 3125 2975 3182 domo
3001 3126 3228 3181 factum
3254 3129 3364 3194 est,
3381 3123 3529 3196 quia
3558 3132 3794 3193 superna

2159 3214 2370 3286 patria,
2406 3219 2463 3268 et
2512 3213 2867 3282 angelorum
2900 3213 3076 3270 nobis
3124 3213 3274 3268 visio
3305 3217 3489 3284 atque
3517 3207 3795 3270 allocutio,

2159 3310 2216 3358 et
2256 3302 2389 3374 ipsa
2441 3303 2539 3357 Dei
2596 3302 2913 3374 praesentia
2960 3301 3335 3358 revelabitur.
3399 3303 3624 3356 Domus
3668 3308 3796 3362 ergo

2159 3397 2295 3447 ante
2326 3391 2640 3446 oraculum
2670 3407 2817 3446 auro
2843 3395 2995 3447 tecta
3023 3396 3133 3462 est,
3164 3390 3308 3463 quia
3326 3387 3573 3462 perfecti
3590 3384 3795 3459 quique

2153 3481 2296 3551 justi
2326 3481 2386 3535 in
2416 3481 2530 3536 hac
2552 3480 2693 3548 vita,
2728 3479 2831 3535 ubi
2861 3480 3122 3536 necdum
3167 3479 3372 3552 palam
3404 3478 3484 3535 de
3507 3478 3671 3532 Patre
3700 3487 3793 3528 au-

2157 3569 2303 3634 dire,
2331 3569 2390 3624 id
2418 3573 2506 3624 est
2530 3569 2789 3624 necdum
2820 3568 3024 3641 palam
3055 3571 3288 3624 Patrem
3337 3567 3538 3624 videre
3563 3562 3791 3637 queunt,

2154 3655 2337 3712 ﬁdem
2369 3662 2425 3712 et
2446 3673 2599 3730 opus
2627 3658 2870 3728 justitia
2913 3657 3116 3712 divino
3161 3661 3380 3712 ornant
3421 3669 3626 3713 amore
3657 3669 3669 3706 :
3701 3662 3795 3721 per

2156 3762 2338 3818 quem
2383 3747 2628 3819 plenam
2679 3746 2779 3803 Dei
2821 3746 3226 3816 cognitionem
3267 3748 3612 3802 mereantur
3634 3738 3791 3797 attin-

2158 3849 2316 3903 gere.
2343 3834 2602 3889 Laminae
2618 3836 2750 3890 auri
2771 3835 2992 3907 quibus
3008 3840 3215 3908 operta
3235 3840 3327 3891 est
3341 3834 3486 3890 dom
3494 3850 3583 3902 us,
3605 3840 3794 3902 opera-

2157 3923 2346 3978 tiones
2367 3928 2506 3978 sunt
2531 3923 2868 3980 multifaria;
2898 3923 3154 3997 pietatis,
3172 3940 3328 3997 quas
3356 3923 3418 3979 in
3450 3915 3790 3991 obsequium

2154 4011 2250 4066 vel
2281 4011 2375 4067 sui
2405 4013 2718 4082 Creatoris,
2750 4013 2842 4069 vel
2886 4013 3158 4069 traternas
3214 4011 3605 4075 necessitatis,
3637 4015 3791 4062 amor

2155 4105 2357 4156 castus
2377 4100 2634 4157 exhibet.
2670 4100 2832 4158 Clavi
2863 4101 3026 4157 aurei
3057 4101 3280 4174 quibus
3310 4107 3483 4158 erant
3512 4097 3697 4156 afﬁne
3719 4090 3791 4146 la-

2152 4189 2332 4244 minae
2361 4189 2493 4262 ipsa
2546 4194 2686 4245 sunt
2726 4194 3026 4262 praecepta
3056 4190 3382 4257 charitatis,
3423 4203 3531 4262 per
3581 4197 3708 4257 quae
3734 4177 3788 4233 in

2153 4277 2432 4333 exercitio
2479 4277 2800 4350 studioque
2844 4277 3132 4334 virtutum
3175 4293 3251 4334 ne
3290 4277 3658 4336 deﬁciamus,
3689 4267 3785 4324 d0-

2152 4372 2333 4422 nante
2362 4366 2574 4422 Christi
2604 4367 2813 4437 gratia,
2841 4366 3239 4422 continemur.
3271 4390 3296 4415 α
3335 4367 3501 4423 Unde
3547 4363 3692 4419 bene
3717 4353 3784 4409 de

2153 4456 2380 4512 eisdem
2423 4455 2604 4512 clavis
2654 4457 2715 4511 in
2757 4455 2910 4512 libro
2966 4456 3467 4530 Paralipomenon
3518 4450 3784 4530 scriptum

2154 4549 2242 4600 est
2269 4561 2281 4598 :
2309 4567 2336 4594 ‹‹
2364 4544 2477 4600 Sed
2499 4549 2554 4600 et
2584 4544 2788 4600 clavos
2809 4544 2945 4600 fecit
2965 4528 3180 4602 aureos
3206 4546 3289 4602 ita
3318 4550 3383 4602 ut
3411 4538 3624 4613 singuli
3647 4528 3784 4591 οιανί

2153 4631 2330 4688 siclos
2375 4632 2838 4706 quinquagenos
2881 4632 3294 4706 appenderent
3338 4635 3428 4703 (II
3462 4634 3602 4688 Par.
3636 4622 3727 4692 in).
3756 4637 3780 4666 ι»

2155 4721 2681 4792 Quinquagenario
2712 4737 2978 4794 namque
3009 4738 3263 4778 numero
3279 4722 3431 4778 solet
3458 4721 3519 4776 in
3550 4712 3783 4783 Scriptu-

2151 4807 2232 4865 ris
2256 4809 2526 4864 remissio
2554 4814 2960 4881 peccatorum,
2993 4815 3048 4865 et
3079 4810 3270 4879 gratia
3317 4809 3563 4882 Spiritus
3588 4794 3779 4858 sancti,

2153 4902 2210 4952 et
2266 4897 2500 4969 requies
2553 4903 2776 4954 aeterna
2825 4897 3088 4968 ﬁgurari.
3122 4901 3188 4954 Et
3234 4897 3778 4970 quinquagenoruin

2153 4990 2324 5040 erant
2350 4967 2631 5042 siclorum
2663 4986 2814 5042 clavi
2859 4967 3098 5057 singuli,
3127 4967 3351 5058 quibus
3403 4967 3638 5042 laminae
3664 4967 3781 5030 auri

2154 5072 2552 5142 aﬂlgebantur
2597 5074 2659 5130 in
2708 5074 3036 5148 parietibus
3085 5074 3307 5131 domus
3356 5067 3603 5131 Domini.
3645 5058 3779 5128 Quia

2151 5161 2436 5218 nimirum
2465 5163 2652 5220 verba
2699 5163 2982 5230 caelestia,
3027 5163 3249 5236 quibus
3277 5163 3337 5219 in
3379 5173 3578 5218 amore
3605 5157 3777 5209 bono-

2150 5267 2287 5306 rum
2319 5266 2571 5323 operum
2597 5251 2950 5324 proﬁcimus
2978 5256 3036 5307 et
3079 5265 3523 5319 conservamur,
3557 5237 3775 5330 veniali1

2150 5340 2326 5395 nobis
2354 5340 2708 5412 promittunt
2735 5343 3144 5414 peccatorum,
3167 5339 3423 5411 gratiam
3451 5329 3632 5393 sancti
3658 5327 3773 5395 Spi-

2147 5428 2297 5484 ritus
2329 5433 2386 5484 et
2427 5429 2870 5485 sabbatismum
2900 5428 2962 5483 in
3005 5428 3204 5485 futuro
3250 5427 3597 5501 pollicentur
3623 5417 3772 5472 inter-

2146 5534 2315 5573 num.
2349 5521 2415 5572 Et
2437 5518 2499 5573 hi
2522 5518 2770 5590 quidem
2801 5522 2942 5574 sunt
2970 5517 3123 5574 clavi
3153 5516 3503 5576 dilectionis.
3524 5509 3663 5566 Sunt
3680 5512 3768 5554 V8-

2144 5621 2211 5660 ro
2252 5605 2350 5661 alii
2394 5606 2546 5662 clavi
2586 5606 2838 5673 timoris,
2891 5606 3114 5678 quibus
3163 5606 3509 5679 incipientes
3566 5591 3769 5667 quid“

2143 5700 2200 5750 et
2231 5694 2491 5752 necdum
2545 5695 2623 5751 ad
2669 5695 3096 5767 perfectionem
3137 5694 3566 5768 pervenientes,
3590 5679 3768 5739 illece-
