3940 6408
103 267 201 320 426

1063 272 1326 328 ENAHR.
1371 275 1438 330 IN
1478 272 1726 329 LIBROS
1768 274 2028 331 REGUM.
2070 306 2138 316 —
2179 278 2246 332 ΙΝ
2289 278 2422 334 LIB.
2469 282 2556 335 Ill.

3427 291 3533 346 426

102 389 234 444 bras
265 389 550 446 vitiorum
591 391 1047 465 carnaliumque
1094 393 1469 468 voluptatem
1516 394 1764 452 mortiﬁ-
1792 398 1840 450 A
1869 412 2102 468 eorum,
2124 400 2349 473 quibus
2383 402 2459 459 ad
2501 402 2759 459 caelestia
2793 419 3032 476 semper
3080 405 3304 477 volare,
3353 414 3532 484 atque

103 484 250 535 cant.
290 479 368 534 Illi
399 479 680 536 videlicet
712 498 1019 538 sermones
1057 483 1337 552 veritatis,
1383 501 1646 558 quorum
1679 485 1762 541 in-

103 569 394 624 stitutioue
423 586 669 626 carnem
701 578 971 628 nostram
1015 573 1362 645 cruciﬁgere
1412 591 1554 631 cum
1605 574 1762 631 vitiis

101 662 152 713 et
175 659 677 730 concupiscentiis
709 659 1036 716 docemur:
1094 677 1248 733 quas
1273 662 1498 720 habere
1523 662 1760 720 deside-

101 747 266 804 rabat
310 749 631 820 Propheta,
682 765 822 805 cum
869 750 987 806 ait:
1048 776 1072 800 «ι
1108 752 1352 823 Conﬁge
1401 752 1584 809 clavis
1615 769 1652 810 a
1695 753 1752 810 ti-

101 853 260 894 more
288 842 390 893 tuo
421 854 635 894 carnes
668 856 856 906 meas,
899 857 935 896 a
962 841 1202 911 judiciis
1233 841 1396 898 enini
1429 842 1543 898 tuis
1591 841 1758 899 timui

102 930 279 998 (Psal.
314 929 534 999 cxvm).
571 951 597 977 ››
631 928 739 994 Qui
771 945 1011 985 rursum
1044 931 1123 985 ad
1152 930 1510 1003 perfectiora
1553 947 1759 1005 perve-

100 1017 284 1087 niens,
315 1017 458 1073 dicit
505 1017 581 1074 de
629 1018 814 1074 clavis
863 1018 1243 1075 dilectionis:
1304 1043 1332 1069 «
1364 1019 1498 1077 Mihi
1554 1024 1757 1077 autem

99 1107 397 1162 adhaerere
428 1109 548 1163 Deo
576 1107 805 1163 bonum
835 1113 923 1162 est
951 1109 1141 1176 (Psal.
1177 1110 1371 1181 LXXII).
1404 1133 1433 1158 ››

167 1220 192 1245 α
226 1196 497 1268 Nihilque
529 1202 656 1252 erat
684 1197 744 1252 in
773 1195 996 1269 templo
1035 1198 1203 1271 quod
1232 1213 1358 1254 non
1405 1213 1555 1256 auro
1604 1203 1757 1269 tege-

102 1309 126 1333 ‹‹
155 1290 329 1341 retur.
365 1287 480 1341 Sed
510 1291 564 1342 et
600 1291 786 1342 totum
839 1286 1026 1342 altare
1058 1287 1286 1344 oraculi
1331 1288 1473 1344 texit
1519 1304 1690 1346 auro.
1725 1309 1753 1338 ››

102 1377 385 1430 Deaurata
416 1379 508 1431 est
534 1377 760 1449 quippe
794 1376 1058 1448 porticus
1084 1382 1222 1433 ante
1253 1376 1568 1450 templum,
1610 1377 1755 1451 quia

99 1467 288 1520 Patres
321 1465 541 1520 Veteris
568 1465 931 1521 Testamenti
963 1469 1082 1521 Deo
1113 1482 1220 1538 per
1249 1467 1600 1523 charitatem
1630 1467 1756 1540 pla-

97 1560 360 1610 cuerunt.
414 1555 778 1611 Deauratum
830 1560 919 1611 est
970 1555 1175 1616 ipsum
1235 1557 1550 1630 templum,
1608 1557 1754 1630 quia

97 1643 299 1700 eadem
331 1644 470 1716 ipsa
502 1663 532 1697 α
565 1645 822 1701 charitas
863 1646 964 1700 Dei
989 1645 1212 1701 diil'usa
1242 1650 1331 1702 est
1357 1646 1419 1701 in
1467 1645 1752 1703 cordibus

1868 485 1930 542 in
1987 488 2079 544 his
2131 492 2650 549 conversationem
2692 492 3066 550 delectantur
3105 495 3330 555 habere
3382 502 3533 557 Cum

1866 591 2008 632 vero
2048 577 2109 633 in
2139 579 2641 650 signiﬁcationem
2671 583 3028 651 angelorum
3067 593 3377 657 ponuntur
3398 588 3529 661 alae,

1866 665 2014 738 quid
2039 667 2238 739 aptius
2266 686 2452 742 quam
2484 671 2740 742 gratiam
2768 671 3187 730 demonstrant
3215 683 3531 750 perpetuae

1866 759 1922 811 et
1969 755 2341 814 indefectivee
2393 759 2686 817 felicitatis
2737 777 2969 830 eorum,
3024 763 3130 836 qui
3181 781 3422 839 semper
3467 769 3532 823 in

1866 843 2206 902 coelestibus
2237 847 2296 903 in
2329 849 2657 906 ministerio
2699 850 2793 906 sui
2842 851 3169 924 persistunt
3214 855 3476 913 auctoris
3499 857 3529 914 ?

1865 933 1966 989 Vel
1995 940 2150 991 certe
2181 937 2325 1008 quia
2353 937 2588 995 levitate
2619 940 2898 1012 spiritalis
2930 948 3160 999 naturae
3199 948 3339 1000 sunt
3379 962 3531 1019 prae-

1864 1022 2019 1079 diti:
2051 1024 2134 1081 ita
2162 1031 2225 1082 ut
2254 1027 2602 1101 ubicunque
2647 1029 2944 1086 voluerint
2975 1032 3172 1089 statim
3205 1033 3384 1107 quasi
3425 1052 3530 1092 vo-

1861 1111 2047 1169 lando
2076 1115 2450 1188 perveniant,
2483 1123 2539 1174 et
2561 1118 2657 1174 hic
2689 1136 2828 1175 cum
2858 1120 2966 1176 alis
2996 1121 3258 1191 ﬁgurati,
3309 1128 3366 1179 et
3393 1141 3529 1197 pro-

1863 1201 2058 1273 phetis
2088 1209 2392 1261 suntcum
2423 1206 2532 1262 alis
2563 1209 2808 1264 ostensi.
2851 1211 3007 1265 Bene
3062 1215 3264 1268 autem
3311 1211 3528 1270 dicitur

1861 1291 2006 1364 quia
2036 1311 2066 1344 ‹
2097 1293 2366 1367 quinque
2397 1295 2741 1352 cubitorum
2780 1297 2956 1354 fuerit
2985 1298 3081 1355 ala
3119 1299 3346 1358 cherub
3377 1318 3524 1374 una,

1861 1384 1919 1436 et
1947 1380 2215 1455 quinque
2248 1384 2588 1440 cubitorum
2637 1385 2734 1441 ala
2782 1387 3010 1443 cherub
3059 1387 3265 1459 altera,
3303 1414 3330 1439 »
3375 1407 3526 1464 quo-

1860 1468 2028 1526 niam
2057 1471 2301 1528 virtutes
2332 1474 2619 1544 angelicae
2640 1473 2837 1546 legem
2872 1476 2971 1532 Dei
2997 1493 3135 1549 quae
3165 1477 3226 1532 in
3253 1479 3526 1553 quinque

1858 1558 2028 1617 libris
2079 1561 2382 1638 descripta
2439 1570 2544 1637 est,
2606 1566 2914 1624 indefessa
2963 1567 3284 1625 devotione
3333 1574 3526 1627 custo-

1859 1652 2067 1710 diunt:
2106 1654 2412 1726 diligendo
2442 1657 2714 1713 videlicet
2745 1658 3065 1715 Dominum
3112 1659 3302 1716 Deum
3345 1677 3526 1717 suum

96 1734 324 1796 nostris,
358 1749 468 1805 per
495 1733 779 1806 Spiritum
811 1738 1088 1790 sanctum
1117 1735 1222 1807 qui
1248 1735 1427 1791 datus
1458 1739 1546 1792 est
1571 1735 1749 1792 nobis
1781 1762 1822 1817 Β
1860 1757 1933 1798 ex
1988 1743 2272 1800 omnibus
2315 1745 2543 1802 viribus
2587 1746 2730 1816 suis,
2779 1751 2838 1803 et
2880 1747 3187 1821 proximos
3230 1753 3523 1823 tanquam

97 1823 271 1892 (Rom.
302 1824 374 1893 ν).
406 1842 437 1874 ›
470 1823 769 1879 Deaurata
795 1827 883 1878 est
926 1822 1146 1880 domus
1189 1824 1453 1896 interior,
1497 1824 1642 1897 quia
1687 1824 1750 1881 in

96 1927 347 1984 superna
371 1912 574 1985 patria
602 1912 729 1968 sola
753 1912 1013 1968 charitas
1045 1918 1276 1983 regnat.
1307 1913 1422 1969 Sed
1447 1913 1531 1969 ibi
1561 1929 1634 1970 eo
1653 1930 1752 1970 ve-

94 2001 207 2056 rius
231 2007 287 2058 et
311 2001 741 2074 securius,quo
763 2017 1026 2074 praesens
1043 2003 1170 2071 ipse
1191 2003 1587 2076 Deus,quiest
1612 2003 1750 2060 cha-

93 2091 246 2157 ritas,
261 2091 516 2147 videtur.
532 2091 619 2146 Ibi
631 2107 702 2146 eo
724 2091 965 2162 certius,
985 2091 1116 2163 ipse
1133 2092 1428 2149 mediator
1447 2092 1543 2149 Dei
1568 2097 1624 2148 et
1647 2093 1750 2149 ho-

95 2179 458 2253 minum,qui
478 2181 642 2236 solus
668 2185 1058 2253 paternorum
1081 2186 1167 2237 est
1190 2181 1470 2237 conscius
1493 2187 1746 2238 secreto-

95 2285 240 2337 rum,
297 2270 464 2326 velut
515 2286 658 2326 arca
715 2271 1080 2327 Testamenti
1129 2287 1368 2344 semper
1438 2271 1746 2344 aspicitur.

95 2358 257 2424 Quod
285 2364 494 2415 autem
520 2359 834 2415 cmnacula
858 2375 1105 2432 quoque
1129 2365 1280 2416 tecta
1306 2365 1444 2416 sunt
1473 2377 1642 2427 auro,
1670 2361 1749 2417 ad

94 2448 364 2504 eumdem
398 2464 651 2504 sensum
679 2448 938 2521 respicit.
976 2449 1137 2506 Sicut
1173 2449 1335 2506 enim
1363 2449 1608 2506 interior
1637 2449 1747 2506 do-

97 2553 220 2592 mus
267 2543 480 2594 sancta
528 2543 874 2594 sanctorum
929 2538 1034 2594 ubi
1077 2544 1203 2595 erat
1239 2554 1399 2606 arca,
1449 2539 1747 2596 internam

97 2633 430 2686 sanctorum
463 2629 648 2686 vitam
682 2630 744 2684 in
792 2634 1122 2702 conspectu
1175 2630 1267 2685 sui
1315 2629 1649 2687 Conditoris
1691 2635 1750 2687 et

97 2718 500 2794 Redemptoris
526 2720 927 2790 signiﬁcabat,
964 2720 1136 2792 juxta
1167 2720 1313 2776 illud
1362 2720 1696 2777 Psalmistae
1729 2740 1742 2778 :

96 2830 120 2855 ‹‹
152 2809 498 2865 Abscondes
530 2825 634 2864 eos
661 2809 720 2864 in
751 2809 1108 2866 abscondito
1138 2811 1339 2865 vultus
1369 2810 1475 2875 tui,
1513 2826 1550 2866 a
1599 2826 1744 2866 con-

95 2897 417 2954 turbatione
451 2898 771 2954 hominum
797 2899 988 2968 (Psal.
1021 2899 1166 2971 xxx)
1195 2916 1208 2954 :
1243 2921 1272 2948 »
1303 2898 1386 2954 ita
1432 2899 1746 2955 cosnaculo

94 2985 148 3040 in
175 2986 311 3054 alto,
343 2987 629 3043 eamdem
661 2987 867 3055 vitam,
899 2987 1016 3043 hoc
1045 2991 1135 3043 est
1163 2987 1227 3043 in
1275 2987 1437 3043 caelis
1486 3004 1640 3056 esse,
1690 2993 1748 3044 et

1861 1831 2113 1904 seipsos.
2148 1855 2175 1884 «
2208 1833 2523 1891 Plenitudo
2553 1836 2714 1892 enim
2739 1835 2888 1907 legis
2919 1837 3180 1894 charitas
3210 1842 3299 1894 est
3328 1839 3518 1911 (Rom.

1859 1921 1998 1993 xui).
2035 1943 2064 1973 ››
2095 1922 2352 1979 Proximi
2381 1929 2583 1980 autem
2615 1940 2846 1988 eorum,
2891 1929 2949 1981 et
2995 1925 3110 1998 ipsi
3157 1925 3520 2000 adinvicem,

1860 2015 2001 2066 sunt
2051 2011 2305 2082 angelici
2354 2013 2618 2085 spiritus,
2666 2018 2723 2069 et
2770 2013 3048 2070 homines
3097 2013 3267 2071 electi
3309 2031 3521 2072 eorum

1860 2098 2017 2171 mqui
2049 2101 2344 2156 concives.
2379 2102 2615 2157 Cherub
2647 2119 2805 2158 unus
2837 2109 2894 2159 et
2935 2107 3192 2176 utraque
3241 2103 3339 2160 ala
3390 2105 3519 2176 eju-

1860 2189 2032 2244 sdem
2060 2205 2358 2246 mensurae
2391 2192 2738 2264 perhibetur
2771 2209 2784 2247 :
2819 2192 2963 2265 quia
2992 2192 3264 2250 videlicet
3306 2193 3519 2251 eadem

1856 2276 1993 2350 iPsa
2021 2278 2338 2335 devotione
2385 2297 2509 2354 qua
2559 2298 2691 2338 sese
2723 2281 3074 2338 alterutrum
3120 2283 3182 2338 in
3231 2285 3350 2339 Deo
3389 2283 3519 2341 dili-

1859 2373 2029 2438 gunt,
2062 2374 2331 2426 nostram
2362 2387 2606 2444 quoque
2641 2371 2719 2427 ad
2747 2389 2810 2428 se
2840 2371 3296 2428 ascendentium
3335 2373 3520 2430 socie-

1858 2461 2042 2513 tatem
2071 2458 2434 2515 desiderant.
2466 2459 2680 2532 Sicque
2713 2459 2893 2517 simul
2937 2460 3046 2517 alae
3096 2460 3307 2516 decem
3357 2461 3520 2519 cubi-

1859 2550 1950 2602 tos
1982 2547 2304 2620 complent,
2362 2565 2500 2604 cum
2550 2549 2612 2604 in
2661 2551 2916 2621 geminae
2967 2549 3272 2606 charitatis
3329 2551 3516 2608 exibi-

1856 2636 2038 2704 tione,
2063 2637 2260 2707 angeli
2291 2637 2366 2694 de
2393 2638 2728 2694 Conditoris
2762 2640 2854 2696 sui
2880 2639 3200 2713 praesentia
3219 2639 3512 2696 laetantur.

1929 2748 1956 2774 «
2001 2725 2215 2782 Decem
2242 2742 2486 2800 quoque
2518 2727 2858 2785 cubitorum
2889 2734 3014 2785 erat
3052 2728 3278 2785 cherub
3308 2745 3517 2785 secun-

1858 2836 1884 2862 ‹‹
1927 2813 2042 2869 dus
2065 2831 2350 2872 mensura
2378 2817 2529 2889 pari,
2566 2821 2792 2890 etopus
2823 2833 3016 2874 unum
3037 2821 3163 2874 erat
3190 2816 3252 2874 in
3275 2816 3516 2874 duobus

1856 2924 1885 2952 «
1929 2903 2264 2972 cherubim,
2321 2905 2383 2960 id
2441 2911 2530 2962 est
2598 2905 2975 2963 altitudinem
3040 2905 3307 2964 habebat
3356 2921 3518 2963 unus

1857 3012 1886 3040 ‹‹
1928 2991 2153 3048 cherub
2181 2993 2392 3049 decem
2433 2993 2773 3050 cubitorum
2809 3011 2821 3049 :
2867 2999 2923 3051 et
2971 2995 3242 3052 similiter
3288 2995 3517 3053 cherub

93 3090 206 3130 non
246 3077 306 3132 in
352 3077 474 3133 hoc
513 3075 746 3132 mundo
794 3076 1093 3146 designat,
1146 3076 1381 3132 dicente
1409 3076 1693 3150 Apostolo
1728 3094 1742 3132 :
1775 3121 1815 3178 Ο
1859 3101 1888 3130 ‹‹
1928 3081 2253 3137 secundus.
2286 3105 2314 3132 »
2347 3085 2475 3138 Duo
2505 3087 2674 3138 erant
2713 3083 2851 3139 facti
2890 3083 3224 3156 cherubim,
3270 3089 3518 3157 propter

96 3171 279 3235 «Quae
317 3185 567 3225 sursum
601 3173 740 3224 sunt
780 3169 1050 3241 quaerite,
1104 3168 1205 3224 ubi
1249 3168 1514 3224 Christus
1553 3174 1642 3225 est
1683 3169 1744 3224 in

94 3258 322 3316 dextera
354 3259 460 3315 Dei
491 3257 725 3314 sedens.
754 3260 898 3324 Quae
929 3274 1172 3314 sursum
1195 3263 1335 3313 sunt
1375 3257 1587 3330 sapite,
1619 3273 1744 3314 non

93 3365 217 3420 qua:
245 3365 424 3422 super
459 3353 684 3404 terram
713 3347 868 3418 (Col.
897 3349 1000 3419 in).
1033 3369 1061 3395 »

159 3462 181 3487 «
219 3443 279 3496 Et
306 3439 441 3495 fecit
475 3438 536 3494 in
576 3437 824 3494 oraculo
871 3437 1026 3493 duos
1075 3436 1389 3492 cherubim
1443 3436 1519 3492 de
1567 3436 1745 3507 lignis

95 3551 116 3575 «
149 3528 439 3585 olivarum
470 3527 682 3583 decem
711 3527 1053 3583 cubitorum
1086 3525 1432 3582 altitudinis.
1470 3548 1488 3577 ι
1530 3526 1744 3584 Cheru-

94 3615 226 3681 bim,
256 3619 406 3674 sicut
434 3616 735 3691 propheta
766 3615 1032 3672 Ezechiel
1070 3619 1273 3688 aperte
1303 3615 1588 3679 declarat,
1634 3631 1742 3672 an-

93 3708 281 3778 gelicae
310 3707 624 3778 dignitatis
653 3705 1021 3763 vocabulum
1049 3710 1157 3776 est,
1202 3721 1580 3779 numeroque
1629 3706 1744 3762 sin-

94 3797 269 3865 gulari
327 3797 560 3854 cherub
618 3796 852 3864 dicitur,
909 3795 1126 3868 plurali
1181 3795 1514 3852 cherubim.
1579 3795 1742 3851 Unde

94 3892 279 3958 aperte
305 3887 366 3943 in
395 3885 631 3958 ﬁguris,
677 3884 990 3942 cherubim
1022 3885 1128 3957 qui
1173 3890 1344 3942 erant
1383 3885 1446 3940 in
1494 3883 1740 3942 oraculo

94 3973 216 4030 facti
269 3976 550 4046 angelica
592 3974 927 4030 ministeria
977 3991 1114 4048 quae
1167 3974 1470 4032 Conditori
1515 3991 1628 4030 suo
1679 3975 1740 4030 in

93 4064 242 4121 ccelis
280 4082 522 4139 semper
551 4065 860 4133 assistunt,
904 4068 1159 4136 possunt
1189 4063 1454 4134 intelligi.
1494 4063 1605 4130 Qui
1648 4080 1742 4121 re-

92 4159 171 4208 cte
199 4155 269 4211 de
297 4155 479 4226 lignis
509 4155 808 4211 olivarum
840 4152 980 4209 facti
1009 4169 1139 4208 esse
1169 4153 1581 4226 perhibentur,
1599 4155 1744 4226 quia

93 4244 361 4302 nimirum
393 4245 645 4301 virtutes
673 4243 958 4314 angelica:
1007 4243 1200 4313 gratia
1229 4242 1482 4315 Spiritus
1529 4242 1740 4310 sancti,

92 4349 158 4389 ne
186 4352 455 4409 unquam
487 4335 568 4391 ab
599 4349 806 4390 amore
857 4333 958 4388 Dei
988 4337 1282 4399 arescant,
1337 4336 1530 4388 unctaa
1581 4337 1739 4388 sunt.

93 4424 288 4481 Decem
342 4429 554 4481 autem
604 4428 743 4480 sunt
784 4422 1124 4478 cubitorum
1171 4421 1543 4478 altitudinis:
1598 4422 1742 4496 quia

91 4512 322 4570 denario
351 4514 486 4570 vitae
519 4517 757 4569 aeternae
797 4515 1130 4580 struuntur,
1176 4510 1469 4566 habentes
1497 4510 1742 4566 inviola-

93 4605 203 4658 tam
231 4602 289 4660 in
323 4619 386 4660 se
414 4604 509 4659 sui
538 4601 874 4659 Conditoris
904 4600 1235 4672 imaginem
1269 4605 1588 4668 servatam,
1614 4616 1744 4672 per-

92 4697 272 4763 petua:
329 4692 664 4750 sanctitatis
716 4708 789 4748 ex
834 4689 1069 4762 justitia
1122 4694 1180 4747 et
1227 4689 1496 4760 veritate,
1553 4706 1742 4762 quam

95 4781 274 4853 prima
301 4782 362 4839 in
393 4780 740 4839 conditione
765 4783 1182 4854 perceperunt.
1234 4779 1525 4836 Denarius
1574 4795 1743 4836 nam-

93 4886 199 4941 que
223 4871 433 4929 deeem
463 4870 660 4928 obolis
691 4874 948 4938 constat,
978 4873 1036 4926 et
1075 4869 1378 4926 continere
1407 4871 1469 4926 in
1521 4886 1583 4925 se
1628 4884 1739 4925 no-

94 4974 222 5016 men
244 4963 400 5033 regis
427 4967 486 5018 et
513 4960 842 5031 imaginem
883 4959 1213 5015 consuevit.
1262 4961 1638 5032 Quapropter
1684 4963 1741 5014 et

94 5047 286 5116 ﬁgura
313 5051 486 5121 regni
518 5049 772 5106 caelestis
822 5047 1132 5122 aptissime
1181 5047 1474 5120 congruit,
1533 5047 1634 5104 ubi
1685 5052 1740 5103 et

95 5138 275 5210 angeli
299 5141 490 5197 sancti
521 5139 599 5196 ad
628 5138 958 5210 imaginem
974 5137 1068 5193 sui
1083 5137 1420 5193 Conditoris
1449 5135 1529 5192 ad
1549 5153 1738 5210 quam

94 5226 219 5284 facti
247 5235 386 5287 sunt
415 5245 660 5303 semper
688 5232 957 5298 manent,
989 5231 1046 5284 et
1075 5227 1243 5284 electi
1281 5227 1562 5284 homines
1592 5227 1740 5283 ima-

95 5315 279 5385 ginem
305 5337 497 5394 quam
527 5318 839 5393 peccando
865 5317 1195 5375 amiserant
1218 5316 1532 5390 recipiunt.

161 5411 475 5484 «Quinque
503 5409 845 5466 cubitorum
867 5408 964 5466 ala
995 5407 1222 5464 cherub
1249 5423 1372 5464 una
1393 5411 1451 5464 et
1469 5405 1739 5480 quinque

100 5518 123 5544 α
160 5499 488 5558 cubitorum
517 5499 615 5556 ala
642 5498 870 5556 cherub
900 5497 1104 5566 altera,
1137 5497 1200 5554 id
1247 5502 1336 5554 est
1381 5497 1592 5553 decem
1640 5513 1740 5553 cu-

103 5607 127 5634 κ
163 5587 304 5646 bitos
328 5590 625 5647 habentes
650 5605 688 5645 a
732 5588 1078 5645 summitate
1126 5587 1235 5645 alae
1267 5602 1462 5660 usque
1512 5587 1591 5643 ad
1631 5586 1740 5643 alae

105 5696 128 5719 ι(
168 5676 388 5736 alterius
419 5679 851 5736 summitatem.
886 5702 914 5728 ››
948 5678 1071 5734 Alae
1100 5695 1240 5734 cum
1279 5677 1341 5733 in
1391 5682 1740 5732 sanctorum

104 5761 396 5828 hominum
453 5769 653 5842 ﬁgura
703 5772 1034 5844 ponuntur,
1098 5767 1346 5825 virtutes
1402 5765 1743 5837 signiﬁcant

370 5861 618 5916 ΡΑτῐιοι..
658 5861 810 5917 CXV.

1857 3169 2228 3226 consortium
2258 3170 2530 3241 ejusdem
2563 3170 2638 3226 de
2687 3187 2810 3243 qua
2855 3170 3164 3244 loquimur
3210 3170 3516 3229 charitatis

1855 3258 2342 3330 signiﬁcandum,
2372 3261 2518 3334 quia
2548 3260 2748 3316 minus
2779 3277 2966 3333 quam
2993 3261 3146 3317 inter
3173 3259 3331 3318 duos
3377 3262 3517 3318 cha-

1853 3349 1997 3405 ritas
2028 3353 2182 3406 stare
2213 3365 2338 3406 non
2383 3354 2595 3422 potest.
2632 3350 2798 3406 Unde
2828 3355 2885 3406 et
2913 3349 3183 3407 Salvator
3224 3351 3402 3407 binos
3434 3351 3515 3408 ad

1853 3436 2312 3511 praedicandum
2342 3437 2670 3510 discipulos
2701 3439 2930 3495 mittere
2963 3439 3212 3508 curavit,
3246 3443 3312 3496 ut
3341 3439 3514 3496 tacite

1852 3525 2094 3582 doceret
2119 3543 2222 3583 eos
2251 3526 2358 3600 qui
2387 3527 2640 3583 verbum
2685 3527 2824 3583 ﬁdei
2867 3527 3286 3601 praedicarent,
3330 3528 3514 3585 virtu-

1853 3618 1972 3672 tem
2003 3615 2336 3672 dilectionis
2362 3621 2500 3672 ante
2531 3617 2737 3672 omnia
2768 3633 2896 3674 esse
2928 3618 3274 3675 tenendam.
3307 3618 3516 3675 Unius-

1852 3720 1969 3776 que
2000 3721 2302 3760 mensurae
2335 3711 2392 3761 et
2416 3706 2614 3778 operis
2642 3710 2811 3762 erant
2839 3706 2961 3762 duo
2988 3705 3321 3775 cherubim,
3369 3707 3515 3780 quia

1851 3793 2214 3867 disparilitas
2239 3795 2611 3852 voluntatum
2638 3796 2761 3850 sive
2783 3796 3150 3865 cogitatuum
3167 3795 3228 3851 in
3249 3811 3515 3868 superna

1852 3886 2048 3957 patria
2077 3884 2243 3940 nulla
2273 3889 2407 3940 est:
2463 3884 2565 3940 ubi
2607 3901 2728 3940 una
2770 3901 2981 3940 omnes
3029 3885 3366 3957 eademque
3412 3885 3512 3942 Dei

1851 3975 2165 4048 praesentis
2196 3974 2424 4032 visione
2453 3980 2510 4031 et
2538 3974 2728 4046 gloria
2757 3975 3149 4030 illustrantur.
3381 3972 3384 3975 ’

1926 4086 1953 4113 ‹‹
1994 4064 2313 4136 Posuitque
2343 4064 2652 4120 cherubim
2684 4065 2746 4121 in
2785 4063 2986 4120 medio
3019 4063 3224 4137 templi
3270 4062 3511 4122 interio-

1853 4177 1880 4204 ‹‹
1921 4154 2022 4211 ris.
2082 4155 2494 4211 Extendebant
2537 4160 2737 4211 autem
2795 4153 2922 4210 alas
2977 4171 3120 4211 suas
3175 4154 3509 4219 cherubim,

1853 4268 1881 4295 «
1923 4250 1981 4302 et
2032 4244 2318 4316 tangebat
2370 4245 2467 4301 ala
2512 4261 2635 4301 una
2678 4244 2988 4318 parietem,
3044 4250 3101 4302 et
3141 4245 3238 4302 ala
3285 4245 3512 4302 cherub

1854 4358 1882 4386 ‹‹
1927 4334 2179 4390 secundi
2228 4334 2514 4404 tangebat
2558 4335 2848 4408 parietem
2901 4334 3198 4391 alterum:
3254 4335 3364 4392 alm
3412 4351 3516 4393 au-

1855 4448 1882 4474 ι(
1924 4429 2046 4481 tem
2094 4423 2290 4481 alterae
2323 4423 2383 4479 in
2427 4423 2628 4480 media
2673 4429 2841 4497 parte
2893 4424 3099 4497 templi
3147 4441 3208 4480 se
3257 4424 3515 4482 invicem

1857 4538 1884 4566 ‹‹
1930 4513 2376 4585 contingebant.
2414 4535 2440 4562 ››
2473 4513 2846 4570 Manifestum
2877 4518 2964 4570 est
2988 4529 3062 4569 ex
3086 4513 3177 4568 his
3207 4530 3344 4587 qua».
3369 4530 3515 4586 prae-
3625 4561 3630 4566 .

1853 4605 2012 4661 dicta
2041 4609 2198 4673 sunt,
2245 4619 2433 4677 quare
2464 4603 2776 4660 cherubim
2814 4603 2875 4658 in
2903 4603 3104 4659 medio
3136 4602 3339 4675 templi
3367 4602 3514 4658 inte-

1850 4694 2023 4751 rioris
2051 4694 2168 4749 sint
2192 4693 2370 4766 positi
2403 4711 2415 4748 :
2444 4709 2707 4765 quorum
2737 4692 3032 4748 habitatio
3069 4694 3158 4746 est
3184 4705 3422 4762 semper
3448 4689 3512 4746 in

1850 4783 2036 4840 cmlis.
2071 4780 2486 4838 Extendebant
2511 4785 2712 4838 autem
2737 4779 2864 4835 alas
2891 4778 3202 4836 cherubim
3227 4777 3403 4851 quasi
3431 4777 3512 4834 ad

1848 4871 2203 4939 velandum,
2233 4870 2377 4944 quia
2421 4869 2663 4942 spiritus
2715 4867 2971 4937 angelici
3023 4867 3257 4938 simper
3305 4866 3510 4924 haben

1849 4963 2123 5018 animum
2154 4960 2232 5017 ad
2281 4958 2645 5032 obsequium
2694 4957 2910 5012 divinae
2959 4955 3285 5012 voluntatis
3335 4973 3518 5030 para-

1847 5055 1996 5107 tum.
2041 5049 2214 5115 Quod
2257 5064 2399 5104 vero
2445 5047 2544 5104 ala
2583 5063 2706 5102 una
2760 5044 3047 5117 tangebat
3093 5045 3406 5118 parietem,
3455 5052 3514 5103 et

1846 5139 1942 5197 ala
1982 5138 2208 5194 cherub
2251 5135 2499 5193 secundi
2550 5135 2804 5192 alterum
2855 5134 3168 5208 parietem,
3215 5136 3294 5192 ad
3340 5135 3510 5193 illam

1846 5228 2150 5286 charitatis
2182 5225 2762 5283 administrationem
2792 5240 2977 5297 quam
3017 5224 3195 5281 nobis
3223 5225 3510 5281 exhibent

1848 5316 2046 5389 angeli
2076 5317 2390 5388 pertinent.
2425 5314 2594 5381 Quod
2629 5313 2739 5370 alae
2772 5313 2970 5370 alterae
3003 5313 3063 5369 in
3109 5313 3312 5370 medio
3359 5317 3515 5370 tem-

1845 5407 1929 5482 pli
1959 5423 2022 5463 se
2049 5405 2310 5462 invicem
2350 5403 2802 5474 contingebant,
2827 5417 2963 5458 eam
3005 5401 3341 5458 dilectionis
3373 5415 3513 5473 gra-

1847 5497 1991 5554 tiam
2023 5511 2146 5569 qua
2173 5511 2235 5550 se
2285 5493 2638 5550 alterutrum
2678 5490 3163 5564 complectuntur
3211 5490 3516 5564 exprimit.

1851 5588 2011 5642 Bene
2037 5588 2240 5640 autem
2268 5582 2556 5655 sequitur.

1921 5699 1946 5723 ((
1982 5671 2144 5729 'l‘cxit
2169 5687 2414 5746 quoque
2455 5669 2766 5727 cherubim
2798 5684 2970 5742 auro,
3003 5675 3060 5727 et
3088 5686 3301 5727 omnes
3323 5670 3525 5744 pario.

1850 5789 1878 5817 ‹‹
1924 5770 2008 5824 tes
2040 5763 2245 5836 templi
2275 5777 2381 5836 per
2396 5760 2713 5818 circuitum
2741 5757 2994 5832 sculpsit
3011 5761 3193 5818 variis
3225 5759 3521 5818 cealaturis

3029 5854 3092 5907 14
