3940 6400
469 302 575 364 42⁸7
1572 302 1929 361 ANGELOMI
1964 301 2025 358 L1

2322 298 2423 357 SIS
2471 300 2791 359 MONACHI
3787 307 3878 361 428

470 451 501 480 ‹‹
541 432 599 486 et
626 433 819 486 torno.
852 431 920 485 Et
946 428 1083 485 fecit
1108 427 1173 484 in
1202 427 1286 485 eis
1325 427 1659 498 cherubim,
1692 433 1749 485 et
1787 427 2045 501 palmas,
2076 430 2133 481 et
2159 427 2207 481 Α
2245 427 2553 497 pervenire
2609 426 2999 482 consortium.
3070 425 3161 480 Sic
3216 440 3358 494 ergo
3425 425 3683 499 pedibus
3748 433 3884 484 stant

471 536 503 573 ‹
542 517 807 592 picturas
834 517 1057 583 varias,
1086 516 1260 589 quasi
1290 516 1701 589 prominentes
1728 514 1801 572 de
1824 516 2047 589 pariete
2078 518 2135 569 et
2244 514 2449 570 erectis
2484 534 2496 570 :
2529 516 2611 570 sic
2639 515 2765 572 alas
2806 532 2944 570 suas
2975 532 3122 569 auro
3167 519 3351 570 tectas
3405 514 3483 570 ad
3530 516 3754 572 oraculi
3798 534 3886 589 pa-

470 630 502 659 u
544 604 2133 678 egredientes;sedctpavim'entum'domustexitauro
2241 603 2415 657 rietes
2462 603 2806 666 extendunt,
2860 608 2924 659 ut
2980 604 3159 658 facies
3217 603 3481 659 habeant
3529 604 3607 660 ad
3657 605 3885 661 domum

473 718 503 746 ‹‹
542 696 895 752 intrinsecus
927 698 983 750 et
1002 694 1394 749 extrinsecus.
1424 694 1493 748 Et
1522 694 1582 748 in
1606 693 1883 762 ingressu
1908 690 2136 747 oraculi

474 808 502 837 ‹‹
542 785 678 841 fecit
704 782 917 840 ostiola
944 782 1021 839 de
1046 780 1224 853 lignis
1251 782 1569 853 olivarum,
1604 787 1931 867 postesque
1952 796 2137 848 angu-

471 895 499 923 «
539 872 735 929 lorum
766 872 1055 946 quinque,
1089 876 1146 927 et
1164 871 1288 927 duo
1322 870 1476 927 ostia
1507 872 1580 926 de
1609 870 1787 941 lignis
1815 870 2132 925 olivarum.

471 986 499 1015 ‹‹
541 964 607 1019 Et
635 961 881 1035 sculpsit
908 961 971 1017 in
1001 962 1086 1017 eis
1111 960 1409 1034 picturam
1442 960 1751 1015 cherubim
1802 964 1858 1015 et
1900 958 2135 1032 palma-

470 1075 497 1103 ‹‹
536 1062 676 1109 rum
704 1051 952 1125 species,
972 1054 1030 1107 et
1056 1049 1407 1122 anaglypha
1430 1047 1607 1104 valde
1632 1048 2057 1121 prominentia,
2082 1051 2139 1101 et

469 1165 497 1192 «
536 1142 682 1198 texit
708 1148 781 1197 ea
804 1152 998 1212 auro,f
1030 1143 1087 1195 et
1136 1137 1371 1211 operuit
1409 1143 1534 1193 tam
1584 1136 1897 1192 cherubim
1948 1150 2138 1208 quam

469 1255 496 1282 α
538 1228 777 1305 palmas
804 1234 860 1285 et
886 1233 1099 1285 caetera
1123 1242 1292 1284 auro.
1326 1227 1605 1299 Fecitque
1632 1227 1694 1281 in
1726 1226 1970 1281 introitu
1999 1230 2140 1280 tem-

468 1343 496 1371 ‹‹
534 1314 622 1393 pli
648 1324 851 1392 postes
877 1318 951 1373 de
973 1316 1153 1387 lignis
1183 1316 1474 1372 olivarum
1506 1315 2051 1388 quadrangulatos,
2084 1317 2140 1368 et

469 1428 501 1463 ‹
539 1409 663 1465 duo
679 1407 832 1464 ostia
852 1406 927 1462 de
942 1406 1119 1476 lignis
1140 1404 1413 1474 abiegnis
1432 1404 1803 1464 altrinsecus.
1832 1408 1887 1458 et
1913 1406 2137 1458 utrum-

470 1518 499 1547 ‹‹
540 1506 659 1570 que
702 1495 926 1551 Ostium
968 1493 1195 1566 duplex
1237 1497 1382 1563 erat,
1436 1497 1491 1548 et
1525 1510 1589 1548 se
1637 1492 1894 1547 invicem
1927 1496 2136 1546 tenens

470 1607 500 1638 α
541 1582 941 1657 aperiebatur.
974 1585 1039 1638 Et
1069 1581 1317 1655 sculpsit
1340 1580 1671 1645 cherubim,
1707 1586 1761 1636 et
1792 1580 2056 1653 palmas,
2082 1582 2138 1634 et

470 1696 499 1725 ε(
540 1672 853 1729 οεεῖδῑατειε
880 1671 1051 1727 valde
1078 1670 1431 1740 eminentes,
1458 1670 1809 1742 operuitque
1830 1668 2036 1724 omnia
2054 1667 2135 1723 la-

2246 707 2448 747 versas
2492 694 2865 759 exteriorem,
2921 692 3062 764 quia
3108 692 3258 747 sicut
3306 692 3502 761 angeli
3552 709 3726 750 suam
3769 712 3885 768 per-

2245 786 2426 852 petuo
2452 782 2857 838 innocentiam
2900 786 3279 852 conservant,
3332 783 3414 837 sic
3462 782 3537 837 de
3568 782 3883 840 animarum

2247 876 2591 927 sanctarum
2614 872 2673 927 in
2704 871 2864 926 caelis
2905 870 3269 926 beatitudine
3298 872 3700 940 congaudent,
3730 877 3790 928 ut
3817 874 3884 927 eis

2245 976 2488 1032 quoque
2518 975 2671 1033 quos
2702 960 2761 1015 in
2792 960 2961 1015 terris
3016 960 3215 1016 adhuc
3260 960 3630 1032 peregrinari
3676 962 3886 1034 conspi-

2247 1050 2410 1105 ciunt
2458 1048 2654 1104 electis
2696 1066 2872 1120 opem
2904 1049 3055 1104 ferre
3084 1064 3205 1103 non
3255 1048 3573 1104 desinant:
3616 1048 3800 1105 donec
3842 1056 3886 1105 et

2246 1137 2377 1192 illos
2425 1137 2500 1192 ad
2552 1137 2850 1192 caelestem
2911 1138 3167 1209 patriam
3223 1138 3630 1193 introducant.
3689 1140 3886 1194 Omnes

2247 1227 2405 1281 enim
2438 1231 2576 1281 sunt
2605 1226 3089 1281 administratorii
3122 1226 3363 1297 spiritus
3402 1226 3462 1281 in
3512 1225 3887 1282 ministerium

2246 1316 2433 1383 missi,
2465 1321 2707 1388 propter
2732 1332 2834 1370 eos
2872 1315 2977 1387 qui
3013 1314 3419 1369 haereditateni
3465 1315 3712 1385 capiunt
3749 1315 3886 1371 salu-

2250 1407 2338 1462 tis.
2374 1407 2635 1460 Possunt
2664 1406 2840 1459 etiam
2880 1420 2987 1476 per
3014 1405 3137 1459 duo
3177 1404 3491 1459 cherubim
3545 1405 3669 1459 duo
3715 1407 3887 1459 Testa-

2247 1500 2448 1550 menta
2474 1494 2740 1562 ﬁgurari.
2773 1493 2883 1558 Qui
2914 1493 3198 1547 nimirum
3230 1491 3544 1548 cherubim
3575 1493 3638 1548 in
3665 1494 3886 1549 oraculo

2247 1589 2384 1639 sunt
2412 1584 2571 1653 facti,
2603 1583 2746 1656 quia
2775 1583 2834 1637 in
2867 1582 3117 1637 consilio
3144 1582 3364 1637 divinae
3400 1581 3765 1653 provisionis
3796 1598 3886 1637 no-

2242 1672 2336 1727 bis
2378 1674 2581 1744 utique
2611 1671 3011 1727 inaccessibili
3060 1676 3239 1743 atque
3294 1670 3885 1743 incomprehensibili.

468 1780 500 1815 ‹
536 1761 719 1817 minis
750 1760 947 1816 aureis
978 1773 1158 1831 opere
1188 1756 1421 1831 quadro
1449 1758 1527 1813 ad
1555 1756 1848 1827 regulam.
1885 1778 1913 1807 υ
1938 1754 2012 1811 Et
2039 1771 2129 1811 re-
2158 1770 2205 1829 Β
2245 1768 2379 1817 ante
2415 1761 2636 1816 saecula
2681 1760 3039 1833 dispositum
3090 1764 3178 1814 est
3222 1758 3473 1832 quando
3521 1764 3580 1815 et
3636 1759 3885 1845 qualiter,

465 1850 651 1924 liqua.
686 1870 714 1899 «
737 1846 919 1913 Texit,
948 1848 1221 1920 inquam,
1264 1848 1573 1903 cherubim
1603 1862 1771 1914 auro,
1809 1870 1836 1895 »
1886 1846 2030 1919 quia
2076 1850 2131 1901 et

464 1945 747 1996 naturam
770 1952 977 1994 eorum
1012 1936 1295 1992 Conditor
1339 1935 1663 1991 immortali
1714 1935 1978 1991 claritate
2028 1950 2130 1990 su-

463 2028 757 2096 blimavit,
786 2024 843 2084 et
868 2032 1133 2083 mentem
1148 2041 1290 2083 vera
1321 2025 1655 2081 dilectionis
1684 2030 1863 2098 atque
1894 2024 2132 2080 humili-

463 2118 598 2175 tatis
625 2117 758 2173 luce
786 2116 1053 2189 replevit.
1088 2115 1427 2172 Notandum
1471 2130 1617 2170 sane
1663 2114 1829 2186 quod
1879 2114 2128 2198 Moyses,

461 2206 609 2263 dum
637 2204 1094 2263 tabernaculum
1122 2204 1361 2273 faceret,
1403 2203 1538 2258 fecit
1561 2208 1617 2257 et
1637 2203 1793 2258 duos
1820 2201 2130 2257 cherubim

460 2304 677 2354 aureos
705 2310 860 2369 quos
885 2294 1086 2367 posuit
1112 2294 1174 2349 in
1202 2293 1620 2365 propitiatorio
1669 2292 1835 2365 quod
1877 2296 2003 2347 erat
2029 2307 2129 2346 sn-

460 2400 569 2459 per
623 2398 851 2441 arcam.
898 2383 1196 2440 'Salomon
1243 2387 1446 2438 autem
1502 2381 1732 2436 addidit
1781 2381 1928 2436 alios
1976 2381 2130 2435 duos

460 2473 651 2531 multo
674 2473 942 2543 majores
974 2487 1126 2544 quos
1156 2471 1221 2525 in
1242 2471 1476 2542 tempto
1498 2475 1777 2543 poneret,
1826 2470 1939 2523 sub
1983 2484 2131 2537 quo-

458 2579 595 2619 rum
626 2561 735 2618 alis
764 2576 967 2616 arcam
997 2560 1059 2614 in
1084 2558 1290 2614 medio
1322 2566 1589 2630 poneret,
1619 2574 1755 2611 eum
1786 2558 2131 2630 propitiato-

459 2651 548 2707 rio
579 2655 636 2705 et
661 2648 972 2705 cherubim
996 2647 1322 2720 prioribus.
1378 2647 1591 2717 Sicque
1634 2646 1856 2701 factum
1910 2651 2021 2715 est,
2066 2648 2130 2701 tit

459 2735 938 2794 in‘tabernaculo
979 2734 1224 2808 quidem
1275 2739 1471 2789 essent
1517 2734 1826 2788 cherubim
1874 2734 2017 2799 duo,
2066 2734 2129 2788 in

460 2825 686 2899 templo
710 2830 911 2881 autem
941 2828 1241 2897 quatuor:
1272 2822 1348 2878 ad
1368 2838 1549 2877 unam
1572 2840 1703 2877 vero
1728 2824 2126 2895 eamdemque

461 2914 959 2986 signiﬁcationem
989 2913 1222 2986 utrique
1244 2912 1681 2985 pertinentﬁed
1704 2913 2018 2984 repetitum
2041 2918 2129 2968 es't

460 3008 525 3061 ut
554 3005 749 3077 typice
780 3003 1113 3067 doceretur,
1154 3002 1297 3074 quia
1341 3000 1730 3073 multiplicata
1772 3006 1905 3073 post
1929 3002 2124 3057 incar-

2241 1850 2539 1922 quibusve
2570 1848 2935 1914 auctoribus,
2986 1863 3172 1903 saeraa
3225 1847 3539 1918 Scriptura:
3581 1848 3886 1903 conderen.

2242 1942 2353 1994 tur.
2384 1938 2466 1992 De
2494 1936 2673 2005 lignis
2706 1935 3011 2005 olivarum.
3034 1939 3176 1990 sunt
3210 1934 3373 2004 facti,
3405 1935 3553 2007 quia
3578 1934 3777 1991 lucem
3804 1950 3885 1991 no-

2238 2026 2335 2083 bis
2382 2027 2640 2081 scientiae
2684 2025 2975 2093 tribuunt,
3016 2025 3265 2095 juvante
3312 2023 3565 2079 ﬂamma
3612 2024 3883 2080 charitatis

2242 2116 2363 2185 Dei,
2394 2116 2499 2187 qui
2527 2131 2634 2187 per
2661 2113 2944 2186 Spiritum
2971 2118 3247 2168 sanctum
3273 2111 3633 2168 diﬂ‘unditur
3679 2114 3737 2169 in
3783 2129 3883 2167 cor-

2240 2203 2419 2260 dibus
2448 2204 2685 2259 nostris.
2744 2206 2956 2257 Decem
3010 2201 3226 2257 cubitis
3274 2207 3416 2257 sunt
3458 2201 3583 2269 alti,
3625 2202 3766 2274 quia
3798 2216 3881 2273 per

2240 2293 2685 2349 observantiam
2706 2290 2979 2360 decalogi
2999 2289 3148 2359 legis
3172 2293 3290 2345 Deo
3332 2290 3719 2346 serviendum
3752 2306 3879 2362 prae-

2240 2382 2463 2445 dicant,
2487 2381 2632 2453 quia
2659 2383 2776 2435 Deo
2792 2378 3044 2434 ﬁdeliter
3070 2379 3415 2444 servientes,
3444 2379 3696 2434 denario
3714 2395 3881 2434 remu-

2237 2470 2539 2527 nerandos
2580 2484 2707 2523 esse
2740 2467 2905 2537 regni
2958 2467 3351 2539 perpetuitate
3399 2468 3744 2523 ostendunt.
3800 2470 3882 2521 ϐε·

2240 2560 2435 2616 minas
2464 2558 2691 2614 habent
2720 2557 2867 2617 alas.
2898 2557 3044 2629 quia
3068 2558 3458 2612 Testamentis
3509 2558 3604 2613 sui
3638 2557 3881 2612 Condito-

2236 2650 2317 2703 ris
2342 2664 2448 2720 per
2478 2663 2694 2719 aspera
2725 2662 2895 2717 teque
2924 2651 2984 2700 ut
3010 2661 3299 2717 prospera
3329 2640 3634 2702 indefesso
3665 2646 3780 2701 suis
3802 2661 3879 2699 au-

2237 2737 2529 2793 ditoribus
2576 2736 2780 2791 animo
2830 2735 3231 2805 gradiendum
3276 2751 3406 2791 esse
3467 2736 3875 2792 demonstrant.

2237 2825 2507 2897 Quinque
2535 2825 2874 2879 cubitorum
2896 2824 2993 2879 ala
3015 2824 3241 2881 cherub
3262 2841 3405 2896 una,
3431 2829 3487 2881 et
3514 2826 3777 2897 quinque
3801 2840 3879 2878 eu-

2226 2912 2497 2968 ‘bitorum
2525 2914 2619 2969 ala
2651 2913 2876 2968 cherub
2904 2913 3108 2982 altera,
3131 2914 3275 2986 quia
3298 2914 3357 2969 in
3380 2915 3553 2969 omni
3572 2914 3875 2969 labentium
3908 2973 3913 2981 ι

2228 3019 2436 3057 rerum
2457 3003 2761 3069 varietate,
2797 3003 2985 3057 sancti
3018 3002 3328 3057 universos
3362 3004 3455 3057 sui
3482 3004 3749 3076 corporis
3770 3018 3877 3056 sen-

457 3090 762 3182 ndtionem
788 3091 1157 3148 dominicam
1189 3090 1675 3157 Eeclesia,‘latius
1703 3095 1858 3146 esset
1887 3091 1960 3145 de
1988 3105 2125 3160 gen-
2154 3126 2194 3182 Ο
2235 3107 2357 3158 sus,
2404 3091 2463 3147 in
2513 3091 2874 3164 obsequium
2921 3090 3016 3146 sui
3062 3092 3395 3147 Conditoris
3442 3091 3782 3147 extendunt.
3825 3092 3876 3144 Et

458 3174 615 3239 tibus
663 3181 998 3238 sublimitas
1041 3180 1173 3236 cceli
1204 3179 1421 3236 civium
1464 3179 1845 3252 pandenda:
1888 3180 1993 3252 qui
2039 3180 2122 3235 sic

456 3272 836 3332 CanditOrem
875 3269 1169 3326 decollato
1196 3268 1308 3325 sibi
1347 3284 1594 3324 munere
1628 3270 1945 3324 beatitudis
2001 3270 2121 3323 eol-

453 3360 726 3431 laudant,
765 3362 830 3415 ut
861 3361 933 3415 de
966 3363 1178 3415 nostra
1206 3372 1449 3431 quoque
1486 3360 1799 3430 ereptione
1832 3357 1910 3413 ad
1960 3374 2121 3413 eam-

454 3449 591 3504 dem
616 3447 1053 3504 beatitudinem
1082 3446 1520 3504 introduetione
1549 3463 1658 3501 con
1670 3447 2122 3515 gaudeantrEx—

453 3537 707 3594 tendunt
738 3537 898 3592 enim
941 3537 1068 3593 alas
1093 3536 1433 3593 adinvicem
1476 3550 1655 3606 super
1703 3551 1928 3602 arcam,
1981 3552 2119 3591 cum

454 3626 533 3683 ad
587 3626 833 3682 laudem
893 3626 1125 3682 Domini
1181 3624 1505 3681 Salvatoris
1552 3624 1831 3678 referunt
1888 3624 2119 3680 bonum

451 3730 631 3772 omne
659 3714 824 3789 quod
852 3719 1231 3787 acceperunt.
1262 3711 1600 3769 Extendunt
1630 3712 1846 3767 alteras
1880 3712 2007 3767 alas
2040 3713 2119 3769 ad

449 3806 705 3878 parietes
731 3802 979 3874 oraculi,
1012 3819 1152 3859 cum
1183 3807 1423 3858 sanctos
1472 3800 1653 3855 etiam
1702 3800 1977 3855 homines
2025 3817 2117 3857 se-

449 3910 591 3951 cum
615 3894 817 3951 videre
845 3894 1143 3960 laetantur,
1195 3905 1419 3963 eosque
1464 3905 1588 3961 quo
1633 3888 1839 3944 volunt
1883 3889 2118 3947 alarum

450 3998 703 4039 suarum
765 3980 1212 4037 summitatibus
1270 3982 1544 4048 tangunt,
1604 3990 1759 4049 quos
1813 3985 2116 4035 consortes

448 4073 629 4141 atque
660 4069 986 4126 imitatores
1017 4068 1197 4123 fuisse
1222 4068 1296 4122 ‘in
1346 4067 1460 4122 hac
1494 4065 1624 4122 vita
1670 4082 1792 4122 suae
1840 4069 2115 4140 puritatis

448 4157 765 4213 exsultant.
802 4160 962 4213 Duos
994 4161 1196 4213 autem
1223 4171 1391 4227 aeque
1416 4155 1671 4227 parietes
1697 4156 1805 4213 alis
1835 4157 1958 4213 suis
1986 4163 2114 4214 tan-

449 4250 621 4316 gunt,
651 4246 794 4318 quia
814 4243 1368 4317 'tideles‘utriusque
1400 4244 1627 4317 populi,
1672 4246 1864 4302 Judaei
1894 4246 2115 4304 scilicet

449 4340 506 4391 et
531 4334 783 4404 gentilis,
812 4348 1194 4407 possessores
1226 4348 1433 4389 secum
1473 4334 1700 4391 habent
1747 4336 1900 4391 aulae
1944 4337 2114 4392 caele-

449 4423 588 4479 stis:
620 4438 744 4479 non
771 4423 939 4496 quod
968 4423 1029 4478 in
1053 4421 1153 4479 illa
1180 4423 1373 4495 patria
1403 4422 1935 4479 distinctio'localis
1960 4426 2112 4480 inter

330 4521 343 4535 '
445 4512 769 4585 utrumque
801 4512 1119 4586 pOpulum,
1154 4510 1260 4568 sed
1289 4511 1432 4584 quia
1450 4511 1793 4582 major'ﬁat
1831 4512 2110 4569 festivitas

442 4602 690 4659 internae
714 4600 1123 4673 beatitudinis,
1152 4602 1227 4657 de
1256 4600 1555 4657 consortio
1587 4599 1867 4656 adunetze
1898 4603 1959 4656 in
1992 4606 2110 4658 Deo

441 4690 843 4748 fraternitatis.
873 4690 1211 4747 Extendunt
1240 4704 1383 4760 ergo
1413 4686 1725 4745 cherubim
1752 4690 1835 4746 ad
1883 4695 2109 4747 utrum-

440 4796 558 4853 que
578 4781 876 4854 parietem
904 4779 1131 4837 oraculi
1162 4780 1291 4836 alas
1331 4792 1495 4847 suas,
1549 4780 1693 4852 quia
1728 4779 2008 4835 ’laetantes
2033 4781 2109 4837 'in

439 4869 663 4926 caelesti
688 4871 884 4944 patria
905 4871 1102 4942 justos
1133 4869 1445 4941 utriusque
1473 4868 1689 4941 plebis,
1714 4868 1942 4923 visione
1960 4884 2107 4941 quo-

424 4960 557 5029 que
588 4970 712 5015 suae
740 4960 941 5030 gloriae
971 4960 1048 5015 ad
1074 4958 1319 5016 laudem
1349 4957 1442 5013 sui
1489 4956 1783 5012 Creatoris
1828 4958 2103 5016 excitant.

439 5049 569 5101 Non
598 5046 793 5103 solum
835 5048 911 5104 de
937 5047 1174 5105 illorum
1219 5063 1375 5119 quos
1418 5060 1625 5101 secum
1672 5045 1832 5101 intus
1883 5047 2108 5105 habent

437 5134 755 5191 hominum
781 5136 1082 5206 justorum
1113 5134 1386 5192 felicitate
1414 5134 1691 5188 laetantur
1719 5136 1965 5205 agmina
1986 5154 2103 5193 coe-

435 5223 867 5295 lestia,‘verum
893 5227 1069 5281 etiam
1112 5223 1299 5280 nostri
1351 5222 1456 5295 qui
1502 5221 1644 5276 foris
1687 5222 1886 5281 adhuc
1924 5227 2104 5299 positi

434 5314 509 5370 de
524 5312 857 5388 profundis
882 5314 962 5371 ad
1002 5312 1325 5369 Dominum
1366 5310 1723 5383 clamamus,
1756 5330 1963 5371 curam
2003 5332 2102 5386 ge-

432 5407 574 5458 runt
602 5396 1280 5459 seddiam.’Unde'bene
1311 5398 1386 5455 de
1426 5398 1651 5456 eisdem
1681 5402 1990 5460 cherubim
2038 5406 2101 5463 in

432 5488 587 5547 libro
617 5488 1126 5561 Paralipomenon
1175 5487 1463 5559 scriptum
1495 5494 1579 5545 est
1613 5509 1626 5546 :
1681 5514 1707 5539 «
1737 5493 1851 5564 lpsi
1894 5499 2099 5550 autem

435 5576 676 5631 stabant
697 5578 905 5631 erectis
936 5576 1195 5649 pedibus
1218 5581 1275 5631 et
1294 5575 1473 5631 facies
1493 5594 1702 5636 eorum
1728 5598 1914 5637 versae
1930 5587 2099 5639 erant

432 5654 513 5719 aii
534 5663 893 5719 exteriorem
920 5666 1193 5721 domum.
1223 5665 1422 5731 n’Quia
1444 5682 1553 5723 nos
1582 5669 1858 5742 abhujus
1885 5688 2099 5727 irrum-

428 5758 512 5810 na
540 5751 1055 5825 peregrinationis
1083 5758 1348 5829 ereptos,
1390 5757 1484 5813 'ati
1526 5772 1706 5816 suum
1754 5760 2097 5819 desiderant

2224 3192 2424 3235 unam
2450 3196 2604 3252 opus
2637 3185 2763 3235 erat
2792 3180 2853 3233 in
2893 3179 3135 3235 duobus
3164 3180 3515 3251 cherubim,
3541 3181 3685 3253 quia
3721 3180 3871 3235 utriu-

2233 3284 2380 3341 sque
2400 3269 2758 3324 Testamenti
2776 3269 3113 3341 scriptores,
3137 3284 3262 3324 una
3276 3269 3615 3342 eademque
3636 3269 3870 3325 castitate

2230 3358 2428 3429 operis
2468 3364 2525 3413 et
2566 3358 2868 3413 charitatis
2900 3357 3216 3413 devotione
3245 3358 3496 3413 Domino
3541 3358 3869 3414 serviebant.

2220 3460 2352 3501 'una
2373 3452 2430 3502 et
2449 3462 2717 3502 consona
2738 3446 2970 3501 Domini
2998 3462 3146 3502 voce
3167 3462 3236 3503 ac
3264 3446 3383 3502 ﬁde
3403 3448 3747 3518 praedicant.
3771 3445 3868 3500 Alaa

2228 3535 2407 3605 igitur
2422 3535 2733 3591 cherubim
2762 3535 3070 3591 interiores
3097 3549 3277 3606 super
3315 3551 3520 3591 arcam
3551 3552 3613 3591 se
3641 3535 3869 3591 invicem

2228 3624 2738 3694 constringebant,
2772 3624 2916 3696 quia
2940 3627 3318 3679 Testamenta
3359 3624 3490 3697 pari
3518 3625 3595 3680 de
3646 3623 3866 3680 Domino

2228 3713 2598 3769 attestatione
2631 3713 3030 3768 consentiunt.
3067 3717 3210 3768 Item
3237 3713 3345 3768 alis
3372 3714 3762 3770 exterioribus
3781 3712 3865 3766 iste

2226 3814 2419 3857 unum
2454 3801 2772 3872 parietem,
2806 3801 2900 3857 ille
2950 3801 3205 3858 alterum
3253 3802 3706 3873 contingebant,
3734 3800 3866 3873 quia

2220 3890 2403 3945 ‘Vetus
2452 3891 2903 3947 Testamentum
2940 3891 3181 3963 proprie
3217 3890 3465 3963 antiquo
3522 3892 3623 3948 Dei
3668 3887 3864 3965 populo

2227 3979 2518 4052 scriptum
2549 3984 2695 4035 erat.
2731 3983 2960 4035 Novum
2991 3995 3134 4035 vero
3165 3979 3361 4049 nobis,
3404 3979 3513 4053 qui
3534 3985 3681 4054 post
3706 3980 3866 4035 incar-

2223 4068 2531 4123 nationem
2562 4068 2932 4124 dominicam
2986 4069 3061 4124 ad
3094 4067 3290 4124 ﬁdem
3337 4071 3640 4126 venimus.
3687 4070 3751 4123 Et
3791 4080 3863 4120 se-

2224 4157 2425 4213 cundo
2455 4157 2683 4230 parieti,
2718 4158 2832 4213 hoc
2862 4161 2949 4213 est
2974 4156 3419 4229 septentrionali
3444 4164 3605 4214 recte
3652 4169 3865 4227 compa-

2223 4245 2688 4319 ramur,quibus
2704 4250 2840 4318 post
2870 4246 3091 4315 frigora
3109 4263 3180 4302 ac
3211 4246 3485 4303 tenebras
3517 4244 3863 4311 idololatriae,

2221 4335 2418 4391 lucem
2447 4335 2707 4391 veritatis
2761 4351 3087 4406 agnoscere
3119 4336 3347 4392 datum.
3402 4339 3616 4392 Versae
3666 4334 3865 4391 habent

2222 4423 2405 4480 facies
2438 4424 2750 4480 cherubim
2783 4424 3553 4494 adtexteriorem-domum,
3599 4424 3740 4498 quia
3778 4436 3863 4476 no-

2224 4515 2547 4584 etri'gratia
2577 4515 2681 4588 qui
2714 4514 3081 4571 adhuc'foris
3125 4519 3375 4583 stamus,
3421 4531 3623 4588 neque
3666 4512 3859 4585 reipsa,

2222 4603 2328 4659 sed
2358 4619 2463 4676 spe
2489 4604 2636 4659 salvi
2665 4604 2803 4660 facti
2830 4618 3044 4659 sumus
3077 4603 3286 4674 (divini
3317 4608 3459 4661 sunt
3484 4604 3622 4660 libri
3662 4596 3860 4659 conditi

2219 4692 2366 4765 quia
2412 4693 2726 4766 scriptores
2762 4708 2972 4749 eorum
3011 4694 3142 4764 jam
3191 4697 3511 4764 regnantes
3560 4709 3695 4749 eum
3736 4692 3857 4753 Deo.

2217 4778 2386 4837 illum
2417 4782 3109 4850 caullaudant‘in‘euelis,
3143 4798 3354 4839 auram
3398 4787 3619 4839 nostras
3670 4777 3860 4851 gerunt

2220 4871 2448 4941 salutis,
2464 4887 2694 4944 proque
2715 4872 2933 4927 nostris
2952 4871 3250 4928 erratibus
3270 4871 3433 4944 apud
3453 4872 3586 4943 ejus
3599 4871 3856 4944 pietatem

2213 4957 2630 5033 interpellant).
2656 4983 2685 5011 ‹‹
2708 4964 2771 5017 Et
2791 4975 3004 5017 omnes
3020 4960 3291 5033 parietes
3313 4960 3518 5033 templi
3547 4976 3656 5034 per
3675 4952 3856 5014 circui-

2216 5053 2341 5104 tum
2365 5050 2616 5122 sculpsit
2641 5050 2821 5106 variis
2851 5050 3143 5105 caelaturis
3170 5055 3227 5105 et
3253 5055 3496 5106 torno»
3518 5052 3735 5106 Omnes
3763 5060 3853 5117 pa-

2212 5139 2386 5194 rietes
2407 5138 2611 5211 templi
2631 5155 2738 5211 per
2763 5139 3095 5207 circuitum,
3114 5154 3328 5195 omnes
3352 5133 3851 5209 sanctaemcclesits

2210 5227 2419 5300 populi
2450 5232 2611 5295 sunt,
2638 5227 2861 5301 quibus
2880 5244 3062 5300 super
3080 5227 3546 5286 fundamentum
3564 5225 3767 5282 Christi
3785 5221 3852 5276 le

2211 5316 2379 5387 catis,
2409 5317 2588 5373 totius
2629 5316 2927 5373 ambitum
2954 5316 3120 5373 orbis
3150 5317 3429 5390 replevit.
3481 5319 3849 5389 Cmptumque

2208 5406 2347 5461 ﬁdei
2377 5406 2721 5471 aediﬁcium,
2736 5406 3005 5478 quotidie
3016 5421 3177 5462 nova
3192 5406 3605 5462 membrorum
3626 5412 3848 5459 suorum

2208 5496 2514 5567 progenie,
2542 5496 2718 5568 quasi
2751 5496 3444 5568 lapidum-pretiosorum
3472 5491 3847 5568 appositione,

2208 5589 2784 5655 superaugmentare
2809 5599 2931 5639 non
2956 5585 3202 5640 desistit.
3241 5585 3347 5646 Qui
3379 5585 3662 5640 nimirum
3681 5578 3849 5654 parie-

2206 5679 2292 5729 tes
2321 5675 2497 5729 variis
2525 5675 2820 5731 cailaturis
2852 5674 3232 5747 sculpunttn',
3260 5691 3397 5731 cum
3430 5675 3527 5731 alii
3558 5674 3845 5741 datur-per

2206 5762 2719 5833 Spiritumsermo
2738 5765 3069 5836 sapientiae,
3094 5764 3197 5821 alii
3217 5780 3435 5823 σεσιωο
3478 5761 3733 5820 scientiis
3768 5769 3829 5810 se
