3940 6404
93 327 190 381 629

1048 322 1351 377 ENNARR.
1396 319 1466 375 ΙΝ
1508 315 1756 374 LIBROS
1795 315 2056 371 REGUM.
2089 345 2158 354 —
2189 318 2257 372 IN
2288 316 2418 372 LIB.
2452 317 2546 374 IIl.

3426 329 3536 385 430

95 448 346 503 cundum
379 445 661 502 eumdem
694 445 998 519 Spiritum,
1035 445 1204 502 alteri
1233 446 1384 501 ﬁdes
1414 444 1476 500 in
1533 443 1748 502 eodem
1775 441 1825 496 Α
1865 463 1892 489 ‹‹
1934 456 2092 495 unus
2122 441 2434 513 Dominus,
2459 457 2582 499 una
2601 441 2773 511 ﬁdes,
2799 458 2993 500 unum
3021 443 3346 518 baptisma,
3369 467 3531 509 unus

96 537 313 610 spiritu,
345 536 441 593 alii
474 537 664 607 gratia
691 537 1071 594 curationum
1102 536 1163 592 in
1184 552 1307 592 uno
1361 535 1593 608 spiritu,
1651 535 1749 590 alii

95 627 350 701 operatio
376 627 686 706 virtutum,
721 627 818 682 alii
840 627 1176 700 prophetia,
1212 626 1307 681 alii
1329 625 1608 681 discretio
1634 625 1751 698 spi-

94 716 323 784 rituum,
357 715 454 770 alii
486 731 711 786 genera
756 715 1126 784 linguarum,
1180 714 1284 780 alii
1341 714 1749 786 interpretatio

96 821 430 862 sermonum
474 806 527 873 (1
554 804 840 876 Comm).
924 807 988 859 Et
1010 808 1073 858 ut
1099 803 1178 859 ad
1226 803 1358 858 illas
1409 803 1748 871 veniamus,

95 910 239 967 quas
269 909 480 948 omnes
510 892 730 948 habere
756 891 1030 948 valemus
1087 892 1354 959 virtutes,
1417 915 1444 941 «
1468 892 1747 962 charitas,

99 983 395 1054 gaudium,
418 999 560 1056 pax,
579 981 1032 1052 longanimitas,
1051 982 1360 1054 patientia,
1383 981 1749 1050 benignitas,

97 1073 344 1139 bonitas,
374 1072 546 1142 ﬁdes,
579 1071 895 1136 modestia,
923 1071 1288 1128 continentia
1328 1073 1483 1141 (Gal.
1518 1078 1574 1138 v)
1610 1092 1637 1120 ››
1696 1075 1752 1126 et

98 1162 277 1218 caeteri
308 1161 536 1216 fructus
559 1161 822 1232 spiritus,
851 1160 1000 1232 quid
1029 1161 1144 1215 nisi
1167 1159 1464 1216 caelaturaa
1485 1164 1627 1214 sunt
1649 1176 1751 1232 pa-

97 1251 298 1306 rietum
329 1250 535 1322 templi
560 1250 588 1305 ?
618 1250 762 1322 quia
785 1255 1034 1306 ornatus
1060 1254 1200 1305 sunt
1226 1249 1518 1304 mentium
1542 1248 1750 1322 populi

102 1341 210 1395 Dei.
245 1339 609 1411 Sculpuntur
633 1339 816 1393 iidem
842 1339 1102 1410 parietes
1133 1343 1190 1393 et
1239 1338 1316 1394 ad
1370 1338 1748 1410 patiendum,

97 1432 415 1500 cunctaque
436 1427 814 1501 promittunt,
847 1427 1115 1483 dicentes
1143 1443 1217 1482 ex
1243 1427 1448 1483 animo
1481 1442 1588 1498 per
1633 1427 1750 1481 sin-

97 1517 227 1586 gula
247 1534 378 1590 quae
405 1521 727 1573 occurrunt
781 1534 794 1571 :
859 1539 884 1564 ‹‹
919 1516 1280 1572 Benedicam
1337 1504 1653 1571 hominum
1686 1515 1748 1570 in

95 1606 248 1662 omni
274 1612 542 1680 tempore
572 1607 759 1676 (Psal.
798 1605 987 1677 χχχιιι)
1014 1624 1026 1671 ;
1057 1628 1083 1654 ››
1114 1609 1170 1660 et
1224 1622 1236 1659 :
1289 1606 1613 1660 «Paratum
1647 1621 1750 1660 cor

95 1701 372 1762 nostrum,
404 1699 890 1767 Deus,paratum
944 1712 1048 1750 cor
1101 1711 1328 1764 meum,
1385 1694 1645 1750 cantabo
1694 1698 1751 1749 et

1862 530 2015 584 Deus
2047 531 2288 600 (Ep/ws.
2324 534 2425 604 ιν).
2457 554 2484 581 ››
2524 534 2686 588 Unus
2706 531 2769 588 in
2795 533 3084 590 saeculum
3116 551 3383 608 presens
3427 557 3535 614 per

1860 617 2181 692 baptisma,
2211 637 2368 676 unus
2400 622 2460 677 in
2489 637 2747 692 regnum
2779 622 3016 680 caeleste
3041 640 3149 698 per
3173 643 3360 700 opera
3389 630 3533 698 ﬁdei

1861 713 1948 764 est
1979 709 2314 781 sperandus
2339 711 2629 768 introitus.
2664 715 2814 768 Nam
2841 713 3009 786 quod
3057 730 3216 772 unus
3241 723 3397 776 esset
3442 719 3533 777 in-

1862 814 2109 869 gressus
2123 800 2370 869 oraculi,
2401 805 2652 857 testatur
2667 802 2783 858 hoc
2805 801 3054 859 inferius
3084 803 3159 862 de
3182 822 3326 864 arca
3347 810 3534 884 scrip-

1860 892 1987 942 tum
2023 904 2090 942 :«
2127 892 2395 961 Cumque
2426 891 2756 948 eminerent
2785 896 3002 964 vectes,
3053 899 3110 950 et
3169 905 3534 970 apparerent

1862 978 2238 1034 summitates
2266 996 2499 1051 eorum,
2527 981 2668 1038 foris
2697 983 3111 1041 sanctuarium
3142 981 3280 1044 ante
3313 992 3543 1047 oracu-'

1859 1061 2006 1135 lum,
2040 1084 2164 1124 non
2197 1071 2575 1142 apparebant
2600 1071 2754 1129 ultra
2779 1073 3165 1145 extrinsecus,
3191 1079 3296 1150 qui
3320 1083 3377 1135 et
3404 1079 3530 1138 fue-

1859 1162 1998 1213 runt
2027 1157 2107 1213 ibi
2141 1175 2338 1231 usque
2363 1159 2424 1214 in
2451 1167 2808 1233 praesentem
2839 1163 3021 1219 diem.
3055 1168 3119 1220 ln
3155 1181 3297 1224 area
3323 1173 3529 1227 autem

1861 1263 1982 1301 non
2018 1253 2143 1303 erat
2165 1248 2348 1315 aliud,
2377 1249 2491 1304 nisi
2524 1249 2660 1306 duae
2679 1251 2900 1308 tabula:
2930 1251 3206 1326 lapideae,
3239 1273 3392 1330 quas
3416 1276 3530 1333 po-

1862 1342 2062 1393 suerat
2093 1338 2152 1393 in
2184 1355 2253 1394 ea
2283 1342 2512 1411 Moyses
2541 1340 2603 1396 in
2626 1342 2841 1406 Horeb,
2873 1344 3123 1416 quando
3144 1347 3370 1422 pepigit
3420 1350 3532 1408 Do-

1861 1427 2062 1482 minus
2091 1426 2289 1482 fdedus
2331 1446 2470 1483 cum
2499 1428 2636 1484 ﬁliis
2681 1430 2860 1487 Israel
2918 1448 3059 1488 cum
3105 1436 3530 1505 egrederentur

1860 1516 1933 1571 de
1957 1521 2111 1572 terra
2139 1518 2376 1590 rEgypti
2408 1518 2536 1588 (III
2554 1521 2699 1592 Reg.
2738 1524 2882 1591 vni),
2910 1526 3020 1578 etc.
3048 1541 3077 1573 ι
3117 1523 3230 1580 Ubi
3255 1530 3530 1598 patenter

1863 1606 1942 1677 (ni
1976 1606 2170 1676 fallor)
2208 1606 2542 1664 ostenditur
2597 1610 2764 1682 quod
2823 1627 2983 1667 unus
3039 1618 3167 1670 erat
3221 1615 3529 1687 ingressus

1861 1696 2088 1752 oraculi
2124 1716 2134 1752 :
2166 1702 2222 1753 et
2249 1698 2346 1754 hic
2378 1714 2408 1753 e
2440 1699 2684 1770 regione
2714 1701 2907 1758 factus
2929 1718 3105 1774 arcae,
3133 1720 3270 1778 quae
3310 1705 3369 1762 in
3399 1725 3528 1765 me-

95 1785 338 1858 psallam
357 1785 421 1841 in
456 1784 646 1853 gloria
673 1801 812 1840 mea
845 1785 1096 1839 Domino
1126 1786 1312 1855 (Psal.
1338 1785 1492 1854 cvn).
1529 1807 1555 1833 »
1584 1783 1748 1839 Scul-
1780 1801 1821 1855 Β
1859 1786 1958 1841 dio
1990 1787 2262 1858 ejusdem
2295 1788 2492 1845 stabat
2518 1791 2764 1847 oraculi.
2790 1793 2970 1864 Cujus
2985 1794 3293 1865 ingressus
3312 1799 3530 1857 ostiola

94 1879 522 1950 punturtorno,
581 1891 720 1930 cum
775 1874 1079 1930 intantum
1127 1874 1446 1929 virtutibus
1499 1889 1748 1946 operam

91 1951 462 2037 impendunt,
492 1968 556 2019 ut
608 1963 685 2019 ab
740 1963 959 2018 harum
1013 1963 1246 2030 tramite
1277 1962 1458 2018 nullis
1491 1963 1748 2018 circum-

98 2053 365 2109 stantium
419 2069 625 2108 rerum
687 2053 1233 2120 contrarietatibus,
1288 2052 1467 2107 nullis
1517 2052 1750 2124 possint

95 2141 510 2198 blandimentis
545 2141 750 2198 averti.
787 2141 938 2207 Quia
968 2141 1130 2198 enim
1161 2145 1469 2197 tornatura
1499 2141 1746 2212 caeteris,

97 2231 307 2287 artibus
334 2231 650 2287 velocitate
681 2231 983 2303 praecellit,
1019 2236 1076 2287 et
1123 2231 1258 2303 ipsa
1306 2230 1418 2286 sibi
1475 2229 1747 2301 regulam

95 2336 206 2392 qua
233 2321 355 2376 sine
385 2337 587 2377 errore
609 2336 765 2393 opus
817 2319 1088 2392 perﬁciat
1142 2324 1395 2375 servat:
1447 2323 1583 2392 apte
1640 2335 1748 2392 per

94 2411 236 2466 hanc
265 2411 364 2482 pia
393 2415 745 2467 sanctorum
773 2403 890 2464 vita
918 2409 1209 2478 signatur,
1251 2425 1387 2481 quae
1437 2413 1493 2464 et
1535 2411 1747 2480 parata

94 2506 171 2554 est
196 2515 431 2572 semper
465 2499 545 2555 ad
571 2499 933 2571 obsequium
957 2499 1175 2554 divinae
1201 2498 1525 2554 voluntatis
1553 2502 1610 2553 et
1629 2498 1744 2553 hoc

93 2588 305 2662 absque
331 2588 689 2644 diverticulo
720 2588 957 2644 errandi
991 2587 1312 2661 complere,
1351 2587 1532 2656 longo
1562 2587 1743 2642 virtu-

93 2682 207 2732 tum
237 2678 439 2734 didicit
472 2695 585 2733 usu
616 2678 953 2733 exercitata.
1006 2699 1033 2726 ‹‹
1063 2680 1125 2732 Et
1171 2677 1308 2732 fecit
1345 2676 1657 2732 cherubim
1677 2675 1740 2731 in

95 2767 168 2822 eis
187 2773 238 2824 et
261 2768 523 2841 palmas,
552 2774 610 2823 et
634 2768 898 2840 picturas
924 2767 1140 2830 varias,
1173 2767 1350 2840 quasi
1397 2766 1740 2838 prominen-

95 2861 171 2912 tes
197 2846 268 2914 de
293 2859 522 2931 pariete
550 2861 608 2913 et
635 2857 1026 2928 egredientes.
1052 2875 1082 2908 ›
1112 2856 1436 2912 Cherubim
1475 2872 1741 2928 namque

95 2945 147 3000 in
176 2946 500 3019 parietibus
534 2946 740 3019 templi
783 2946 918 3002 fecit
973 2945 1280 3015 Salomon,
1337 2962 1476 3001 cum
1526 2946 1745 3001 electos

99 3051 229 3091 suos
257 3037 550 3092 Dominus
580 3035 659 3092 ad
684 3035 958 3104 regulam
1019 3035 1461 3106 Scripturarum
1517 3040 1750 3090 sancta-

1859 1892 1965 1948 per
1998 1876 2498 1946 signiﬁcationem
2521 1880 2842 1938 multifarie
2863 1888 3127 1956 possunt
3141 1887 3351 1960 accipi.
3376 1892 3526 1946 Nam

1860 1970 1914 2021 et
1945 1966 2247 2036 angelicos
2275 1967 2516 2040 spiritus
2549 1986 2813 2042 quorum
2858 1972 3189 2030 ministerio
3231 1975 3530 2036 inhabita-

1860 2056 2082 2112 tionem
2099 2057 2306 2129 patria!
2335 2057 2589 2128 caelestis
2609 2059 3070 2132 introducimur,
3095 2064 3405 2138 aptissime
3425 2068 3527 2125 de-

1859 2145 2118 2215 signant.
2152 2148 2218 2201 Et
2239 2147 2653 2215 apostolorum
2686 2166 2880 2223 aeque,
2931 2139 3527 2230 apostOlicorumque

1855 2235 2142 2302 virorum,
2176 2235 2398 2308 quibus
2429 2236 2631 2294 claves
2661 2239 2834 2310 regni
2862 2240 3151 2298 caelorum
3174 2248 3317 2301 sunt
3343 2246 3523 2317 datae,

1857 2327 2057 2380 tenent
2085 2324 2345 2395 ﬁguram
2378 2343 2390 2380 :
2421 2326 2524 2398 qui
2555 2332 2803 2402 accepta
2834 2344 2872 2385 a
2921 2331 3179 2392 Domino
3231 2323 3526 2409 potestate

1855 2413 2081 2482 ligandi
2108 2418 2286 2485 atque
2318 2414 2610 2483 solvendi,
2639 2419 2697 2473 et
2725 2417 2944 2491 dignos
2997 2420 3154 2490 intra
3209 2423 3380 2495 regni
3433 2425 3527 2500 ja-

1855 2518 2042 2557 nuam
2071 2502 2412 2571 admittunt,
2446 2509 2503 2560 et
2530 2510 2936 2576 contumaces,
2958 2508 3231 2582 impuros
3253 2527 3324 2569 ac
3352 2529 3528 2588 supe-

1854 2591 2016 2657 rbos,
2045 2593 2652 2666 excommunicando,
2687 2595 2811 2652 sive
2837 2598 3426 2672 anathematizando,
3446 2602 3528 2677 ab

1857 2681 2130 2750 ingressu
2160 2681 2294 2736 vita:
2349 2684 2630 2754 perennis
2661 2684 2992 2742 eliminant.
3058 2688 3173 2745 Sed
3226 2693 3282 2747 et
3337 2681 3527 2770 opera

1850 2770 2112 2841 justitiaa,
2144 2787 2406 2843 quorum
2438 2773 2650 2829 merito
2683 2775 2760 2830 ad
2790 2791 3004 2845 regum
3027 2777 3266 2835 caeleste
3314 2771 3523 2855 perve-

1857 2860 2034 2929 nitur,
2063 2863 2219 2931 recte
2250 2877 2357 2932 per
2377 2862 2528 2917 ostia
2548 2863 2672 2935 (per
2693 2880 2828 2936 quae
2849 2865 2911 2921 in
2936 2867 3155 2924 Sancta
3173 2873 3522 2934 sanctorum

1856 2949 2124 3021 pontifex
2145 2949 2610 3023 ingrediebatur)
2644 2957 2899 3024 possunt
2928 2955 3124 3028 typice
3174 2957 3476 3028 designari
3506 2976 3521 3014 :

1850 3038 2024 3108 juxta
2049 3037 2162 3092 hoc
2185 3037 2350 3110 quod
2380 3038 2442 3092 in
2467 3039 2620 3095 libro
2666 3042 2981 3114 Sapientiae
3040 3045 3330 3118 scriptum
3386 3052 3475 3104 est
3507 3065 3522 3104 :

98 3140 219 3180 rum
251 3126 324 3197 (in
355 3126 586 3199 quibus
609 3129 697 3181 est
718 3124 1039 3184 multitudo
1061 3123 1343 3195 scientiae)
1361 3124 1547 3180 vitam
1571 3139 1746 3179 suam
1779 3158 1819 3213 ο
1861 3146 1889 3178 ‹
1923 3126 2250 3181 Custoditio
2277 3131 2478 3182 autem
2508 3127 2711 3200 legum
2738 3133 3188 3188 consummatio
3215 3133 3527 3210 incorrup-

99 3213 332 3284 dirigere
364 3216 574 3272 donat.
603 3215 924 3272 Cherubim
983 3213 1144 3281 facit,
1206 3229 1345 3268 cum
1399 3229 1504 3269 eos
1546 3214 1606 3268 in
1631 3214 1748 3280 hoc

99 3304 312 3360 mundo
368 3307 705 3361 castitatem
734 3303 1018 3375 angelicae
1073 3302 1571 3370 conversationis,
1638 3318 1749 3374 pro

99 3392 330 3449 modulo
351 3410 461 3450 suo
493 3393 672 3449 docet
714 3392 935 3449 imitari
968 3410 980 3447 :
1015 3391 1183 3466 quod
1221 3392 1486 3447 maxime
1533 3390 1750 3458 vigiliis

100 3495 161 3535 ac
187 3481 463 3539 laudibus
492 3482 736 3553 divinis,
769 3481 1083 3537 dilectione
1131 3481 1365 3536 sincera
1415 3480 1748 3536 Conditoris

99 3573 419 3653 et‘proximi
451 3573 696 3643 geritur.
733 3571 969 3626 Palmas
991 3570 1151 3642 facit,
1203 3587 1342 3626 cum
1392 3569 1750 3626 memoriam

97 3666 313 3718 aeterna
339 3661 751 3719 retributionis
774 3677 984 3717 eorum
1012 3660 1316 3716 mentibus
1340 3660 1568 3730 inﬁgit:
1595 3665 1657 3714 ut
1679 3675 1750 3714 eo

97 3753 281 3809 minus
311 3753 388 3808 ab
419 3769 579 3810 arcae
605 3751 849 3824 justitiaa
879 3751 1003 3807 labi
1055 3754 1300 3824 queant,
1360 3765 1482 3822 quo
1533 3765 1754 3805 merce-

98 3840 224 3897 dem
246 3842 489 3914 justitim
524 3857 764 3914 semper
808 3845 944 3896 ante
1002 3839 1209 3896 oculos
1254 3838 1538 3894 habeant.
1593 3839 1752 3894 Facit

98 3931 343 4001 picturas
374 3931 578 3987 varias
611 3929 787 4003 quasi
821 3929 1231 4003 prominentes
1295 3927 1368 3983 de
1426 3926 1650 4000 pariete
1696 3931 1754 3983 et

99 4019 472 4092 egredientes,
509 4036 652 4076 cum
683 4019 1043 4076 multifarias
1060 4019 1350 4074 virtutum
1371 4018 1752 4091 operationes
1779 4035 1783 4039 ·

99 4110 359 4167 ﬁdelibus
383 4110 613 4167 tribuit.
643 4109 816 4166 Verbi
865 4109 1078 4180 gratia,
1131 4108 1363 4164 viscera
1417 4107 1752 4164 misericor-

101 4197 220 4266 diae,
251 4200 708 4272 benignitatem,
740 4198 1162 4270 humilitatem,
1209 4197 1582 4271 patientiam,
1616 4214 1747 4253 mo-

99 4289 356 4348 destiam.
385 4314 413 4342 «
449 4289 568 4346 Sed
594 4294 653 4345 et
675 4291 1090 4364 pavimentum
1149 4288 1369 4344 domus
1415 4288 1555 4343 texit
1602 4303 1752 4342 auro

98 4378 440 4439 intrinsecus
472 4383 532 4436 et
561 4379 952 4436 extrinsecus.
984 4401 1012 4428 »
1036 4377 1398 4434 Intrinsecus
1429 4382 1486 4433 et
1540 4377 1752 4432 extrin-

100 4485 276 4537 secus,
307 4471 368 4526 in
399 4468 651 4527 oraculo
683 4473 740 4525 et
760 4468 821 4526 in
842 4468 977 4542 ipso
1000 4466 1222 4540 templo
1249 4465 1563 4537 signiﬁcat.
1590 4465 1752 4522 'l‘exit

102 4571 230 4628 ergo
261 4559 550 4616 Salomon
579 4557 999 4632 pavimentum
1029 4557 1248 4614 domus
1281 4571 1428 4611 auro
1481 4555 1754 4612 intrinse-

102 4662 196 4702 cus
221 4654 274 4705 et
303 4649 697 4715 extrinsecus,
724 4647 870 4720 quia
897 4663 1002 4702 rex
1030 4650 1233 4702 noster
1261 4645 1548 4718 paciﬁcus
1581 4650 1637 4701 et
1653 4660 1756 4701 an-

104 4738 252 4805 gelos
282 4744 463 4813 atque
487 4739 725 4796 animas
746 4739 1052 4809 justorum
1081 4737 1142 4792 in
1172 4736 1334 4792 caelis
1373 4736 1630 4811 perfecte
1685 4751 1755 4792 ac

102 4826 350 4898 plenarie
380 4829 548 4886 dono
578 4826 935 4894 dilectionis,
964 4842 1000 4882 a
1026 4830 1378 4883 caeterorum
1409 4825 1754 4900 mortalium

103 4915 313 4975 visione
339 4917 618 4986 secrevit.
651 4937 680 4971 ‹
710 4918 781 4971 Et
818 4916 880 4972 in
906 4916 1186 4987 ingressu
1215 4915 1441 4971 oraculi
1483 4915 1620 4971 fecit
1660 4930 1755 4970 os-

103 5004 233 5063 tiola
276 5007 350 5064 de
394 5007 574 5079 lignis
633 5006 956 5076 olivarum,
1013 5009 1338 5080 postesque
1391 5004 1756 5075 angulorum

105 5097 376 5171 quinque,
409 5102 468 5156 et
496 5097 620 5154 duo
641 5097 794 5154 ostia
823 5097 898 5153 de
918 5096 1097 5169 lignis
1143 5095 1462 5152 olivarum.
1494 5115 1525 5148 ›
1583 5093 1759 5160 Quod

106 5185 287 5256 primo
318 5187 572 5255 dixerat,
601 5185 737 5243 fecit
757 5185 974 5244 ostiola
999 5185 1073 5241 de
1089 5185 1268 5256 lignis
1291 5185 1610 5256 olivarum,
1642 5183 1760 5256 hoc

106 5270 295 5344 ipsum
308 5277 547 5334 videtur
576 5275 841 5350 apertius
875 5275 1175 5349 explicare
1204 5274 1466 5339 voluisse
1496 5289 1637 5330 eum
1656 5271 1760 5328 ad-

104 5361 286 5434 iunxit
337 5383 350 5421 :
405 5370 464 5425 et
503 5353 628 5432 duo
683 5365 839 5434 ostia
893 5365 968 5421 de
1024 5365 1203 5436 lignis
1246 5363 1564 5420 olivarum.
1598 5364 1761 5418 Unus

109 5453 316 5528 quippe
338 5460 466 5514 erat
495 5456 801 5527 ingressus
833 5454 1082 5525 oraculi,
1107 5454 1213 5512 sed
1241 5454 1402 5509 idem
1452 5453 1759 5522 ingressus

113 5540 334 5602 duobus
361 5547 533 5605 ostiis
586 5544 999 5602 claudebatur.
1053 5548 1434 5615 Rursumque
1487 5541 1763 5598 reseratis

116 5630 319 5691 eisdem
350 5635 754 5710 aperiebatur,
787 5635 940 5691 sicut
987 5635 1166 5690 etiam
1225 5632 1542 5706 templum.
1604 5630 1766 5686 Sicut

118 5721 359 5789 porticus
389 5730 529 5781 ante
557 5723 869 5796 templum,
905 5739 1095 5779 unum
1130 5739 1252 5778 non
1283 5719 1542 5793 amplius
1573 5718 1763 5775 habe-

126 5805 220 5866 bat
245 5811 568 5872 introitum.
602 5813 751 5871 Certi
777 5813 984 5886 utique
1023 5829 1212 5871 causa
1265 5809 1557 5885 mysterii,
1618 5810 1766 5881 quia

1858 3216 2034 3271 tionis
2057 3219 2145 3270 est
2179 3232 2191 3269 :
2216 3215 2584 3290 incorruptio
2615 3221 2818 3274 autem
2847 3219 2988 3276 facit
3010 3237 3138 3277 esse
3175 3217 3527 3295 proximum

1863 3308 2001 3360 Deo.
2029 3305 2523 3378 Concupiscentia
2557 3307 2757 3380 itaque
2789 3308 3094 3381 sapientiae
3134 3310 3391 3369 deducet
3445 3313 3527 3388 ad

1859 3410 2114 3464 regnum
2146 3398 2505 3466 perpetuum
2547 3395 2712 3474 (Sap.
2746 3397 2843 3469 νι).
2875 3420 2903 3448 ››
2955 3399 3183 3464 Quibus
3239 3393 3526 3472 omnibus

1861 3488 1996 3556 apte
2024 3483 2316 3555 congruit,
2349 3483 2518 3556 quod
2548 3485 2761 3542 eadem
2792 3487 3005 3544 ostiola
3035 3487 3112 3544 de
3147 3487 3327 3561 lignis
3375 3490 3529 3562 ﬁunt

1861 3573 2176 3638 olivarum,
2203 3573 2348 3646 quia
2373 3573 2661 3630 nimirum
2694 3579 2750 3632 et
2779 3576 2979 3649 angeli
3000 3581 3058 3634 et
3087 3571 3365 3650 homines
3386 3563 3526 3655 per?-

1862 3663 2014 3728 fecti,
2049 3662 2246 3718 fructu
2270 3663 2696 3720 misericordiae
2724 3670 2781 3721 et
2801 3666 3087 3739 operibus
3110 3667 3282 3742 lucis,
3312 3671 3527 3744 sesein

1861 3751 2045 3807 domo
2073 3751 2174 3806 Dei
2202 3750 2492 3820 gloriosos
2523 3753 2806 3830 exhibent
2862 3774 2875 3811 :
2934 3756 3059 3812 imo
3091 3772 3303 3826 omnes
3357 3755 3528 3836 electi

1861 3856 1967 3912 per
1997 3855 2169 3895 arma
2193 3838 2343 3894 lucis
2368 3844 2426 3894 et
2454 3841 2689 3912 pietatis
2729 3842 2960 3910 aditum
2990 3843 3103 3899 sibi
3153 3845 3359 3918 patrita
3409 3862 3528 3902 cce-.-

1858 3928 2021 3984 lestis
2047 3927 2342 4001 aperiunt.
2373 3929 2500 3984 Duo
2531 3934 2732 3986 autem
2763 3935 2906 3988 sunt
2929 3925 3162 4004 ostiola,
3213 3933 3338 3990 sive

1861 4021 2049 4073 Deum
2075 4033 2145 4073 ac
2171 4017 2493 4096 proximos
2551 4018 2810 4090 diligunt
2855 4024 2913 4078 et
2958 4021 3156 4095 angeli
3212 4027 3268 4095 et
3313 4039 3528 4098 omnes

1861 4107 2069 4171 sancti,
2103 4091 2299 4180 neque
2330 4107 2487 4163 ullus
2503 4109 2758 4181 januam
2784 4109 2932 4179 vitae,
2957 4091 3070 4168 nisi
3091 4091 3200 4187 per
3216 4091 3527 4188 geminam

1859 4198 2018 4253 hanc
2049 4195 2427 4252 dilectionem
2455 4200 2673 4271 poterit
2701 4199 2922 4256 intrare
2979 4218 2991 4257 :
3054 4201 3161 4258 sed
3217 4202 3530 4288 utriusque

1861 4285 2070 4358 populi
2100 4284 2401 4352 ﬁdelibus,
2429 4292 2486 4341 et
2507 4286 2698 4343 Judaei
2720 4289 2940 4346 scilicet
2958 4294 3016 4346 et
3036 4290 3289 4364 gentilis,
3314 4284 3531 4352 eadem

1862 4376 1994 4431 vitae
2021 4375 2212 4446 janua
2244 4380 2561 4432 reseratur.
2592 4379 2792 4434 Postes
2838 4380 3194 4450 angelorum
3234 4381 3529 4464 quinque,

1864 4464 2009 4538 quia
2038 4479 2162 4520 non
2190 4464 2387 4520 solum
2416 4465 2652 4522 animas
2688 4468 3012 4525 electorum
3041 4469 3180 4544 aula
3217 4471 3352 4527 coeli
3379 4469 3532 4530 reci,-

1867 4554 1969 4627 pit,
2005 4554 2111 4610 sed
2141 4558 2197 4610 et
2227 4554 2582 4627 corporibus
2612 4555 2938 4613 immortali
2996 4558 3187 4629 gloria
3237 4559 3532 4633 praeditis,

1865 4644 1925 4699 in
1951 4643 2180 4715 judicio
2206 4660 2347 4699 suas
2388 4644 2543 4699 fores
2587 4647 2796 4719 aperit.
2856 4670 2883 4696 «
2912 4650 2980 4703 Et
3035 4647 3286 4720 sculpsrt
3330 4648 3392 4701 in
3446 4639 3533 4728 eis

1866 4733 2162 4806 picturam
2189 4731 2500 4787 cherubim
2534 4737 2590 4788 et
2616 4735 2964 4806 palmarum
2994 4735 3242 4808 species,
3294 4738 3353 4790 et
3380 4749 3531 4810 ana-

1867 4823 2095 4896 glypha
2114 4820 2284 4877 valde
2310 4821 2733 4892 prominentia,
2757 4826 2814 4878 et
2843 4823 2983 4879 texit
3011 4840 3084 4880 ea
3112 4838 3282 4891 auro,
3316 4825 3373 4878 et
3393 4838 3535 4902 ope-

1868 4913 1986 4968 ruit
2015 4916 2137 4968 tam
2164 4907 2476 4966 cherubim
2503 4925 2692 4983 quam
2717 4910 2954 4984 palmas
2985 4915 3042 4967 et
3066 4915 3280 4968 cetera
3307 4926 3477 4968 auro.
3495 4932 3532 4990 ει

1868 5000 2226 5073 Anaglypha
2256 5001 2472 5067 Graece,
2494 5014 2631 5071 quae
2660 4999 2862 5056 Latine
2891 4999 3172 5057 dicuntur
3192 5000 3529 5080 caelatura;

1869 5090 2012 5165 quia
2064 5089 2353 5144 virtutum
2400 5087 2684 5161 operibus
2729 5088 2886 5162 (quae
2936 5106 3045 5164 per
3099 5094 3290 5148 totum
3317 5091 3534 5165 orbem

1871 5161 2128 5235 Ecclesia
2158 5178 2219 5232 in
2244 5175 2465 5232 sanctis
2515 5176 2636 5231 suis
2688 5161 2783 5232 ac,
2810 5161 3087 5252 perfectis
3139 5182 3394 5252 exercet)
3450 5161 3535 5238 illi

1868 5267 2190 5341 praecipue,
2223 5264 2444 5339 quibus
2474 5263 2746 5321 ﬁdelium
2775 5283 2922 5326 cura
2951 5267 3300 5346 commissa,
3334 5271 3391 5324 et
3409 5259 3532 5325 cla-

1868 5373 1973 5414 ves
2005 5354 2172 5426 regni
2203 5353 2493 5436 caelorum
2513 5353 2846 5424 suntdatae,
2881 5357 3048 5413 omni
3065 5356 3326 5430 debeant
3347 5355 3533 5413 soler-

1871 5445 2255 5516 tiainsistere,
2277 5450 2340 5500 ut
2355 5449 2651 5518 quantum
2667 5445 2861 5516 gradu
2875 5447 3268 5520 praeeminent
3281 5447 3530 5524 caeteris,

1871 5541 2104 5594 tantum
2122 5541 2178 5590 ct
2198 5535 2408 5591 merito
2424 5533 2769 5607 praecellant
2787 5536 2965 5593 bonae
2987 5536 3257 5595 actionis.
3303 5521 3537 5620 Haberi}

1875 5640 2137 5697 namque
2168 5624 2228 5679 in
2251 5640 2312 5679 se
2337 5622 2635 5696 picturam
2666 5624 2977 5682 cherubim
3012 5625 3335 5700 sculptam,
3391 5621 3534 5702 cum

1873 5714 2206 5788 angelicam
2219 5713 2278 5768 in
2297 5712 2466 5769 terris
2479 5712 2663 5768 vitam
2689 5719 3009 5788 (quantum
3022 5711 3378 5794 mortalibus
3393 5705 3537 5794 pos-

1878 5805 2044 5863 sibile
2076 5806 2253 5875 est)et
2271 5806 2469 5861 mente
2490 5801 2802 5862 imitantur
2821 5811 2879 5863 et
2897 5823 3100 5880 opere.
3124 5806 3359 5864 Habent
3402 5805 3534 5879 pal-
