  <div class='ocr_page' id='page_1' title='image "/cluster/home/n/w/nwhite01/storage/ocr_20150623/115-116/uc1.31175006916467/223.png"; bbox 0 0 3940 6404; ppageno 0'>
   <div class='ocr_carea' id='block_1_1' title="bbox 456 294 556 350">
    <p class='ocr_par' dir='ltr' id='par_1_1' title="bbox 456 294 556 350">
     <span class='ocr_line' id='line_1_1' title="bbox 456 294 556 350; baseline -0.03 0"><span class='ocrx_word' id='word_1_1' title='bbox 456 294 556 350; x_wconf 76' lang='grc'>431</span> 
     </span>
    </p>
   </div>
   <div class='ocr_carea' id='block_1_2' title="bbox 1557 278 3843 343">
    <p class='ocr_par' dir='ltr' id='par_1_2' title="bbox 1557 278 3843 343">
     <span class='ocr_line' id='line_1_2' title="bbox 1557 278 3843 343; baseline 0.002 -5"><span class='ocrx_word' id='word_1_2' title='bbox 1557 282 1912 339; x_wconf 78' lang='lat' dir='ltr'>ANGELOMI</span> <span class='ocrx_word' id='word_1_3' title='bbox 1956 278 2403 336; x_wconf 81' lang='lat' dir='ltr'>LUXOVIENSIS</span> <span class='ocrx_word' id='word_1_4' title='bbox 2441 283 2755 340; x_wconf 84' lang='lat' dir='ltr'>MONACHI</span> <span class='ocrx_word' id='word_1_5' title='bbox 3756 289 3843 343; x_wconf 71' lang='grc'>432</span> 
     </span>
    </p>
   </div>
   <div class='ocr_carea' id='block_1_3' title="bbox 456 403 3842 487">
    <p class='ocr_par' dir='ltr' id='par_1_3' title="bbox 456 403 3842 487">
     <span class='ocr_line' id='line_1_3' title="bbox 456 403 3842 487; baseline -0.001 -15"><span class='ocrx_word' id='word_1_6' title='bbox 456 432 694 473; x_wconf 86' lang='lat' dir='ltr'>marum</span> <span class='ocrx_word' id='word_1_7' title='bbox 725 413 974 487; x_wconf 88' lang='lat' dir='ltr'>species,</span> <span class='ocrx_word' id='word_1_8' title='bbox 1010 427 1147 466; x_wconf 91' lang='lat' dir='ltr'>cum</span> <span class='ocrx_word' id='word_1_9' title='bbox 1168 410 1330 464; x_wconf 89' lang='lat' dir='ltr'>dona</span> <span class='ocrx_word' id='word_1_10' title='bbox 1379 422 1654 479; x_wconf 69' lang='lat' dir='ltr'>superum</span> <span class='ocrx_word' id='word_1_11' title='bbox 1705 403 2110 463; x_wconf 84' lang='lat' dir='ltr'>retributionis</span> <span class='ocrx_word' id='word_1_12' title='bbox 2139 407 2187 460; x_wconf 81' lang='grc' dir='ltr'><strong>Α</strong></span> <span class='ocrx_word' id='word_1_13' title='bbox 2225 410 2457 462; x_wconf 89' lang='lat' dir='ltr'>centem</span> <span class='ocrx_word' id='word_1_14' title='bbox 2514 408 2867 465; x_wconf 84' lang='lat' dir='ltr'>rationabile</span> <span class='ocrx_word' id='word_1_15' title='bbox 2920 406 3281 481; x_wconf 89' lang='lat' dir='ltr'>obsequium</span> <span class='ocrx_word' id='word_1_16' title='bbox 3360 411 3626 463; x_wconf 89' lang='lat' dir='ltr'>vestrum</span> <span class='ocrx_word' id='word_1_17' title='bbox 3677 411 3842 477; x_wconf 85' lang='lat' dir='ltr'>(Rom.</span> 
     </span>
    </p>
   </div>
   <div class='ocr_carea' id='block_1_4' title="bbox 456 495 2111 573">
    <p class='ocr_par' dir='ltr' id='par_1_4' title="bbox 456 495 2111 573">
     <span class='ocr_line' id='line_1_4' title="bbox 456 495 2111 573; baseline -0.006 -13"><span class='ocrx_word' id='word_1_18' title='bbox 456 506 576 561; x_wconf 83' lang='lat' dir='ltr'>ﬁxa</span> <span class='ocrx_word' id='word_1_19' title='bbox 604 518 840 573; x_wconf 82' lang='lat' dir='ltr'>semper</span> <span class='ocrx_word' id='word_1_20' title='bbox 864 500 1195 556; x_wconf 84' lang='lat' dir='ltr'>inteusione</span> <span class='ocrx_word' id='word_1_21' title='bbox 1218 496 1598 552; x_wconf 76' lang='lat' dir='ltr'>meditantur.</span> <span class='ocrx_word' id='word_1_22' title='bbox 1618 495 1823 551; x_wconf 84' lang='lat' dir='ltr'>Palma</span> <span class='ocrx_word' id='word_1_23' title='bbox 1844 509 2111 565; x_wconf 86' lang='lat' dir='ltr'>namque</span> 
     </span>
    </p>
   </div>
   <div class='ocr_carea' id='block_1_5' title="bbox 456 581 2114 655">
    <p class='ocr_par' dir='ltr' id='par_1_5' title="bbox 456 581 2114 655">
     <span class='ocr_line' id='line_1_5' title="bbox 456 581 2114 655; baseline -0.007 -7"><span class='ocrx_word' id='word_1_24' title='bbox 456 610 673 649; x_wconf 82' lang='lat' dir='ltr'>manus</span> <span class='ocrx_word' id='word_1_25' title='bbox 715 589 969 644; x_wconf 72' lang='lat' dir='ltr'>victricis</span> <span class='ocrx_word' id='word_1_26' title='bbox 1026 592 1271 642; x_wconf 88' lang='lat' dir='ltr'>ornatus</span> <span class='ocrx_word' id='word_1_27' title='bbox 1324 589 1434 640; x_wconf 87' lang='lat' dir='ltr'>est.</span> <span class='ocrx_word' id='word_1_28' title='bbox 1489 584 1720 639; x_wconf 80' lang='lat' dir='ltr'>Habent</span> <span class='ocrx_word' id='word_1_29' title='bbox 1764 581 2114 655; x_wconf 86' lang='lat' dir='ltr'>anaglypha</span> 
     </span>
    </p>
   </div>
   <div class='ocr_carea' id='block_1_6' title="bbox 457 672 2112 752">
    <p class='ocr_par' dir='ltr' id='par_1_6' title="bbox 457 672 2112 752">
     <span class='ocr_line' id='line_1_6' title="bbox 457 672 2112 752; baseline -0.007 -15"><span class='ocrx_word' id='word_1_30' title='bbox 457 681 629 737; x_wconf 85' lang='lat' dir='ltr'>valde</span> <span class='ocrx_word' id='word_1_31' title='bbox 660 676 1080 752; x_wconf 74' lang='lat' dir='ltr'>prominentia,</span> <span class='ocrx_word' id='word_1_32' title='bbox 1111 691 1251 730; x_wconf 90' lang='lat' dir='ltr'>cum</span> <span class='ocrx_word' id='word_1_33' title='bbox 1282 672 1613 729; x_wconf 87' lang='lat' dir='ltr'>certissima</span> <span class='ocrx_word' id='word_1_34' title='bbox 1642 672 1945 728; x_wconf 90' lang='lat' dir='ltr'>bonorum</span> <span class='ocrx_word' id='word_1_35' title='bbox 1974 685 2112 742; x_wconf 89' lang='lat' dir='ltr'>ope-</span> 
     </span>
    </p>
   </div>
   <div class='ocr_carea' id='block_1_7' title="bbox 453 760 2111 836">
    <p class='ocr_par' dir='ltr' id='par_1_7' title="bbox 453 760 2111 836">
     <span class='ocr_line' id='line_1_7' title="bbox 453 760 2111 836; baseline -0.007 -11"><span class='ocrx_word' id='word_1_36' title='bbox 453 787 588 826; x_wconf 92' lang='lat' dir='ltr'>rum</span> <span class='ocrx_word' id='word_1_37' title='bbox 619 768 1002 835; x_wconf 82' lang='lat' dir='ltr'>documenta,</span> <span class='ocrx_word' id='word_1_38' title='bbox 1034 768 1090 821; x_wconf 91' lang='lat' dir='ltr'>et</span> <span class='ocrx_word' id='word_1_39' title='bbox 1115 780 1249 836; x_wconf 82' lang='lat' dir='ltr'>quae</span> <span class='ocrx_word' id='word_1_40' title='bbox 1271 761 1529 818; x_wconf 90' lang='lat' dir='ltr'>nemoin</span> <span class='ocrx_word' id='word_1_41' title='bbox 1549 760 1850 816; x_wconf 81' lang='lat' dir='ltr'>sinistram</span> <span class='ocrx_word' id='word_1_42' title='bbox 1880 764 2111 831; x_wconf 89' lang='lat' dir='ltr'>partem</span> 
     </span>
    </p>
   </div>
   <div class='ocr_carea' id='block_1_8' title="bbox 452 846 2113 929">
    <p class='ocr_par' dir='ltr' id='par_1_8' title="bbox 452 846 2113 929">
     <span class='ocr_line' id='line_1_8' title="bbox 452 846 2113 929; baseline -0.007 -16"><span class='ocrx_word' id='word_1_43' title='bbox 452 854 820 929; x_wconf 90' lang='lat' dir='ltr'>interpretari</span> <span class='ocrx_word' id='word_1_44' title='bbox 852 854 1151 909; x_wconf 87' lang='lat' dir='ltr'>ullatenus</span> <span class='ocrx_word' id='word_1_45' title='bbox 1178 851 1394 914; x_wconf 72' lang='lat' dir='ltr'>valeat,</span> <span class='ocrx_word' id='word_1_46' title='bbox 1420 849 1648 905; x_wconf 89' lang='lat' dir='ltr'>cunctis</span> <span class='ocrx_word' id='word_1_47' title='bbox 1681 866 1808 905; x_wconf 92' lang='lat' dir='ltr'>sese</span> <span class='ocrx_word' id='word_1_48' title='bbox 1838 846 2113 903; x_wconf 85' lang='lat' dir='ltr'>intuenti-</span> 
     </span>
    </p>
   </div>
   <div class='ocr_carea' id='block_1_9' title="bbox 449 934 2111 1001">
    <p class='ocr_par' dir='ltr' id='par_1_9' title="bbox 449 934 2111 1001">
     <span class='ocr_line' id='line_1_9' title="bbox 449 934 2111 1001; baseline -0.007 0"><span class='ocrx_word' id='word_1_49' title='bbox 449 946 565 1001; x_wconf 86' lang='lat' dir='ltr'>bus</span> <span class='ocrx_word' id='word_1_50' title='bbox 596 942 937 1000; x_wconf 81' lang='lat' dir='ltr'>ostendunt.</span> <span class='ocrx_word' id='word_1_51' title='bbox 974 944 1039 997; x_wconf 90' lang='lat' dir='ltr'>Et</span> <span class='ocrx_word' id='word_1_52' title='bbox 1063 941 1191 996; x_wconf 65' lang='lat' dir='ltr'>haec</span> <span class='ocrx_word' id='word_1_53' title='bbox 1236 938 1442 995; x_wconf 87' lang='lat' dir='ltr'>omnia</span> <span class='ocrx_word' id='word_1_54' title='bbox 1496 941 1635 992; x_wconf 91' lang='lat' dir='ltr'>sunt</span> <span class='ocrx_word' id='word_1_55' title='bbox 1685 937 1816 992; x_wconf 86' lang='lat' dir='ltr'>auri</span> <span class='ocrx_word' id='word_1_56' title='bbox 1870 934 2111 991; x_wconf 86' lang='lat' dir='ltr'>laminis</span> 
     </span>
    </p>
   </div>
   <div class='ocr_carea' id='block_1_10' title="bbox 450 1023 2110 1107">
    <p class='ocr_par' dir='ltr' id='par_1_10' title="bbox 450 1023 2110 1107">
     <span class='ocr_line' id='line_1_10' title="bbox 450 1023 2110 1107; baseline -0.008 -17"><span class='ocrx_word' id='word_1_57' title='bbox 450 1039 675 1107; x_wconf 81' lang='lat' dir='ltr'>Operta,</span> <span class='ocrx_word' id='word_1_58' title='bbox 701 1049 839 1088; x_wconf 91' lang='lat' dir='ltr'>cum</span> <span class='ocrx_word' id='word_1_59' title='bbox 868 1031 1040 1102; x_wconf 88' lang='lat' dir='ltr'>(sicut</span> <span class='ocrx_word' id='word_1_60' title='bbox 1070 1045 1227 1101; x_wconf 67' lang='lat' dir='ltr'>saepe</span> <span class='ocrx_word' id='word_1_61' title='bbox 1255 1028 1482 1083; x_wconf 90' lang='lat' dir='ltr'>dictum</span> <span class='ocrx_word' id='word_1_62' title='bbox 1510 1030 1567 1081; x_wconf 90' lang='lat' dir='ltr'>et</span> <span class='ocrx_word' id='word_1_63' title='bbox 1621 1040 1860 1097; x_wconf 85' lang='lat' dir='ltr'>semper</span> <span class='ocrx_word' id='word_1_64' title='bbox 1907 1023 2110 1079; x_wconf 92' lang='lat' dir='ltr'>dicen-</span> 
     </span>
    </p>
   </div>
   <div class='ocr_carea' id='block_1_11' title="bbox 449 1111 2110 1189">
    <p class='ocr_par' dir='ltr' id='par_1_11' title="bbox 449 1111 2110 1189">
     <span class='ocr_line' id='line_1_11' title="bbox 449 1111 2110 1189; baseline -0.007 -11"><span class='ocrx_word' id='word_1_65' title='bbox 449 1123 596 1178; x_wconf 90' lang='lat' dir='ltr'>dum</span> <span class='ocrx_word' id='word_1_66' title='bbox 623 1128 729 1189; x_wconf 86' lang='lat' dir='ltr'>est)</span> <span class='ocrx_word' id='word_1_67' title='bbox 762 1119 989 1176; x_wconf 66' lang='lat' dir='ltr'>caeteris</span> <span class='ocrx_word' id='word_1_68' title='bbox 1046 1118 1322 1173; x_wconf 85' lang='lat' dir='ltr'>virtutem</span> <span class='ocrx_word' id='word_1_69' title='bbox 1374 1115 1621 1171; x_wconf 84' lang='lat' dir='ltr'>floribus</span> <span class='ocrx_word' id='word_1_70' title='bbox 1674 1112 1992 1185; x_wconf 90' lang='lat' dir='ltr'>specialius</span> <span class='ocrx_word' id='word_1_71' title='bbox 2048 1111 2110 1167; x_wconf 91' lang='lat' dir='ltr'>in</span> 
     </span>
    </p>
   </div>
   <div class='ocr_carea' id='block_1_12' title="bbox 448 1201 2109 1282">
    <p class='ocr_par' dir='ltr' id='par_1_12' title="bbox 448 1201 2109 1282">
     <span class='ocr_line' id='line_1_12' title="bbox 448 1201 2109 1282; baseline -0.008 -15"><span class='ocrx_word' id='word_1_72' title='bbox 448 1212 685 1282; x_wconf 79' lang='lat' dir='ltr'>magnis</span> <span class='ocrx_word' id='word_1_73' title='bbox 702 1209 971 1265; x_wconf 73' lang='lat' dir='ltr'>Ecclesiae</span> <span class='ocrx_word' id='word_1_74' title='bbox 989 1206 1193 1262; x_wconf 88' lang='lat' dir='ltr'>memb</span> <span class='ocrx_word' id='word_1_75' title='bbox 1203 1207 1298 1266; x_wconf 83' lang='lat' dir='ltr'>ris,</span> <span class='ocrx_word' id='word_1_76' title='bbox 1314 1204 1509 1274; x_wconf 82' lang='lat' dir='ltr'>fulgor</span> <span class='ocrx_word' id='word_1_77' title='bbox 1527 1201 1929 1275; x_wconf 77' lang='lat' dir='ltr'>supereminet</span> <span class='ocrx_word' id='word_1_78' title='bbox 1945 1216 2109 1256; x_wconf 88' lang='lat' dir='ltr'>amo-</span> 
     </span>
    </p>
   </div>
   <div class='ocr_carea' id='block_1_13' title="bbox 447 1288 2110 1356">
    <p class='ocr_par' dir='ltr' id='par_1_13' title="bbox 447 1288 2110 1356">
     <span class='ocr_line' id='line_1_13' title="bbox 447 1288 2110 1356; baseline -0.008 0"><span class='ocrx_word' id='word_1_79' title='bbox 447 1300 547 1356; x_wconf 89' lang='lat' dir='ltr'>ris.</span> <span class='ocrx_word' id='word_1_80' title='bbox 582 1300 676 1355; x_wconf 85' lang='lat' dir='ltr'>llis</span> <span class='ocrx_word' id='word_1_81' title='bbox 710 1296 935 1353; x_wconf 84' lang='lat' dir='ltr'>ostiolis</span> <span class='ocrx_word' id='word_1_82' title='bbox 962 1295 1139 1351; x_wconf 88' lang='lat' dir='ltr'>etiam</span> <span class='ocrx_word' id='word_1_83' title='bbox 1168 1293 1368 1348; x_wconf 82' lang='lat' dir='ltr'>velum</span> <span class='ocrx_word' id='word_1_84' title='bbox 1400 1291 1583 1347; x_wconf 86' lang='lat' dir='ltr'>fuisse</span> <span class='ocrx_word' id='word_1_85' title='bbox 1615 1290 1889 1346; x_wconf 89' lang='lat' dir='ltr'>additum</span> <span class='ocrx_word' id='word_1_86' title='bbox 1918 1288 2110 1344; x_wconf 86' lang='lat' dir='ltr'>Verba.</span> 
     </span>
    </p>
   </div>
   <div class='ocr_carea' id='block_1_14' title="bbox 450 1377 2108 1455">
    <p class='ocr_par' dir='ltr' id='par_1_14' title="bbox 450 1377 2108 1455">
     <span class='ocr_line' id='line_1_14' title="bbox 450 1377 2108 1455; baseline -0.008 -12"><span class='ocrx_word' id='word_1_87' title='bbox 450 1389 684 1455; x_wconf 76' lang='lat' dir='ltr'>dierum</span> <span class='ocrx_word' id='word_1_88' title='bbox 714 1388 969 1441; x_wconf 88' lang='lat' dir='ltr'>narrant</span> <span class='ocrx_word' id='word_1_89' title='bbox 1000 1402 1013 1439; x_wconf 74' lang='grc' dir='ltr'>ε</span> <span class='ocrx_word' id='word_1_90' title='bbox 1050 1405 1075 1432; x_wconf 87' lang='grc'>‹‹</span> <span class='ocrx_word' id='word_1_91' title='bbox 1100 1382 1252 1439; x_wconf 82' lang='lat' dir='ltr'>Fecit</span> <span class='ocrx_word' id='word_1_92' title='bbox 1280 1397 1523 1453; x_wconf 90' lang='lat' dir='ltr'>quoque</span> <span class='ocrx_word' id='word_1_93' title='bbox 1555 1378 1774 1448; x_wconf 78' lang='lat' dir='ltr'>velum,</span> <span class='ocrx_word' id='word_1_94' title='bbox 1804 1377 2015 1449; x_wconf 89' lang='lat' dir='ltr'>inquit,</span> <span class='ocrx_word' id='word_1_95' title='bbox 2036 1393 2108 1431; x_wconf 88' lang='lat' dir='ltr'>ex</span> 
     </span>
    </p>
   </div>
   <div class='ocr_carea' id='block_1_15' title="bbox 446 1464 2107 1549">
    <p class='ocr_par' dir='ltr' id='par_1_15' title="bbox 446 1464 2107 1549">
     <span class='ocr_line' id='line_1_15' title="bbox 446 1464 2107 1549; baseline -0.007 -18"><span class='ocrx_word' id='word_1_96' title='bbox 446 1475 796 1549; x_wconf 77' lang='lat' dir='ltr'>hyacintho,</span> <span class='ocrx_word' id='word_1_97' title='bbox 828 1488 1121 1545; x_wconf 85' lang='lat' dir='ltr'>purpura,</span> <span class='ocrx_word' id='word_1_98' title='bbox 1153 1486 1332 1526; x_wconf 90' lang='lat' dir='ltr'>cocco</span> <span class='ocrx_word' id='word_1_99' title='bbox 1359 1474 1416 1526; x_wconf 92' lang='lat' dir='ltr'>et</span> <span class='ocrx_word' id='word_1_100' title='bbox 1440 1469 1644 1541; x_wconf 87' lang='lat' dir='ltr'>bysso,</span> <span class='ocrx_word' id='word_1_101' title='bbox 1680 1473 1736 1523; x_wconf 92' lang='lat' dir='ltr'>et</span> <span class='ocrx_word' id='word_1_102' title='bbox 1778 1466 2027 1522; x_wconf 85' lang='lat' dir='ltr'>intexuit</span> <span class='ocrx_word' id='word_1_103' title='bbox 2055 1464 2107 1520; x_wconf 89' lang='lat' dir='ltr'>ei</span> 
     </span>
    </p>
   </div>
   <div class='ocr_carea' id='block_1_16' title="bbox 450 1555 2107 1634">
    <p class='ocr_par' dir='ltr' id='par_1_16' title="bbox 450 1555 2107 1634">
     <span class='ocr_line' id='line_1_16' title="bbox 450 1555 2107 1634; baseline -0.005 -15"><span class='ocrx_word' id='word_1_104' title='bbox 450 1563 760 1620; x_wconf 86' lang='lat' dir='ltr'>cherubim</span> <span class='ocrx_word' id='word_1_105' title='bbox 785 1563 875 1634; x_wconf 88' lang='lat' dir='ltr'>(II</span> <span class='ocrx_word' id='word_1_106' title='bbox 897 1562 1041 1616; x_wconf 76' lang='lat' dir='ltr'>Par.</span> <span class='ocrx_word' id='word_1_107' title='bbox 1080 1563 1185 1629; x_wconf 82' lang='lat' dir='ltr'>in),</span> <span class='ocrx_word' id='word_1_108' title='bbox 1213 1583 1239 1609; x_wconf 79' lang='grc' dir='ltr'>υ</span> <span class='ocrx_word' id='word_1_109' title='bbox 1266 1558 1431 1631; x_wconf 91' lang='lat' dir='ltr'>quod</span> <span class='ocrx_word' id='word_1_110' title='bbox 1453 1556 1684 1613; x_wconf 90' lang='lat' dir='ltr'>decoris</span> <span class='ocrx_word' id='word_1_111' title='bbox 1706 1555 1951 1629; x_wconf 88' lang='lat' dir='ltr'>quidem</span> <span class='ocrx_word' id='word_1_112' title='bbox 1975 1569 2107 1623; x_wconf 85' lang='lat' dir='ltr'>gra-</span> 
     </span>
    </p>
   </div>
   <div class='ocr_carea' id='block_1_17' title="bbox 450 1643 2103 1720">
    <p class='ocr_par' dir='ltr' id='par_1_17' title="bbox 450 1643 2103 1720">
     <span class='ocr_line' id='line_1_17' title="bbox 450 1643 2103 1720; baseline -0.007 -12"><span class='ocrx_word' id='word_1_113' title='bbox 450 1654 529 1709; x_wconf 88' lang='lat' dir='ltr'>tia</span> <span class='ocrx_word' id='word_1_114' title='bbox 560 1652 783 1707; x_wconf 87' lang='lat' dir='ltr'>factum</span> <span class='ocrx_word' id='word_1_115' title='bbox 816 1654 925 1717; x_wconf 89' lang='lat' dir='ltr'>est,</span> <span class='ocrx_word' id='word_1_116' title='bbox 959 1653 1024 1704; x_wconf 92' lang='lat' dir='ltr'>ut</span> <span class='ocrx_word' id='word_1_117' title='bbox 1054 1648 1204 1704; x_wconf 90' lang='lat' dir='ltr'>inter</span> <span class='ocrx_word' id='word_1_118' title='bbox 1243 1647 1497 1720; x_wconf 90' lang='lat' dir='ltr'>parietes</span> <span class='ocrx_word' id='word_1_119' title='bbox 1548 1645 1869 1701; x_wconf 91' lang='lat' dir='ltr'>deauratos</span> <span class='ocrx_word' id='word_1_120' title='bbox 1925 1643 2103 1698; x_wconf 91' lang='lat' dir='ltr'>etiam</span> 
     </span>
    </p>
   </div>
   <div class='ocr_carea' id='block_1_18' title="bbox 2222 496 3846 571">
    <p class='ocr_par' dir='ltr' id='par_1_18' title="bbox 2222 496 3846 571">
     <span class='ocr_line' id='line_1_18' title="bbox 2222 496 3846 571; baseline 0.004 -22"><span class='ocrx_word' id='word_1_121' title='bbox 2222 499 2345 557; x_wconf 86' lang='lat' dir='ltr'>xu).</span> <span class='ocrx_word' id='word_1_122' title='bbox 2380 496 2732 554; x_wconf 84' lang='lat' dir='ltr'>Intexuntur</span> <span class='ocrx_word' id='word_1_123' title='bbox 2767 497 3073 553; x_wconf 88' lang='lat' dir='ltr'>cherubim</span> <span class='ocrx_word' id='word_1_124' title='bbox 3131 496 3348 565; x_wconf 89' lang='lat' dir='ltr'>eidem,</span> <span class='ocrx_word' id='word_1_125' title='bbox 3393 497 3561 569; x_wconf 90' lang='lat' dir='ltr'>quod</span> <span class='ocrx_word' id='word_1_126' title='bbox 3616 504 3846 571; x_wconf 85' lang='lat' dir='ltr'>quatuor</span> 
     </span>
    </p>
   </div>
   <div class='ocr_carea' id='block_1_19' title="bbox 2222 584 3845 660">
    <p class='ocr_par' dir='ltr' id='par_1_19' title="bbox 2222 584 3845 660">
     <span class='ocr_line' id='line_1_19' title="bbox 2222 584 3845 660; baseline 0.003 -22"><span class='ocrx_word' id='word_1_127' title='bbox 2222 584 2453 642; x_wconf 87' lang='lat' dir='ltr'>eximiis</span> <span class='ocrx_word' id='word_1_128' title='bbox 2483 587 2785 643; x_wconf 90' lang='lat' dir='ltr'>coloribus</span> <span class='ocrx_word' id='word_1_129' title='bbox 2838 586 3169 652; x_wconf 87' lang='lat' dir='ltr'>conﬁcitur,</span> <span class='ocrx_word' id='word_1_130' title='bbox 3229 602 3369 641; x_wconf 89' lang='lat' dir='ltr'>cum</span> <span class='ocrx_word' id='word_1_131' title='bbox 3425 586 3699 643; x_wconf 90' lang='lat' dir='ltr'>universa</span> <span class='ocrx_word' id='word_1_132' title='bbox 3731 605 3845 660; x_wconf 68' lang='lat' dir='ltr'>quae</span> 
     </span>
    </p>
   </div>
   <div class='ocr_carea' id='block_1_20' title="bbox 2220 673 3848 748">
    <p class='ocr_par' dir='ltr' id='par_1_20' title="bbox 2220 673 3848 748">
     <span class='ocr_line' id='line_1_20' title="bbox 2220 673 3848 748; baseline 0.002 -20"><span class='ocrx_word' id='word_1_133' title='bbox 2220 673 2316 746; x_wconf 91' lang='lat' dir='ltr'>pic</span> <span class='ocrx_word' id='word_1_134' title='bbox 2344 676 2599 745; x_wconf 82' lang='lat' dir='ltr'>agimus,</span> <span class='ocrx_word' id='word_1_135' title='bbox 2634 693 2670 732; x_wconf 91' lang='lat' dir='ltr'>a</span> <span class='ocrx_word' id='word_1_136' title='bbox 2694 676 3000 732; x_wconf 85' lang='lat' dir='ltr'>venenatis</span> <span class='ocrx_word' id='word_1_137' title='bbox 3020 675 3370 731; x_wconf 81' lang='lat' dir='ltr'>daemonum</span> <span class='ocrx_word' id='word_1_138' title='bbox 3392 674 3540 741; x_wconf 86' lang='lat' dir='ltr'>telis,</span> <span class='ocrx_word' id='word_1_139' title='bbox 3562 691 3675 748; x_wconf 91' lang='lat' dir='ltr'>peo</span> <span class='ocrx_word' id='word_1_140' title='bbox 3694 692 3848 747; x_wconf 87' lang='lat' dir='ltr'>ange-</span> 
     </span>
    </p>
   </div>
   <div class='ocr_carea' id='block_1_21' title="bbox 2219 763 3844 838">
    <p class='ocr_par' dir='ltr' id='par_1_21' title="bbox 2219 763 3844 838">
     <span class='ocr_line' id='line_1_21' title="bbox 2219 763 3844 838; baseline 0.001 -19"><span class='ocrx_word' id='word_1_141' title='bbox 2219 763 2335 820; x_wconf 90' lang='lat' dir='ltr'>lica</span> <span class='ocrx_word' id='word_1_142' title='bbox 2362 765 2664 838; x_wconf 84' lang='lat' dir='ltr'>praesidia,</span> <span class='ocrx_word' id='word_1_143' title='bbox 2696 765 2948 822; x_wconf 91' lang='lat' dir='ltr'>Domino</span> <span class='ocrx_word' id='word_1_144' title='bbox 2978 764 3263 832; x_wconf 88' lang='lat' dir='ltr'>donante,</span> <span class='ocrx_word' id='word_1_145' title='bbox 3295 765 3683 837; x_wconf 88' lang='lat' dir='ltr'>protegimus.</span> <span class='ocrx_word' id='word_1_146' title='bbox 3718 769 3844 821; x_wconf 84' lang='lat' dir='ltr'>Inte-</span> 
     </span>
    </p>
   </div>
   <div class='ocr_carea' id='block_1_22' title="bbox 2220 851 3843 926">
    <p class='ocr_par' dir='ltr' id='par_1_22' title="bbox 2220 851 3843 926">
     <span class='ocr_line' id='line_1_22' title="bbox 2220 851 3843 926; baseline 0.001 -18"><span class='ocrx_word' id='word_1_147' title='bbox 2220 858 2443 909; x_wconf 85' lang='lat' dir='ltr'>xuntur</span> <span class='ocrx_word' id='word_1_148' title='bbox 2473 870 2609 910; x_wconf 90' lang='lat' dir='ltr'>vero</span> <span class='ocrx_word' id='word_1_149' title='bbox 2640 853 2971 922; x_wconf 89' lang='lat' dir='ltr'>cherubim,</span> <span class='ocrx_word' id='word_1_150' title='bbox 3003 869 3141 910; x_wconf 91' lang='lat' dir='ltr'>cum</span> <span class='ocrx_word' id='word_1_151' title='bbox 3170 853 3232 909; x_wconf 90' lang='lat' dir='ltr'>in</span> <span class='ocrx_word' id='word_1_152' title='bbox 3252 851 3431 909; x_wconf 91' lang='lat' dir='ltr'>bonis</span> <span class='ocrx_word' id='word_1_153' title='bbox 3455 869 3591 926; x_wconf 80' lang='lat' dir='ltr'>quae</span> <span class='ocrx_word' id='word_1_154' title='bbox 3609 852 3843 924; x_wconf 82' lang='lat' dir='ltr'>agimus,</span> 
     </span>
    </p>
   </div>
   <div class='ocr_carea' id='block_1_23' title="bbox 2219 941 3846 1016">
    <p class='ocr_par' dir='ltr' id='par_1_23' title="bbox 2219 941 3846 1016">
     <span class='ocr_line' id='line_1_23' title="bbox 2219 941 3846 1016; baseline 0.001 -19"><span class='ocrx_word' id='word_1_155' title='bbox 2219 942 2596 999; x_wconf 80' lang='lat' dir='ltr'>multitudine</span> <span class='ocrx_word' id='word_1_156' title='bbox 2619 944 2877 1000; x_wconf 70' lang='lat' dir='ltr'>scientiae</span> <span class='ocrx_word' id='word_1_157' title='bbox 2925 942 3327 999; x_wconf 87' lang='lat' dir='ltr'>indesinenter</span> <span class='ocrx_word' id='word_1_158' title='bbox 3386 941 3627 1014; x_wconf 88' lang='lat' dir='ltr'>utimur,</span> <span class='ocrx_word' id='word_1_159' title='bbox 3682 944 3846 1016; x_wconf 90' lang='lat' dir='ltr'>respi-</span> 
     </span>
    </p>
   </div>
   <div class='ocr_carea' id='block_1_24' title="bbox 2221 1031 3848 1105">
    <p class='ocr_par' dir='ltr' id='par_1_24' title="bbox 2221 1031 3848 1105">
     <span class='ocr_line' id='line_1_24' title="bbox 2221 1031 3848 1105; baseline 0.001 -19"><span class='ocrx_word' id='word_1_160' title='bbox 2221 1031 2440 1087; x_wconf 86' lang='lat' dir='ltr'>cientes</span> <span class='ocrx_word' id='word_1_161' title='bbox 2467 1048 2703 1105; x_wconf 88' lang='lat' dir='ltr'>semper</span> <span class='ocrx_word' id='word_1_162' title='bbox 2734 1031 2813 1088; x_wconf 89' lang='lat' dir='ltr'>ad</span> <span class='ocrx_word' id='word_1_163' title='bbox 2843 1032 3082 1105; x_wconf 89' lang='lat' dir='ltr'>eloquia</span> <span class='ocrx_word' id='word_1_164' title='bbox 3110 1031 3316 1088; x_wconf 90' lang='lat' dir='ltr'>divina</span> <span class='ocrx_word' id='word_1_165' title='bbox 3369 1048 3383 1085; x_wconf 87' lang='lat'><strong>:</strong></span> <span class='ocrx_word' id='word_1_166' title='bbox 3434 1035 3493 1087; x_wconf 92' lang='lat' dir='ltr'>et</span> <span class='ocrx_word' id='word_1_167' title='bbox 3537 1047 3611 1086; x_wconf 89' lang='lat' dir='ltr'>ne</span> <span class='ocrx_word' id='word_1_168' title='bbox 3660 1031 3794 1088; x_wconf 88' lang='lat' dir='ltr'>forte</span> <span class='ocrx_word' id='word_1_169' title='bbox 3818 1048 3848 1088; x_wconf 90' lang='lat' dir='ltr'>a</span> 
     </span>
    </p>
   </div>
   <div class='ocr_carea' id='block_1_25' title="bbox 2217 1119 3848 1188">
    <p class='ocr_par' dir='ltr' id='par_1_25' title="bbox 2217 1119 3848 1188">
     <span class='ocr_line' id='line_1_25' title="bbox 2217 1119 3848 1188; baseline 0.001 -13"><span class='ocrx_word' id='word_1_170' title='bbox 2217 1120 2505 1177; x_wconf 90' lang='lat' dir='ltr'>virtutum</span> <span class='ocrx_word' id='word_1_171' title='bbox 2555 1121 2700 1177; x_wconf 91' lang='lat' dir='ltr'>calle</span> <span class='ocrx_word' id='word_1_172' title='bbox 2742 1121 3112 1188; x_wconf 86' lang='lat' dir='ltr'>aberremus,</span> <span class='ocrx_word' id='word_1_173' title='bbox 3143 1121 3360 1177; x_wconf 89' lang='lat' dir='ltr'>horum</span> <span class='ocrx_word' id='word_1_174' title='bbox 3416 1119 3632 1177; x_wconf 86' lang='lat' dir='ltr'>intuitu</span> <span class='ocrx_word' id='word_1_175' title='bbox 3688 1120 3848 1176; x_wconf 89' lang='lat' dir='ltr'>conti-</span> 
     </span>
    </p>
   </div>
   <div class='ocr_carea' id='block_1_26' title="bbox 2217 1208 3848 1281">
    <p class='ocr_par' dir='ltr' id='par_1_26' title="bbox 2217 1208 3848 1281">
     <span class='ocr_line' id='line_1_26' title="bbox 2217 1208 3848 1281; baseline 0.001 -19"><span class='ocrx_word' id='word_1_176' title='bbox 2217 1224 2335 1263; x_wconf 91' lang='lat' dir='ltr'>nue</span> <span class='ocrx_word' id='word_1_177' title='bbox 2362 1209 2611 1278; x_wconf 88' lang='lat' dir='ltr'>vestigia</span> <span class='ocrx_word' id='word_1_178' title='bbox 2641 1214 2850 1265; x_wconf 87' lang='lat' dir='ltr'>nostra</span> <span class='ocrx_word' id='word_1_179' title='bbox 2870 1210 3153 1280; x_wconf 90' lang='lat' dir='ltr'>regimus.</span> <span class='ocrx_word' id='word_1_180' title='bbox 3189 1233 3215 1261; x_wconf 69' lang='grc' dir='ltr'><em>κ</em></span> <span class='ocrx_word' id='word_1_181' title='bbox 3242 1209 3522 1281; x_wconf 88' lang='lat' dir='ltr'>Fecitque</span> <span class='ocrx_word' id='word_1_182' title='bbox 3548 1208 3608 1263; x_wconf 91' lang='lat' dir='ltr'>in</span> <span class='ocrx_word' id='word_1_183' title='bbox 3632 1209 3848 1264; x_wconf 88' lang='lat' dir='ltr'>introitu</span> 
     </span>
    </p>
   </div>
   <div class='ocr_carea' id='block_1_27' title="bbox 2218 1297 3847 1372">
    <p class='ocr_par' dir='ltr' id='par_1_27' title="bbox 2218 1297 3847 1372">
     <span class='ocr_line' id='line_1_27' title="bbox 2218 1297 3847 1372; baseline 0 -19"><span class='ocrx_word' id='word_1_184' title='bbox 2218 1298 2421 1370; x_wconf 89' lang='lat' dir='ltr'>templi</span> <span class='ocrx_word' id='word_1_185' title='bbox 2444 1305 2645 1372; x_wconf 87' lang='lat' dir='ltr'>postes</span> <span class='ocrx_word' id='word_1_186' title='bbox 2672 1300 2745 1355; x_wconf 91' lang='lat' dir='ltr'>de</span> <span class='ocrx_word' id='word_1_187' title='bbox 2770 1299 2948 1370; x_wconf 85' lang='lat' dir='ltr'>lignis</span> <span class='ocrx_word' id='word_1_188' title='bbox 2989 1298 3277 1355; x_wconf 86' lang='lat' dir='ltr'>olivarum</span> <span class='ocrx_word' id='word_1_189' title='bbox 3334 1297 3847 1371; x_wconf 87' lang='lat' dir='ltr'>quadrangulatos,</span> 
     </span>
    </p>
   </div>
   <div class='ocr_carea' id='block_1_28' title="bbox 2218 1387 3851 1459">
    <p class='ocr_par' dir='ltr' id='par_1_28' title="bbox 2218 1387 3851 1459">
     <span class='ocr_line' id='line_1_28' title="bbox 2218 1387 3851 1459; baseline 0 -16"><span class='ocrx_word' id='word_1_190' title='bbox 2218 1391 2273 1443; x_wconf 90' lang='lat' dir='ltr'>et</span> <span class='ocrx_word' id='word_1_191' title='bbox 2293 1387 2415 1444; x_wconf 93' lang='lat' dir='ltr'>duo</span> <span class='ocrx_word' id='word_1_192' title='bbox 2442 1389 2594 1445; x_wconf 90' lang='lat' dir='ltr'>ostia</span> <span class='ocrx_word' id='word_1_193' title='bbox 2614 1389 2687 1445; x_wconf 90' lang='lat' dir='ltr'>de</span> <span class='ocrx_word' id='word_1_194' title='bbox 2705 1389 2881 1459; x_wconf 88' lang='lat' dir='ltr'>lignis</span> <span class='ocrx_word' id='word_1_195' title='bbox 2898 1388 3169 1459; x_wconf 78' lang='lat' dir='ltr'>abiegnis</span> <span class='ocrx_word' id='word_1_196' title='bbox 3184 1387 3557 1456; x_wconf 86' lang='lat' dir='ltr'>altrinsecus,</span> <span class='ocrx_word' id='word_1_197' title='bbox 3576 1393 3633 1443; x_wconf 94' lang='lat' dir='ltr'>et</span> <span class='ocrx_word' id='word_1_198' title='bbox 3652 1392 3851 1443; x_wconf 88' lang='lat' dir='ltr'>utrum-</span> 
     </span>
    </p>
   </div>
   <div class='ocr_carea' id='block_1_29' title="bbox 2215 1475 3851 1550">
    <p class='ocr_par' dir='ltr' id='par_1_29' title="bbox 2215 1475 3851 1550">
     <span class='ocr_line' id='line_1_29' title="bbox 2215 1475 3851 1550; baseline 0.001 -20"><span class='ocrx_word' id='word_1_199' title='bbox 2215 1492 2333 1548; x_wconf 90' lang='lat' dir='ltr'>que</span> <span class='ocrx_word' id='word_1_200' title='bbox 2363 1477 2582 1533; x_wconf 87' lang='lat' dir='ltr'>ostium</span> <span class='ocrx_word' id='word_1_201' title='bbox 2612 1478 2835 1550; x_wconf 81' lang='lat' dir='ltr'>duplex</span> <span class='ocrx_word' id='word_1_202' title='bbox 2865 1482 3011 1544; x_wconf 90' lang='lat' dir='ltr'>erat,</span> <span class='ocrx_word' id='word_1_203' title='bbox 3045 1481 3101 1533; x_wconf 91' lang='lat' dir='ltr'>et</span> <span class='ocrx_word' id='word_1_204' title='bbox 3131 1493 3192 1533; x_wconf 90' lang='lat' dir='ltr'>se</span> <span class='ocrx_word' id='word_1_205' title='bbox 3222 1475 3479 1532; x_wconf 88' lang='lat' dir='ltr'>invicem</span> <span class='ocrx_word' id='word_1_206' title='bbox 3514 1481 3717 1533; x_wconf 90' lang='lat' dir='ltr'>tenens</span> <span class='ocrx_word' id='word_1_207' title='bbox 3732 1491 3851 1549; x_wconf 89' lang='lat' dir='ltr'>ape-</span> 
     </span>
    </p>
   </div>
   <div class='ocr_carea' id='block_1_30' title="bbox 2214 1563 3852 1638">
    <p class='ocr_par' dir='ltr' id='par_1_30' title="bbox 2214 1563 3852 1638">
     <span class='ocr_line' id='line_1_30' title="bbox 2214 1563 3852 1638; baseline 0.001 -19"><span class='ocrx_word' id='word_1_208' title='bbox 2214 1564 2499 1621; x_wconf 90' lang='lat' dir='ltr'>riebatur.</span> <span class='ocrx_word' id='word_1_209' title='bbox 2524 1589 2550 1614; x_wconf 88' lang='grc'><strong>››</strong></span> <span class='ocrx_word' id='word_1_210' title='bbox 2578 1568 2738 1623; x_wconf 86' lang='lat' dir='ltr'>Sicut</span> <span class='ocrx_word' id='word_1_211' title='bbox 2752 1566 3055 1635; x_wconf 89' lang='lat' dir='ltr'>ingressus</span> <span class='ocrx_word' id='word_1_212' title='bbox 3073 1563 3299 1621; x_wconf 78' lang='lat' dir='ltr'>oraculi</span> <span class='ocrx_word' id='word_1_213' title='bbox 3315 1581 3438 1638; x_wconf 91' lang='lat' dir='ltr'>quo</span> <span class='ocrx_word' id='word_1_214' title='bbox 3450 1564 3530 1621; x_wconf 89' lang='lat' dir='ltr'>ad</span> <span class='ocrx_word' id='word_1_215' title='bbox 3551 1580 3749 1621; x_wconf 87' lang='lat' dir='ltr'>arcam</span> <span class='ocrx_word' id='word_1_216' title='bbox 3761 1564 3852 1620; x_wconf 74' lang='grc' dir='ltr'>Ι)οα</span> 
     </span>
    </p>
   </div>
   <div class='ocr_carea' id='block_1_31' title="bbox 2215 1652 3851 1728">
    <p class='ocr_par' dir='ltr' id='par_1_31' title="bbox 2215 1652 3851 1728">
     <span class='ocr_line' id='line_1_31' title="bbox 2215 1652 3851 1728; baseline 0.001 -20"><span class='ocrx_word' id='word_1_217' title='bbox 2215 1654 2362 1709; x_wconf 92' lang='lat' dir='ltr'>mini</span> <span class='ocrx_word' id='word_1_218' title='bbox 2375 1655 2807 1728; x_wconf 86' lang='lat' dir='ltr'>cherubimquc</span> <span class='ocrx_word' id='word_1_219' title='bbox 2821 1654 3301 1728; x_wconf 89' lang='lat' dir='ltr'>perveniebatur,</span> <span class='ocrx_word' id='word_1_220' title='bbox 3319 1653 3629 1711; x_wconf 86' lang='lat' dir='ltr'>introitum</span> <span class='ocrx_word' id='word_1_221' title='bbox 3651 1652 3851 1725; x_wconf 88' lang='lat' dir='ltr'>signiﬁ-</span> 
     </span>
    </p>
   </div>
   <div class='ocr_carea' id='block_1_32' title="bbox 448 1732 2004 1818">
    <p class='ocr_par' dir='ltr' id='par_1_32' title="bbox 448 1732 1991 1818">
     <span class='ocr_line' id='line_1_32' title="bbox 448 1732 1991 1818; baseline -0.007 -21"><span class='ocrx_word' id='word_1_222' title='bbox 448 1740 849 1799; x_wconf 90' lang='lat' dir='ltr'>holosericum</span> <span class='ocrx_word' id='word_1_223' title='bbox 881 1738 1150 1809; x_wconf 82' lang='lat' dir='ltr'>fulgeret.</span> <span class='ocrx_word' id='word_1_224' title='bbox 1179 1736 1294 1792; x_wconf 92' lang='lat' dir='ltr'>Sed</span> <span class='ocrx_word' id='word_1_225' title='bbox 1319 1737 1381 1790; x_wconf 91' lang='lat' dir='ltr'>in</span> <span class='ocrx_word' id='word_1_226' title='bbox 1410 1734 1681 1805; x_wconf 87' lang='lat' dir='ltr'>ejusdem</span> <span class='ocrx_word' id='word_1_227' title='bbox 1706 1732 1991 1818; x_wconf 86' lang='lat' dir='ltr'>mysterii,</span> 
     </span>
    </p>
   </div>
   <div class='ocr_carea' id='block_1_33' title="bbox 2293 1732 3849 1818">
    <p class='ocr_par' dir='ltr' id='par_1_33' title="bbox 2293 1743 3849 1818">
     <span class='ocr_line' id='line_1_33' title="bbox 2293 1743 3849 1818; baseline -0.002 -18"><span class='ocrx_word' id='word_1_228' title='bbox 2293 1745 2486 1815; x_wconf 90' lang='lat' dir='ltr'>tregni</span> <span class='ocrx_word' id='word_1_229' title='bbox 2500 1746 2772 1812; x_wconf 82' lang='lat' dir='ltr'>caelestis,</span> <span class='ocrx_word' id='word_1_230' title='bbox 2792 1761 2916 1818; x_wconf 92' lang='lat' dir='ltr'>quo</span> <span class='ocrx_word' id='word_1_231' title='bbox 2935 1744 3013 1800; x_wconf 93' lang='lat' dir='ltr'>ad</span> <span class='ocrx_word' id='word_1_232' title='bbox 3033 1744 3323 1800; x_wconf 90' lang='lat' dir='ltr'>visionem</span> <span class='ocrx_word' id='word_1_233' title='bbox 3337 1744 3522 1801; x_wconf 91' lang='lat' dir='ltr'>nostri</span> <span class='ocrx_word' id='word_1_234' title='bbox 3542 1743 3849 1801; x_wconf 78' lang='lat' dir='ltr'>Conditoris</span> 
     </span>
    </p>
   </div>
   <div class='ocr_carea' id='block_1_34' title="bbox 440 1812 2103 1901">
    <p class='ocr_par' dir='ltr' id='par_1_34' title="bbox 440 1812 2103 1901">
     <span class='ocr_line' id='line_1_34' title="bbox 440 1812 2103 1901; baseline -0.006 -16"><span class='ocrx_word' id='word_1_235' title='bbox 440 1832 543 1901; x_wconf 90' lang='lat' dir='ltr'>jus</span> <span class='ocrx_word' id='word_1_236' title='bbox 569 1834 625 1885; x_wconf 90' lang='lat' dir='ltr'>et</span> <span class='ocrx_word' id='word_1_237' title='bbox 655 1828 885 1894; x_wconf 90' lang='lat' dir='ltr'>ostiola,</span> <span class='ocrx_word' id='word_1_238' title='bbox 921 1842 1189 1896; x_wconf 87' lang='lat' dir='ltr'>congrua</span> <span class='ocrx_word' id='word_1_239' title='bbox 1224 1823 1678 1895; x_wconf 88' lang='lat' dir='ltr'>signiﬁcatione,</span> <span class='ocrx_word' id='word_1_240' title='bbox 1714 1812 1866 1877; x_wconf 76' lang='lat' dir='ltr'>ante</span> <span class='ocrx_word' id='word_1_241' title='bbox 1898 1836 2103 1876; x_wconf 89' lang='lat' dir='ltr'>arcam</span> 
     </span>
    </p>
   </div>
   <div class='ocr_carea' id='block_1_35' title="bbox 446 1910 2102 1990">
    <p class='ocr_par' dir='ltr' id='par_1_35' title="bbox 446 1910 2102 1990">
     <span class='ocr_line' id='line_1_35' title="bbox 446 1910 2102 1990; baseline -0.007 -15"><span class='ocrx_word' id='word_1_242' title='bbox 446 1924 626 1990; x_wconf 90' lang='lat' dir='ltr'>atque</span> <span class='ocrx_word' id='word_1_243' title='bbox 655 1919 994 1985; x_wconf 87' lang='lat' dir='ltr'>ingressum</span> <span class='ocrx_word' id='word_1_244' title='bbox 1026 1914 1249 1971; x_wconf 90' lang='lat' dir='ltr'>oraculi</span> <span class='ocrx_word' id='word_1_245' title='bbox 1276 1928 1644 1986; x_wconf 88' lang='lat' dir='ltr'>appensum,</span> <span class='ocrx_word' id='word_1_246' title='bbox 1676 1914 1741 1966; x_wconf 90' lang='lat' dir='ltr'>ut</span> <span class='ocrx_word' id='word_1_247' title='bbox 1799 1910 1951 1965; x_wconf 91' lang='lat' dir='ltr'>sicut</span> <span class='ocrx_word' id='word_1_248' title='bbox 2005 1926 2102 1965; x_wconf 92' lang='lat' dir='ltr'>os-</span> 
     </span>
    </p>
   </div>
   <div class='ocr_carea' id='block_1_36' title="bbox 445 1996 2103 2077">
    <p class='ocr_par' dir='ltr' id='par_1_36' title="bbox 445 1996 2103 2077">
     <span class='ocr_line' id='line_1_36' title="bbox 445 1996 2103 2077; baseline -0.006 -13"><span class='ocrx_word' id='word_1_249' title='bbox 445 2008 587 2064; x_wconf 88' lang='lat' dir='ltr'>tiola</span> <span class='ocrx_word' id='word_1_250' title='bbox 619 2006 899 2077; x_wconf 85' lang='lat' dir='ltr'>congruis</span> <span class='ocrx_word' id='word_1_251' title='bbox 928 2003 1093 2060; x_wconf 89' lang='lat' dir='ltr'>horis</span> <span class='ocrx_word' id='word_1_252' title='bbox 1120 1996 1563 2076; x_wconf 74' lang='lat' dir='ltr'>aperiebantur,</span> <span class='ocrx_word' id='word_1_253' title='bbox 1591 2001 1727 2056; x_wconf 93' lang='lat' dir='ltr'>licet</span> <span class='ocrx_word' id='word_1_254' title='bbox 1767 1999 1970 2056; x_wconf 89' lang='lat' dir='ltr'>velum</span> <span class='ocrx_word' id='word_1_255' title='bbox 2013 2014 2103 2054; x_wconf 87' lang='lat' dir='ltr'>re-</span> 
     </span>
    </p>
   </div>
   <div class='ocr_carea' id='block_1_37' title="bbox 441 2088 2103 2168">
    <p class='ocr_par' dir='ltr' id='par_1_37' title="bbox 441 2088 2103 2168">
     <span class='ocr_line' id='line_1_37' title="bbox 441 2088 2103 2168; baseline -0.006 -15"><span class='ocrx_word' id='word_1_256' title='bbox 441 2097 740 2153; x_wconf 88' lang='lat' dir='ltr'>velaretur</span> <span class='ocrx_word' id='word_1_257' title='bbox 782 2095 1017 2168; x_wconf 90' lang='lat' dir='ltr'>quoties</span> <span class='ocrx_word' id='word_1_258' title='bbox 1064 2092 1433 2159; x_wconf 89' lang='lat' dir='ltr'>advenirent,</span> <span class='ocrx_word' id='word_1_259' title='bbox 1494 2088 1715 2163; x_wconf 85' lang='lat' dir='ltr'>quibus</span> <span class='ocrx_word' id='word_1_260' title='bbox 1773 2089 1835 2144; x_wconf 90' lang='lat' dir='ltr'>in</span> <span class='ocrx_word' id='word_1_261' title='bbox 1887 2091 2103 2145; x_wconf 91' lang='lat' dir='ltr'>Sancta</span> 
     </span>
    </p>
   </div>
   <div class='ocr_carea' id='block_1_38' title="bbox 442 2176 2102 2252">
    <p class='ocr_par' dir='ltr' id='par_1_38' title="bbox 442 2176 2102 2252">
     <span class='ocr_line' id='line_1_38' title="bbox 442 2176 2102 2252; baseline -0.005 -10"><span class='ocrx_word' id='word_1_262' title='bbox 442 2190 789 2243; x_wconf 91' lang='lat' dir='ltr'>sanctorum</span> <span class='ocrx_word' id='word_1_263' title='bbox 818 2188 975 2239; x_wconf 90' lang='lat' dir='ltr'>esset</span> <span class='ocrx_word' id='word_1_264' title='bbox 1007 2180 1489 2252; x_wconf 86' lang='lat' dir='ltr'>ingrediendum.</span> <span class='ocrx_word' id='word_1_265' title='bbox 1549 2179 1735 2249; x_wconf 85' lang='lat' dir='ltr'>Hujus</span> <span class='ocrx_word' id='word_1_266' title='bbox 1792 2193 1934 2247; x_wconf 90' lang='lat' dir='ltr'>ergo</span> <span class='ocrx_word' id='word_1_267' title='bbox 1987 2176 2102 2233; x_wconf 89' lang='lat' dir='ltr'>veli</span> 
     </span>
    </p>
   </div>
   <div class='ocr_carea' id='block_1_39' title="bbox 442 2262 2101 2340">
    <p class='ocr_par' dir='ltr' id='par_1_39' title="bbox 442 2262 2101 2340">
     <span class='ocr_line' id='line_1_39' title="bbox 442 2262 2101 2340; baseline -0.007 -11"><span class='ocrx_word' id='word_1_268' title='bbox 442 2273 655 2329; x_wconf 91' lang='lat' dir='ltr'>sedula</span> <span class='ocrx_word' id='word_1_269' title='bbox 680 2271 983 2340; x_wconf 87' lang='lat' dir='ltr'>revelatio,</span> <span class='ocrx_word' id='word_1_270' title='bbox 1012 2268 1349 2326; x_wconf 90' lang='lat' dir='ltr'>secundum</span> <span class='ocrx_word' id='word_1_271' title='bbox 1389 2267 1585 2337; x_wconf 90' lang='lat' dir='ltr'>legem</span> <span class='ocrx_word' id='word_1_272' title='bbox 1616 2264 1988 2338; x_wconf 90' lang='lat' dir='ltr'>apertionem</span> <span class='ocrx_word' id='word_1_273' title='bbox 2028 2262 2101 2318; x_wconf 86' lang='lat' dir='ltr'>si-</span> 
     </span>
    </p>
   </div>
   <div class='ocr_carea' id='block_1_40' title="bbox 441 2352 2102 2433">
    <p class='ocr_par' dir='ltr' id='par_1_40' title="bbox 441 2352 2102 2433">
     <span class='ocr_line' id='line_1_40' title="bbox 441 2352 2102 2433; baseline -0.007 -15"><span class='ocrx_word' id='word_1_274' title='bbox 441 2363 687 2433; x_wconf 87' lang='lat' dir='ltr'>gniﬁcat</span> <span class='ocrx_word' id='word_1_275' title='bbox 723 2359 891 2430; x_wconf 85' lang='lat' dir='ltr'>regni</span> <span class='ocrx_word' id='word_1_276' title='bbox 922 2358 1199 2427; x_wconf 67' lang='lat' dir='ltr'>caelestis,</span> <span class='ocrx_word' id='word_1_277' title='bbox 1225 2374 1361 2430; x_wconf 85' lang='lat' dir='ltr'>quae</span> <span class='ocrx_word' id='word_1_278' title='bbox 1391 2356 1568 2412; x_wconf 90' lang='lat' dir='ltr'>nobis</span> <span class='ocrx_word' id='word_1_279' title='bbox 1598 2370 1705 2427; x_wconf 92' lang='lat' dir='ltr'>per</span> <span class='ocrx_word' id='word_1_280' title='bbox 1745 2352 2102 2410; x_wconf 89' lang='lat' dir='ltr'>incarnatio-</span> 
     </span>
    </p>
   </div>
   <div class='ocr_carea' id='block_1_41' title="bbox 439 2440 2099 2507">
    <p class='ocr_par' dir='ltr' id='par_1_41' title="bbox 439 2440 2099 2507">
     <span class='ocr_line' id='line_1_41' title="bbox 439 2440 2099 2507; baseline -0.007 0"><span class='ocrx_word' id='word_1_281' title='bbox 439 2466 579 2507; x_wconf 91' lang='lat' dir='ltr'>nem</span> <span class='ocrx_word' id='word_1_282' title='bbox 609 2449 845 2506; x_wconf 89' lang='lat' dir='ltr'>Domini</span> <span class='ocrx_word' id='word_1_283' title='bbox 874 2452 931 2504; x_wconf 91' lang='lat' dir='ltr'>et</span> <span class='ocrx_word' id='word_1_284' title='bbox 950 2447 1272 2503; x_wconf 85' lang='lat' dir='ltr'>Salvatoris</span> <span class='ocrx_word' id='word_1_285' title='bbox 1294 2445 1478 2501; x_wconf 88' lang='lat' dir='ltr'>nostri</span> <span class='ocrx_word' id='word_1_286' title='bbox 1507 2444 1731 2500; x_wconf 88' lang='lat' dir='ltr'>donata</span> <span class='ocrx_word' id='word_1_287' title='bbox 1774 2447 1879 2498; x_wconf 92' lang='lat' dir='ltr'>est.</span> <span class='ocrx_word' id='word_1_288' title='bbox 1934 2440 2099 2497; x_wconf 91' lang='lat' dir='ltr'>Unde</span> 
     </span>
    </p>
   </div>
   <div class='ocr_carea' id='block_1_42' title="bbox 439 2530 2101 2611">
    <p class='ocr_par' dir='ltr' id='par_1_42' title="bbox 439 2530 2101 2611">
     <span class='ocr_line' id='line_1_42' title="bbox 439 2530 2101 2611; baseline -0.007 -15"><span class='ocrx_word' id='word_1_289' title='bbox 439 2544 497 2596; x_wconf 90' lang='lat' dir='ltr'>et</span> <span class='ocrx_word' id='word_1_290' title='bbox 523 2539 824 2611; x_wconf 88' lang='lat' dir='ltr'>baptizato</span> <span class='ocrx_word' id='word_1_291' title='bbox 854 2554 947 2608; x_wconf 92' lang='lat' dir='ltr'>eo,</span> <span class='ocrx_word' id='word_1_292' title='bbox 972 2535 1105 2592; x_wconf 63' lang='grc' dir='ltr'>(εαξΙί</span> <span class='ocrx_word' id='word_1_293' title='bbox 1151 2534 1342 2608; x_wconf 90' lang='lat' dir='ltr'>aperti</span> <span class='ocrx_word' id='word_1_294' title='bbox 1373 2538 1532 2601; x_wconf 92' lang='lat' dir='ltr'>sunt,</span> <span class='ocrx_word' id='word_1_295' title='bbox 1565 2536 1631 2588; x_wconf 92' lang='lat' dir='ltr'>ut</span> <span class='ocrx_word' id='word_1_296' title='bbox 1688 2530 2101 2586; x_wconf 89' lang='lat' dir='ltr'>ostenderetur</span> 
     </span>
    </p>
   </div>
   <div class='ocr_carea' id='block_1_43' title="bbox 439 2618 2096 2699">
    <p class='ocr_par' dir='ltr' id='par_1_43' title="bbox 439 2618 2096 2699">
     <span class='ocr_line' id='line_1_43' title="bbox 439 2618 2096 2699; baseline -0.007 -16"><span class='ocrx_word' id='word_1_297' title='bbox 439 2629 582 2699; x_wconf 89' lang='lat' dir='ltr'>quia</span> <span class='ocrx_word' id='word_1_298' title='bbox 604 2644 712 2699; x_wconf 90' lang='lat' dir='ltr'>per</span> <span class='ocrx_word' id='word_1_299' title='bbox 740 2626 1050 2698; x_wconf 89' lang='lat' dir='ltr'>baptisma</span> <span class='ocrx_word' id='word_1_300' title='bbox 1078 2624 1245 2697; x_wconf 91' lang='lat' dir='ltr'>quod</span> <span class='ocrx_word' id='word_1_301' title='bbox 1298 2621 1474 2677; x_wconf 90' lang='lat' dir='ltr'>nobis</span> <span class='ocrx_word' id='word_1_302' title='bbox 1531 2620 1658 2692; x_wconf 92' lang='lat' dir='ltr'>ipse</span> <span class='ocrx_word' id='word_1_303' title='bbox 1709 2618 2096 2686; x_wconf 88' lang='lat' dir='ltr'>consecravit,</span> 
     </span>
    </p>
   </div>
   <div class='ocr_carea' id='block_1_44' title="bbox 436 2707 2100 2787">
    <p class='ocr_par' dir='ltr' id='par_1_44' title="bbox 436 2707 2100 2787">
     <span class='ocr_line' id='line_1_44' title="bbox 436 2707 2100 2787; baseline -0.005 -17"><span class='ocrx_word' id='word_1_304' title='bbox 436 2716 693 2787; x_wconf 89' lang='lat' dir='ltr'>januam</span> <span class='ocrx_word' id='word_1_305' title='bbox 723 2716 931 2787; x_wconf 64' lang='lat' dir='ltr'>patriae</span> <span class='ocrx_word' id='word_1_306' title='bbox 957 2712 1206 2768; x_wconf 78' lang='lat' dir='ltr'>caelestis</span> <span class='ocrx_word' id='word_1_307' title='bbox 1222 2710 1581 2766; x_wconf 86' lang='lat' dir='ltr'>deberemus</span> <span class='ocrx_word' id='word_1_308' title='bbox 1609 2707 1862 2779; x_wconf 88' lang='lat' dir='ltr'>ingredi.</span> <span class='ocrx_word' id='word_1_309' title='bbox 1888 2710 1955 2762; x_wconf 89' lang='lat' dir='ltr'>Et</span> <span class='ocrx_word' id='word_1_310' title='bbox 1974 2722 2100 2762; x_wconf 91' lang='lat' dir='ltr'>mo-</span> 
     </span>
    </p>
   </div>
   <div class='ocr_carea' id='block_1_45' title="bbox 437 2796 2097 2865">
    <p class='ocr_par' dir='ltr' id='par_1_45' title="bbox 437 2796 2097 2865">
     <span class='ocr_line' id='line_1_45' title="bbox 437 2796 2097 2865; baseline -0.005 -6"><span class='ocrx_word' id='word_1_311' title='bbox 437 2804 623 2859; x_wconf 90' lang='lat' dir='ltr'>riente</span> <span class='ocrx_word' id='word_1_312' title='bbox 655 2803 755 2859; x_wconf 94' lang='lat' dir='ltr'>illo</span> <span class='ocrx_word' id='word_1_313' title='bbox 786 2803 845 2857; x_wconf 93' lang='lat' dir='ltr'>in</span> <span class='ocrx_word' id='word_1_314' title='bbox 877 2818 1073 2865; x_wconf 90' lang='lat' dir='ltr'>cruce,</span> <span class='ocrx_word' id='word_1_315' title='bbox 1104 2800 1267 2856; x_wconf 93' lang='lat' dir='ltr'>idem</span> <span class='ocrx_word' id='word_1_316' title='bbox 1296 2799 1494 2854; x_wconf 85' lang='lat' dir='ltr'>velum</span> <span class='ocrx_word' id='word_1_317' title='bbox 1520 2796 1778 2852; x_wconf 91' lang='lat' dir='ltr'>scissum</span> <span class='ocrx_word' id='word_1_318' title='bbox 1831 2800 1920 2852; x_wconf 91' lang='lat' dir='ltr'>est</span> <span class='ocrx_word' id='word_1_319' title='bbox 1971 2810 2097 2850; x_wconf 87' lang='lat' dir='ltr'>me-</span> 
     </span>
    </p>
   </div>
   <div class='ocr_carea' id='block_1_46' title="bbox 437 2885 2096 2962">
    <p class='ocr_par' dir='ltr' id='par_1_46' title="bbox 437 2885 2096 2962">
     <span class='ocr_line' id='line_1_46' title="bbox 437 2885 2096 2962; baseline -0.005 -15"><span class='ocrx_word' id='word_1_320' title='bbox 437 2892 627 2959; x_wconf 91' lang='lat' dir='ltr'>dium,</span> <span class='ocrx_word' id='word_1_321' title='bbox 662 2909 698 2948; x_wconf 92' lang='lat' dir='ltr'>a</span> <span class='ocrx_word' id='word_1_322' title='bbox 726 2908 967 2947; x_wconf 90' lang='lat' dir='ltr'>summo</span> <span class='ocrx_word' id='word_1_323' title='bbox 990 2906 1182 2962; x_wconf 88' lang='lat' dir='ltr'>usque</span> <span class='ocrx_word' id='word_1_324' title='bbox 1203 2889 1507 2953; x_wconf 87' lang='lat' dir='ltr'>deorsum,</span> <span class='ocrx_word' id='word_1_325' title='bbox 1542 2891 1606 2943; x_wconf 92' lang='lat' dir='ltr'>ut</span> <span class='ocrx_word' id='word_1_326' title='bbox 1660 2888 1864 2958; x_wconf 88' lang='lat' dir='ltr'>aperte</span> <span class='ocrx_word' id='word_1_327' title='bbox 1916 2885 2096 2940; x_wconf 89' lang='lat' dir='ltr'>doce—</span> 
     </span>
    </p>
   </div>
   <div class='ocr_carea' id='block_1_47' title="bbox 436 2973 2094 3054">
    <p class='ocr_par' dir='ltr' id='par_1_47' title="bbox 436 2973 2094 3054">
     <span class='ocr_line' id='line_1_47' title="bbox 436 2973 2094 3054; baseline -0.005 -19"><span class='ocrx_word' id='word_1_328' title='bbox 436 2986 619 3050; x_wconf 86' lang='lat' dir='ltr'>retur,</span> <span class='ocrx_word' id='word_1_329' title='bbox 649 2982 793 3054; x_wconf 90' lang='lat' dir='ltr'>quia</span> <span class='ocrx_word' id='word_1_330' title='bbox 818 2981 1026 3050; x_wconf 70' lang='lat' dir='ltr'>ﬁgurae</span> <span class='ocrx_word' id='word_1_331' title='bbox 1058 2977 1282 3049; x_wconf 88' lang='lat' dir='ltr'>legales</span> <span class='ocrx_word' id='word_1_332' title='bbox 1306 2978 1435 3048; x_wconf 88' lang='lat' dir='ltr'>jam</span> <span class='ocrx_word' id='word_1_333' title='bbox 1466 2981 1607 3032; x_wconf 92' lang='lat' dir='ltr'>tunc</span> <span class='ocrx_word' id='word_1_334' title='bbox 1632 2973 1711 3030; x_wconf 90' lang='lat' dir='ltr'>ad</span> <span class='ocrx_word' id='word_1_335' title='bbox 1752 2974 1936 3029; x_wconf 89' lang='lat' dir='ltr'>ﬁdem</span> <span class='ocrx_word' id='word_1_336' title='bbox 1999 2989 2094 3028; x_wconf 88' lang='lat' dir='ltr'>ve-</span> 
     </span>
    </p>
   </div>
   <div class='ocr_carea' id='block_1_48' title="bbox 2215 1832 3849 1907">
    <p class='ocr_par' dir='ltr' id='par_1_48' title="bbox 2215 1832 3849 1907">
     <span class='ocr_line' id='line_1_48' title="bbox 2215 1832 3849 1907; baseline -0.001 -18"><span class='ocrx_word' id='word_1_337' title='bbox 2215 1850 2736 1907; x_wconf 89' lang='lat' dir='ltr'>supernorumque</span> <span class='ocrx_word' id='word_1_338' title='bbox 2756 1834 2977 1889; x_wconf 89' lang='lat' dir='ltr'>civium</span> <span class='ocrx_word' id='word_1_339' title='bbox 2994 1832 3411 1890; x_wconf 87' lang='lat' dir='ltr'>nosintroduci</span> <span class='ocrx_word' id='word_1_340' title='bbox 3437 1849 3749 1906; x_wconf 87' lang='lat' dir='ltr'>speramus</span> <span class='ocrx_word' id='word_1_341' title='bbox 3793 1848 3849 1887; x_wconf 90' lang='lat' dir='ltr'>ac</span> 
     </span>
    </p>
   </div>
   <div class='ocr_carea' id='block_1_49' title="bbox 2212 1919 3848 1995">
    <p class='ocr_par' dir='ltr' id='par_1_49' title="bbox 2212 1919 3848 1995">
     <span class='ocr_line' id='line_1_49' title="bbox 2212 1919 3848 1995; baseline 0 -19"><span class='ocrx_word' id='word_1_342' title='bbox 2212 1921 2761 1979; x_wconf 81' lang='lat' dir='ltr'>desideramuszita</span> <span class='ocrx_word' id='word_1_343' title='bbox 2779 1922 3055 1978; x_wconf 90' lang='lat' dir='ltr'>introitus</span> <span class='ocrx_word' id='word_1_344' title='bbox 3103 1922 3160 1977; x_wconf 91' lang='lat' dir='ltr'>in</span> <span class='ocrx_word' id='word_1_345' title='bbox 3204 1920 3517 1995; x_wconf 89' lang='lat' dir='ltr'>templum,</span> <span class='ocrx_word' id='word_1_346' title='bbox 3542 1919 3848 1994; x_wconf 85' lang='lat' dir='ltr'>primordia</span> 
     </span>
    </p>
   </div>
   <div class='ocr_carea' id='block_1_50' title="bbox 2210 2009 3847 2083">
    <p class='ocr_par' dir='ltr' id='par_1_50' title="bbox 2210 2009 3847 2083">
     <span class='ocr_line' id='line_1_50' title="bbox 2210 2009 3847 2083; baseline -0.001 -17"><span class='ocrx_word' id='word_1_347' title='bbox 2210 2016 2428 2067; x_wconf 87' lang='lat' dir='ltr'>nostrae</span> <span class='ocrx_word' id='word_1_348' title='bbox 2445 2015 2753 2067; x_wconf 66' lang='lat' dir='ltr'>structurae</span> <span class='ocrx_word' id='word_1_349' title='bbox 2771 2010 2851 2067; x_wconf 89' lang='lat' dir='ltr'>ad</span> <span class='ocrx_word' id='word_1_350' title='bbox 2869 2014 3055 2067; x_wconf 91' lang='lat' dir='ltr'>Deum</span> <span class='ocrx_word' id='word_1_351' title='bbox 3078 2011 3511 2075; x_wconf 85' lang='lat' dir='ltr'>conversionis,</span> <span class='ocrx_word' id='word_1_352' title='bbox 3536 2009 3777 2083; x_wconf 89' lang='lat' dir='ltr'>quando</span> <span class='ocrx_word' id='word_1_353' title='bbox 3798 2010 3847 2064; x_wconf 90' lang='lat' dir='ltr'>in</span> 
     </span>
    </p>
   </div>
   <div class='ocr_carea' id='block_1_51' title="bbox 2210 2099 3847 2173">
    <p class='ocr_par' dir='ltr' id='par_1_51' title="bbox 2210 2099 3847 2173">
     <span class='ocr_line' id='line_1_51' title="bbox 2210 2099 3847 2173; baseline -0.001 -18"><span class='ocrx_word' id='word_1_354' title='bbox 2210 2105 2566 2172; x_wconf 63' lang='lat' dir='ltr'>praesentem</span> <span class='ocrx_word' id='word_1_355' title='bbox 2582 2099 2904 2156; x_wconf 88' lang='lat' dir='ltr'>Ecclesiam</span> <span class='ocrx_word' id='word_1_356' title='bbox 2939 2099 3332 2170; x_wconf 89' lang='lat' dir='ltr'>ingredimur,</span> <span class='ocrx_word' id='word_1_357' title='bbox 3377 2099 3577 2173; x_wconf 90' lang='lat' dir='ltr'>typice</span> <span class='ocrx_word' id='word_1_358' title='bbox 3624 2099 3847 2155; x_wconf 87' lang='lat' dir='ltr'>demon-</span> 
     </span>
    </p>
   </div>
   <div class='ocr_carea' id='block_1_52' title="bbox 2211 2187 3848 2259">
    <p class='ocr_par' dir='ltr' id='par_1_52' title="bbox 2211 2187 3848 2259">
     <span class='ocr_line' id='line_1_52' title="bbox 2211 2187 3848 2259; baseline -0.001 -16"><span class='ocrx_word' id='word_1_359' title='bbox 2211 2193 2375 2245; x_wconf 90' lang='lat' dir='ltr'>strat.</span> <span class='ocrx_word' id='word_1_360' title='bbox 2399 2190 2510 2244; x_wconf 92' lang='lat' dir='ltr'>Iste</span> <span class='ocrx_word' id='word_1_361' title='bbox 2527 2189 2865 2259; x_wconf 87' lang='lat' dir='ltr'>ingressum</span> <span class='ocrx_word' id='word_1_362' title='bbox 2875 2193 3150 2245; x_wconf 91' lang='lat' dir='ltr'>nostrum</span> <span class='ocrx_word' id='word_1_363' title='bbox 3162 2188 3240 2245; x_wconf 88' lang='lat' dir='ltr'>ad</span> <span class='ocrx_word' id='word_1_364' title='bbox 3254 2188 3457 2255; x_wconf 89' lang='lat' dir='ltr'>ﬁdem,</span> <span class='ocrx_word' id='word_1_365' title='bbox 3478 2187 3576 2245; x_wconf 88' lang='lat' dir='ltr'>ille</span> <span class='ocrx_word' id='word_1_366' title='bbox 3600 2187 3848 2258; x_wconf 86' lang='lat' dir='ltr'>designat</span> 
     </span>
    </p>
   </div>
   <div class='ocr_carea' id='block_1_53' title="bbox 2211 2278 3848 2351">
    <p class='ocr_par' dir='ltr' id='par_1_53' title="bbox 2211 2278 3848 2351">
     <span class='ocr_line' id='line_1_53' title="bbox 2211 2278 3848 2351; baseline -0.002 -16"><span class='ocrx_word' id='word_1_367' title='bbox 2211 2278 2291 2335; x_wconf 88' lang='lat' dir='ltr'>ad</span> <span class='ocrx_word' id='word_1_368' title='bbox 2308 2278 2588 2351; x_wconf 91' lang='lat' dir='ltr'>speciem.</span> <span class='ocrx_word' id='word_1_369' title='bbox 2607 2278 2771 2334; x_wconf 91' lang='lat' dir='ltr'>Unde</span> <span class='ocrx_word' id='word_1_370' title='bbox 2787 2284 2922 2351; x_wconf 89' lang='lat' dir='ltr'>apte</span> <span class='ocrx_word' id='word_1_371' title='bbox 2944 2283 3147 2351; x_wconf 89' lang='lat' dir='ltr'>postes</span> <span class='ocrx_word' id='word_1_372' title='bbox 3167 2278 3348 2349; x_wconf 89' lang='lat' dir='ltr'>hujus</span> <span class='ocrx_word' id='word_1_373' title='bbox 3393 2278 3672 2334; x_wconf 87' lang='lat' dir='ltr'>introitus</span> <span class='ocrx_word' id='word_1_374' title='bbox 3725 2291 3848 2351; x_wconf 86' lang='lat' dir='ltr'>qua-</span> 
     </span>
    </p>
   </div>
   <div class='ocr_carea' id='block_1_54' title="bbox 2209 2364 3846 2440">
    <p class='ocr_par' dir='ltr' id='par_1_54' title="bbox 2209 2364 3846 2440">
     <span class='ocr_line' id='line_1_54' title="bbox 2209 2364 3846 2440; baseline -0.001 -18"><span class='ocrx_word' id='word_1_375' title='bbox 2209 2366 2549 2438; x_wconf 89' lang='lat' dir='ltr'>drangulati</span> <span class='ocrx_word' id='word_1_376' title='bbox 2590 2373 2728 2423; x_wconf 90' lang='lat' dir='ltr'>sunt</span> <span class='ocrx_word' id='word_1_377' title='bbox 2766 2367 2927 2437; x_wconf 90' lang='lat' dir='ltr'>facti,</span> <span class='ocrx_word' id='word_1_378' title='bbox 2958 2367 3081 2423; x_wconf 90' lang='lat' dir='ltr'>sive</span> <span class='ocrx_word' id='word_1_379' title='bbox 3117 2370 3359 2440; x_wconf 89' lang='lat' dir='ltr'>propter</span> <span class='ocrx_word' id='word_1_380' title='bbox 3387 2371 3651 2440; x_wconf 88' lang='lat' dir='ltr'>quatuor</span> <span class='ocrx_word' id='word_1_381' title='bbox 3681 2364 3846 2421; x_wconf 87' lang='lat' dir='ltr'>sancti</span> 
     </span>
    </p>
   </div>
   <div class='ocr_carea' id='block_1_55' title="bbox 2208 2452 3845 2529">
    <p class='ocr_par' dir='ltr' id='par_1_55' title="bbox 2208 2452 3845 2529">
     <span class='ocr_line' id='line_1_55' title="bbox 2208 2452 3845 2529; baseline -0.002 -18"><span class='ocrx_word' id='word_1_382' title='bbox 2208 2455 2515 2525; x_wconf 85' lang='lat' dir='ltr'>Evangelii</span> <span class='ocrx_word' id='word_1_383' title='bbox 2531 2455 2737 2523; x_wconf 82' lang='lat' dir='ltr'>libros,</span> <span class='ocrx_word' id='word_1_384' title='bbox 2760 2455 3309 2529; x_wconf 89' lang='lat' dir='ltr'>quorumdoctrina</span> <span class='ocrx_word' id='word_1_385' title='bbox 3343 2455 3406 2511; x_wconf 91' lang='lat' dir='ltr'>in</span> <span class='ocrx_word' id='word_1_386' title='bbox 3448 2453 3572 2512; x_wconf 87' lang='lat' dir='ltr'>ﬁde</span> <span class='ocrx_word' id='word_1_387' title='bbox 3606 2452 3845 2511; x_wconf 86' lang='lat' dir='ltr'>veritatis</span> 
     </span>
    </p>
   </div>
   <div class='ocr_carea' id='block_1_56' title="bbox 2209 2543 3845 2619">
    <p class='ocr_par' dir='ltr' id='par_1_56' title="bbox 2209 2543 3845 2619">
     <span class='ocr_line' id='line_1_56' title="bbox 2209 2543 3845 2619; baseline -0.002 -18"><span class='ocrx_word' id='word_1_388' title='bbox 2209 2545 2538 2614; x_wconf 91' lang='lat' dir='ltr'>erudimur,</span> <span class='ocrx_word' id='word_1_389' title='bbox 2563 2563 2668 2601; x_wconf 92' lang='lat' dir='ltr'>seu</span> <span class='ocrx_word' id='word_1_390' title='bbox 2686 2551 2930 2618; x_wconf 87' lang='lat' dir='ltr'>propter</span> <span class='ocrx_word' id='word_1_391' title='bbox 2946 2547 3194 2602; x_wconf 90' lang='lat' dir='ltr'>totidem</span> <span class='ocrx_word' id='word_1_392' title='bbox 3214 2546 3460 2602; x_wconf 87' lang='lat' dir='ltr'>virtutes</span> <span class='ocrx_word' id='word_1_393' title='bbox 3481 2543 3845 2619; x_wconf 87' lang='lat' dir='ltr'>principales,</span> 
     </span>
    </p>
   </div>
   <div class='ocr_carea' id='block_1_57' title="bbox 2207 2634 3845 2708">
    <p class='ocr_par' dir='ltr' id='par_1_57' title="bbox 2207 2634 3845 2708">
     <span class='ocr_line' id='line_1_57' title="bbox 2207 2634 3845 2708; baseline -0.002 -18"><span class='ocrx_word' id='word_1_394' title='bbox 2207 2634 2612 2708; x_wconf 89' lang='lat' dir='ltr'>prudentiam,</span> <span class='ocrx_word' id='word_1_395' title='bbox 2627 2634 3057 2702; x_wconf 86' lang='lat' dir='ltr'>fortitudinem,</span> <span class='ocrx_word' id='word_1_396' title='bbox 3073 2635 3528 2707; x_wconf 86' lang='lat' dir='ltr'>temperantiam</span> <span class='ocrx_word' id='word_1_397' title='bbox 3539 2679 3552 2703; x_wconf 92' lang='lat'>,</span> <span class='ocrx_word' id='word_1_398' title='bbox 3562 2636 3583 2707; x_wconf 89' lang='lat' dir='ltr'>j</span> <span class='ocrx_word' id='word_1_399' title='bbox 3594 2634 3845 2703; x_wconf 87' lang='lat' dir='ltr'>ustitiam,</span> 
     </span>
    </p>
   </div>
   <div class='ocr_carea' id='block_1_58' title="bbox 2206 2723 3846 2797">
    <p class='ocr_par' dir='ltr' id='par_1_58' title="bbox 2206 2723 3846 2797">
     <span class='ocr_line' id='line_1_58' title="bbox 2206 2723 3846 2797; baseline 0 -19"><span class='ocrx_word' id='word_1_400' title='bbox 2206 2740 2468 2797; x_wconf 90' lang='lat' dir='ltr'>quarum</span> <span class='ocrx_word' id='word_1_401' title='bbox 2483 2724 2665 2780; x_wconf 91' lang='lat' dir='ltr'>veluti</span> <span class='ocrx_word' id='word_1_402' title='bbox 2677 2724 3029 2780; x_wconf 88' lang='lat' dir='ltr'>fundamine</span> <span class='ocrx_word' id='word_1_403' title='bbox 3043 2724 3315 2797; x_wconf 89' lang='lat' dir='ltr'>quodam</span> <span class='ocrx_word' id='word_1_404' title='bbox 3330 2723 3705 2791; x_wconf 89' lang='lat' dir='ltr'>ﬁrmissimo,</span> <span class='ocrx_word' id='word_1_405' title='bbox 3734 2738 3846 2779; x_wconf 88' lang='lat' dir='ltr'>om-</span> 
     </span>
    </p>
   </div>
   <div class='ocr_carea' id='block_1_59' title="bbox 2206 2809 3847 2868">
    <p class='ocr_par' dir='ltr' id='par_1_59' title="bbox 2206 2809 3847 2868">
     <span class='ocr_line' id='line_1_59' title="bbox 2206 2809 3847 2868; baseline -0.001 -3"><span class='ocrx_word' id='word_1_406' title='bbox 2206 2810 2300 2866; x_wconf 90' lang='lat' dir='ltr'>nis</span> <span class='ocrx_word' id='word_1_407' title='bbox 2316 2811 2619 2868; x_wconf 92' lang='lat' dir='ltr'>bonorum</span> <span class='ocrx_word' id='word_1_408' title='bbox 2633 2816 2878 2867; x_wconf 91' lang='lat' dir='ltr'>actuum</span> <span class='ocrx_word' id='word_1_409' title='bbox 2900 2816 3197 2867; x_wconf 91' lang='lat' dir='ltr'>structura</span> <span class='ocrx_word' id='word_1_410' title='bbox 3224 2810 3515 2867; x_wconf 87' lang='lat' dir='ltr'>innititur.</span> <span class='ocrx_word' id='word_1_411' title='bbox 3554 2809 3847 2867; x_wconf 85' lang='lat' dir='ltr'>Prudentia</span> 
     </span>
    </p>
   </div>
   <div class='ocr_carea' id='block_1_60' title="bbox 2206 2896 3903 2973">
    <p class='ocr_par' dir='ltr' id='par_1_60' title="bbox 2206 2896 3903 2973">
     <span class='ocr_line' id='line_1_60' title="bbox 2206 2896 3903 2973; baseline -0.001 -19"><span class='ocrx_word' id='word_1_412' title='bbox 2206 2903 2293 2954; x_wconf 89' lang='lat' dir='ltr'>est</span> <span class='ocrx_word' id='word_1_413' title='bbox 2304 2915 2567 2972; x_wconf 89' lang='lat' dir='ltr'>namque</span> <span class='ocrx_word' id='word_1_414' title='bbox 2580 2916 2703 2971; x_wconf 91' lang='lat' dir='ltr'>qua</span> <span class='ocrx_word' id='word_1_415' title='bbox 2717 2899 3004 2955; x_wconf 90' lang='lat' dir='ltr'>discimus</span> <span class='ocrx_word' id='word_1_416' title='bbox 3023 2899 3169 2973; x_wconf 91' lang='lat' dir='ltr'>quid</span> <span class='ocrx_word' id='word_1_417' title='bbox 3182 2914 3293 2955; x_wconf 91' lang='lat' dir='ltr'>nos</span> <span class='ocrx_word' id='word_1_418' title='bbox 3308 2915 3485 2969; x_wconf 89' lang='lat' dir='ltr'>agere</span> <span class='ocrx_word' id='word_1_419' title='bbox 3496 2945 3510 2970; x_wconf 93' lang='lat'>,</span> <span class='ocrx_word' id='word_1_420' title='bbox 3525 2899 3771 2973; x_wconf 86' lang='lat' dir='ltr'>qualiter</span> <span class='ocrx_word' id='word_1_421' title='bbox 3784 2896 3846 2952; x_wconf 87' lang='lat' dir='ltr'>vi-</span> <span class='ocrx_word' id='word_1_422' title='bbox 3894 2962 3903 2973; x_wconf 38' lang='grc' dir='ltr'><strong><em>ε</em></strong></span> 
     </span>
    </p>
   </div>
   <div class='ocr_carea' id='block_1_61' title="bbox 2208 2984 3846 3061">
    <p class='ocr_par' dir='ltr' id='par_1_61' title="bbox 2208 2984 3846 3061">
     <span class='ocr_line' id='line_1_61' title="bbox 2208 2984 3846 3061; baseline -0.001 -20"><span class='ocrx_word' id='word_1_423' title='bbox 2208 3003 2341 3043; x_wconf 89' lang='lat' dir='ltr'>vere</span> <span class='ocrx_word' id='word_1_424' title='bbox 2364 2987 2590 3043; x_wconf 89' lang='lat' dir='ltr'>deceat.</span> <span class='ocrx_word' id='word_1_425' title='bbox 2607 2987 2929 3055; x_wconf 88' lang='lat' dir='ltr'>Fortitudo,</span> <span class='ocrx_word' id='word_1_426' title='bbox 2949 3004 3055 3060; x_wconf 90' lang='lat' dir='ltr'>per</span> <span class='ocrx_word' id='word_1_427' title='bbox 3075 3004 3260 3060; x_wconf 89' lang='lat' dir='ltr'>quam</span> <span class='ocrx_word' id='word_1_428' title='bbox 3282 3004 3354 3044; x_wconf 91' lang='lat' dir='ltr'>ea</span> <span class='ocrx_word' id='word_1_429' title='bbox 3373 3004 3516 3061; x_wconf 67' lang='lat' dir='ltr'>quae</span> <span class='ocrx_word' id='word_1_430' title='bbox 3535 2986 3764 3058; x_wconf 86' lang='lat' dir='ltr'>agenda</span> <span class='ocrx_word' id='word_1_431' title='bbox 3776 2984 3846 3041; x_wconf 91' lang='lat' dir='ltr'>di-</span> 
     </span>
    </p>
   </div>
   <div class='ocr_carea' id='block_1_62' title="bbox 437 3062 1993 3161">
    <p class='ocr_par' dir='ltr' id='par_1_62' title="bbox 437 3062 1993 3140">
     <span class='ocr_line' id='line_1_62' title="bbox 437 3062 1993 3140; baseline -0.005 -15"><span class='ocrx_word' id='word_1_432' title='bbox 437 3070 687 3140; x_wconf 89' lang='lat' dir='ltr'>nissent,</span> <span class='ocrx_word' id='word_1_433' title='bbox 715 3087 785 3125; x_wconf 90' lang='lat' dir='ltr'>ac</span> <span class='ocrx_word' id='word_1_434' title='bbox 810 3069 1028 3125; x_wconf 85' lang='lat' dir='ltr'>veritas</span> <span class='ocrx_word' id='word_1_435' title='bbox 1055 3066 1357 3137; x_wconf 85' lang='lat' dir='ltr'>Evangelii</span> <span class='ocrx_word' id='word_1_436' title='bbox 1381 3080 1726 3137; x_wconf 90' lang='lat' dir='ltr'>arcanaque</span> <span class='ocrx_word' id='word_1_437' title='bbox 1756 3062 1993 3119; x_wconf 78' lang='lat' dir='ltr'>caelesti:</span> 
     </span>
    </p>
   </div>
   <div class='ocr_carea' id='block_1_63' title="bbox 2287 3062 3843 3161">
    <p class='ocr_par' dir='ltr' id='par_1_63' title="bbox 2287 3075 3843 3148">
     <span class='ocr_line' id='line_1_63' title="bbox 2287 3075 3843 3148; baseline -0.001 -18"><span class='ocrx_word' id='word_1_438' title='bbox 2287 3075 2480 3147; x_wconf 81' lang='lat' dir='ltr'>:imus,</span> <span class='ocrx_word' id='word_1_439' title='bbox 2494 3075 2837 3148; x_wconf 89' lang='lat' dir='ltr'>implemus.</span> <span class='ocrx_word' id='word_1_440' title='bbox 2863 3080 3021 3141; x_wconf 87' lang='lat' dir='ltr'>Quas</span> <span class='ocrx_word' id='word_1_441' title='bbox 3036 3092 3158 3131; x_wconf 90' lang='lat' dir='ltr'>uno</span> <span class='ocrx_word' id='word_1_442' title='bbox 3170 3076 3460 3132; x_wconf 86' lang='lat' dir='ltr'>versiculo</span> <span class='ocrx_word' id='word_1_443' title='bbox 3473 3077 3717 3133; x_wconf 85' lang='lat' dir='ltr'>virtutes</span> <span class='ocrx_word' id='word_1_444' title='bbox 3729 3078 3843 3130; x_wconf 81' lang='lat' dir='ltr'>Pro-</span> 
     </span>
    </p>
   </div>
   <div class='ocr_carea' id='block_1_64' title="bbox 432 3152 2091 3232">
    <p class='ocr_par' dir='ltr' id='par_1_64' title="bbox 432 3152 2091 3232">
     <span class='ocr_line' id='line_1_64' title="bbox 432 3152 2091 3232; baseline -0.005 -17"><span class='ocrx_word' id='word_1_445' title='bbox 432 3159 561 3232; x_wconf 85' lang='lat' dir='ltr'>ipse</span> <span class='ocrx_word' id='word_1_446' title='bbox 585 3160 716 3215; x_wconf 85' lang='lat' dir='ltr'>coeli</span> <span class='ocrx_word' id='word_1_447' title='bbox 737 3160 1061 3229; x_wconf 90' lang='lat' dir='ltr'>ingressus,</span> <span class='ocrx_word' id='word_1_448' title='bbox 1089 3173 1212 3213; x_wconf 92' lang='lat' dir='ltr'>non</span> <span class='ocrx_word' id='word_1_449' title='bbox 1236 3156 1435 3212; x_wconf 89' lang='lat' dir='ltr'>adhuc</span> <span class='ocrx_word' id='word_1_450' title='bbox 1458 3152 1913 3227; x_wconf 88' lang='lat' dir='ltr'>prophetandus</span> <span class='ocrx_word' id='word_1_451' title='bbox 1935 3168 2004 3208; x_wconf 89' lang='lat' dir='ltr'>ac</span> <span class='ocrx_word' id='word_1_452' title='bbox 2028 3152 2091 3207; x_wconf 84' lang='lat' dir='ltr'>ti-</span> 
     </span>
    </p>
   </div>
   <div class='ocr_carea' id='block_1_65' title="bbox 429 3245 2090 3320">
    <p class='ocr_par' dir='ltr' id='par_1_65' title="bbox 429 3245 2090 3320">
     <span class='ocr_line' id='line_1_65' title="bbox 429 3245 2090 3320; baseline -0.005 -16"><span class='ocrx_word' id='word_1_453' title='bbox 429 3249 713 3320; x_wconf 85' lang='lat' dir='ltr'>guraliter</span> <span class='ocrx_word' id='word_1_454' title='bbox 738 3247 1173 3318; x_wconf 88' lang='lat' dir='ltr'>signiﬁcandus</span> <span class='ocrx_word' id='word_1_455' title='bbox 1206 3264 1219 3302; x_wconf 92' lang='lat'>:</span> <span class='ocrx_word' id='word_1_456' title='bbox 1255 3245 1358 3301; x_wconf 91' lang='lat' dir='ltr'>sed</span> <span class='ocrx_word' id='word_1_457' title='bbox 1372 3245 1755 3317; x_wconf 90' lang='lat' dir='ltr'>jamjamque</span> <span class='ocrx_word' id='word_1_458' title='bbox 1778 3247 1933 3298; x_wconf 89' lang='lat' dir='ltr'>esset</span> <span class='ocrx_word' id='word_1_459' title='bbox 1952 3257 2090 3314; x_wconf 91' lang='lat' dir='ltr'>pro-</span> 
     </span>
    </p>
   </div>
   <div class='ocr_carea' id='block_1_66' title="bbox 426 3330 2092 3409">
    <p class='ocr_par' dir='ltr' id='par_1_66' title="bbox 426 3330 2092 3409">
     <span class='ocr_line' id='line_1_66' title="bbox 426 3330 2092 3409; baseline -0.005 -16"><span class='ocrx_word' id='word_1_460' title='bbox 426 3337 586 3392; x_wconf 90' lang='lat' dir='ltr'>xime</span> <span class='ocrx_word' id='word_1_461' title='bbox 613 3338 897 3393; x_wconf 90' lang='lat' dir='ltr'>omnibus</span> <span class='ocrx_word' id='word_1_462' title='bbox 928 3335 1313 3409; x_wconf 88' lang='lat' dir='ltr'>aperiendus,</span> <span class='ocrx_word' id='word_1_463' title='bbox 1343 3333 1447 3406; x_wconf 90' lang='lat' dir='ltr'>qui</span> <span class='ocrx_word' id='word_1_464' title='bbox 1466 3331 1729 3389; x_wconf 88' lang='lat' dir='ltr'>abinitio</span> <span class='ocrx_word' id='word_1_465' title='bbox 1760 3330 1973 3386; x_wconf 88' lang='lat' dir='ltr'>mundi</span> <span class='ocrx_word' id='word_1_466' title='bbox 1998 3347 2092 3385; x_wconf 87' lang='lat' dir='ltr'>us-</span> 
     </span>
    </p>
   </div>
   <div class='ocr_carea' id='block_1_67' title="bbox 427 3418 2090 3497">
    <p class='ocr_par' dir='ltr' id='par_1_67' title="bbox 427 3418 2090 3497">
     <span class='ocr_line' id='line_1_67' title="bbox 427 3418 2090 3497; baseline -0.004 -18"><span class='ocrx_word' id='word_1_467' title='bbox 427 3441 547 3497; x_wconf 89' lang='lat' dir='ltr'>que</span> <span class='ocrx_word' id='word_1_468' title='bbox 579 3426 658 3479; x_wconf 91' lang='lat' dir='ltr'>ad</span> <span class='ocrx_word' id='word_1_469' title='bbox 687 3425 749 3480; x_wconf 91' lang='lat' dir='ltr'>id</span> <span class='ocrx_word' id='word_1_470' title='bbox 778 3425 1066 3497; x_wconf 90' lang='lat' dir='ltr'>temporis</span> <span class='ocrx_word' id='word_1_471' title='bbox 1094 3424 1158 3478; x_wconf 91' lang='lat' dir='ltr'>in</span> <span class='ocrx_word' id='word_1_472' title='bbox 1186 3422 1306 3478; x_wconf 87' lang='lat' dir='ltr'>ﬁde</span> <span class='ocrx_word' id='word_1_473' title='bbox 1322 3420 1670 3477; x_wconf 86' lang='lat' dir='ltr'>veritatisde</span> <span class='ocrx_word' id='word_1_474' title='bbox 1683 3418 1915 3475; x_wconf 91' lang='lat' dir='ltr'>mundo</span> <span class='ocrx_word' id='word_1_475' title='bbox 1928 3424 2090 3475; x_wconf 91' lang='lat' dir='ltr'>tran-</span> 
     </span>
    </p>
   </div>
   <div class='ocr_carea' id='block_1_68' title="bbox 429 3507 2089 3582">
    <p class='ocr_par' dir='ltr' id='par_1_68' title="bbox 429 3507 2089 3582">
     <span class='ocr_line' id='line_1_68' title="bbox 429 3507 2089 3582; baseline -0.003 -15"><span class='ocrx_word' id='word_1_476' title='bbox 429 3514 673 3568; x_wconf 82' lang='lat' dir='ltr'>sierunt.</span> <span class='ocrx_word' id='word_1_477' title='bbox 708 3514 864 3568; x_wconf 90' lang='lat' dir='ltr'>Bene</span> <span class='ocrx_word' id='word_1_478' title='bbox 893 3512 1054 3567; x_wconf 91' lang='lat' dir='ltr'>idem</span> <span class='ocrx_word' id='word_1_479' title='bbox 1083 3511 1307 3582; x_wconf 88' lang='lat' dir='ltr'>velum,</span> <span class='ocrx_word' id='word_1_480' title='bbox 1342 3510 1455 3565; x_wconf 88' lang='lat' dir='ltr'>sub</span> <span class='ocrx_word' id='word_1_481' title='bbox 1486 3526 1608 3582; x_wconf 90' lang='lat' dir='ltr'>quo</span> <span class='ocrx_word' id='word_1_482' title='bbox 1662 3510 1721 3564; x_wconf 89' lang='lat' dir='ltr'>in</span> <span class='ocrx_word' id='word_1_483' title='bbox 1774 3507 2089 3565; x_wconf 88' lang='lat' dir='ltr'>oraculum</span> 
     </span>
    </p>
   </div>
   <div class='ocr_carea' id='block_1_69' title="bbox 425 3596 2088 3672">
    <p class='ocr_par' dir='ltr' id='par_1_69' title="bbox 425 3596 2088 3672">
     <span class='ocr_line' id='line_1_69' title="bbox 425 3596 2088 3672; baseline -0.003 -15"><span class='ocrx_word' id='word_1_484' title='bbox 425 3598 781 3669; x_wconf 90' lang='lat' dir='ltr'>intrabatur,</span> <span class='ocrx_word' id='word_1_485' title='bbox 810 3617 883 3657; x_wconf 92' lang='lat' dir='ltr'>ex</span> <span class='ocrx_word' id='word_1_486' title='bbox 903 3600 1252 3672; x_wconf 89' lang='lat' dir='ltr'>hyacintho,</span> <span class='ocrx_word' id='word_1_487' title='bbox 1286 3613 1577 3672; x_wconf 88' lang='lat' dir='ltr'>purpura,</span> <span class='ocrx_word' id='word_1_488' title='bbox 1610 3613 1792 3653; x_wconf 89' lang='lat' dir='ltr'>cocco</span> <span class='ocrx_word' id='word_1_489' title='bbox 1822 3601 1880 3652; x_wconf 91' lang='lat' dir='ltr'>et</span> <span class='ocrx_word' id='word_1_490' title='bbox 1902 3596 2088 3668; x_wconf 87' lang='lat' dir='ltr'>bysso</span> 
     </span>
    </p>
   </div>
   <div class='ocr_carea' id='block_1_70' title="bbox 423 3687 2087 3763">
    <p class='ocr_par' dir='ltr' id='par_1_70' title="bbox 423 3687 2087 3763">
     <span class='ocr_line' id='line_1_70' title="bbox 423 3687 2087 3763; baseline -0.004 -16"><span class='ocrx_word' id='word_1_491' title='bbox 423 3689 651 3747; x_wconf 81' lang='lat' dir='ltr'>factum</span> <span class='ocrx_word' id='word_1_492' title='bbox 677 3707 826 3757; x_wconf 90' lang='lat' dir='ltr'>esse,</span> <span class='ocrx_word' id='word_1_493' title='bbox 862 3690 915 3746; x_wconf 92' lang='lat' dir='ltr'>ei</span> <span class='ocrx_word' id='word_1_494' title='bbox 944 3705 1188 3763; x_wconf 90' lang='lat' dir='ltr'>quoque</span> <span class='ocrx_word' id='word_1_495' title='bbox 1218 3687 1541 3744; x_wconf 87' lang='lat' dir='ltr'>Cherubim</span> <span class='ocrx_word' id='word_1_496' title='bbox 1566 3687 1772 3741; x_wconf 87' lang='lat' dir='ltr'>intexti</span> <span class='ocrx_word' id='word_1_497' title='bbox 1802 3702 1930 3741; x_wconf 90' lang='lat' dir='ltr'>esse</span> <span class='ocrx_word' id='word_1_498' title='bbox 1963 3701 2087 3741; x_wconf 90' lang='lat' dir='ltr'>me-</span> 
     </span>
    </p>
   </div>
   <div class='ocr_carea' id='block_1_71' title="bbox 421 3774 2087 3853">
    <p class='ocr_par' dir='ltr' id='par_1_71' title="bbox 421 3774 2087 3853">
     <span class='ocr_line' id='line_1_71' title="bbox 421 3774 2087 3853; baseline -0.005 -15"><span class='ocrx_word' id='word_1_499' title='bbox 421 3785 758 3838; x_wconf 88' lang='lat' dir='ltr'>morantur.</span> <span class='ocrx_word' id='word_1_500' title='bbox 792 3779 1162 3853; x_wconf 84' lang='lat' dir='ltr'>Hyacinthus</span> <span class='ocrx_word' id='word_1_501' title='bbox 1216 3777 1443 3850; x_wconf 90' lang='lat' dir='ltr'>quippe</span> <span class='ocrx_word' id='word_1_502' title='bbox 1493 3776 1596 3849; x_wconf 88' lang='lat' dir='ltr'>qui</span> <span class='ocrx_word' id='word_1_503' title='bbox 1641 3775 1771 3830; x_wconf 79' lang='lat' dir='ltr'>coeli</span> <span class='ocrx_word' id='word_1_504' title='bbox 1825 3774 2087 3830; x_wconf 91' lang='lat' dir='ltr'>colorem</span> 
     </span>
    </p>
   </div>
   <div class='ocr_carea' id='block_1_72' title="bbox 420 3864 2082 3941">
    <p class='ocr_par' dir='ltr' id='par_1_72' title="bbox 420 3864 2082 3941">
     <span class='ocr_line' id='line_1_72' title="bbox 420 3864 2082 3941; baseline -0.005 -15"><span class='ocrx_word' id='word_1_505' title='bbox 420 3866 711 3938; x_wconf 88' lang='lat' dir='ltr'>imitatur,</span> <span class='ocrx_word' id='word_1_506' title='bbox 744 3884 1147 3941; x_wconf 90' lang='lat' dir='ltr'>supernorum</span> <span class='ocrx_word' id='word_1_507' title='bbox 1174 3864 1482 3922; x_wconf 90' lang='lat' dir='ltr'>desideriis</span> <span class='ocrx_word' id='word_1_508' title='bbox 1512 3868 1647 3936; x_wconf 88' lang='lat' dir='ltr'>apte</span> <span class='ocrx_word' id='word_1_509' title='bbox 1676 3870 2082 3935; x_wconf 85' lang='lat' dir='ltr'>comparatur.</span> 
     </span>
    </p>
   </div>
   <div class='ocr_carea' id='block_1_73' title="bbox 419 3951 2083 4032">
    <p class='ocr_par' dir='ltr' id='par_1_73' title="bbox 419 3951 2083 4032">
     <span class='ocr_line' id='line_1_73' title="bbox 419 3951 2083 4032; baseline -0.005 -17"><span class='ocrx_word' id='word_1_510' title='bbox 419 3958 719 4032; x_wconf 88' lang='lat' dir='ltr'>Purpura,</span> <span class='ocrx_word' id='word_1_511' title='bbox 750 3974 886 4031; x_wconf 69' lang='lat' dir='ltr'>quae</span> <span class='ocrx_word' id='word_1_512' title='bbox 917 3956 1215 4027; x_wconf 88' lang='lat' dir='ltr'>sanguine</span> <span class='ocrx_word' id='word_1_513' title='bbox 1257 3953 1692 4011; x_wconf 90' lang='lat' dir='ltr'>conchiliorum</span> <span class='ocrx_word' id='word_1_514' title='bbox 1749 3951 2083 4024; x_wconf 88' lang='lat' dir='ltr'>conﬁcitur,</span> 
     </span>
    </p>
   </div>
   <div class='ocr_carea' id='block_1_74' title="bbox 420 4041 2084 4119">
    <p class='ocr_par' dir='ltr' id='par_1_74' title="bbox 420 4041 2084 4119">
     <span class='ocr_line' id='line_1_74' title="bbox 420 4041 2084 4119; baseline -0.005 -14"><span class='ocrx_word' id='word_1_515' title='bbox 420 4054 478 4106; x_wconf 90' lang='lat' dir='ltr'>et</span> <span class='ocrx_word' id='word_1_516' title='bbox 489 4047 884 4118; x_wconf 87' lang='lat' dir='ltr'>sanguineam</span> <span class='ocrx_word' id='word_1_517' title='bbox 896 4047 1093 4119; x_wconf 89' lang='lat' dir='ltr'>ipsam</span> <span class='ocrx_word' id='word_1_518' title='bbox 1109 4044 1347 4117; x_wconf 82' lang='lat' dir='ltr'>praefert</span> <span class='ocrx_word' id='word_1_519' title='bbox 1358 4042 1618 4115; x_wconf 90' lang='lat' dir='ltr'>speciem</span> <span class='ocrx_word' id='word_1_520' title='bbox 1653 4057 1777 4098; x_wconf 91' lang='lat' dir='ltr'>non</span> <span class='ocrx_word' id='word_1_521' title='bbox 1788 4041 2084 4098; x_wconf 86' lang='lat' dir='ltr'>immerito</span> 
     </span>
    </p>
   </div>
   <div class='ocr_carea' id='block_1_75' title="bbox 422 4129 2081 4213">
    <p class='ocr_par' dir='ltr' id='par_1_75' title="bbox 422 4129 2081 4213">
     <span class='ocr_line' id='line_1_75' title="bbox 422 4129 2081 4213; baseline -0.003 -22"><span class='ocrx_word' id='word_1_522' title='bbox 422 4141 873 4191; x_wconf 90' lang='lat' dir='ltr'>sacramentum</span> <span class='ocrx_word' id='word_1_523' title='bbox 905 4134 1228 4213; x_wconf 79' lang='lat' dir='ltr'>Dominicee</span> <span class='ocrx_word' id='word_1_524' title='bbox 1246 4130 1541 4201; x_wconf 89' lang='lat' dir='ltr'>signiﬁcat</span> <span class='ocrx_word' id='word_1_525' title='bbox 1556 4131 1852 4204; x_wconf 91' lang='lat' dir='ltr'>passionis</span> <span class='ocrx_word' id='word_1_526' title='bbox 1878 4148 1890 4185; x_wconf 90' lang='lat'>:</span> <span class='ocrx_word' id='word_1_527' title='bbox 1913 4129 2081 4203; x_wconf 93' lang='lat' dir='ltr'>quod</span> 
     </span>
    </p>
   </div>
   <div class='ocr_carea' id='block_1_76' title="bbox 420 4219 2076 4293">
    <p class='ocr_par' dir='ltr' id='par_1_76' title="bbox 420 4219 2076 4293">
     <span class='ocr_line' id='line_1_76' title="bbox 420 4219 2076 4293; baseline -0.002 -14"><span class='ocrx_word' id='word_1_528' title='bbox 420 4240 533 4279; x_wconf 92' lang='lat' dir='ltr'>nos</span> <span class='ocrx_word' id='word_1_529' title='bbox 562 4224 777 4278; x_wconf 90' lang='lat' dir='ltr'>intueri</span> <span class='ocrx_word' id='word_1_530' title='bbox 808 4238 1047 4277; x_wconf 90' lang='lat' dir='ltr'>crucem</span> <span class='ocrx_word' id='word_1_531' title='bbox 1090 4224 1359 4277; x_wconf 89' lang='lat' dir='ltr'>nostram</span> <span class='ocrx_word' id='word_1_532' title='bbox 1412 4219 1709 4293; x_wconf 87' lang='lat' dir='ltr'>portando</span> <span class='ocrx_word' id='word_1_533' title='bbox 1761 4220 2076 4276; x_wconf 89' lang='lat' dir='ltr'>debemus.</span> 
     </span>
    </p>
   </div>
   <div class='ocr_carea' id='block_1_77' title="bbox 421 4309 2079 4384">
    <p class='ocr_par' dir='ltr' id='par_1_77' title="bbox 421 4309 2079 4384">
     <span class='ocr_line' id='line_1_77' title="bbox 421 4309 2079 4384; baseline -0.003 -14"><span class='ocrx_word' id='word_1_534' title='bbox 421 4311 806 4384; x_wconf 91' lang='lat' dir='ltr'>Cocco,quod</span> <span class='ocrx_word' id='word_1_535' title='bbox 818 4310 1007 4367; x_wconf 92' lang='lat' dir='ltr'>rubeo</span> <span class='ocrx_word' id='word_1_536' title='bbox 1024 4310 1217 4366; x_wconf 90' lang='lat' dir='ltr'>colore</span> <span class='ocrx_word' id='word_1_537' title='bbox 1232 4309 1883 4380; x_wconf 81' lang='lat' dir='ltr'>ﬁammescit,congrue</span> <span class='ocrx_word' id='word_1_538' title='bbox 1897 4309 2079 4365; x_wconf 88' lang='lat' dir='ltr'>virtus</span> 
     </span>
    </p>
   </div>
   <div class='ocr_carea' id='block_1_78' title="bbox 418 4399 2076 4473">
    <p class='ocr_par' dir='ltr' id='par_1_78' title="bbox 418 4399 2076 4473">
     <span class='ocr_line' id='line_1_78' title="bbox 418 4399 2076 4473; baseline -0.002 -17"><span class='ocrx_word' id='word_1_539' title='bbox 418 4399 771 4473; x_wconf 86' lang='lat' dir='ltr'>exprimitur</span> <span class='ocrx_word' id='word_1_540' title='bbox 787 4401 1030 4456; x_wconf 91' lang='lat' dir='ltr'>amoris.</span> <span class='ocrx_word' id='word_1_541' title='bbox 1049 4402 1126 4456; x_wconf 92' lang='lat' dir='ltr'>De</span> <span class='ocrx_word' id='word_1_542' title='bbox 1148 4416 1269 4473; x_wconf 90' lang='lat' dir='ltr'>quo</span> <span class='ocrx_word' id='word_1_543' title='bbox 1292 4400 1577 4455; x_wconf 90' lang='lat' dir='ltr'>mirantes</span> <span class='ocrx_word' id='word_1_544' title='bbox 1594 4399 1796 4455; x_wconf 86' lang='lat' dir='ltr'>dixere</span> <span class='ocrx_word' id='word_1_545' title='bbox 1815 4399 1922 4470; x_wconf 87' lang='lat' dir='ltr'>qui</span> <span class='ocrx_word' id='word_1_546' title='bbox 1937 4413 2076 4453; x_wconf 93' lang='lat' dir='ltr'>cum</span> 
     </span>
    </p>
   </div>
   <div class='ocr_carea' id='block_1_79' title="bbox 418 4488 2076 4561">
    <p class='ocr_par' dir='ltr' id='par_1_79' title="bbox 418 4488 2076 4561">
     <span class='ocr_line' id='line_1_79' title="bbox 418 4488 2076 4561; baseline -0.004 -15"><span class='ocrx_word' id='word_1_547' title='bbox 418 4490 671 4546; x_wconf 89' lang='lat' dir='ltr'>Domino</span> <span class='ocrx_word' id='word_1_548' title='bbox 693 4489 1153 4546; x_wconf 88' lang='lat' dir='ltr'>ambulaverant</span> <span class='ocrx_word' id='word_1_549' title='bbox 1173 4488 1470 4561; x_wconf 90' lang='lat' dir='ltr'>discipuli.</span> <span class='ocrx_word' id='word_1_550' title='bbox 1517 4510 1545 4538; x_wconf 82' lang='lat'><strong>«</strong></span> <span class='ocrx_word' id='word_1_551' title='bbox 1566 4491 1773 4544; x_wconf 85' lang='lat' dir='ltr'>Nonne</span> <span class='ocrx_word' id='word_1_552' title='bbox 1813 4501 1915 4541; x_wconf 94' lang='lat' dir='ltr'>cor</span> <span class='ocrx_word' id='word_1_553' title='bbox 1939 4501 2076 4541; x_wconf 90' lang='lat' dir='ltr'>nos-</span> 
     </span>
    </p>
   </div>
   <div class='ocr_carea' id='block_1_80' title="bbox 415 4574 2077 4649">
    <p class='ocr_par' dir='ltr' id='par_1_80' title="bbox 415 4574 2077 4649">
     <span class='ocr_line' id='line_1_80' title="bbox 415 4574 2077 4649; baseline -0.004 -14"><span class='ocrx_word' id='word_1_554' title='bbox 415 4579 573 4635; x_wconf 89' lang='lat' dir='ltr'>trum</span> <span class='ocrx_word' id='word_1_555' title='bbox 588 4580 806 4636; x_wconf 91' lang='lat' dir='ltr'>ardens</span> <span class='ocrx_word' id='word_1_556' title='bbox 820 4583 943 4635; x_wconf 89' lang='lat' dir='ltr'>erat</span> <span class='ocrx_word' id='word_1_557' title='bbox 960 4579 1020 4634; x_wconf 92' lang='lat' dir='ltr'>in</span> <span class='ocrx_word' id='word_1_558' title='bbox 1040 4578 1237 4647; x_wconf 90' lang='lat' dir='ltr'>nobis,</span> <span class='ocrx_word' id='word_1_559' title='bbox 1252 4577 1399 4633; x_wconf 93' lang='lat' dir='ltr'>dum</span> <span class='ocrx_word' id='word_1_560' title='bbox 1415 4577 1762 4649; x_wconf 89' lang='lat' dir='ltr'>loqueretur</span> <span class='ocrx_word' id='word_1_561' title='bbox 1773 4574 1834 4629; x_wconf 91' lang='lat' dir='ltr'>in</span> <span class='ocrx_word' id='word_1_562' title='bbox 1880 4574 1996 4646; x_wconf 89' lang='lat' dir='ltr'>via,</span> <span class='ocrx_word' id='word_1_563' title='bbox 2020 4578 2077 4630; x_wconf 86' lang='lat' dir='ltr'>et</span> 
     </span>
    </p>
   </div>
   <div class='ocr_carea' id='block_1_81' title="bbox 412 4665 2073 4741">
    <p class='ocr_par' dir='ltr' id='par_1_81' title="bbox 412 4665 2073 4741">
     <span class='ocr_line' id='line_1_81' title="bbox 412 4665 2073 4741; baseline -0.004 -17"><span class='ocrx_word' id='word_1_564' title='bbox 412 4668 856 4741; x_wconf 90' lang='lat' dir='ltr'>aperiretnobis</span> <span class='ocrx_word' id='word_1_565' title='bbox 876 4667 1199 4740; x_wconf 89' lang='lat' dir='ltr'>scripturas</span> <span class='ocrx_word' id='word_1_566' title='bbox 1222 4667 1249 4720; x_wconf 82' lang='lat'><strong><em>?</em></strong></span> <span class='ocrx_word' id='word_1_567' title='bbox 1264 4667 1625 4737; x_wconf 78' lang='lat' dir='ltr'>(Luc.xx1v.)</span> <span class='ocrx_word' id='word_1_568' title='bbox 1643 4686 1670 4712; x_wconf 86' lang='lat'>»</span> <span class='ocrx_word' id='word_1_569' title='bbox 1686 4665 1908 4735; x_wconf 89' lang='lat' dir='ltr'>Byssus</span> <span class='ocrx_word' id='word_1_570' title='bbox 1937 4678 2073 4735; x_wconf 68' lang='lat' dir='ltr'>qua:</span> 
     </span>
    </p>
   </div>
   <div class='ocr_carea' id='block_1_82' title="bbox 411 4749 2073 4825">
    <p class='ocr_par' dir='ltr' id='par_1_82' title="bbox 411 4749 2073 4825">
     <span class='ocr_line' id='line_1_82' title="bbox 411 4749 2073 4825; baseline -0.004 -12"><span class='ocrx_word' id='word_1_571' title='bbox 411 4756 485 4812; x_wconf 92' lang='lat' dir='ltr'>de</span> <span class='ocrx_word' id='word_1_572' title='bbox 502 4761 656 4813; x_wconf 88' lang='lat' dir='ltr'>terra</span> <span class='ocrx_word' id='word_1_573' title='bbox 674 4757 882 4812; x_wconf 90' lang='lat' dir='ltr'>virenti</span> <span class='ocrx_word' id='word_1_574' title='bbox 901 4756 1166 4825; x_wconf 84' lang='lat' dir='ltr'>germine</span> <span class='ocrx_word' id='word_1_575' title='bbox 1177 4756 1464 4819; x_wconf 90' lang='lat' dir='ltr'>nascitur,</span> <span class='ocrx_word' id='word_1_576' title='bbox 1484 4756 1540 4808; x_wconf 92' lang='lat' dir='ltr'>et</span> <span class='ocrx_word' id='word_1_577' title='bbox 1563 4752 1746 4820; x_wconf 91' lang='lat' dir='ltr'>longo</span> <span class='ocrx_word' id='word_1_578' title='bbox 1778 4749 2073 4806; x_wconf 89' lang='lat' dir='ltr'>artiﬁcum</span> 
     </span>
    </p>
   </div>
   <div class='ocr_carea' id='block_1_83' title="bbox 410 4837 2073 4912">
    <p class='ocr_par' dir='ltr' id='par_1_83' title="bbox 410 4837 2073 4912">
     <span class='ocr_line' id='line_1_83' title="bbox 410 4837 2073 4912; baseline -0.004 -10"><span class='ocrx_word' id='word_1_579' title='bbox 410 4846 687 4902; x_wconf 86' lang='lat' dir='ltr'>exercitio</span> <span class='ocrx_word' id='word_1_580' title='bbox 707 4846 979 4901; x_wconf 87' lang='lat' dir='ltr'>nativum</span> <span class='ocrx_word' id='word_1_581' title='bbox 996 4843 1445 4907; x_wconf 86' lang='lat' dir='ltr'>exuitvirorem,</span> <span class='ocrx_word' id='word_1_582' title='bbox 1471 4850 1653 4912; x_wconf 85' lang='lat' dir='ltr'>atque</span> <span class='ocrx_word' id='word_1_583' title='bbox 1674 4838 1751 4894; x_wconf 90' lang='lat' dir='ltr'>ad</span> <span class='ocrx_word' id='word_1_584' title='bbox 1768 4837 2073 4896; x_wconf 88' lang='lat' dir='ltr'>albentem</span> 
     </span>
    </p>
   </div>
   <div class='ocr_carea' id='block_1_84' title="bbox 414 4926 2070 5009">
    <p class='ocr_par' dir='ltr' id='par_1_84' title="bbox 414 4926 2070 5009">
     <span class='ocr_line' id='line_1_84' title="bbox 414 4926 2070 5009; baseline -0.002 -21"><span class='ocrx_word' id='word_1_585' title='bbox 414 4935 760 5009; x_wconf 85' lang='lat' dir='ltr'>perducitur</span> <span class='ocrx_word' id='word_1_586' title='bbox 791 4935 1072 5005; x_wconf 80' lang='lat' dir='ltr'>speciem,</span> <span class='ocrx_word' id='word_1_587' title='bbox 1107 4945 1370 4999; x_wconf 89' lang='lat' dir='ltr'>congrue</span> <span class='ocrx_word' id='word_1_588' title='bbox 1395 4926 1850 4996; x_wconf 90' lang='lat' dir='ltr'>castigationem</span> <span class='ocrx_word' id='word_1_589' title='bbox 1873 4927 2070 4984; x_wconf 88' lang='lat' dir='ltr'>carnis</span> 
     </span>
    </p>
   </div>
   <div class='ocr_carea' id='block_1_85' title="bbox 408 5016 2069 5091">
    <p class='ocr_par' dir='ltr' id='par_1_85' title="bbox 408 5016 2069 5091">
     <span class='ocr_line' id='line_1_85' title="bbox 408 5016 2069 5091; baseline -0.002 -15"><span class='ocrx_word' id='word_1_590' title='bbox 408 5029 626 5077; x_wconf 70' lang='lat' dir='ltr'>nostrae</span> <span class='ocrx_word' id='word_1_591' title='bbox 659 5023 920 5076; x_wconf 90' lang='lat' dir='ltr'>insinuat</span> <span class='ocrx_word' id='word_1_592' title='bbox 954 5038 966 5075; x_wconf 95' lang='lat'>:</span> <span class='ocrx_word' id='word_1_593' title='bbox 1000 5021 1173 5091; x_wconf 88' lang='lat' dir='ltr'>cujus</span> <span class='ocrx_word' id='word_1_594' title='bbox 1198 5016 1374 5090; x_wconf 88' lang='lat' dir='ltr'>quasi</span> <span class='ocrx_word' id='word_1_595' title='bbox 1394 5018 1721 5070; x_wconf 88' lang='lat' dir='ltr'>humorem</span> <span class='ocrx_word' id='word_1_596' title='bbox 1768 5016 2069 5086; x_wconf 88' lang='lat' dir='ltr'>ingentem</span> 
     </span>
    </p>
   </div>
   <div class='ocr_carea' id='block_1_86' title="bbox 408 5101 2071 5181">
    <p class='ocr_par' dir='ltr' id='par_1_86' title="bbox 408 5101 2071 5181">
     <span class='ocr_line' id='line_1_86' title="bbox 408 5101 2071 5181; baseline -0.005 -14"><span class='ocrx_word' id='word_1_597' title='bbox 408 5108 1221 5181; x_wconf 81' lang='lat' dir='ltr'>exsiccarijubetApostolus,</span> <span class='ocrx_word' id='word_1_598' title='bbox 1240 5104 1474 5161; x_wconf 90' lang='lat' dir='ltr'>dicens:</span> <span class='ocrx_word' id='word_1_599' title='bbox 1491 5126 1519 5151; x_wconf 84' lang='grc'><strong>‹‹</strong></span> <span class='ocrx_word' id='word_1_600' title='bbox 1534 5101 1873 5159; x_wconf 86' lang='lat' dir='ltr'>Mortiﬁcate</span> <span class='ocrx_word' id='word_1_601' title='bbox 1885 5118 2071 5160; x_wconf 88' lang='lat' dir='ltr'>mem-</span> 
     </span>
    </p>
   </div>
   <div class='ocr_carea' id='block_1_87' title="bbox 404 5191 2063 5272">
    <p class='ocr_par' dir='ltr' id='par_1_87' title="bbox 404 5191 2063 5272">
     <span class='ocr_line' id='line_1_87' title="bbox 404 5191 2063 5272; baseline -0.003 -17"><span class='ocrx_word' id='word_1_602' title='bbox 404 5198 518 5256; x_wconf 90' lang='lat' dir='ltr'>bra</span> <span class='ocrx_word' id='word_1_603' title='bbox 546 5204 743 5255; x_wconf 86' lang='lat' dir='ltr'>vestra</span> <span class='ocrx_word' id='word_1_604' title='bbox 772 5215 907 5272; x_wconf 64' lang='lat' dir='ltr'>qua:</span> <span class='ocrx_word' id='word_1_605' title='bbox 930 5203 1068 5253; x_wconf 87' lang='lat' dir='ltr'>sunt</span> <span class='ocrx_word' id='word_1_606' title='bbox 1090 5212 1271 5268; x_wconf 90' lang='lat' dir='ltr'>super</span> <span class='ocrx_word' id='word_1_607' title='bbox 1302 5198 1541 5255; x_wconf 87' lang='lat' dir='ltr'>terram,</span> <span class='ocrx_word' id='word_1_608' title='bbox 1588 5191 2063 5263; x_wconf 87' lang='lat' dir='ltr'>fornicationem,</span> 
     </span>
    </p>
   </div>
   <div class='ocr_carea' id='block_1_88' title="bbox 402 5280 2060 5355">
    <p class='ocr_par' dir='ltr' id='par_1_88' title="bbox 402 5280 2060 5355">
     <span class='ocr_line' id='line_1_88' title="bbox 402 5280 2060 5355; baseline -0.004 -10"><span class='ocrx_word' id='word_1_609' title='bbox 402 5287 874 5355; x_wconf 88' lang='lat' dir='ltr'>immunditiam,</span> <span class='ocrx_word' id='word_1_610' title='bbox 891 5285 1224 5351; x_wconf 88' lang='lat' dir='ltr'>libidinem,</span> <span class='ocrx_word' id='word_1_611' title='bbox 1244 5280 1794 5353; x_wconf 87' lang='lat' dir='ltr'>concupiscentiam</span> <span class='ocrx_word' id='word_1_612' title='bbox 1814 5282 2060 5352; x_wconf 89' lang='lat' dir='ltr'>malam,</span> 
     </span>
    </p>
   </div>
   <div class='ocr_carea' id='block_1_89' title="bbox 404 5370 2061 5447">
    <p class='ocr_par' dir='ltr' id='par_1_89' title="bbox 404 5370 2061 5447">
     <span class='ocr_line' id='line_1_89' title="bbox 404 5370 2061 5447; baseline -0.004 -12"><span class='ocrx_word' id='word_1_613' title='bbox 404 5384 458 5434; x_wconf 89' lang='lat' dir='ltr'>et</span> <span class='ocrx_word' id='word_1_614' title='bbox 489 5379 822 5443; x_wconf 88' lang='lat' dir='ltr'>avaritiam,</span> <span class='ocrx_word' id='word_1_615' title='bbox 838 5391 975 5447; x_wconf 86' lang='lat' dir='ltr'>quae</span> <span class='ocrx_word' id='word_1_616' title='bbox 997 5370 1557 5429; x_wconf 91' lang='lat' dir='ltr'>estsimulacrorum</span> <span class='ocrx_word' id='word_1_617' title='bbox 1571 5371 1825 5427; x_wconf 90' lang='lat' dir='ltr'>servitus</span> <span class='ocrx_word' id='word_1_618' title='bbox 1850 5373 2061 5444; x_wconf 82' lang='lat' dir='ltr'>(Cales.</span> 
     </span>
    </p>
   </div>
   <div class='ocr_carea' id='block_1_90' title="bbox 406 5457 2062 5535">
    <p class='ocr_par' dir='ltr' id='par_1_90' title="bbox 406 5457 2062 5535">
     <span class='ocr_line' id='line_1_90' title="bbox 406 5457 2062 5535; baseline -0.002 -15"><span class='ocrx_word' id='word_1_619' title='bbox 406 5470 526 5531; x_wconf 83' lang='grc' dir='ltr'><strong>ιιι).</strong></span> <span class='ocrx_word' id='word_1_620' title='bbox 566 5488 592 5513; x_wconf 86' lang='grc'>››</span> <span class='ocrx_word' id='word_1_621' title='bbox 626 5466 711 5519; x_wconf 79' lang='lat' dir='ltr'>Ad</span> <span class='ocrx_word' id='word_1_622' title='bbox 741 5466 1036 5535; x_wconf 84' lang='lat' dir='ltr'>quantam</span> <span class='ocrx_word' id='word_1_623' title='bbox 1056 5476 1198 5513; x_wconf 80' lang='lat' dir='ltr'>vero</span> <span class='ocrx_word' id='word_1_624' title='bbox 1220 5457 1496 5514; x_wconf 89' lang='lat' dir='ltr'>candoris</span> <span class='ocrx_word' id='word_1_625' title='bbox 1514 5460 1767 5529; x_wconf 88' lang='lat' dir='ltr'>gratiam</span> <span class='ocrx_word' id='word_1_626' title='bbox 1787 5461 1945 5518; x_wconf 89' lang='lat' dir='ltr'>hanc</span> <span class='ocrx_word' id='word_1_627' title='bbox 1967 5479 2062 5519; x_wconf 86' lang='lat' dir='ltr'>ve-</span> 
     </span>
    </p>
   </div>
   <div class='ocr_carea' id='block_1_91' title="bbox 402 5548 2056 5624">
    <p class='ocr_par' dir='ltr' id='par_1_91' title="bbox 402 5548 2056 5624">
     <span class='ocr_line' id='line_1_91' title="bbox 402 5548 2056 5624; baseline 0.002 -18"><span class='ocrx_word' id='word_1_628' title='bbox 402 5552 751 5622; x_wconf 89' lang='lat' dir='ltr'>litperduci,</span> <span class='ocrx_word' id='word_1_629' title='bbox 772 5550 920 5605; x_wconf 85' lang='lat' dir='ltr'>alias</span> <span class='ocrx_word' id='word_1_630' title='bbox 943 5548 1218 5614; x_wconf 87' lang='lat' dir='ltr'>ostendit,</span> <span class='ocrx_word' id='word_1_631' title='bbox 1239 5548 1443 5604; x_wconf 91' lang='lat' dir='ltr'>dicens</span> <span class='ocrx_word' id='word_1_632' title='bbox 1491 5568 1505 5606; x_wconf 91' lang='lat'>:</span> <span class='ocrx_word' id='word_1_633' title='bbox 1564 5552 1873 5610; x_wconf 77' lang='lat' dir='ltr'>«Obsecro</span> <span class='ocrx_word' id='word_1_634' title='bbox 1928 5570 2056 5624; x_wconf 91' lang='lat' dir='ltr'>vos,</span> 
     </span>
    </p>
   </div>
   <div class='ocr_carea' id='block_1_92' title="bbox 400 5636 2057 5709">
    <p class='ocr_par' dir='ltr' id='par_1_92' title="bbox 400 5636 2057 5709">
     <span class='ocr_line' id='line_1_92' title="bbox 400 5636 2057 5709; baseline 0.001 -15"><span class='ocrx_word' id='word_1_635' title='bbox 400 5639 633 5703; x_wconf 87' lang='lat' dir='ltr'>fratres,</span> <span class='ocrx_word' id='word_1_636' title='bbox 665 5653 773 5709; x_wconf 90' lang='lat' dir='ltr'>per</span> <span class='ocrx_word' id='word_1_637' title='bbox 803 5636 1267 5692; x_wconf 88' lang='lat' dir='ltr'>misericordiam</span> <span class='ocrx_word' id='word_1_638' title='bbox 1292 5638 1413 5708; x_wconf 91' lang='lat' dir='ltr'>Dei,</span> <span class='ocrx_word' id='word_1_639' title='bbox 1448 5644 1510 5695; x_wconf 89' lang='lat' dir='ltr'>ut</span> <span class='ocrx_word' id='word_1_640' title='bbox 1553 5642 1879 5697; x_wconf 65' lang='lat' dir='ltr'>exhibeatis</span> <span class='ocrx_word' id='word_1_641' title='bbox 1933 5660 2057 5698; x_wconf 92' lang='lat' dir='ltr'>cor-</span> 
     </span>
    </p>
   </div>
   <div class='ocr_carea' id='block_1_93' title="bbox 400 5725 2054 5805">
    <p class='ocr_par' dir='ltr' id='par_1_93' title="bbox 400 5725 2054 5805">
     <span class='ocr_line' id='line_1_93' title="bbox 400 5725 2054 5805; baseline 0.002 -22"><span class='ocrx_word' id='word_1_642' title='bbox 400 5743 553 5801; x_wconf 90' lang='lat' dir='ltr'>pora</span> <span class='ocrx_word' id='word_1_643' title='bbox 579 5730 796 5798; x_wconf 82' lang='lat' dir='ltr'>vestra,</span> <span class='ocrx_word' id='word_1_644' title='bbox 819 5725 1078 5784; x_wconf 78' lang='lat' dir='ltr'>hOsliam</span> <span class='ocrx_word' id='word_1_645' title='bbox 1109 5728 1427 5798; x_wconf 87' lang='lat' dir='ltr'>viventem,</span> <span class='ocrx_word' id='word_1_646' title='bbox 1456 5737 1749 5801; x_wconf 90' lang='lat' dir='ltr'>sanctam,</span> <span class='ocrx_word' id='word_1_647' title='bbox 1776 5732 1893 5787; x_wconf 88' lang='lat' dir='ltr'>Deo</span> <span class='ocrx_word' id='word_1_648' title='bbox 1924 5733 2054 5805; x_wconf 89' lang='lat' dir='ltr'>pla-</span> 
     </span>
    </p>
   </div>
   <div class='ocr_carea' id='block_1_94' title="bbox 2202 3162 3843 3237">
    <p class='ocr_par' dir='ltr' id='par_1_94' title="bbox 2202 3162 3843 3237">
     <span class='ocr_line' id='line_1_94' title="bbox 2202 3162 3843 3237; baseline -0.002 -17"><span class='ocrx_word' id='word_1_649' title='bbox 2202 3165 2384 3237; x_wconf 90' lang='lat' dir='ltr'>pheta</span> <span class='ocrx_word' id='word_1_650' title='bbox 2399 3164 2655 3221; x_wconf 89' lang='lat' dir='ltr'>breviter</span> <span class='ocrx_word' id='word_1_651' title='bbox 2670 3165 3101 3237; x_wconf 89' lang='lat' dir='ltr'>complectitur,</span> <span class='ocrx_word' id='word_1_652' title='bbox 3125 3165 3369 3221; x_wconf 90' lang='lat' dir='ltr'>dicens:</span> <span class='ocrx_word' id='word_1_653' title='bbox 3406 3187 3432 3213; x_wconf 85' lang='lat'><strong>«</strong></span> <span class='ocrx_word' id='word_1_654' title='bbox 3462 3166 3750 3222; x_wconf 88' lang='lat' dir='ltr'>Dominus</span> <span class='ocrx_word' id='word_1_655' title='bbox 3786 3162 3843 3218; x_wconf 89' lang='lat' dir='ltr'>il-</span> 
     </span>
    </p>
   </div>
   <div class='ocr_carea' id='block_1_95' title="bbox 2204 3250 3840 3325">
    <p class='ocr_par' dir='ltr' id='par_1_95' title="bbox 2204 3250 3840 3325">
     <span class='ocr_line' id='line_1_95' title="bbox 2204 3250 3840 3325; baseline -0.002 -17"><span class='ocrx_word' id='word_1_656' title='bbox 2204 3253 2515 3309; x_wconf 89' lang='lat' dir='ltr'>luminatio</span> <span class='ocrx_word' id='word_1_657' title='bbox 2528 3269 2665 3310; x_wconf 90' lang='lat' dir='ltr'>mea</span> <span class='ocrx_word' id='word_1_658' title='bbox 2676 3253 2908 3309; x_wconf 90' lang='lat' dir='ltr'>etsalus</span> <span class='ocrx_word' id='word_1_659' title='bbox 2922 3270 3058 3309; x_wconf 90' lang='lat' dir='ltr'>mea</span> <span class='ocrx_word' id='word_1_660' title='bbox 3070 3254 3488 3325; x_wconf 87' lang='lat' dir='ltr'>(Psal.xxv1).»</span> <span class='ocrx_word' id='word_1_661' title='bbox 3508 3250 3840 3311; x_wconf 89' lang='lat' dir='ltr'>llluminatio</span> 
     </span>
    </p>
   </div>
   <div class='ocr_carea' id='block_1_96' title="bbox 2201 3339 3841 3415">
    <p class='ocr_par' dir='ltr' id='par_1_96' title="bbox 2201 3339 3841 3415">
     <span class='ocr_line' id='line_1_96' title="bbox 2201 3339 3841 3415; baseline -0.001 -18"><span class='ocrx_word' id='word_1_662' title='bbox 2201 3340 2491 3410; x_wconf 88' lang='lat' dir='ltr'>videlicet,</span> <span class='ocrx_word' id='word_1_663' title='bbox 2536 3347 2600 3398; x_wconf 92' lang='lat' dir='ltr'>ut</span> <span class='ocrx_word' id='word_1_664' title='bbox 2642 3358 2779 3415; x_wconf 70' lang='lat' dir='ltr'>qua:</span> <span class='ocrx_word' id='word_1_665' title='bbox 2810 3358 2987 3413; x_wconf 88' lang='lat' dir='ltr'>agere</span> <span class='ocrx_word' id='word_1_666' title='bbox 3019 3342 3373 3413; x_wconf 88' lang='lat' dir='ltr'>debeamus,</span> <span class='ocrx_word' id='word_1_667' title='bbox 3405 3341 3626 3399; x_wconf 89' lang='lat' dir='ltr'>doceat</span> <span class='ocrx_word' id='word_1_668' title='bbox 3655 3361 3669 3411; x_wconf 89' lang='lat'><strong>;</strong></span> <span class='ocrx_word' id='word_1_669' title='bbox 3701 3339 3841 3397; x_wconf 86' lang='lat' dir='ltr'>salus</span> 
     </span>
    </p>
   </div>
   <div class='ocr_carea' id='block_1_97' title="bbox 2199 3431 3842 3504">
    <p class='ocr_par' dir='ltr' id='par_1_97' title="bbox 2199 3431 3842 3504">
     <span class='ocr_line' id='line_1_97' title="bbox 2199 3431 3842 3504; baseline -0.002 -17"><span class='ocrx_word' id='word_1_670' title='bbox 2199 3447 2363 3495; x_wconf 81' lang='lat' dir='ltr'>vero,</span> <span class='ocrx_word' id='word_1_671' title='bbox 2392 3437 2458 3488; x_wconf 90' lang='lat' dir='ltr'>ut</span> <span class='ocrx_word' id='word_1_672' title='bbox 2485 3432 2562 3488; x_wconf 90' lang='lat' dir='ltr'>ad</span> <span class='ocrx_word' id='word_1_673' title='bbox 2574 3432 2703 3488; x_wconf 71' lang='lat' dir='ltr'>haec</span> <span class='ocrx_word' id='word_1_674' title='bbox 2730 3448 2844 3488; x_wconf 92' lang='lat' dir='ltr'>nos</span> <span class='ocrx_word' id='word_1_675' title='bbox 2873 3431 3225 3504; x_wconf 85' lang='lat' dir='ltr'>peragenda</span> <span class='ocrx_word' id='word_1_676' title='bbox 3251 3431 3591 3490; x_wconf 89' lang='lat' dir='ltr'>conﬁrmet.</span> <span class='ocrx_word' id='word_1_677' title='bbox 3623 3434 3842 3502; x_wconf 85' lang='lat' dir='ltr'>Tempe-</span> 
     </span>
    </p>
   </div>
   <div class='ocr_carea' id='block_1_98' title="bbox 2198 3515 3840 3589">
    <p class='ocr_par' dir='ltr' id='par_1_98' title="bbox 2198 3515 3840 3589">
     <span class='ocr_line' id='line_1_98' title="bbox 2198 3515 3840 3589; baseline -0.003 -18"><span class='ocrx_word' id='word_1_678' title='bbox 2198 3516 2395 3572; x_wconf 88' lang='lat' dir='ltr'>rantia</span> <span class='ocrx_word' id='word_1_679' title='bbox 2447 3522 2535 3572; x_wconf 92' lang='lat' dir='ltr'>est</span> <span class='ocrx_word' id='word_1_680' title='bbox 2582 3533 2707 3589; x_wconf 84' lang='lat' dir='ltr'>qua</span> <span class='ocrx_word' id='word_1_681' title='bbox 2763 3516 3187 3582; x_wconf 88' lang='lat' dir='ltr'>discernimus,</span> <span class='ocrx_word' id='word_1_682' title='bbox 3239 3532 3314 3572; x_wconf 89' lang='lat' dir='ltr'>ne</span> <span class='ocrx_word' id='word_1_683' title='bbox 3361 3515 3502 3589; x_wconf 91' lang='lat' dir='ltr'>plus</span> <span class='ocrx_word' id='word_1_684' title='bbox 3533 3521 3640 3574; x_wconf 91' lang='lat' dir='ltr'>aut</span> <span class='ocrx_word' id='word_1_685' title='bbox 3661 3515 3840 3572; x_wconf 90' lang='lat' dir='ltr'>minus</span> 
     </span>
    </p>
   </div>
   <div class='ocr_carea' id='block_1_99' title="bbox 2193 3599 3838 3674">
    <p class='ocr_par' dir='ltr' id='par_1_99' title="bbox 2193 3599 3838 3674">
     <span class='ocr_line' id='line_1_99' title="bbox 2193 3599 3838 3674; baseline -0.002 -18"><span class='ocrx_word' id='word_1_686' title='bbox 2193 3600 2379 3672; x_wconf 92' lang='lat' dir='ltr'>justo,</span> <span class='ocrx_word' id='word_1_687' title='bbox 2411 3600 2741 3673; x_wconf 80' lang='lat' dir='ltr'>prudentiae</span> <span class='ocrx_word' id='word_1_688' title='bbox 2791 3601 2913 3656; x_wconf 90' lang='lat' dir='ltr'>sive</span> <span class='ocrx_word' id='word_1_689' title='bbox 2946 3600 3278 3657; x_wconf 90' lang='lat' dir='ltr'>fortitudini</span> <span class='ocrx_word' id='word_1_690' title='bbox 3306 3616 3565 3674; x_wconf 90' lang='lat' dir='ltr'>operam</span> <span class='ocrx_word' id='word_1_691' title='bbox 3596 3601 3739 3657; x_wconf 83' lang='lat' dir='ltr'>dare</span> <span class='ocrx_word' id='word_1_692' title='bbox 3764 3599 3838 3653; x_wconf 54' lang='lat' dir='ltr'>in.</span> 
     </span>
    </p>
   </div>
   <div class='ocr_carea' id='block_1_100' title="bbox 2196 3688 3841 3762">
    <p class='ocr_par' dir='ltr' id='par_1_100' title="bbox 2196 3688 3841 3762">
     <span class='ocr_line' id='line_1_100' title="bbox 2196 3688 3841 3762; baseline -0.001 -18"><span class='ocrx_word' id='word_1_693' title='bbox 2196 3689 2513 3745; x_wconf 90' lang='lat' dir='ltr'>veniamur</span> <span class='ocrx_word' id='word_1_694' title='bbox 2545 3707 2559 3757; x_wconf 90' lang='lat'><strong>;</strong></span> <span class='ocrx_word' id='word_1_695' title='bbox 2601 3695 2655 3745; x_wconf 90' lang='lat' dir='ltr'>et</span> <span class='ocrx_word' id='word_1_696' title='bbox 2698 3690 2843 3762; x_wconf 92' lang='lat' dir='ltr'>quia</span> <span class='ocrx_word' id='word_1_697' title='bbox 2869 3689 3144 3762; x_wconf 90' lang='lat' dir='ltr'>quisquis</span> <span class='ocrx_word' id='word_1_698' title='bbox 3176 3689 3501 3762; x_wconf 86' lang='lat' dir='ltr'>prudentia</span> <span class='ocrx_word' id='word_1_699' title='bbox 3526 3689 3608 3747; x_wconf 88' lang='lat' dir='ltr'>ad</span> <span class='ocrx_word' id='word_1_700' title='bbox 3636 3688 3841 3746; x_wconf 86' lang='lat' dir='ltr'>fortitu-</span> 
     </span>
    </p>
   </div>
   <div class='ocr_carea' id='block_1_101' title="bbox 2196 3777 3837 3851">
    <p class='ocr_par' dir='ltr' id='par_1_101' title="bbox 2196 3777 3837 3851">
     <span class='ocr_line' id='line_1_101' title="bbox 2196 3777 3837 3851; baseline -0.002 -19"><span class='ocrx_word' id='word_1_701' title='bbox 2196 3777 2335 3834; x_wconf 88' lang='lat' dir='ltr'>dine</span> <span class='ocrx_word' id='word_1_702' title='bbox 2365 3782 2768 3851; x_wconf 87' lang='lat' dir='ltr'>temperanter</span> <span class='ocrx_word' id='word_1_703' title='bbox 2811 3778 3015 3843; x_wconf 90' lang='lat' dir='ltr'>utitur,</span> <span class='ocrx_word' id='word_1_704' title='bbox 3041 3779 3276 3851; x_wconf 89' lang='lat' dir='ltr'>absque</span> <span class='ocrx_word' id='word_1_705' title='bbox 3302 3778 3425 3834; x_wconf 91' lang='lat' dir='ltr'>ulla</span> <span class='ocrx_word' id='word_1_706' title='bbox 3451 3778 3837 3836; x_wconf 87' lang='lat' dir='ltr'>contractione</span> 
     </span>
    </p>
   </div>
   <div class='ocr_carea' id='block_1_102' title="bbox 2188 3866 3837 3942">
    <p class='ocr_par' dir='ltr' id='par_1_102' title="bbox 2188 3866 3837 3942">
     <span class='ocr_line' id='line_1_102' title="bbox 2188 3866 3837 3942; baseline -0.001 -19"><span class='ocrx_word' id='word_1_707' title='bbox 2188 3867 2390 3938; x_wconf 88' lang='lat' dir='ltr'>justus</span> <span class='ocrx_word' id='word_1_708' title='bbox 2417 3885 2544 3923; x_wconf 90' lang='lat' dir='ltr'>esse</span> <span class='ocrx_word' id='word_1_709' title='bbox 2574 3867 3155 3941; x_wconf 86' lang='lat' dir='ltr'>probabitur.Virtus</span> <span class='ocrx_word' id='word_1_710' title='bbox 3181 3874 3397 3941; x_wconf 89' lang='lat' dir='ltr'>quarta</span> <span class='ocrx_word' id='word_1_711' title='bbox 3425 3874 3570 3941; x_wconf 89' lang='lat' dir='ltr'>post</span> <span class='ocrx_word' id='word_1_712' title='bbox 3598 3866 3837 3942; x_wconf 87' lang='lat' dir='ltr'>pruden-</span> 
     </span>
    </p>
   </div>
   <div class='ocr_carea' id='block_1_103' title="bbox 2194 3954 3837 4032">
    <p class='ocr_par' dir='ltr' id='par_1_103' title="bbox 2194 3954 3837 4032">
     <span class='ocr_line' id='line_1_103' title="bbox 2194 3954 3837 4032; baseline -0.001 -19"><span class='ocrx_word' id='word_1_713' title='bbox 2194 3957 2362 4027; x_wconf 89' lang='lat' dir='ltr'>tiam,</span> <span class='ocrx_word' id='word_1_714' title='bbox 2379 3958 2811 4028; x_wconf 88' lang='lat' dir='ltr'>fortitudinem,</span> <span class='ocrx_word' id='word_1_715' title='bbox 2826 3964 2882 4013; x_wconf 92' lang='lat' dir='ltr'>et</span> <span class='ocrx_word' id='word_1_716' title='bbox 2898 3959 3378 4032; x_wconf 86' lang='lat' dir='ltr'>temperantiam,</span> <span class='ocrx_word' id='word_1_717' title='bbox 3404 3959 3645 4030; x_wconf 88' lang='lat' dir='ltr'>justitia</span> <span class='ocrx_word' id='word_1_718' title='bbox 3666 3954 3837 4031; x_wconf 86' lang='lat' dir='ltr'>sequi-</span> 
     </span>
    </p>
   </div>
   <div class='ocr_carea' id='block_1_104' title="bbox 2195 4047 3836 4120">
    <p class='ocr_par' dir='ltr' id='par_1_104' title="bbox 2195 4047 3836 4120">
     <span class='ocr_line' id='line_1_104' title="bbox 2195 4047 3836 4120; baseline -0.002 -16"><span class='ocrx_word' id='word_1_719' title='bbox 2195 4049 2441 4104; x_wconf 90' lang='lat' dir='ltr'>tur.Duo</span> <span class='ocrx_word' id='word_1_720' title='bbox 2471 4048 2625 4104; x_wconf 88' lang='lat' dir='ltr'>ostia</span> <span class='ocrx_word' id='word_1_721' title='bbox 2649 4064 2787 4120; x_wconf 62' lang='lat' dir='ltr'>quae</span> <span class='ocrx_word' id='word_1_722' title='bbox 2804 4047 2866 4103; x_wconf 89' lang='lat' dir='ltr'>in</span> <span class='ocrx_word' id='word_1_723' title='bbox 2885 4048 3000 4104; x_wconf 90' lang='lat' dir='ltr'>hoc</span> <span class='ocrx_word' id='word_1_724' title='bbox 3020 4048 3299 4118; x_wconf 72' lang='lat' dir='ltr'>ingressu</span> <span class='ocrx_word' id='word_1_725' title='bbox 3318 4047 3480 4105; x_wconf 90' lang='lat' dir='ltr'>facta</span> <span class='ocrx_word' id='word_1_726' title='bbox 3513 4047 3836 4116; x_wconf 86' lang='lat' dir='ltr'>sunt,dilec-</span> 
     </span>
    </p>
   </div>
   <div class='ocr_carea' id='block_1_105' title="bbox 2196 4136 3837 4210">
    <p class='ocr_par' dir='ltr' id='par_1_105' title="bbox 2196 4136 3837 4210">
     <span class='ocr_line' id='line_1_105' title="bbox 2196 4136 3837 4210; baseline -0.002 -17"><span class='ocrx_word' id='word_1_727' title='bbox 2196 4138 2272 4194; x_wconf 91' lang='lat' dir='ltr'>tio</span> <span class='ocrx_word' id='word_1_728' title='bbox 2290 4142 2378 4194; x_wconf 88' lang='lat' dir='ltr'>est</span> <span class='ocrx_word' id='word_1_729' title='bbox 2393 4137 2493 4193; x_wconf 92' lang='lat' dir='ltr'>Dei</span> <span class='ocrx_word' id='word_1_730' title='bbox 2515 4142 2572 4194; x_wconf 90' lang='lat' dir='ltr'>et</span> <span class='ocrx_word' id='word_1_731' title='bbox 2588 4136 3016 4210; x_wconf 74' lang='lat' dir='ltr'>proximi.Quae</span> <span class='ocrx_word' id='word_1_732' title='bbox 3033 4138 3187 4194; x_wconf 90' lang='lat' dir='ltr'>bene</span> <span class='ocrx_word' id='word_1_733' title='bbox 3206 4138 3564 4195; x_wconf 87' lang='lat' dir='ltr'>altrinsecus</span> <span class='ocrx_word' id='word_1_734' title='bbox 3584 4138 3740 4195; x_wconf 88' lang='lat' dir='ltr'>facta</span> <span class='ocrx_word' id='word_1_735' title='bbox 3757 4151 3837 4191; x_wconf 90' lang='lat' dir='ltr'>es-</span> 
     </span>
    </p>
   </div>
   <div class='ocr_carea' id='block_1_106' title="bbox 2192 4221 3837 4295">
    <p class='ocr_par' dir='ltr' id='par_1_106' title="bbox 2192 4221 3837 4295">
     <span class='ocr_line' id='line_1_106' title="bbox 2192 4221 3837 4295; baseline -0.002 -17"><span class='ocrx_word' id='word_1_736' title='bbox 2192 4239 2254 4278; x_wconf 90' lang='lat' dir='ltr'>se</span> <span class='ocrx_word' id='word_1_737' title='bbox 2284 4222 2671 4294; x_wconf 90' lang='lat' dir='ltr'>dicitur,quia</span> <span class='ocrx_word' id='word_1_738' title='bbox 2699 4222 2779 4278; x_wconf 90' lang='lat' dir='ltr'>ad</span> <span class='ocrx_word' id='word_1_739' title='bbox 2799 4221 3058 4278; x_wconf 92' lang='lat' dir='ltr'>invicem</span> <span class='ocrx_word' id='word_1_740' title='bbox 3082 4223 3430 4295; x_wconf 89' lang='lat' dir='ltr'>respiciunt,</span> <span class='ocrx_word' id='word_1_741' title='bbox 3459 4223 3620 4279; x_wconf 88' lang='lat' dir='ltr'>adeo</span> <span class='ocrx_word' id='word_1_742' title='bbox 3648 4226 3712 4279; x_wconf 87' lang='lat' dir='ltr'>ut</span> <span class='ocrx_word' id='word_1_743' title='bbox 3730 4233 3837 4276; x_wconf 89' lang='lat' dir='ltr'>una</span> 
     </span>
    </p>
   </div>
   <div class='ocr_carea' id='block_1_107' title="bbox 2192 4309 3835 4383">
    <p class='ocr_par' dir='ltr' id='par_1_107' title="bbox 2192 4309 3835 4383">
     <span class='ocr_line' id='line_1_107' title="bbox 2192 4309 3835 4383; baseline -0.002 -17"><span class='ocrx_word' id='word_1_744' title='bbox 2192 4310 2318 4366; x_wconf 88' lang='lat' dir='ltr'>sine</span> <span class='ocrx_word' id='word_1_745' title='bbox 2349 4310 2534 4367; x_wconf 87' lang='lat' dir='ltr'>altera</span> <span class='ocrx_word' id='word_1_746' title='bbox 2554 4325 2945 4383; x_wconf 88' lang='lat' dir='ltr'>nequaquam</span> <span class='ocrx_word' id='word_1_747' title='bbox 2965 4312 3156 4383; x_wconf 89' lang='lat' dir='ltr'>possit</span> <span class='ocrx_word' id='word_1_748' title='bbox 3183 4310 3413 4368; x_wconf 84' lang='lat' dir='ltr'>haberi.</span> <span class='ocrx_word' id='word_1_749' title='bbox 3433 4311 3681 4369; x_wconf 82' lang='lat' dir='ltr'>«Omnis</span> <span class='ocrx_word' id='word_1_750' title='bbox 3690 4309 3835 4367; x_wconf 87' lang='lat' dir='ltr'>enim</span> 
     </span>
    </p>
   </div>
   <div class='ocr_carea' id='block_1_108' title="bbox 2189 4399 3832 4472">
    <p class='ocr_par' dir='ltr' id='par_1_108' title="bbox 2189 4399 3832 4472">
     <span class='ocr_line' id='line_1_108' title="bbox 2189 4399 3832 4472; baseline -0.003 -17"><span class='ocrx_word' id='word_1_751' title='bbox 2189 4400 2295 4472; x_wconf 89' lang='lat' dir='ltr'>qui</span> <span class='ocrx_word' id='word_1_752' title='bbox 2320 4399 2507 4455; x_wconf 91' lang='lat' dir='ltr'>credit</span> <span class='ocrx_word' id='word_1_753' title='bbox 2532 4400 2824 4471; x_wconf 88' lang='lat' dir='ltr'>quoniam</span> <span class='ocrx_word' id='word_1_754' title='bbox 2836 4400 2867 4452; x_wconf 90' lang='lat' dir='ltr'>J</span> <span class='ocrx_word' id='word_1_755' title='bbox 2871 4415 3009 4456; x_wconf 87' lang='lat' dir='ltr'>esus</span> <span class='ocrx_word' id='word_1_756' title='bbox 3026 4405 3113 4455; x_wconf 93' lang='lat' dir='ltr'>est</span> <span class='ocrx_word' id='word_1_757' title='bbox 3138 4400 3506 4466; x_wconf 90' lang='lat' dir='ltr'>Christus,ex</span> <span class='ocrx_word' id='word_1_758' title='bbox 3522 4402 3647 4457; x_wconf 93' lang='lat' dir='ltr'>Deo</span> <span class='ocrx_word' id='word_1_759' title='bbox 3670 4402 3832 4457; x_wconf 86' lang='lat' dir='ltr'>natus</span> 
     </span>
    </p>
   </div>
   <div class='ocr_carea' id='block_1_109' title="bbox 2187 4487 3832 4562">
    <p class='ocr_par' dir='ltr' id='par_1_109' title="bbox 2187 4487 3832 4562">
     <span class='ocr_line' id='line_1_109' title="bbox 2187 4487 3832 4562; baseline -0.002 -19"><span class='ocrx_word' id='word_1_760' title='bbox 2187 4490 2368 4544; x_wconf 89' lang='lat' dir='ltr'>est.Et</span> <span class='ocrx_word' id='word_1_761' title='bbox 2395 4489 2594 4545; x_wconf 90' lang='lat' dir='ltr'>omnis</span> <span class='ocrx_word' id='word_1_762' title='bbox 2616 4488 2721 4561; x_wconf 88' lang='lat' dir='ltr'>qui</span> <span class='ocrx_word' id='word_1_763' title='bbox 2751 4487 2941 4558; x_wconf 86' lang='lat' dir='ltr'>diligit</span> <span class='ocrx_word' id='word_1_764' title='bbox 2967 4503 3107 4544; x_wconf 91' lang='lat' dir='ltr'>eum</span> <span class='ocrx_word' id='word_1_765' title='bbox 3136 4490 3242 4562; x_wconf 91' lang='lat' dir='ltr'>qui</span> <span class='ocrx_word' id='word_1_766' title='bbox 3266 4489 3691 4561; x_wconf 90' lang='lat' dir='ltr'>genuit,diligit</span> <span class='ocrx_word' id='word_1_767' title='bbox 3709 4500 3832 4543; x_wconf 89' lang='lat' dir='ltr'>eum</span> 
     </span>
    </p>
   </div>
   <div class='ocr_carea' id='block_1_110' title="bbox 2185 4576 3831 4649">
    <p class='ocr_par' dir='ltr' id='par_1_110' title="bbox 2185 4576 3831 4649">
     <span class='ocr_line' id='line_1_110' title="bbox 2185 4576 3831 4649; baseline -0.001 -17"><span class='ocrx_word' id='word_1_768' title='bbox 2185 4576 2292 4649; x_wconf 90' lang='lat' dir='ltr'>qui</span> <span class='ocrx_word' id='word_1_769' title='bbox 2319 4581 2498 4633; x_wconf 89' lang='lat' dir='ltr'>natus</span> <span class='ocrx_word' id='word_1_770' title='bbox 2527 4582 2616 4633; x_wconf 91' lang='lat' dir='ltr'>est</span> <span class='ocrx_word' id='word_1_771' title='bbox 2639 4593 2711 4633; x_wconf 89' lang='lat' dir='ltr'>ex</span> <span class='ocrx_word' id='word_1_772' title='bbox 2742 4593 2813 4633; x_wconf 94' lang='lat' dir='ltr'>eo</span> <span class='ocrx_word' id='word_1_773' title='bbox 2844 4578 2905 4648; x_wconf 93' lang='grc' dir='ltr'>(Ι</span> <span class='ocrx_word' id='word_1_774' title='bbox 2922 4579 3104 4635; x_wconf 84' lang='lat' dir='ltr'>Joan.</span> <span class='ocrx_word' id='word_1_775' title='bbox 3136 4579 3214 4649; x_wconf 93' lang='lat' dir='ltr'>v).</span> <span class='ocrx_word' id='word_1_776' title='bbox 3246 4596 3277 4631; x_wconf 82' lang='grc'>›</span> <span class='ocrx_word' id='word_1_777' title='bbox 3335 4581 3403 4635; x_wconf 89' lang='lat' dir='ltr'>Et</span> <span class='ocrx_word' id='word_1_778' title='bbox 3451 4578 3606 4635; x_wconf 88' lang='lat' dir='ltr'>sicut</span> <span class='ocrx_word' id='word_1_779' title='bbox 3633 4578 3831 4634; x_wconf 88' lang='lat' dir='ltr'>iterum</span> 
     </span>
    </p>
   </div>
   <div class='ocr_carea' id='block_1_111' title="bbox 2185 4663 3831 4741">
    <p class='ocr_par' dir='ltr' id='par_1_111' title="bbox 2185 4663 3831 4741">
     <span class='ocr_line' id='line_1_111' title="bbox 2185 4663 3831 4741; baseline -0.002 -21"><span class='ocrx_word' id='word_1_780' title='bbox 2185 4664 2401 4721; x_wconf 89' lang='lat' dir='ltr'>dicitur</span> <span class='ocrx_word' id='word_1_781' title='bbox 2431 4683 2444 4722; x_wconf 88' lang='lat'>:</span> <span class='ocrx_word' id='word_1_782' title='bbox 2482 4688 2511 4718; x_wconf 65' lang='grc' dir='ltr'><em>ς</em></span> <span class='ocrx_word' id='word_1_783' title='bbox 2541 4666 2653 4731; x_wconf 90' lang='lat' dir='ltr'>Qui</span> <span class='ocrx_word' id='word_1_784' title='bbox 2682 4681 2806 4721; x_wconf 92' lang='lat' dir='ltr'>non</span> <span class='ocrx_word' id='word_1_785' title='bbox 2845 4665 3035 4736; x_wconf 89' lang='lat' dir='ltr'>diligit</span> <span class='ocrx_word' id='word_1_786' title='bbox 3062 4666 3305 4722; x_wconf 86' lang='lat' dir='ltr'>fratrem</span> <span class='ocrx_word' id='word_1_787' title='bbox 3333 4682 3515 4723; x_wconf 92' lang='lat' dir='ltr'>suum</span> <span class='ocrx_word' id='word_1_788' title='bbox 3545 4682 3729 4741; x_wconf 87' lang='lat' dir='ltr'>quem</span> <span class='ocrx_word' id='word_1_789' title='bbox 3754 4663 3831 4720; x_wconf 89' lang='lat' dir='ltr'>vi-</span> 
     </span>
    </p>
   </div>
   <div class='ocr_carea' id='block_1_112' title="bbox 2183 4752 3829 4829">
    <p class='ocr_par' dir='ltr' id='par_1_112' title="bbox 2183 4752 3829 4829">
     <span class='ocr_line' id='line_1_112' title="bbox 2183 4752 3829 4829; baseline 0 -20"><span class='ocrx_word' id='word_1_790' title='bbox 2183 4752 2302 4822; x_wconf 88' lang='lat' dir='ltr'>det,</span> <span class='ocrx_word' id='word_1_791' title='bbox 2330 4755 2518 4812; x_wconf 91' lang='lat' dir='ltr'>Deum</span> <span class='ocrx_word' id='word_1_792' title='bbox 2547 4770 2732 4828; x_wconf 90' lang='lat' dir='ltr'>quem</span> <span class='ocrx_word' id='word_1_793' title='bbox 2780 4770 2903 4812; x_wconf 91' lang='lat' dir='ltr'>non</span> <span class='ocrx_word' id='word_1_794' title='bbox 2932 4754 3093 4811; x_wconf 90' lang='lat' dir='ltr'>videt</span> <span class='ocrx_word' id='word_1_795' title='bbox 3138 4754 3452 4829; x_wconf 90' lang='lat' dir='ltr'>quomodo</span> <span class='ocrx_word' id='word_1_796' title='bbox 3479 4760 3681 4829; x_wconf 87' lang='lat' dir='ltr'>potest</span> <span class='ocrx_word' id='word_1_797' title='bbox 3709 4752 3829 4810; x_wconf 87' lang='lat' dir='ltr'>dili-</span> 
     </span>
    </p>
   </div>
   <div class='ocr_carea' id='block_1_113' title="bbox 2182 4842 3830 4913">
    <p class='ocr_par' dir='ltr' id='par_1_113' title="bbox 2182 4842 3830 4913">
     <span class='ocr_line' id='line_1_113' title="bbox 2182 4842 3830 4913; baseline -0.002 -15"><span class='ocrx_word' id='word_1_798' title='bbox 2182 4858 2321 4913; x_wconf 89' lang='lat' dir='ltr'>gere</span> <span class='ocrx_word' id='word_1_799' title='bbox 2358 4844 2387 4901; x_wconf 77' lang='lat' dir='ltr'>‘I</span> <span class='ocrx_word' id='word_1_800' title='bbox 2416 4845 2476 4912; x_wconf 91' lang='grc' dir='ltr'>(Ι</span> <span class='ocrx_word' id='word_1_801' title='bbox 2496 4846 2675 4901; x_wconf 86' lang='lat' dir='ltr'>Joan.</span> <span class='ocrx_word' id='word_1_802' title='bbox 2711 4848 2816 4913; x_wconf 83' lang='lat' dir='ltr'>Iv.)</span> <span class='ocrx_word' id='word_1_803' title='bbox 2849 4867 2877 4894; x_wconf 88' lang='grc'><strong>››</strong></span> <span class='ocrx_word' id='word_1_804' title='bbox 2915 4842 3084 4900; x_wconf 93' lang='lat' dir='ltr'>Unde</span> <span class='ocrx_word' id='word_1_805' title='bbox 3132 4849 3289 4901; x_wconf 90' lang='lat' dir='ltr'>recte</span> <span class='ocrx_word' id='word_1_806' title='bbox 3329 4843 3554 4901; x_wconf 89' lang='lat' dir='ltr'>ostium</span> <span class='ocrx_word' id='word_1_807' title='bbox 3586 4842 3830 4901; x_wconf 86' lang='lat' dir='ltr'>exterius</span> 
     </span>
    </p>
   </div>
   <div class='ocr_carea' id='block_1_114' title="bbox 2180 4929 3830 5004">
    <p class='ocr_par' dir='ltr' id='par_1_114' title="bbox 2180 4929 3830 5004">
     <span class='ocr_line' id='line_1_114' title="bbox 2180 4929 3830 5004; baseline -0.002 -17"><span class='ocrx_word' id='word_1_808' title='bbox 2180 4931 2416 4989; x_wconf 88' lang='lat' dir='ltr'>dilectio</span> <span class='ocrx_word' id='word_1_809' title='bbox 2446 4932 2732 5004; x_wconf 89' lang='lat' dir='ltr'>fraterna,</span> <span class='ocrx_word' id='word_1_810' title='bbox 2787 4933 3034 4989; x_wconf 89' lang='lat' dir='ltr'>interius</span> <span class='ocrx_word' id='word_1_811' title='bbox 3061 4938 3149 4989; x_wconf 89' lang='lat' dir='ltr'>est</span> <span class='ocrx_word' id='word_1_812' title='bbox 3185 4932 3420 4990; x_wconf 89' lang='lat' dir='ltr'>dilectio</span> <span class='ocrx_word' id='word_1_813' title='bbox 3450 4929 3830 5003; x_wconf 86' lang='lat' dir='ltr'>intelligenda</span> 
     </span>
    </p>
   </div>
   <div class='ocr_carea' id='block_1_115' title="bbox 2178 5019 3827 5095">
    <p class='ocr_par' dir='ltr' id='par_1_115' title="bbox 2178 5019 3827 5095">
     <span class='ocr_line' id='line_1_115' title="bbox 2178 5019 3827 5095; baseline -0.002 -19"><span class='ocrx_word' id='word_1_814' title='bbox 2178 5019 2401 5090; x_wconf 90' lang='lat' dir='ltr'>divina,</span> <span class='ocrx_word' id='word_1_815' title='bbox 2444 5021 2589 5095; x_wconf 90' lang='lat' dir='ltr'>quia</span> <span class='ocrx_word' id='word_1_816' title='bbox 2632 5022 2734 5078; x_wconf 92' lang='lat' dir='ltr'>illa</span> <span class='ocrx_word' id='word_1_817' title='bbox 2789 5023 2950 5094; x_wconf 91' lang='lat' dir='ltr'>prior</span> <span class='ocrx_word' id='word_1_818' title='bbox 3007 5028 3297 5094; x_wconf 82' lang='lat' dir='ltr'>tempore,</span> <span class='ocrx_word' id='word_1_819' title='bbox 3347 5022 3477 5078; x_wconf 69' lang='lat' dir='ltr'>haec</span> <span class='ocrx_word' id='word_1_820' title='bbox 3532 5021 3827 5078; x_wconf 84' lang='lat' dir='ltr'>divinitate</span> 
     </span>
    </p>
   </div>
   <div class='ocr_carea' id='block_1_116' title="bbox 2178 5110 3825 5186">
    <p class='ocr_par' dir='ltr' id='par_1_116' title="bbox 2178 5110 3825 5186">
     <span class='ocr_line' id='line_1_116' title="bbox 2178 5110 3825 5186; baseline 0 -20"><span class='ocrx_word' id='word_1_821' title='bbox 2178 5110 2510 5167; x_wconf 90' lang='lat' dir='ltr'>sublimior.</span> <span class='ocrx_word' id='word_1_822' title='bbox 2565 5114 2631 5167; x_wconf 87' lang='lat' dir='ltr'>Et</span> <span class='ocrx_word' id='word_1_823' title='bbox 2661 5126 2768 5184; x_wconf 89' lang='lat' dir='ltr'>per</span> <span class='ocrx_word' id='word_1_824' title='bbox 2795 5111 2960 5168; x_wconf 90' lang='lat' dir='ltr'>illam</span> <span class='ocrx_word' id='word_1_825' title='bbox 2989 5110 3068 5169; x_wconf 93' lang='lat' dir='ltr'>ad</span> <span class='ocrx_word' id='word_1_826' title='bbox 3098 5112 3255 5168; x_wconf 87' lang='lat' dir='ltr'>hanc</span> <span class='ocrx_word' id='word_1_827' title='bbox 3286 5112 3563 5183; x_wconf 81' lang='lat' dir='ltr'>intratur,</span> <span class='ocrx_word' id='word_1_828' title='bbox 3609 5111 3752 5186; x_wconf 90' lang='lat' dir='ltr'>quia</span> <span class='ocrx_word' id='word_1_829' title='bbox 3772 5110 3825 5165; x_wconf 91' lang='lat' dir='ltr'>in</span> 
     </span>
    </p>
   </div>
   <div class='ocr_carea' id='block_1_117' title="bbox 2174 5200 3827 5274">
    <p class='ocr_par' dir='ltr' id='par_1_117' title="bbox 2174 5200 3827 5274">
     <span class='ocr_line' id='line_1_117' title="bbox 2174 5200 3827 5274; baseline -0.001 -18"><span class='ocrx_word' id='word_1_830' title='bbox 2174 5214 2381 5256; x_wconf 90' lang='lat' dir='ltr'>amore</span> <span class='ocrx_word' id='word_1_831' title='bbox 2417 5200 2678 5272; x_wconf 88' lang='lat' dir='ltr'>proximi</span> <span class='ocrx_word' id='word_1_832' title='bbox 2724 5201 2962 5273; x_wconf 88' lang='lat' dir='ltr'>dicitur,</span> <span class='ocrx_word' id='word_1_833' title='bbox 3020 5201 3277 5274; x_wconf 89' lang='lat' dir='ltr'>qualiter</span> <span class='ocrx_word' id='word_1_834' title='bbox 3327 5202 3519 5259; x_wconf 90' lang='lat' dir='ltr'>amari</span> <span class='ocrx_word' id='word_1_835' title='bbox 3556 5201 3827 5261; x_wconf 86' lang='lat' dir='ltr'>Conditor</span> 
     </span>
    </p>
   </div>
   <div class='ocr_carea' id='block_1_118' title="bbox 2173 5287 3822 5363">
    <p class='ocr_par' dir='ltr' id='par_1_118' title="bbox 2173 5287 3822 5363">
     <span class='ocr_line' id='line_1_118' title="bbox 2173 5287 3822 5363; baseline 0.001 -19"><span class='ocrx_word' id='word_1_836' title='bbox 2173 5287 2414 5345; x_wconf 86' lang='lat' dir='ltr'>debeat.</span> <span class='ocrx_word' id='word_1_837' title='bbox 2449 5290 2792 5347; x_wconf 87' lang='lat' dir='ltr'>Notandum</span> <span class='ocrx_word' id='word_1_838' title='bbox 2818 5306 2963 5347; x_wconf 89' lang='lat' dir='ltr'>sane</span> <span class='ocrx_word' id='word_1_839' title='bbox 2994 5290 3161 5363; x_wconf 88' lang='lat' dir='ltr'>quod</span> <span class='ocrx_word' id='word_1_840' title='bbox 3179 5291 3243 5347; x_wconf 89' lang='lat' dir='ltr'>in</span> <span class='ocrx_word' id='word_1_841' title='bbox 3271 5290 3555 5363; x_wconf 90' lang='lat' dir='ltr'>ingressu</span> <span class='ocrx_word' id='word_1_842' title='bbox 3584 5287 3822 5358; x_wconf 88' lang='lat' dir='ltr'>oraculi,</span> 
     </span>
    </p>
   </div>
   <div class='ocr_carea' id='block_1_119' title="bbox 2171 5377 3824 5451">
    <p class='ocr_par' dir='ltr' id='par_1_119' title="bbox 2171 5377 3824 5451">
     <span class='ocr_line' id='line_1_119' title="bbox 2171 5377 3824 5451; baseline 0.001 -18"><span class='ocrx_word' id='word_1_843' title='bbox 2171 5377 2295 5434; x_wconf 93' lang='lat' dir='ltr'>duo</span> <span class='ocrx_word' id='word_1_844' title='bbox 2347 5377 2595 5451; x_wconf 91' lang='lat' dir='ltr'>quidem</span> <span class='ocrx_word' id='word_1_845' title='bbox 2642 5378 2823 5436; x_wconf 83' lang='lat' dir='ltr'>fuisse</span> <span class='ocrx_word' id='word_1_846' title='bbox 2862 5380 3016 5437; x_wconf 89' lang='lat' dir='ltr'>ostia</span> <span class='ocrx_word' id='word_1_847' title='bbox 3040 5380 3365 5451; x_wconf 89' lang='lat' dir='ltr'>dicuntur;</span> <span class='ocrx_word' id='word_1_848' title='bbox 3427 5379 3535 5438; x_wconf 89' lang='lat' dir='ltr'>sed</span> <span class='ocrx_word' id='word_1_849' title='bbox 3562 5381 3694 5438; x_wconf 82' lang='lat' dir='ltr'>haec</span> <span class='ocrx_word' id='word_1_850' title='bbox 3722 5379 3824 5437; x_wconf 89' lang='lat' dir='ltr'>du—</span> 
     </span>
    </p>
   </div>
   <div class='ocr_carea' id='block_1_120' title="bbox 2169 5465 3826 5542">
    <p class='ocr_par' dir='ltr' id='par_1_120' title="bbox 2169 5465 3826 5542">
     <span class='ocr_line' id='line_1_120' title="bbox 2169 5465 3826 5542; baseline -0.001 -21"><span class='ocrx_word' id='word_1_851' title='bbox 2169 5465 2350 5539; x_wconf 92' lang='lat' dir='ltr'>plicia</span> <span class='ocrx_word' id='word_1_852' title='bbox 2380 5466 2561 5523; x_wconf 89' lang='lat' dir='ltr'>fuisse</span> <span class='ocrx_word' id='word_1_853' title='bbox 2591 5484 2715 5524; x_wconf 91' lang='lat' dir='ltr'>non</span> <span class='ocrx_word' id='word_1_854' title='bbox 2754 5467 3055 5524; x_wconf 89' lang='lat' dir='ltr'>dicuntur.</span> <span class='ocrx_word' id='word_1_855' title='bbox 3117 5473 3180 5526; x_wconf 86' lang='lat' dir='ltr'>In</span> <span class='ocrx_word' id='word_1_856' title='bbox 3232 5468 3437 5542; x_wconf 90' lang='lat' dir='ltr'>templi</span> <span class='ocrx_word' id='word_1_857' title='bbox 3466 5486 3631 5539; x_wconf 90' lang='lat' dir='ltr'>vero,</span> <span class='ocrx_word' id='word_1_858' title='bbox 3664 5470 3724 5525; x_wconf 93' lang='lat' dir='ltr'>id</span> <span class='ocrx_word' id='word_1_859' title='bbox 3746 5470 3826 5523; x_wconf 90' lang='lat' dir='ltr'>est</span> 
     </span>
    </p>
   </div>
   <div class='ocr_carea' id='block_1_121' title="bbox 2169 5555 3822 5629">
    <p class='ocr_par' dir='ltr' id='par_1_121' title="bbox 2169 5555 3822 5629">
     <span class='ocr_line' id='line_1_121' title="bbox 2169 5555 3822 5629; baseline 0 -18"><span class='ocrx_word' id='word_1_860' title='bbox 2169 5555 2391 5612; x_wconf 92' lang='lat' dir='ltr'>domus</span> <span class='ocrx_word' id='word_1_861' title='bbox 2424 5556 2639 5629; x_wconf 91' lang='lat' dir='ltr'>prioris</span> <span class='ocrx_word' id='word_1_862' title='bbox 2667 5557 2932 5627; x_wconf 91' lang='lat' dir='ltr'>introitu,</span> <span class='ocrx_word' id='word_1_863' title='bbox 2961 5558 3044 5614; x_wconf 90' lang='lat' dir='ltr'>ita</span> <span class='ocrx_word' id='word_1_864' title='bbox 3081 5563 3253 5615; x_wconf 89' lang='lat' dir='ltr'>erant</span> <span class='ocrx_word' id='word_1_865' title='bbox 3272 5558 3396 5615; x_wconf 91' lang='lat' dir='ltr'>duo</span> <span class='ocrx_word' id='word_1_866' title='bbox 3421 5558 3599 5627; x_wconf 90' lang='lat' dir='ltr'>ostia,</span> <span class='ocrx_word' id='word_1_867' title='bbox 3631 5562 3695 5614; x_wconf 89' lang='lat' dir='ltr'>ut</span> <span class='ocrx_word' id='word_1_868' title='bbox 3724 5556 3822 5612; x_wconf 90' lang='lat' dir='ltr'>du-</span> 
     </span>
    </p>
   </div>
   <div class='ocr_carea' id='block_1_122' title="bbox 2168 5643 3820 5720">
    <p class='ocr_par' dir='ltr' id='par_1_122' title="bbox 2168 5643 3820 5720">
     <span class='ocr_line' id='line_1_122' title="bbox 2168 5643 3820 5720; baseline -0.001 -22"><span class='ocrx_word' id='word_1_869' title='bbox 2168 5644 2305 5716; x_wconf 86' lang='lat' dir='ltr'>plex</span> <span class='ocrx_word' id='word_1_870' title='bbox 2337 5649 2495 5699; x_wconf 88' lang='lat' dir='ltr'>esset</span> <span class='ocrx_word' id='word_1_871' title='bbox 2540 5653 2885 5718; x_wconf 89' lang='lat' dir='ltr'>utrumque.</span> <span class='ocrx_word' id='word_1_872' title='bbox 2941 5646 3091 5712; x_wconf 88' lang='lat' dir='ltr'>Quia</span> <span class='ocrx_word' id='word_1_873' title='bbox 3147 5647 3433 5703; x_wconf 82' lang='lat' dir='ltr'>nimirum</span> <span class='ocrx_word' id='word_1_874' title='bbox 3462 5647 3523 5702; x_wconf 91' lang='lat' dir='ltr'>in</span> <span class='ocrx_word' id='word_1_875' title='bbox 3552 5643 3820 5720; x_wconf 64' lang='lat' dir='ltr'>praesenti</span> 
     </span>
    </p>
   </div>
   <div class='ocr_carea' id='block_1_123' title="bbox 2171 5732 3819 5807">
    <p class='ocr_par' dir='ltr' id='par_1_123' title="bbox 2171 5732 3819 5807">
     <span class='ocr_line' id='line_1_123' title="bbox 2171 5732 3819 5807; baseline -0.001 -20"><span class='ocrx_word' id='word_1_876' title='bbox 2171 5732 2451 5797; x_wconf 85' lang='lat' dir='ltr'>Ecclesia,</span> <span class='ocrx_word' id='word_1_877' title='bbox 2470 5735 2645 5791; x_wconf 88' lang='lat' dir='ltr'>tatem</span> <span class='ocrx_word' id='word_1_878' title='bbox 2665 5751 2776 5791; x_wconf 91' lang='lat' dir='ltr'>nos</span> <span class='ocrx_word' id='word_1_879' title='bbox 2806 5736 3040 5807; x_wconf 89' lang='lat' dir='ltr'>ingredi</span> <span class='ocrx_word' id='word_1_880' title='bbox 3056 5751 3127 5793; x_wconf 88' lang='lat' dir='ltr'>ac</span> <span class='ocrx_word' id='word_1_881' title='bbox 3138 5736 3357 5793; x_wconf 90' lang='lat' dir='ltr'>ducere</span> <span class='ocrx_word' id='word_1_882' title='bbox 3378 5736 3564 5794; x_wconf 88' lang='lat' dir='ltr'>vitam</span> <span class='ocrx_word' id='word_1_883' title='bbox 3585 5748 3819 5794; x_wconf 87' lang='lat' dir='ltr'>necesse</span> 
     </span>
    </p>
   </div>
  </div>
