3940 6416
89 268 188 323 433

1067 269 1326 324 ENARR.
1368 270 1438 324 IN
1479 267 1724 326 LIBROS
1762 270 2025 329 REGUM.
2057 275 2226 331 -ΙΝ
2268 275 2399 331 LIB.
2444 275 2537 330 III.

3418 278 3531 331 434

93 393 198 454 est,
228 389 289 445 in
318 403 445 461 qua
470 387 851 446 dilectionem
895 389 997 446 Dei
1052 394 1109 447 et
1135 391 1396 464 proximi
1423 408 1533 466 per
1559 392 1748 449 ﬁdem
1787 398 1830 450 Α
1863 395 2224 465 offerendas,
2254 399 2339 455 ibi
2368 400 2578 455 decem
2607 398 2826 455 luteres
2858 398 2935 454 ad
2960 398 3255 456 lavandas
3283 399 3527 455 easdem

90 483 142 537 et
165 478 602 552 operationem,
647 493 756 550 per
812 478 1161 552 patientiam
1206 485 1263 537 et
1316 481 1751 553 benignitatem

88 584 412 626 servemus.
444 569 512 623 In
540 566 742 625 futura
768 573 971 626 autem
990 570 1114 627 vita
1130 570 1235 627 ubi
1253 573 1441 628 Deum
1471 576 1527 629 et
1556 570 1753 646 proxi-

86 674 215 717 mos
251 657 314 715 in
342 657 479 714 luce
507 662 744 714 internae
783 658 1167 716 beatitudinis
1195 660 1556 732 videbimus,
1584 677 1751 719 eam-

85 749 222 807 dem
252 748 459 822 utique
480 747 863 805 dilectionem
889 750 1153 820 gemina,
1180 751 1413 825 absque
1435 751 1558 809 ullo
1582 768 1750 827 pror-

86 854 186 895 sus
204 836 429 905 labore,
444 836 569 894 imo
584 837 647 893 in
667 854 893 910 magna
914 839 1293 896 multitudine
1310 840 1531 898 divinae
1552 841 1752 898 dulce-

86 926 238 983 dinis
258 925 550 982 fruemur.
572 925 737 982 Unde
753 932 891 1000 apte
903 927 1179 985 introitus
1195 928 1489 985 interioris
1504 928 1747 998 domus,

85 1016 204 1073 duo
254 1015 505 1090 quidem
548 1015 747 1072 ostia:
793 1017 899 1073 sed
954 1017 1084 1073 haec
1126 1018 1423 1091 simplicia
1458 1018 1747 1076 habebat.

85 1109 209 1163 Non
233 1105 395 1163 enim
416 1104 500 1162 ibi
524 1105 677 1162 ﬁdes
698 1107 1043 1164 necessaria
1071 1112 1180 1179 est,
1209 1108 1311 1165 ubi
1342 1124 1413 1166 ea
1429 1125 1565 1183 quae
1586 1126 1749 1166 nunc

84 1195 378 1252 credimus
408 1211 480 1252 ac
535 1212 854 1269 speramus
901 1197 1108 1255 omnia
1155 1197 1474 1255 manifesta
1500 1198 1635 1256 luce
1661 1199 1747 1255 vi-

83 1284 378 1341 debimus.
412 1287 542 1341 Non
573 1284 746 1341 labor
775 1300 1029 1358 operum
1052 1287 1446 1355 necessarius,
1470 1287 1575 1345 ubi
1597 1304 1749 1344 mer—

82 1373 222 1430 cede
250 1379 545 1447 perpetua
575 1389 786 1430 eorum
809 1390 946 1447 quae
978 1374 1073 1431 hic
1106 1375 1461 1433 laboramus
1488 1377 1744 1433 donabi-

80 1478 230 1520 mur.
263 1466 393 1519 Non
424 1463 770 1520 necessaria
799 1464 1106 1537 patientia,
1139 1466 1245 1522 ubi
1274 1482 1453 1523 nemo
1507 1467 1744 1523 adversi

81 1551 302 1625 aliquid
324 1553 569 1622 irroget.
599 1554 730 1608 Non
752 1553 1165 1611 muniﬁcentia
1198 1555 1604 1626 benignitatis,
1638 1556 1744 1613 ubi

77 1657 252 1698 nemo
289 1641 539 1713 indiget,
573 1659 728 1716 opus
759 1649 868 1699 est.
920 1644 1057 1699 Haec
1095 1644 1171 1700 de
1215 1646 1506 1702 ostiorum
1547 1645 1744 1717 ﬁgura

1864 484 2112 552 hostias,
2141 487 2223 544 ibi
2254 504 2422 544 mare
2449 505 2684 544 :eneum
2716 492 2840 544 erat
2897 488 3161 560 positum
3188 488 3267 543 ad
3314 488 3529 543 lavan-

1861 574 1974 631 das
1997 592 2217 632 manus
2246 577 2552 652 pedesque
2579 578 2982 634 sacerdotum.
3018 577 3295 634 Habebat
3323 582 3526 635 autem

1829 689 1839 699 -
1859 664 1975 721 hoc
1993 665 2212 722 atrium
2230 670 2522 723 trecentos
2540 667 2772 723 cubitos
2785 666 3112 723 altitudinis
3126 672 3216 735 (ut
3226 667 3526 741 Josephus

1860 755 2087 827 narrat)
2115 759 2414 828 quatenus
2443 756 2522 812 ab
2547 756 2823 827 ingressu
2856 754 3064 829 templi
3092 759 3340 811 caeteros
3389 771 3528 828 pro-

1857 842 2109 916 biberet,
2134 848 2191 903 et
2221 845 2364 901 solis
2401 846 2817 902 sacerdotibus
2848 846 2963 901 hoc
3012 845 3187 901 licere
3228 846 3526 915 signiﬁca-

1858 937 1963 988 ret.
2000 936 2253 1008 Eratque
2298 934 2351 990 ei
2397 935 2589 1005 janua
2620 935 2699 991 ad
2743 933 3096 990 orientalem
3139 934 3408 1007 plagam,
3444 934 3524 990 ad

1855 1037 2043 1095 quam
2073 1039 2266 1096 usque
2295 1023 2560 1097 populus
2584 1024 2812 1080 hostias
2846 1039 2985 1079 suas
3025 1031 3081 1078 et
3111 1023 3404 1079 sacriﬁcia
3437 1024 3526 1078 in-

1855 1109 2104 1181 ferebat,
2133 1112 2274 1168 inde
2305 1112 2695 1185 suscipienda
2726 1128 2763 1168 a
2792 1111 3204 1169 sacerdotibus
3231 1116 3411 1185 atque
3444 1112 3523 1169 ad

1856 1199 2040 1257 altare
2066 1200 2446 1275 proferenda.
2494 1204 2571 1257 De
2623 1202 2895 1258 exteriori
2924 1218 3068 1257 vero
3122 1202 3293 1270 atrio,
3353 1200 3522 1274 quod

1856 1289 2057 1346 Verba
2082 1290 2317 1346 dierum
2338 1290 2648 1347 basilicam
2681 1290 2975 1360 grandem
2998 1294 3235 1360 vocant,
3272 1290 3356 1346 ita
3385 1289 3523 1346 scri-

1852 1377 1942 1435 bit
1987 1380 2283 1452 Josephus
2328 1397 2341 1436 :
2380 1379 2756 1435 Extrinsecus
2806 1385 3006 1435 autem
3044 1379 3226 1449 huius
3291 1377 3516 1450 templi,

1854 1467 2036 1525 aliam
2061 1468 2377 1524 aediﬁcavit
2405 1467 2611 1524 aulam
2633 1467 3041 1541 quadranguli
3075 1467 3377 1522 schemate
3399 1466 3520 1522 fac-

1852 1562 1998 1614 tam.
2028 1558 2274 1629 Erigens
2323 1557 2624 1614 maximas
2676 1558 2940 1631 porticus
2998 1561 3178 1629 atque
3231 1556 3408 1625 latas,
3464 1559 3521 1611 et

1848 1651 2053 1721 portas
2078 1646 2344 1704 excelsas
2374 1652 2432 1704 et
2458 1647 2694 1721 amplas
2720 1663 2826 1720 per
2857 1650 3120 1719 quatuor
3148 1644 3362 1700 mundi
3383 1660 3519 1716 par-

79 1748 183 1805 pro
238 1731 495 1790 modulo
544 1738 773 1797 nostro,
821 1740 1138 1807 sequentes
1190 1741 1431 1808 patrum
1487 1738 1742 1808 vestigia
1782 1755 1822 1810 B
1850 1740 1937 1791 tes
1967 1735 2028 1792 in
2082 1752 2154 1793 eo
2202 1736 2536 1800 continens,
2572 1752 2834 1810 quarum
2891 1734 3143 1805 singulas
3197 1734 3275 1790 ad
3300 1749 3518 1789 unum-

77 1819 487 1878 disseruimus.
512 1823 730 1878 Verum
742 1822 915 1894 juxta
934 1822 1194 1881 formam
1209 1825 1398 1897 ipsius
1416 1826 1743 1899 operis,de-

78 1909 194 1966 cori
214 1912 411 1980 gratia
438 1911 750 1984 provisum
774 1918 880 1977 est,
914 1916 979 1968 ut
1002 1911 1064 1968 in
1085 1928 1208 1969 uno
1230 1913 1568 1987 eodemque
1590 1919 1741 1970 tem-

79 1998 156 2073 pli
178 1998 478 2070 ingressu,
510 1998 634 2055 duo
671 2004 874 2056 essent
895 2001 1067 2058 ostia.
1104 2004 1355 2058 Necesse
1373 2002 1594 2059 etenim
1616 2007 1743 2059 erat

80 2089 325 2160 parietes
351 2088 597 2156 domus,
621 2106 755 2163 quae
777 2094 1017 2146 centum
1057 2090 1267 2161 viginti
1298 2092 1531 2149 cubitos
1560 2091 1743 2149 habe-

79 2177 220 2236 bant
252 2179 315 2236 in
349 2178 685 2246 altitudine,
734 2180 1057 2237 nonnullos
1090 2181 1269 2238 etiam
1322 2182 1739 2254 grossitudinis

78 2268 302 2325 cubitos
320 2267 574 2336 habere,
597 2268 660 2325 in
684 2269 858 2341 cujus
878 2270 1165 2326 nimirum
1199 2270 1619 2341 grossitudinis
1641 2287 1738 2328 ex-

79 2360 259 2414 trema
278 2363 452 2432 parte
475 2358 632 2414 ostia
656 2363 825 2415 erant
841 2358 1044 2428 afﬁxa,
1067 2360 1150 2417 ita
1168 2364 1229 2416 ut
1264 2378 1314 2416 ae
1338 2360 1497 2434 ,zuale
1528 2361 1739 2434 parieti

77 2452 222 2504 esset
249 2447 475 2503 ostium
500 2452 845 2522 utrumque,
869 2452 927 2505 et
942 2449 1067 2505 sive
1088 2450 1266 2518 intus,
1288 2451 1412 2507 sive
1430 2451 1571 2507 foris
1592 2456 1738 2507 teme

75 2535 233 2609 plum
264 2536 530 2609 quisque
566 2536 798 2609 positus
830 2537 1053 2593 ostium
1087 2538 1426 2611 inspiceret,
1472 2556 1634 2596 unus
1683 2540 1736 2596 ei

74 2641 172 2698 per
181 2627 392 2683 omnia
410 2626 608 2699 paries
623 2642 753 2683 esse
768 2626 1373 2686 videretur.Similiter
1387 2634 1444 2686 et
1456 2629 1736 2686 cedrinus

74 2716 257 2788 paries
276 2732 424 2772 cum
448 2715 801 2773 vicenorum
837 2717 900 2773 in
932 2716 1308 2787 longitudine
1339 2725 1395 2775 et
1424 2718 1735 2776 altitudine

74 2805 597 2873 essetcubitorum,
622 2820 743 2861 non
761 2822 1022 2879 parvam
1048 2811 1107 2863 et
1131 2806 1259 2879 ipse
1281 2807 1491 2864 debuit
1509 2808 1733 2865 habere

76 2895 561 2963 grossitudinem.
596 2897 975 2969 Quapropter
1004 2900 1062 2952 et
1090 2895 1272 2968 hujus
1306 2897 1583 2969 ingressu
1610 2898 1733 2954 duo

77 2987 219 3042 facta
240 2990 388 3041 sunt
417 2986 595 3054 ostia,
620 2990 684 3042 ut
705 2984 976 3041 videlicet
1001 2985 1081 3042 ab
1104 2990 1359 3060 utroque
1375 2987 1580 3059 latere,
1617 2988 1733 3044 hoc

1849 1841 2154 1899 quemque
2174 1831 2422 1882 ventum
2448 1831 2710 1900 quatuor
2723 1824 2961 1895 angulis
2977 1823 3390 1889 attendebant,
3412 1822 3516 1878 ubi

1848 1930 2064 1972 aureas
2075 1916 2298 1987 januas
2314 1915 2644 1973 collocavit.
2672 1919 2737 1971 Et
2750 1914 2936 1988 paulo
2958 1919 3099 1988 post
3116 1932 3129 1969 :
3156 1917 3219 1969 In
3240 1914 3355 1969 hoc
3372 1929 3515 1982 ergo

1850 2003 2435 2075 sacrarium,omnes
2463 2003 2671 2077 populi
2692 2003 2914 2077 quibus
2939 2002 3218 2076 purgatio
3237 2007 3295 2057 et
3310 2002 3516 2056 obser-

1845 2092 2009 2149 vatio
2028 2091 2437 2164 legitimcrum
2458 2094 2650 2150 inerat
2677 2091 3028 2148 introibant.
3049 2093 3163 2147 Has
3174 2106 3317 2146 vero
3332 2089 3515 2163 porti-

1846 2181 2389 2252 cus,Cassiodorus
2427 2182 2779 2253 Senator,in
2808 2181 3043 2255 pictura
3080 2180 3287 2252 templi
3321 2195 3513 2251 quam

1844 2270 1907 2326 in
1933 2270 2245 2327 Pandectis
2271 2270 2473 2343 posuit
2498 2272 2587 2342 (ut
2605 2271 2734 2344 ipse
2772 2270 2835 2326 in
2874 2270 3252 2326 Psalmorum
3274 2267 3511 2342 exposi-

1844 2360 2003 2417 tione
2045 2361 2505 2433 commemorat)
2545 2359 2759 2434 triplici
2812 2360 3023 2416 ordine
3054 2358 3341 2415 distinxit.
3391 2356 3513 2412 Pri-

1844 2466 2017 2507 mum
2038 2449 2313 2506 videlicet
2332 2450 2607 2507 ordinem
2630 2465 2864 2523 ponens
2882 2454 3049 2505 extra
3078 2449 3296 2504 atrium
3320 2463 3513 2504 sacer-

1843 2540 2056 2597 dotum
2077 2555 2150 2595 ex
2173 2540 2339 2596 omni
2356 2545 2526 2613 parte
2543 2556 2651 2614 per
2664 2542 2987 2613 quadrum.
3022 2538 3391 2607 Secundum,
3416 2554 3512 2592 eo-

1842 2628 1983 2685 dem
2006 2628 2190 2685 modo
2211 2632 2379 2686 extra
2401 2629 2644 2685 intimas
2662 2629 2951 2702 porticus,
2970 2627 3239 2701 undique
3270 2643 3510 2682 versum

1841 2716 1903 2773 in
1927 2734 2097 2791 gyro.
2138 2720 2505 2788 Extremum,
2532 2718 2800 2774 similiter
2826 2735 2898 2773 ex
2927 2717 3094 2773 omni
3127 2716 3310 2772 latere
3349 2716 3509 2789 prio-

1840 2823 1978 2863 rum
2006 2806 2349 2880 porticuum
2371 2807 2432 2863 in
2458 2807 2728 2864 circuitu.
2750 2807 2963 2880 Sicque
3000 2805 3296 2879 templiun
3325 2805 3514 2861 trifor-

1841 2896 1925 2953 mi
1945 2896 2336 2953 aadiﬁciorum
2362 2897 2664 2970 praesidio,
2689 2897 2768 2954 ab
2790 2897 2958 2953 omni
2980 2900 3110 2953 erat
3129 2900 3299 2969 parte
3316 2894 3512 2950 muni-

1845 2990 1973 3042 tum
2016 3003 2030 3041 :
2072 2986 2231 3042 facto
2274 2986 2624 3058 pavimento
2676 2986 2791 3042 sub
2835 2985 3000 3056 divo,
3057 2986 3211 3041 inter
3251 2983 3510 3040 aediﬁcia

77 3077 175 3140 est,
196 3078 252 3130 et
268 3073 432 3130 intus
456 3077 513 3128 et
533 3072 675 3128 foris
710 3073 942 3146 aequale
971 3074 1181 3147 parieti
1204 3075 1424 3132 ostium
1455 3081 1684 3149 pateret
1716 3094 1729 3132 :
1773 3112 1814 3169 Ο
1844 3073 2082 3144 singula
2096 3073 2172 3129 de
2191 3089 2493 3130 marmore
2511 3073 2914 3146 etparietibus
2929 3073 3254 3169 domorum
3272 3072 3511 3169 interio-

78 3166 129 3218 et
152 3179 271 3237 quo
295 3179 406 3237 per
434 3162 686 3219 easdem
714 3163 979 3236 picturas
1010 3163 1304 3220 ostiorum
1335 3181 1491 3239 quas
1537 3170 1595 3222 et
1623 3181 1732 3240 pa-

76 3250 181 3307 ries
205 3251 497 3316 habebat,
530 3252 815 3307 veraciter
840 3267 999 3308 unus
1052 3268 1161 3326 per
1190 3242 1397 3311 omnia
1446 3259 1503 3311 et
1542 3255 1732 3311 conti-

76 3340 293 3397 nuatim
334 3345 615 3397 extentus
642 3343 840 3413 paries
890 3340 1446 3399 videreturzunum
1500 3344 1734 3401 decoris

77 3430 253 3499 gratia
267 3429 675 3503 praetendens,
693 3429 859 3486 aliud
869 3430 1201 3499 ministerii,
1221 3431 1733 3505 dispensaﬁonem

74 3518 483 3591 przeﬁgurans.
527 3518 700 3585 Quod
738 3535 880 3576 vero
916 3519 991 3576 de
1041 3520 1273 3593 scriptis
1318 3521 1524 3594 templi
1568 3521 1732 3578 ostiis

76 3609 350 3681 sequitur.
388 3631 417 3659 ‹‹
452 3611 518 3665 Et
548 3608 798 3681 sculpsit
825 3609 1141 3666 cherubim
1158 3615 1215 3666 et
1239 3610 1546 3682 palmaset
1566 3610 1734 3667 caela-

76 3701 226 3755 turas
255 3698 437 3756 valde
479 3698 831 3765 eminentes,
864 3699 1220 3773 operuitque
1256 3701 1464 3757 omnia
1489 3700 1732 3757 laminis

76 3788 280 3861 aureis,
300 3803 489 3863 opere
514 3788 753 3862 quadro
784 3788 864 3845 ad
884 3789 1158 3860 regulam
1188 3807 1201 3846 :
1226 3811 1254 3841 »
1281 3790 1426 3863 quia
1446 3790 1733 3847 nimirum

75 3877 276 3935 eadem
297 3894 531 3935 arcana
569 3876 733 3948 ﬁdei,
780 3877 907 3951 spei
937 3884 993 3935 et
1022 3879 1347 3949 charitatis,
1389 3897 1526 3953 quae
1556 3880 1735 3936 subli-

73 3982 190 4023 mes
235 3969 470 4042 quique
501 3983 573 4025 ac
619 3967 865 4041 perfecti
895 3967 1230 4025 sublimiter
1268 3971 1536 4044 capiunt,
1567 3985 1735 4044 quas-

72 4070 180 4129 que
207 4074 423 4115 omnes
459 4057 629 4114 elecﬁ
658 4058 833 4131 plene
863 4057 1071 4129 divina
1098 4058 1324 4116 visione
1374 4060 1734 4135 percipiunt,

77 4146 242 4203 eﬁam
270 4146 715 4204 catechizandis
746 4145 999 4202 rudibus
1024 4163 1135 4220 pro
1167 4164 1281 4204 suo
1312 4149 1529 4222 cuique
1554 4154 1736 4222 captu

77 4231 351 4293 discenda
374 4241 435 4292 et
464 4234 809 4292 conﬁtenda
838 4235 1157 4292 traduntur
1183 4254 1196 4292 :
1221 4243 1521 4310 quatenus
1547 4239 1732 4295 sacris

75 4322 272 4381 initiati
311 4324 639 4399 mysteriis,
687 4324 1061 4398 quandoque
1090 4326 1270 4382 etiam
1314 4327 1394 4382 ad
1436 4326 1733 4399 capienda

77 4428 143 4469 ea
166 4430 300 4487 quae
328 4416 430 4489 pie
455 4413 783 4481 credidere,
816 4414 1190 4487 perveniant.

1842 3164 2029 3232 ribus,
2051 3163 2167 3219 hoc
2180 3168 2286 3230 est,
2309 3163 2393 3219 eis
2414 3163 2519 3235 qui
2540 3163 2618 3219 ad
2640 3164 2937 3235 templum
2958 3160 3362 3233 respiciebant
3382 3159 3507 3214 fac-

1841 3253 1915 3309 tis
1942 3252 2006 3308 in
2045 3251 2364 3323 columnis,
2414 3251 2805 3307 exterioribus
2842 3266 2987 3306 vero
3024 3249 3248 3304 solidis.
3293 3248 3505 3319 Sicque

1840 3341 2026 3399 ﬁebat
2049 3346 2112 3397 ut
2139 3340 2336 3397 omnis
2366 3344 2664 3398 structura
2693 3339 2901 3413 templi
2931 3355 3037 3411 per
3067 3337 3372 3408 graduum
3415 3353 3508 3392 es-

1842 3436 1931 3488 set
1954 3431 2303 3487 varietatem
2322 3429 2751 3487 rationabiliter
2794 3429 3093 3485 distincta.
3146 3430 3418 3498 Namque
3448 3424 3509 3481 in

1844 3523 2062 3579 Sancta
2084 3524 2433 3576 sanctorum
2450 3518 2900 3589 ingrediebatur
2920 3516 3208 3591 pontifex,
3222 3516 3283 3571 in
3303 3515 3509 3587 ipsum

1841 3609 2135 3682 templum
2157 3608 2498 3665 sacerdotes
2520 3608 2821 3682 puriﬁcati
2844 3626 2857 3663 :
2882 3608 2943 3663 in
2968 3608 3188 3663 atrium
3226 3605 3507 3661 sacerdo-

1845 3706 1993 3771 tum,
2017 3698 2360 3755 sacerdotes
2405 3698 2705 3772 puriﬁcati
2748 3715 2760 3753 :
2809 3702 2866 3753 et
2908 3713 3031 3754 non
3064 3695 3359 3769 puriﬁeati
3386 3710 3509 3750 una

1844 3788 2191 3845 cumlevitis
2213 3793 2269 3843 et
2308 3787 2691 3845 cantoribus:
2715 3787 2778 3843 in
2809 3786 3088 3842 intimum
3118 3789 3315 3841 atrum
3345 3782 3507 3838 basi-

1842 3879 1968 3935 licae
1996 3877 2246 3949 majoris
2270 3876 2579 3933 viriJudaei
2605 3876 2903 3949 puriﬁcati
2932 3878 3155 3930 stantes
3188 3878 3242 3929 et
3269 3876 3507 3927 orantes

1845 3969 1958 4025 sub
1985 3968 2142 4035 divo,
2167 3967 2217 4022 si
2247 3983 2527 4023 serenum
2559 3970 2748 4022 esset:
2785 3965 2835 4020 si
2857 3969 3199 4037 tempestas,
3233 3963 3294 4018 in
3330 3961 3508 4034 porti-

1845 4077 1951 4117 cus
1980 4058 2290 4132 proximas
2321 4075 2449 4114 sese
2468 4057 2839 4130 recipientes.
2874 4061 2936 4111 In
2966 4054 3225 4111 exterius
3286 4053 3507 4109 atrium

1843 4150 2123 4206 mulieres
2147 4147 2344 4203 viduae
2376 4147 2725 4220 puriﬁcatee.
2788 4147 2852 4201 In
2901 4150 3240 4202 extremum
3288 4142 3507 4199 atrium

1845 4238 2093 4311 gentiles
2125 4243 2182 4293 et
2209 4237 2422 4305 Judaei,
2456 4238 2560 4309 qui
2590 4252 2785 4309 nuper
2810 4239 3103 4291 venerant
3129 4251 3200 4291 ex
3229 4233 3508 4303 gentibus

1844 4344 2036 4402 usque
2066 4343 2137 4384 ac
2158 4331 2393 4383 sextum
2412 4324 2847 4400 puriﬁcationis
2867 4325 3049 4392 diem,
3068 4324 3198 4380 haec
3220 4327 3284 4379 ut
3309 4322 3370 4378 in
3390 4321 3509 4395 pic-

1843 4423 1975 4475 tura
2008 4415 2347 4473 Cassiodori
2371 4415 2653 4472 distincta
2672 4416 3008 4488 reperimus
3028 4414 3286 4471 breviter
3317 4428 3510 4469 anno-

143 4480 277 4560 it-Et
303 4480 625 4560 aediﬁcavit
642 4518 747 4558 rex
778 4501 1065 4560 Salomon
1096 4504 1315 4560 atrium
1356 4504 1601 4561 interius
1630 4506 1730 4562 tri-
1770 4480 1814 4535 θ
1846 4513 1970 4565 tare
1998 4506 2345 4564 curavimus
2385 4526 2399 4560 :
2432 4505 2546 4562 rati
2575 4521 2716 4562 eum
2742 4505 2823 4561 ab
2845 4504 3107 4578 antiquis
3132 4505 3261 4560 haec
3289 4502 3509 4558 Iudaeis

80 4608 108 4643 ‹
140 4590 252 4649 bus
279 4592 599 4650 ordinibus
626 4591 901 4665 lapidum
927 4591 1277 4666 politorum,
1300 4598 1358 4650 et
1380 4610 1503 4651 uno
1523 4594 1733 4651 ordine

81 4700 108 4728 «ι
139 4678 439 4752 lignorum
472 4680 654 4737 cedri.
691 4704 719 4730 »
755 4682 836 4737 De
863 4680 1128 4738 interiori
1160 4682 1310 4738 atrio
1364 4683 1624 4740 breviter
1651 4684 1735 4741 lo-

80 4770 286 4841 quitur,
316 4771 395 4827 de
421 4770 699 4827 exteriori
730 4786 978 4845 prorsus
1007 4777 1200 4828 tacere
1230 4772 1481 4829 videtur.
1511 4774 1734 4831 Verum

80 4857 130 4913 in
179 4861 371 4918 verbis
415 4861 654 4916 dierum
716 4861 1026 4933 utriusque
1082 4860 1149 4917 ﬁt
1204 4865 1451 4933 mentio,
1516 4863 1616 4919 ubi
1655 4864 1736 4920 ita

82 4949 352 5022 scriptum
385 4954 497 5006 est.
531 4973 559 5000 ‹‹
588 4950 744 5005 Fecit
774 4950 955 5005 etiam
986 4951 1204 5007 atrium
1249 4953 1650 5017 sacerdotum,
1680 4958 1737 5010 et

81 5035 379 5096 basilicam
413 5038 735 5109 grandem,
768 5044 825 5095 et
851 5039 1008 5096 ostia
1032 5040 1092 5095 in
1118 5041 1370 5097 basilica
1416 5058 1552 5115 quae
1595 5043 1739 5099 texit

83 5142 183 5182 aere
208 5129 291 5198 (II
319 5132 468 5186 Par.
505 5135 603 5193 iv).
641 5151 668 5178 »
693 5131 926 5186 Atrium
957 5147 1100 5187 vero
1130 5131 1399 5199 interius,
1430 5132 1595 5204 quod
1634 5149 1737 5189 vo-

84 5222 237 5274 catur
278 5218 688 5286 sacerdotum,
720 5236 792 5277 eo
821 5220 989 5293 quod
1043 5221 1384 5277 sacerdotes
1432 5227 1491 5278 et
1546 5221 1736 5278 levitas

84 5304 232 5363 ineo
285 5309 715 5378 ministrarent,
772 5326 845 5366 ex
888 5310 1055 5367 omni
1109 5314 1279 5382 parte
1328 5316 1455 5367 erat
1511 5310 1737 5384 templo

86 5393 533 5455 circumdatum.
566 5399 681 5456 Sed
709 5398 790 5456 ab
818 5399 1045 5456 oriente
1073 5399 1347 5471 ejusdem
1372 5399 1741 5473 templi,erat

89 5481 377 5553 ingressus
408 5488 601 5544 multo
628 5487 871 5558 longius
903 5504 939 5545 a
963 5487 1209 5560 templo,
1260 5505 1449 5561 quam
1505 5506 1541 5546 a
1574 5494 1741 5547 caete~

91 5573 162 5628 ris
189 5577 370 5633 tribus
430 5578 629 5652 plagis
685 5585 994 5636 secretus:
1044 5579 1190 5652 quia
1232 5580 1519 5635 nimirum
1567 5581 1628 5636 in
1669 5597 1741 5637 ea

92 5661 274 5736 plaga,
299 5667 357 5723 id
397 5674 492 5726 est
537 5669 600 5725 in
650 5668 802 5725 facie
846 5669 1076 5741 templi,
1135 5668 1363 5725 ﬁebant
1412 5670 1745 5728 ministeria

94 5760 445 5828 sanctorum,
477 5758 563 5815 ibi
611 5758 797 5817 altare
847 5774 1087 5843 aeneum
1117 5758 1193 5817 ad
1224 5758 1450 5815 hostias
1486 5760 1740 5819 Domino

1844 4596 2146 4667 didicisse,
2201 4612 2400 4668 neque
2454 4596 2652 4651 virum
2721 4599 2845 4649 tam
2893 4593 3197 4650 eruditum
3251 4591 3509 4645 voluisse

1843 4687 2188 4760 exemplum
2217 4685 2339 4756 legL
2351 4684 2456 4740 ndi
2475 4698 2834 4757 proponere,
2865 4698 3015 4755 quae:
3036 4697 3160 4738 non
3187 4680 3315 4751 ipse
3340 4678 3507 4749 prius

1842 4792 1986 4833 vera
2006 4791 2139 4831 esse
2170 4772 2571 4843 cognovisset.
2601 4771 2735 4827 HERC
2758 4776 2897 4825 sunt
2926 4770 3352 4841 loca,quorum
3386 4780 3510 4820 me-

1843 4860 2017 4918 minit
2042 4873 2361 4931 supremus
2389 4854 2691 4926 graduum
2716 4853 3013 4927 psalmus,
3037 4852 3141 4924 qui
3164 4851 3246 4905 ita
3262 4848 3469 4921 incipit
3492 4864 3505 4902 :

1846 4974 1874 5001 ‹‹
1910 4955 2053 5007 Ecce
2085 4965 2247 5005 nunc
2277 4945 2609 5003 benedicite
2665 4942 2917 4999 Domino
2970 4957 3183 4998 omnes
3213 4939 3368 4995 servi
3395 4942 3511 4995 Do—

1844 5042 2013 5104 mini,
2036 5040 2139 5113 qui
2169 5038 2337 5094 statis
2362 5037 2422 5091 in
2454 5036 2639 5092 domo
2672 5034 2928 5099 Domini,
2959 5033 3021 5089 in
3070 5032 3232 5089 atriis
3290 5031 3510 5088 domus

1847 5132 1948 5188 Dei
1977 5130 2162 5186 nostri
2186 5129 2373 5199 (Psal.
2405 5128 2663 5195 cxxxui).
2702 5147 2728 5173 η
2762 5125 2826 5179 1n
2852 5123 2946 5179 his
2992 5123 3319 5197 porticibus
3348 5124 3509 5178 Jere-

1846 5223 2000 5279 mias
2031 5224 2087 5276 et
2116 5220 2424 5292 propheta:
2455 5216 2588 5285 alii;
2622 5216 2681 5271 in
2710 5214 2803 5270 his
2830 5216 3121 5271 Dominus
3146 5219 3203 5270 et
3232 5212 3508 5286 apostoli,

1846 5311 2101 5368 verbum
2152 5306 2377 5381 populo
2424 5304 2858 5378 praedicabant.
2915 5305 2981 5359 In
3037 5305 3253 5359 horum
3309 5301 3513 5372 aliqua

1853 5399 2139 5457 Dominus
2161 5397 2411 5453 sedebat
2463 5395 2710 5461 docens,
2765 5394 3015 5465 quando
3065 5409 3101 5448 a
3140 5389 3513 5447 tentantibus

1850 5488 2158 5547 Pharisaeis
2192 5485 2407 5542 mulier
2428 5485 2529 5541 illa
2553 5484 2826 5540 adultera
2850 5482 3182 5554 judicanda
3202 5479 3401 5537 oblata
3425 5482 3516 5534 est

1848 5582 2047 5652 (Joan.
2080 5579 2224 5647 vni).
2256 5576 2322 5631 In
2368 5575 2462 5630 his
2496 5574 2725 5629 invenit
2782 5573 3106 5629 vendentes
3137 5575 3190 5626 et
3245 5574 3511 5623 ementes

1849 5684 2015 5730 oves,
2044 5665 2233 5722 boves
2263 5669 2321 5720 et
2349 5663 2665 5719 columbas
2692 5679 2704 5717 :
2730 5664 2963 5735 hosque
2993 5677 3132 5716 cum
3153 5659 3276 5715 suis
3307 5657 3514 5714 merci-

1852 5756 2074 5815 moniis
2130 5752 2463 5814 eliminavit
2517 5768 2549 5810 e
2604 5751 2829 5825 templo
2868 5751 3112 5818 (Matth.
3146 5750 3375 5815 xx1).Et
3421 5746 3515 5803 his
