3940 6400
400 226 510 281 435

1511 226 1869 283 ANGELOMI
1907 223 2360 283 LUXOVIENSIS
2398 228 2714 287 MONACHI
3720 230 3815 285 436

402 348 614 404 Petrus
634 348 693 403 et
717 347 978 402 Joannes
1006 345 1292 405 claudum
1321 349 1687 406 invenientes
1744 351 2057 418 sanarunt,
2096 351 2145 405 Α
2174 365 2313 405 cum
2342 351 2563 411 ﬁducia
2592 353 3056 427 proloquuntur.
3090 354 3214 407 Non
3277 350 3439 408 enim
3488 351 3680 407 audeo
3724 352 3818 407 ali‘

406 454 479 496 ac
509 453 715 519 secum
742 428 1142 506 ingredientes
1165 439 1411 496 interius
1436 440 1820 498 adorandum
1876 442 2062 494 duxe-

405 531 549 584 runt
569 525 720 601 (Act.
740 530 824 594 v).
848 528 911 580 ln
933 524 1026 581 his
1044 526 1258 584 orabat
1272 530 1469 585 omnis
1493 528 1809 586 multitudo
1829 526 2061 601 populi,

406 592 655 689 quando
675 592 990 669 incensum
1009 615 1257 686 ponenti
1286 617 1581 674 Zachariae
1608 592 1860 688 angelus
1879 592 1957 672 ad
1977 614 2063 671 al-

406 707 532 761 tare
552 701 958 775 thymiamatis
975 705 1274 776 apparuit,
1304 722 1565 781 eumque
1582 707 1657 763 de
1679 723 1880 780 prtecu
1889 703 2066 761 rsoris

408 792 645 849 Domini
685 791 988 848 nativitate
1026 794 1342 865 perdocuit
1369 799 1535 865 (Luc.
1568 800 1629 869 1).
1691 801 1817 853 Non
1863 800 2066 851 autem

404 882 534 938 haec
560 879 708 938 atria
733 896 873 937 cum
894 882 1225 954 porticibus
1253 885 1377 941 suis
1408 890 1725 960 aspectum
1755 874 1961 958 templi
1991 884 2066 939 de

402 971 582 1041 longe
613 972 1061 1044 aspectantibus
1109 973 1480 1032 abscondere
1520 981 1844 1050 potuerunt
1878 992 1890 1030 :
1924 974 2068 1047 quia

402 1063 572 1118 locus
598 1061 662 1117 in
688 1078 813 1135 quo
842 1063 1138 1137 templum
1193 1071 1320 1123 erat
1341 1067 1540 1135 situm,
1584 1067 1842 1123 multum
1886 1064 2069 1120 subli-

403 1152 561 1209 mior
583 1157 730 1225 erat,
761 1169 952 1227 quam
980 1155 1088 1211 ubi
1104 1155 1371 1213 fundata:
1402 1158 1667 1230 porticus
1696 1157 1879 1213 fuere.
1915 1160 2063 1212 Nam

406 1242 563 1299 sicut
579 1243 876 1321 Iosephus
914 1244 1138 1316 scribit,
1160 1250 1440 1303 extremae
1470 1247 1759 1303 atriorum
1798 1246 2062 1311 fabricae,

406 1332 627 1389 cumin
651 1332 1109 1406 quadringentis
1138 1334 1352 1392 cubitis
1372 1341 1570 1393 essent
1593 1341 1800 1393 erectae
1830 1339 2064 1391 tantum

406 1421 487 1478 ad
504 1422 783 1478 verticem
798 1438 995 1496 usque
1015 1426 1235 1480 montis
1254 1424 1315 1481 in
1339 1442 1461 1499 quo
1486 1426 1778 1498 templum
1805 1424 2063 1479 aediﬁca-

407 1512 539 1566 tum
550 1514 663 1575 est,
675 1517 1095 1584 pervenerunt.
1110 1514 1247 1569 Haec
1267 1514 1513 1586 quidem
1526 1514 1600 1570 de
1614 1518 1909 1569 structura
1928 1518 2070 1568 tem-

407 1597 494 1672 pli
522 1598 791 1657 studioso
827 1599 1032 1658 lectori
1064 1601 1427 1660 credidimus
1456 1602 1816 1667 intimanda,
1858 1616 2070 1658 verum

2172 438 2319 510 quid
2348 439 2513 514 loqui
2541 459 2753 499 eorum
2785 459 2922 515 quae
2952 457 3059 514 per
3088 456 3183 496 me
3214 455 3332 496 non
3360 439 3537 495 efﬁcit
3567 440 3813 496 Christus

2171 526 2233 583 in
2277 529 2681 588 obedientiam
2728 531 3018 601 gentium,
3070 529 3256 585 verbo
3311 532 3369 586 et
3419 528 3588 585 factis
3645 532 3812 601 ,Rom.

2172 619 2288 689 xv).
2326 621 2390 675 Et
2417 620 2633 677 iterum
2671 639 2683 676 :
2720 644 2745 671 «
2790 622 3024 676 Bonum
3082 624 3384 676 certamen
3431 619 3669 683 certavi,
3702 635 3818 675 cur-

2176 722 2313 762 sum
2336 710 2775 775 consummavi,
2808 708 2993 764 ﬁdem
3016 707 3246 763 servavi
3278 726 3291 764 :
3325 705 3401 763 de
3431 711 3641 763 caetero
3660 722 3819 779 repo.

2176 796 2288 851 sita
2318 802 2409 853 est
2438 798 2585 854 mihi
2614 813 2837 854 corona
2861 797 3103 868 justitiae
3132 798 3219 865 (II
3260 798 3409 853 Tim.
3439 796 3536 867 IV).
3570 816 3597 845 ››
3655 797 3817 851 Acce-

2176 885 2357 941 debat
2372 887 2615 959 quidcm
2639 887 2857 959 vulgus
2879 903 3070 961 usque
3090 885 3171 941 ad
3190 886 3410 942 atrium
3427 884 3816 955 sacerdotum,

2175 975 2401 1031 hostias
2430 993 2570 1031 suas
2607 977 2685 1032 ad
2741 992 2932 1048 usque
2962 976 3143 1048 hujus
3196 976 3453 1047 januam
3506 973 3819 1043 deferebat,

2178 1068 2485 1137 susceptas
2510 1082 2547 1121 a
2582 1065 3017 1135 sacerdotibus,
3050 1070 3230 1138 atque
3272 1064 3333 1120 in
3365 1063 3536 1121 altari
3573 1063 3818 1133 oblatas,

2177 1155 2365 1211 oculis
2392 1155 2885 1229 prosequebatur.
2944 1160 3008 1211 In
3064 1155 3267 1228 ipsum
3312 1155 3494 1211 etiam
3541 1153 3817 1227 templum

2178 1260 2315 1299 cum
2342 1244 2722 1316 aperiebatur
2741 1245 3023 1301 intuitum
3052 1261 3229 1301 suum
3252 1243 3478 1315 alonge
3514 1242 3817 1312 dirigebat,

2176 1349 2287 1388 nec
2306 1338 2503 1389 tamen
2535 1334 2752 1390 atrium
2779 1333 3161 1390 sacerdotum
3200 1333 3461 1389 intrandi
3478 1332 3810 1389 facultatem

2177 1422 2459 1479 habebat.
2495 1424 2717 1479 Verum
2742 1424 2817 1480 de
2843 1422 3224 1479 inferioribus
3254 1422 3558 1480 clamabat
3598 1414 3675 1477 ad
3717 1424 3818 1476 Do-

2178 1512 2432 1579 minum,
2457 1512 2600 1584 quia
2620 1529 2729 1568 nec
2761 1512 3096 1569 carnalium
3117 1512 3179 1568 in
3204 1511 3462 1568 Ecclesia
3483 1510 3820 1583 simplicitas

2179 1616 2215 1656 a
2246 1601 2495 1657 Domino
2519 1601 2862 1674 despicitur,
2915 1601 3162 1675 quando
3195 1600 3446 1657 ﬁdeliter
3473 1616 3550 1656 ea
3573 1616 3705 1672 quaa
3727 1614 3820 1654 va-

408 1687 474 1743 in
492 1686 578 1744 eis
612 1703 993 1763 quaecunque
1020 1691 1323 1760 Scriptura
1362 1708 1535 1749 sacra
1553 1692 1769 1748 referre
1798 1707 2069 1748 commo-
2108 1703 2150 1757 Β
2176 1688 2301 1745 lent
2329 1688 2409 1745 illi
2438 1694 2578 1746 voto
2610 1690 2845 1762 pietatis
2875 1690 3151 1746 offerunt.
3186 1689 3452 1759 Dirigunt
3479 1689 3641 1745 enim
3670 1688 3818 1743 visus

410 1777 560 1834 dum
576 1778 766 1847 duxit,
778 1779 1006 1852 ﬁguras
1020 1782 1445 1855 mysteriorum
1460 1799 1826 1856 quaeramus,
1846 1782 2069 1839 caeteris

410 1882 523 1941 pro
539 1867 799 1926 historiae
829 1872 1167 1943 cognitione
1197 1866 1541 1947 simpliciter
1581 1878 1841 1930 utamur.
1869 1872 2073 1927 ικΕώίί-

409 1958 572 2015 cium
598 1973 742 2030 ergo
770 1960 978 2035 templi
1003 1961 1160 2020 intra
1179 1964 1399 2020 atrium
1421 1964 1825 2032 sacerdotum,
1846 1962 2071 2036 perfec-

411 2052 611 2135 torum
636 2048 699 2106 in
728 2054 938 2108 sancta
966 2052 1230 2112 Ecclesia
1267 2058 1325 2111 et
1372 2054 1724 2110 sublimium
1752 2055 1939 2110 vitam
1969 2070 2071 2110 ex-

410 2139 616 2213 primit
640 2140 924 2213 virorum,
960 2159 1171 2201 eorum
1204 2145 1478 2202 videlicet
1506 2146 1613 2219 qui
1647 2149 1705 2201 et
1725 2144 2076 2202 excellentia

409 2229 698 2289 virtutum
727 2234 980 2292 Domino
1006 2236 1519 2311 appropinquare,
1538 2239 1596 2293 et
1614 2236 1745 2293 aliis
1769 2235 1953 2291 verbo
1983 2240 2073 2291 at-

410 2336 530 2395 que
568 2337 750 2395 opere
795 2324 1088 2383 ducatum
1134 2326 1330 2385 solent
1356 2326 1670 2384 ostendere
1702 2326 1928 2383 salutis.
1966 2328 2071 2383 Sa-

410 2412 623 2470 cerdos
650 2428 918 2489 namque
947 2416 1028 2473 ab
1057 2433 1129 2474 eo
1161 2418 1363 2475 Latine
1392 2432 1617 2474 nomen
1641 2416 1889 2489 accepit,
1906 2416 2075 2490 quod

411 2517 653 2561 sacrum
676 2506 946 2578 praebere
987 2507 1255 2565 dicatum
1283 2508 1620 2565 minoribus
1643 2508 1863 2564 debeat
1898 2526 1911 2563 :
1950 2524 2074 2580 quo

409 2594 658 2651 nomine
699 2595 762 2652 in
790 2597 1109 2671 scripturis
1156 2598 1407 2671 mystice
1458 2613 1584 2654 non
1627 2598 1822 2653 solum
1869 2599 2073 2655 altaris

409 2683 721 2755 ministris,
752 2687 1020 2760 episcopi
1065 2688 1337 2746 videlicet
1383 2692 1441 2745 et
1468 2688 1822 2761 presbyteri,
1881 2688 1986 2744 sed
2016 2692 2074 2744 et

413 2784 627 2830 omnes
656 2776 862 2850 utique
892 2783 1209 2835 censentur
1237 2779 1341 2852 qui
1362 2778 1674 2836 altitudine
1704 2782 1876 2835 rectae
1927 2794 2071 2834 con-

412 2864 769 2923 versationis
806 2882 878 2925 ao
906 2868 1192 2926 doctrinas
1224 2869 1502 2928 salutaris
1524 2869 1806 2935 eminent,
1848 2885 1959 2925 nec
1991 2869 2072 2924 si-

412 2951 757 3027 bimetipsis
784 2959 1228 3031 tantummodo,
1261 2959 1367 3015 sed
1391 2963 1448 3015 et
1474 2958 1749 3031 pluribus
1774 2963 2027 3030 prosunt
2051 2974 2067 3013 :

412 3042 519 3115 qui
542 3043 691 3101 dum
718 3062 974 3121 corpora
999 3065 1111 3106 sua
1132 3049 1397 3106 hostiam
1421 3049 1740 3117 viventem,
1774 3054 2069 3121 sanctam,
2109 3061 2152 3117 ο

411 3133 534 3188 Deo
562 3132 901 3206 placentem
924 3137 1207 3195 exhibent
1233 3140 1421 3211 (Rom.
1444 3139 1575 3211 xu),
1601 3138 1925 3195 sacerdotis
1957 3138 2072 3196 tale

409 3220 677 3293 profecto
699 3224 1101 3283 ministerium
1132 3226 1517 3300 spiritualiter
1545 3232 1838 3283 exercent.
1869 3230 2072 3299 Neque

411 3308 573 3367 enim
596 3312 895 3386 episcopis
920 3314 1120 3372 solum
1146 3319 1205 3372 et
1222 3315 1591 3389 presbyteris
1616 3332 1631 3384 ;
1662 3331 1876 3372 verum
1905 3316 2073 3372 omni

413 3398 689 3457 Ecclesia
716 3402 1081 3475 loquebatur
1135 3406 1447 3478 apostolus
1492 3410 1698 3463 Petrus
1752 3423 1894 3463 cum
1938 3408 2067 3464 ait:

416 3508 447 3538 «
477 3490 594 3544 Vos
623 3492 826 3548 autem
857 3507 1047 3563 genus
1075 3493 1351 3566 electum,
1387 3495 1587 3566 regale
1643 3497 2071 3566 sacerdotium,

416 3590 567 3647 gens
586 3584 811 3649 sancta,
829 3582 1093 3654 populus
1117 3584 1549 3656 acquisitionis.
1580 3607 1610 3635 ι»
1634 3586 1816 3656 Cujus
1843 3586 2075 3643 honore

418 3666 744 3742 dignitatis,
794 3671 977 3728 etiam
1008 3673 1293 3746 antiquus
1335 3674 1600 3747 populus
1638 3675 1739 3730 Dei
1768 3680 1894 3731 erat
1932 3677 2072 3732 insi-

417 3757 638 3827 gnitus,
670 3759 903 3818 dicente
922 3763 1060 3835 ipso
1081 3762 1162 3820 ad
1186 3764 1428 3838 Moysen
1456 3764 1670 3834 (Exod.
1698 3770 1818 3829 XIX)
1847 3781 1860 3819 :
1888 3786 1915 3813 «
1940 3769 2073 3821 mea

416 3844 581 3903 dices
608 3848 821 3907 domui
841 3852 1047 3923 Iacob,
1103 3856 1161 3908 et
1193 3852 1583 3909 annuntiabis
1630 3852 1766 3907 ﬁliis
1796 3853 1998 3909 lsrael.
2042 3876 2072 3905 »

417 3934 489 3992 Et
511 3937 697 4008 paulo
722 3944 859 4011 post
889 3957 902 3996 :
932 3960 963 3990 «
999 3944 1062 3998 Et
1077 3957 1188 3997 vos
1219 3941 1379 3998 eritis
1407 3941 1556 3998 mihi
1585 3941 1647 3997 in
1690 3956 1947 4009 regnum
1977 3958 2073 3999 sa-

418 4023 738 4095 cerdotale,
767 4030 824 4083 et
849 4042 996 4099 gens
1025 4034 1255 4086 sancta.
1286 4051 1316 4080 ι)
1351 4030 1605 4086 Basilica
1652 4046 1795 4086 vero
1827 4032 2075 4099 grandis

416 4127 554 4183 qua:
584 4117 713 4170 erat
745 4119 912 4172 extra
940 4117 1159 4174 atrium
1186 4119 1588 4190 sacerdotum,
1616 4120 1678 4175 in
1708 4136 1832 4192 quo
1874 4121 2074 4177 omnis

418 4200 628 4273 populi
653 4202 973 4261 multitudo
998 4205 1273 4277 adorare,
1300 4207 1422 4263 sive
1452 4208 1531 4264 ad
1552 4209 1805 4265 verbum
1828 4208 2076 4265 audien-

419 4287 568 4346 dum
598 4291 900 4348 conﬂuere
920 4293 1174 4365 solebat,
1196 4296 1528 4353 carnalium
1551 4299 1614 4355 in
1643 4303 1852 4356 sancta
1874 4298 2071 4355 Eccle-

417 4377 507 4434 sia
532 4377 719 4435 vitam
747 4396 1068 4455 moresque
1090 4383 1418 4456 ﬁguraliter
1462 4386 1743 4444 insinuat.
1778 4387 2071 4453 Qualibus

417 4465 560 4523 dicit
584 4470 944 4542 Apostolus:
977 4488 1009 4522 ‹‹
1040 4475 1107 4529 Et
1134 4488 1248 4544 ego
1276 4473 1487 4530 fratres
1533 4491 1657 4531 non
1700 4476 1871 4547 potui
1900 4476 2073 4532 vobis

415 4555 583 4630 loqui
627 4560 808 4631 quasi
862 4560 1255 4635 spiritalibus,
1316 4565 1422 4620 sed
1478 4565 1656 4637 quasi
1680 4565 2072 4622 carnalibus:

415 4648 709 4720 tanquam
761 4650 1030 4722 parvulis
1085 4652 1150 4708 in
1206 4652 1435 4711 Christo
1500 4653 1596 4710 lac
1648 4653 1817 4710 vobis
1863 4659 2077 4726 potum

415 4733 576 4806 dedi,
601 4752 728 4795 non
754 4754 980 4798 escam.
1014 4763 1043 4793 »
1074 4743 1186 4808 Qui
1237 4743 1395 4800 bene
1424 4758 1530 4816 per
1559 4743 1874 4800 basilicam
1902 4760 2077 4814 gran-

414 4825 556 4883 dem
585 4827 999 4900 designantur,
1024 4834 1172 4905 quia
1187 4833 1419 4907 absque
1445 4833 1563 4890 ulla
1588 4832 1892 4889 dubietate
1922 4833 2074 4890 mul-

415 4918 477 4971 to
499 4917 699 4988 major
726 4922 815 4975 est
834 4918 897 4976 in
934 4926 1143 4979 sancta
1184 4921 1443 4979 Ecclesia
1470 4920 1681 4977 talium
1710 4936 1898 4993 quam
1944 4937 2076 4993 per-

413 5001 708 5061 factorum
734 5022 1043 5067 numerus.
1087 5011 1203 5067 Sed
1229 5014 1531 5085 quantum
1585 5022 1839 5065 numero
1888 5026 2070 5082 praes-

416 5095 562 5161 tant,
585 5095 818 5152 tantum
847 5100 1252 5157 succumbunt
1272 5100 1503 5156 merito.
1540 5098 1705 5155 Unde
1734 5104 1870 5171 apte
1905 5100 2071 5156 basi-

413 5179 531 5238 lica
557 5181 688 5239 haec
712 5186 957 5253 grandis
986 5187 1096 5245 ets'i
1123 5188 1419 5261 plurimos
1452 5188 1633 5261 capit,
1665 5204 1789 5244 non
1838 5205 1942 5245 eos
1988 5194 2072 5247 ta-

414 5285 558 5327 men
585 5270 649 5328 in
679 5273 960 5332 interiora
987 5276 1197 5348 templi
1249 5275 1543 5347 deaurati,
1598 5292 1723 5333 non
1752 5277 1832 5334 ad
1869 5278 2071 5335 altaris

414 5358 704 5433 ofﬁcium,
725 5377 851 5419 non
868 5365 1075 5436 ipsum
1092 5364 1305 5421 saltem
1330 5364 1549 5421 atrium
1576 5367 1958 5423 sacerdotum
1978 5368 2070 5423 in-

415 5449 686 5507 tromittit
716 5468 731 5507 :
762 5452 909 5524 quia
935 5453 1206 5509 carnales
1230 5454 1455 5526 quique
1486 5460 1663 5529 atque
1692 5456 1914 5513 inﬁrmi
1961 5458 2068 5513 ad-

415 5535 536 5591 huc
561 5538 624 5592 in
681 5540 960 5608 Ecclesia,
993 5541 1106 5597 etsi
1140 5542 1217 5598 ob
1270 5544 1550 5600 meritum
1594 5552 1773 5602 castae
1822 5547 1963 5601 fidei
1997 5563 2068 5603 ac

418 5623 652 5696 pietatis
672 5629 926 5686 Domino
954 5631 1186 5687 devotae
1210 5633 1291 5690 ad
1318 5634 1644 5693 electorum
1674 5641 1896 5694 sortem
1941 5653 2073 5710 per-

421 5714 628 5786 ﬁnent,
657 5716 837 5791 longe
878 5722 1079 5778 tamen
1109 5721 1282 5781 abest
1331 5728 1399 5784 ut
1450 5725 1565 5782 illis
1594 5731 1924 5799 aequentur,
1964 5726 2073 5799 qui

2178 1794 2215 1834 a
2245 1776 2422 1847 longe
2453 1778 2513 1834 in
2541 1779 2765 1851 templo
2794 1779 2917 1847 Dei,
2946 1796 3085 1835 cum
3114 1779 3300 1834 vitam
3331 1777 3683 1834 sublimium
3710 1776 3819 1831 dis-

2178 1883 2330 1933 cere,
2363 1871 2421 1923 et
2444 1867 2730 1924 admirari
2762 1854 2973 1923 sedulo
3006 1867 3270 1938 gaudent
3302 1872 3396 1923 :et
3419 1883 3577 1939 quos
3605 1864 3819 1922 virtutis

2178 1956 2511 2011 imitatione
2532 1956 2699 2029 sequi
2721 1960 3049 2030 nequeunt,
3082 1956 3196 2029 piae
3227 1944 3629 2011 venerationis
3674 1970 3820 2011 com-

2178 2046 2522 2117 plectuntur
2558 2046 2795 2101 affectu.
2830 2046 3047 2101 Vident
3072 2045 3301 2101 hostias
3338 2044 3716 2100 sacerdotum
3766 2043 3820 2098 in

2180 2132 2351 2188 altari
2365 2133 2503 2203 igne
2531 2150 2701 2190 sacro
2730 2138 3061 2206 sanctoque
3083 2133 3360 2190 consumi
3385 2151 3399 2188 :
3420 2134 3568 2206 quia
3588 2148 3820 2203 magno-

2178 2237 2314 2277 rum
2343 2238 2528 2295 opera
2547 2227 2918 2293 cognoscunt
2933 2240 2969 2279 a
2992 2223 3244 2301 Domino
3265 2238 3372 2295 per
3394 2221 3679 2294 Spiritum
3700 2237 3819 2301 san:

2179 2314 2340 2366 ctum
2363 2311 2683 2381 dignanter
2708 2302 2918 2385 accipi.
2944 2298 3213 2367 Afferunt
3242 2316 3298 2369 et
3325 2327 3469 2366 suas
3500 2310 3723 2366 hostias
3751 2298 3820 2365 ad

2178 2399 2396 2455 atrium
2424 2400 2807 2457 sacerdotum
2853 2400 3193 2457 offerendas
3244 2399 3497 2456 Domino
3539 2404 3649 2473 pro‘
3696 2398 3817 2468 illis,

2178 2487 2326 2543 dum
2353 2488 2517 2544 bona
2536 2505 2674 2561 quae
2705 2489 3029 2561 praevalent
3055 2492 3392 2563 operantes,
3425 2488 3728 2560 majorum
3758 2503 3818 2541 ac

2178 2575 2515 2642 doctorum,
2536 2581 2592 2633 et
2612 2568 3048 2634 conﬁrmantur
3072 2576 3481 2634 exhortatione
3539 2582 3597 2633 et
3654 2576 3816 2632 inter-

2180 2666 2446 2721 cessione
2490 2667 2741 2722 Domino
2770 2668 3293 2724 commendantur.
3355 2665 3626 2723 Oﬁerunt
3656 2658 3818 2721 etiam

2179 2757 2320 2809 tunc
2340 2742 2565 2809 hostias
2582 2771 2723 2810 suas
2736 2740 3147 2813 sacerdotibus
3161 2771 3267 2827 per
3280 2770 3384 2810 eos
3401 2744 3654 2810 Domino
3670 2769 3817 2809 com-

2180 2842 2579 2909 mendandos,
2604 2860 2743 2899 cum
2766 2844 2987 2899 sanctis
3008 2843 3353 2917 quibusque
3376 2844 3689 2913 egentibus
3727 2858 3819 2896 nc-

2181 2931 2437 2986 cessaria
2470 2932 2677 2987 mundi
2706 2932 2907 3002 hiijus,
2925 2932 3148 3005 quibus
3171 2932 3285 3005 ipsi
3314 2931 3654 2999 abundant,
3678 2946 3821 2985 sum-
3894 2946 3903 2967 λ

2181 3037 2295 3075 ma?
2330 3020 2620 3076 mercedis
2642 3008 3145 3091 intuitu,Domino
3176 3008 3443 3077 tribuunt
3473 3021 3821 3077 admonente

2181 3126 2251 3165 ac
2280 3109 2511 3166 dicente
2542 3128 2553 3166 :
2590 3132 2617 3161 ‹‹
2650 3111 2844 3167 Facite
2874 3109 3047 3167 vobis
3071 3109 3299 3167 amicos
3349 3109 3423 3165 de
3480 3123 3822 3166 mammona

2180 3199 2524 3272 iniquitatis,
2546 3204 2608 3255 ut
2624 3216 2762 3255 cum
2783 3180 3135 3269 defeceritis,
3160 3199 3451 3272 recipiant
3466 3198 3653 3255 vosin
3669 3203 3821 3254 teter-
3904 3264 3905 3269 η

2180 3304 2263 3345 na
2286 3272 2856 3356 tabernacula(Luc.
2892 3289 3037 3367 xvx).
3064 3310 3091 3338 ››
3125 3291 3277 3345 Bene
3306 3288 3531 3344 atrium
3562 3286 3820 3343 sacerdo-

2182 3381 2308 3433 tum
2341 3376 2529 3433 tribus
2560 3376 2874 3433 ordinibus
2918 3376 3191 3449 lapidum
3231 3376 3583 3450 politorum,
3631 3370 3685 3431 et
3714 3368 3822 3430 uno

2181 3467 2389 3523 ordine
2411 3466 2711 3537 lignorum
2733 3466 2895 3522 cedri
2912 3465 3276 3523 aediﬁcatum
3294 3482 3427 3522 esse
3444 3468 3819 3521 memoratur.

2180 3559 2315 3612 Tres
2344 3557 2568 3629 quippe
2600 3542 2841 3611 ordines
2866 3561 3003 3611 sunt
3034 3555 3268 3633 lapides
3288 3552 3639 3629 politorum,
3664 3553 3820 3617 ﬁdes,

2182 3661 2339 3717 spes,
2381 3644 2747 3701 charitas.Et
2789 3653 2943 3701 recte
2987 3645 3333 3718 politorum,
3368 3642 3514 3716 quia
3558 3648 3715 3701 certa
3736 3656 3821 3697 ne-

2183 3733 2440 3789 cessaria
2468 3737 2554 3789 est
2574 3734 2811 3790 dicendi
2836 3734 3073 3790 solertia
3092 3750 3215 3806 qua
3235 3733 3497 3807 quisque
3530 3720 3821 3807 quomodo

2182 3823 2441 3887 credere,
2474 3822 2621 3894 quid
2652 3840 2892 3895 sperare
2917 3823 3042 3879 sive
3065 3822 3311 3892 diligere
3338 3822 3558 3878 debeat
3588 3822 3819 3891 dignos-

2182 3917 2297 3982 cat,
2322 3927 2477 3967 unus
2503 3915 2705 3968 autem
2722 3912 2871 3968 ordo
2908 3912 3211 3983 lignorum
3236 3912 3395 3968 cedri
3410 3912 3547 3985 ipsa
3571 3917 3657 3969 est
3676 3911 3823 3967 bona

2181 3999 2469 4074 operatio,
2495 4017 2564 4056 ac
2583 4001 2707 4057 sine
2727 4004 3107 4075 corruptione
3130 4000 3534 4058 simulationis
3553 3999 3820 4064 exhibita,

2183 4090 2308 4145 sine
2326 4089 2497 4161 cujus
2531 4091 3069 4163 superadjectione,
3116 4090 3287 4158 ﬁdes,
3342 4106 3502 4163 spes,
3561 4089 3823 4155 charitas,

2180 4195 2321 4234 vera
2352 4196 2481 4234 esse
2511 4195 2633 4234 non
2679 4179 2855 4236 valet.
2910 4179 3140 4236 Dictum
3187 4195 3452 4252 namque
3481 4183 3572 4235 est
3598 4178 3821 4252 saapius,

2182 4269 2348 4341 quod
2377 4269 2540 4339 ligna
2560 4269 2720 4325 cedri
2750 4273 2995 4342 propter
3020 4269 3223 4326 odoris
3247 4269 3506 4339 gratiam
3539 4274 3597 4326 et
3640 4256 3823 4340 impu-

2186 4359 2440 4415 tribilem
2469 4377 2593 4415 suae
2632 4366 2860 4416 naturae
2914 4360 3266 4433 potentiam,
3325 4348 3824 4433 perseverantiam

2185 4449 2534 4522 famamque
2564 4449 2675 4522 piae
2706 4449 3026 4519 designant
3056 4449 3325 4505 actionis.
3358 4454 3427 4505 At
3464 4446 3823 4517 hocatrium

2185 4555 2379 4611 usque
2406 4537 2666 4595 universi
2695 4538 3110 4595 conscendunt
3141 4539 3326 4605 electi,
3377 4539 3483 4611 qui
3514 4538 3657 4601 ﬁde,
3704 4550 3819 4608 spe.

2183 4628 2496 4685 dilectione
2523 4632 2702 4701 atque
2722 4644 2904 4702 opere
2933 4631 3053 4685 Deo
3084 4628 3319 4701 placere
3352 4632 3647 4702 appetunt
3676 4645 3689 4682 :
3718 4626 3823 4682 hoc

2182 4717 2301 4773 alta
2330 4718 2680 4774 meritorum
2713 4718 2902 4788 gratia
2934 4717 3369 4775 transcendunt
3397 4717 3661 4791 perfecti,
3694 4729 3823 4771 cum

2180 4808 2241 4861 in
2273 4809 2440 4862 tanto
2490 4804 2778 4862 virtutum
2834 4806 3095 4862 culmine
3154 4806 3497 4880 proﬁciunt,
3554 4811 3618 4863 ut
3639 4802 3823 4861 dicere

2182 4894 2304 4949 suis
2338 4893 2711 4950 auditoribus
2742 4895 2978 4969 possint
3012 4914 3024 4950 :
3052 4915 3082 4949 ‹
3113 4895 3443 4951 lmitatores
3493 4893 3685 4969 nostri,
3744 4907 3824 4963 es;

2181 4986 2318 5048 tote,
2352 4982 2503 5039 sicut
2522 4987 2578 5040 et
2602 4998 2713 5039 nos
2741 4984 2949 5041 Christi
2986 4985 3041 5056 (Ι
3065 4985 3203 5041 Cor.
3233 4984 3335 5063 1v):
3372 5006 3399 5034 »
3432 4983 3757 5054 gloriantur
3774 4980 3825 5034 et

2178 5070 2386 5128 dicunt
2417 5090 2430 5128 :
2466 5094 2494 5122 «
2526 5072 2773 5128 Nescitis
2804 5072 3098 5147 quoniam
3129 5072 3378 5143 angelos
3400 5070 3822 5144 judicabimus,

2178 5163 2407 5232 quanto
2434 5160 2629 5231 magis
2658 5160 2970 5218 saecularia
2990 5160 3017 5216 ‘I
3041 5161 3095 5231 (Ι
3122 5161 3259 5218 Cor.
3292 5166 3391 5227 vi.)
3420 5179 3449 5210 ι

2250 5308 2279 5335 ‹‹
2318 5291 2492 5343 Anno
2520 5291 2738 5360 quarto
2767 5286 3022 5344 fundata
3078 5291 3169 5341 est
3218 5287 3439 5343 domus
3485 5285 3739 5351 Domini,
3769 5282 3827 5337 in

2180 5397 2208 5424 ‹‹
2244 5390 2449 5431 mense
2471 5376 2659 5443 tertio,
2678 5380 2736 5431 et
2750 5376 2812 5431 in
2834 5384 2996 5432 anno
3013 5375 3337 5432 undecimo
3349 5388 3558 5431 mense
3577 5372 3824 5444 Bul,ipse

2180 5485 2207 5511 «
2241 5467 2327 5519 est
2350 5465 2573 5518 mensis
2617 5467 2887 5529 octavus,
2920 5463 3186 5537 perfecta
3211 5466 3298 5519 est
3324 5463 3545 5519 domus
3577 5462 3641 5518 in
3669 5456 3822 5516 enini

2181 5574 2208 5601 «
2243 5568 2421 5624 opere
2441 5552 2726 5619 suo,etin
2754 5551 3048 5608 universis
3084 5552 3459 5618 utensilibus,
3492 5547 3823 5606 aediﬁcavit-

2181 5661 2211 5690 «
2239 5657 2357 5711 que
2374 5656 2509 5697 eam
2532 5639 2706 5697 annis
2737 5644 2990 5713 septem.
3015 5660 3045 5691 η
3080 5643 3243 5697 Patet
3266 5639 3566 5711 allegoriae
3598 5650 3821 5700 sensus.

2179 5743 2370 5800 quare
2398 5728 2619 5785 domus
2649 5728 2886 5786 Domini
2939 5728 3239 5788 aediﬁcata
3274 5728 3349 5786 sit
3375 5726 3552 5786 annis
3578 5727 3822 5800 septem;
