3940 6414
147 222 246 277 437

1122 223 1379 283 ENARR.
1423 225 1491 280 IN
1533 222 1780 283 LIBROS
1818 222 2078 285 REGUM.
2120 256 2191 269 -—
2229 229 2298 283 IN
2340 228 2472 287 ιῖΒ.
2513 228 2603 283 ΙΙΙ.

3462 218 3469 223 ’
3499 234 3612 297 sas

146 343 291 418 quia
329 342 627 403 nimirum
663 350 872 403 sancta
912 345 1194 414 Ecclesia,
1244 351 1366 405 toto
1406 347 1591 419 hujus
1625 344 1832 403 saeculi
1860 347 1907 405 Α
1939 351 2186 407 nantem
2217 363 2254 405 a
2286 365 2370 415 se,
2402 348 2644 424 reliquit
2671 349 2736 406 in
2787 348 2979 408 terris.
3011 352 3142 411 Non
3177 354 3381 413 autem
3432 352 3606 411 laba.

148 438 436 508 tempore,
471 435 645 509 quod
676 441 905 509 septem
937 437 1171 493 dierum
1221 438 1471 493 circuitu
1505 437 1827 509 peragitur,

146 541 216 580 ex
244 524 452 582 electis
486 526 872 583 constituitur
902 527 1270 584 animabus?
1302 533 1359 583 et
1389 528 1449 584 in
1478 527 1597 583 ﬁne
1629 514 1830 583 seaculi

145 629 328 669 suum
355 630 610 688 quoque
631 620 1009 673 crementum
1041 616 1120 673 ad
1152 616 1338 674 ﬁnem
1360 616 1492 690 ipsa
1517 614 1824 689 perducit:

142 702 238 760 vel
268 710 451 774 certe,
484 709 717 779 septem
750 705 925 762 annis
955 706 1310 765 rediticatur.
1333 706 1413 765 ob
1445 705 1830 775 significatio-

143 810 286 850 nem
316 796 527 865 gratire
580 796 885 869 spiritalis,
932 813 1041 871 per
1082 813 1271 869 quam
1318 797 1575 854 Ecclesia
1629 796 1828 852 solum

144 887 210 939 ut
256 884 333 940 sit
364 885 629 942 Ecclesia
658 887 937 960 percipit;
966 892 1198 960 septem
1238 886 1462 961 quippe
1493 887 1657 942 dona
1698 885 1827 961 Spi-

147 979 238 1029 tus
268 975 465 1032 sancti
487 980 804 1034 enumerat
829 976 1034 1045 lsaias,
1065 976 1192 1032 sine
1246 977 1471 1050 quibus
1502 992 1685 1032 nemo
1735 975 1827 1032 vel

147 1062 338 1120 ﬁdelis
374 1064 572 1133 eﬁicii,
610 1066 700 1123 vel
756 1065 941 1122 ﬁdem
1000 1082 1262 1136 servare,
1295 1066 1385 1121 vel
1423 1066 1631 1122 merito
1662 1065 1827 1135 ﬁdei,

142 1152 222 1208 ad
252 1170 548 1212 coronam
571 1161 768 1230 potest
793 1156 1106 1230 pervenire
1126 1156 1390 1227 justitiae.
1423 1156 1596 1222 Quod
1622 1159 1826 1212 autem

142 1242 201 1298 in
232 1248 454 1302 octavo
485 1261 652 1302 anno
681 1250 739 1302 et
775 1246 835 1302 in
891 1250 1106 1303 octavo
1158 1246 1287 1316 ejus
1314 1261 1540 1311 mense,
1565 1246 1828 1319 perfecta

139 1336 230 1388 est
259 1332 487 1391 domus
517 1334 581 1390 in
612 1335 779 1391 omni
808 1350 988 1408 opere
1017 1351 1147 1401 suo,
1181 1340 1239 1390 et
1258 1335 1319 1390 in
1339 1334 1632 1390 universis
1661 1340 1827 1390 uten-

140 1421 379 1494 silibus,
409 1424 488 1481 ad
518 1424 790 1481 futurum
818 1424 1110 1480 sreculum
1132 1424 1416 1496 diemque
1434 1423 1663 1495 judicii,
1692 1441 1825 1498 per-

141 1510 316 1567 tinet:
351 1513 607 1585 quando
628 1513 707 1570 ad
739 1517 966 1572 tantam
994 1514 1122 1587 jam
1155 1513 1583 1586 perfectionem
1616 1518 1825 1572 sancta

139 1600 406 1659 Ecclesia
426 1603 753 1676 perveniet,
790 1608 855 1660 ut
890 1604 1058 1679 quod
1088 1604 1140 1660 ei
1163 1602 1426 1676 amplius
1456 1603 1654 1667 addici
1684 1620 1820 1677 pos-

1937 437 2207 495 randum‘
2223 437 2283 494 in
2312 439 2718 511 explanando,
2737 439 3049 512 quomodo
3073 439 3259 514 hujus
3280 441 3476 500 viduae
3502 442 3611 505 ﬁlii

1940 527 2130 581 sancti
2183 532 2321 584 sunt
2356 528 2803 605 praedicatores,
2836 545 2976 591 cum
3006 543 3220 587 omnes
3248 530 3418 589 electi
3448 547 3511 588 se
3532 531 3606 593 fi-

1935 614 2045 669 lios
2075 614 2374 674 fateantur
2401 616 2692 685 Ecclesiae,
2725 633 2866 675 cum
2895 617 3075 676 etiam
3101 617 3177 675 de
3203 618 3290 675 eis
3318 620 3605 693 praedica-

1936 703 2165 766 toribus
2195 706 2340 763 Novi
2370 705 2749 775 Testamenti,
2768 706 3101 780 specialiter
3127 708 3182 764 ei
3197 709 3604 785 promittatur,

1934 793 2167 853 dicente
2192 795 2520 869 Propheta:
2543 818 2569 849 «
2594 798 2711 852 Pro
2739 796 3015 870 patribus
3040 798 3157 855 tuis
3182 798 3308 861 nati
3330 804 3475 857 sunt
3493 800 3606 860 tibi

1934 881 2059 952 ﬁlii,
2079 884 2403 940 constitues
2434 901 2538 942 eos
2567 885 2871 959 principes
2891 902 3075 961 super
3103 903 3352 951 omnem
3380 891 3604 951 terram

1936 973 2125 1042 (Psal.
2154 976 2319 1045 xuv).
2341 993 2370 1027 ›
2404 996 2431 1025 ‹‹
2466 975 2625 1037 Fecit
2650 980 2854 1033 autem
2885 976 3087 1034 Hiram
3110 993 3291 1035 omne
3320 994 3475 1053 opus
3504 982 3605 1038 Sa-

1932 1061 2215 1120 lorxonis.
2246 1083 2275 1111 »
2322 1064 2472 1129 Quia
2519 1064 2807 1123 nimirum
2852 1065 3132 1124 doctores
3190 1068 3403 1140 sancti,
3451 1069 3603 1129 dum

1934 1152 2265 1208 ministerio
2291 1153 2456 1209 verbi
2487 1153 2740 1211 fideliter
2761 1154 3065 1227 insistunt,
3095 1172 3253 1230 opus
3274 1158 3481 1233 utique
3500 1158 3605 1225 Dei

1932 1247 2279 1314 operantur.
2323 1242 2622 1309 Quoniam
2652 1242 2765 1299 illis
2796 1243 3108 1318 loquendo
3134 1245 3281 1303 foris
3307 1247 3470 1304 viam
3496 1264 3601 1305 ve-

1931 1330 2117 1388 ritatis
2166 1331 2463 1407 aperiunt,
2496 1349 2651 1406 quos
2705 1332 2865 1389 intus
2920 1333 3279 1397 illustrando
3334 1336 3465 1411 ipse
3518 1337 3600 1395 ad

1932 1420 2094 1476 viam
2133 1421 2562 1493 praeordinavit
2590 1426 2893 1478 aeternam.
2941 1444 2971 1473 κ
3007 1425 3150 1494 Ego,
3183 1422 3396 1499 inquit,
3429 1425 3601 1499 plan-

1930 1510 2073 1578 tavi,
2119 1510 2333 1585 Apollo
2400 1512 2634 1582 rigavit,
2691 1515 2849 1570 Deus
2903 1516 3108 1571 autem
3158 1513 3600 1573 incrementum

1930 1598 2095 1654 dedit
2122 1600 2181 1669 (Ι
2201 1600 2339 1657 Cor.
2372 1602 2474 1672 iu).
2511 1623 2540 1651 »
2572 1632 2642 1642 —-
2671 1622 2701 1651 ‹‹
2735 1600 2890 1658 Fecit
2917 1601 3034 1661 hoc
3086 1618 3244 1677 opus
3293 1618 3367 1660 ex
3395 1618 3535 1673 tere,
3570 1626 3599 1655 ιο

138 1689 212 1746 sit
260 1690 539 1749 invenire
572 1709 697 1749 non
724 1694 919 1767 possit
949 1710 961 1749 :
994 1692 1246 1750 habebit
1274 1692 1436 1749 enim
1485 1696 1624 1748 tunc
1652 1693 1822 1766 quod
1857 1702 1903 1769 Β
1929 1687 2075 1763 quia
2123 1688 2236 1747 illis
2287 1690 2657 1751 committere
2684 1690 2943 1749 verbum
2970 1691 3186 1766 quaerit
3221 1692 3432 1751 doctor
3461 1698 3604 1752 stre-

136 1779 275 1849 pius
302 1779 403 1836 ille
443 1781 815 1839 desiderator
847 1782 1107 1856 supplex
1137 1798 1173 1839 a
1205 1780 1458 1839 Domino
1489 1782 1822 1855 quaerebat,

135 1868 382 1926 dicens:
414 1894 441 1921 ι(
481 1872 751 1935 Domine,
780 1872 1028 1928 ostende
1052 1871 1227 1928 nobis
1253 1876 1488 1946 patrem
1522 1876 1579 1929 et
1606 1871 1825 1928 sufﬁcit

136 1958 317 2014 nobis
362 1962 568 2029 (Joan.
602 1964 741 2019 λινᾶ.
768 1984 796 2011 ››
829 1962 943 2018 Sed
992 1977 1115 2019 non
1148 1961 1593 2017 contemnenda
1623 1962 1820 2018 nasci-

136 2051 232 2103 tur
283 2050 569 2121 qutestio,
598 2051 911 2123 quomodo
964 2050 1201 2109 dicatur
1231 2052 1454 2107 domus
1486 2051 1722 2108 Domini
1760 2052 1822 2115 in

137 2153 350 2194 mense
377 2140 639 2212 septimo
657 2139 1101 2198 dedicationem
1120 2156 1253 2195 esse
1277 2140 1329 2211 ej
1340 2157 1407 2196 us
1432 2139 1819 2212 completam.

136 2241 351 2282 mense
379 2233 596 2285 octavo
646 2229 909 2305 perfecta
965 2228 1028 2286 in
1058 2229 1224 2287 omni
1257 2244 1438 2302 Opere
1479 2244 1611 2299 suo,
1655 2234 1715 2285 et
1757 2230 1821 2291 in

138 2316 443 2372 universis
478 2318 859 2386 utensilibus,
894 2335 1032 2374 cum
1072 2318 1133 2373 in
1168 2317 1560 2391 sequentibus
1585 2317 1683 2390 leg
1701 2323 1820 2376 lllll‘

138 2409 344 2478 Neque
375 2411 581 2464 autem
611 2407 897 2464 credibile
944 2412 1036 2465 est
1091 2407 1258 2481 quod
1291 2412 1521 2480 septem
1568 2408 1817 2485 quidem

135 2510 211 2550 an
220 2495 316 2550 nis
335 2496 631 2569 templum
650 2497 1037 2554 aediﬁcaverit
1055 2496 1362 2562 Salomon,
1376 2502 1591 2553 octavo
1606 2513 1815 2555 mense

134 2583 332 2640 octavi
360 2586 508 2641 anni
537 2585 869 2657 perfecerit,
889 2585 995 2642 sed
1013 2601 1203 2657 usque
1225 2584 1552 2658 septimum
1581 2602 1813 2642 annum

132 2673 276 2728 novi
307 2674 537 2731 mensis
564 2674 1008 2732 dedicationem
1029 2674 1288 2749 perfecte
1310 2673 1623 2731 distulerit.
1646 2673 1812 2732 Unde

131 2762 343 2835 potius
370 2764 692 2821 verisimile
724 2765 958 2823 videtur
987 2764 1240 2821 domum
1274 2768 1505 2837 septem
1531 2764 1708 2823 annis
1740 2781 1811 2822 ac

129 2857 367 2924 septem
398 2854 717 2917 mensibus
752 2854 1135 2920 aediﬁcatam,
1169 2854 1250 2910 ita
1274 2858 1335 2910 ut
1355 2853 1571 2910 eodem
1597 2870 1809 2910 mense

127 2941 396 3013 septimo
448 2942 844 2999 dedicationis
888 2943 960 2998 sit
989 2942 1289 2999 celebrata
1334 2942 1704 3012 solemnitas,
1736 2960 1808 3000 ac

1931 1792 2113 1848 nuus,
2140 1778 2243 1850 qui
2280 1778 2396 1835 hoc
2424 1779 2521 1853 pie
2548 1780 2855 1854 suscipere
2881 1796 2954 1838 ac
2998 1787 3455 1856 perseveranter
3502 1799 3602 1839 cu-

1930 1866 2150 1923 stodire
2171 1867 2533 1933 desiderant,
2562 1869 2791 1943 quippe
2840 1870 3023 1931 etiam
3052 1870 3182 1929 aliis
3206 1871 3600 1945 praedicando

1928 1954 2107 2015 latius
2131 1956 2469 2021 diffamare,
2501 1974 2759 2032 quaeque
2779 1958 2894 2032 ipsi
2918 1958 3409 2018 didicerintrecta
3437 1967 3600 2021 sata.-

1929 2049 2099 2115 gunt,
2132 2046 2286 2107 ίΕι-ἱε
2310 2061 2577 2121 namque
2608 2046 2920 2107 metallum
2949 2047 3126 2105 valde
3160 2063 3291 2109 esse
3319 2048 3597 2109 durabile

1929 2139 2180 2203 constat,
2213 2139 2393 2207 atque
2423 2135 2781 2193 omnimodo
2812 2151 3126 2203 sonorum.

2000 2243 2032 2281 ‹
2060 2227 2127 2281 Et
2150 2224 2322 2282 ﬁnxit
2358 2225 2513 2282 duas
2540 2225 2855 2284 columnas
2884 2243 3097 2296 cereas,
3123 2225 3335 2285 decem
3374 2232 3431 2286 et
3456 2231 3594 2289 octo

1926 2335 1953 2362 «
2003 2313 2346 2373 cubitorum
2395 2315 2725 2377 altitudinis
2776 2315 3125 2375 columnam
3178 2320 3521 2392 utramque.
3559 2338 3591 2375 ι

1927 2406 2023 2458 Hae
2056 2408 2195 2458 sunt
2225 2404 2524 2460 columnae
2555 2404 2630 2461 de
2659 2405 2882 2479 quibus
2912 2405 3131 2471 Paulus
3150 2407 3264 2471 ait:
3292 2407 3591 2467 «Jacobus

1922 2496 1981 2548 et
2012 2493 2263 2567 Cephas,
2297 2498 2354 2551 et
2393 2496 2673 2564 Joannes,
2728 2493 2835 2567 qui
2876 2494 3238 2555 videbantur
3292 2495 3591 2559 columnae

1920 2597 2072 2648 esse,
2122 2581 2364 2640 dextras
2413 2582 2712 2641 dederunt
2738 2583 2888 2641 mihi
2934 2588 2993 2642 et
3015 2584 3310 2645 Barnabas
3339 2585 3591 2645 societa-

1921 2670 2025 2726 tis:
2050 2676 2114 2728 ut
2142 2687 2255 2729 nos
2281 2672 2341 2729 in
2372 2677 2611 2743 gentes;
2645 2672 2727 2731 illi
2751 2678 2955 2732 autem
2982 2673 3044 2730 in
3071 2674 3591 2734 circumcisionem

1918 2759 2081 2828 (Gal.
2114 2761 2193 2832 ιι).
2230 2784 2258 2812 ››
2311 2760 2541 2829 Quibus
2575 2761 2771 2819 verbis
2817 2762 2993 2836 quasi
3022 2778 3322 2836 exponere
3350 2763 3588 2821 videtur

1917 2848 2271 2921 mysterium
2318 2849 2741 2911 columnarum
2782 2850 3207 2925 materialium,
3235 2855 3293 2908 et
3318 2852 3468 2926 quid
3494 2852 3584 2915 Vi-

1915 2936 2129 2994 delicet
2143 2937 2571 3008 ﬁguraverunt,
2591 2944 2651 2996 et
2671 2955 2860 3013 quare
2880 2940 3017 3003 duae
3039 2940 3157 3001 sint
3183 2941 3382 3013 factm,
3404 2957 3585 3018 apos-

124 3030 225 3086 die
260 3030 549 3089 vicesimo
582 3033 753 3091 tertio
782 3032 971 3106 ipsius
997 3033 1223 3089 mensis
1243 3035 1331 3099 (ut
1358 3031 1548 3116 Verba
1569 3032 1805 3091 dierum
1843 3058 1885 3116 ο
1914 3025 2070 3116 t01_0_s
2102 3042 2391 3116 namque,
2421 3031 2495 3116 et,
2525 3027 2801 3116 doctores
2825 3034 3102 3116 cinctos
3132 3028 3471 3103 spirituales
3501 3030 3582 3088 si-

123 3123 400 3194 narrant)
430 3121 694 3197 populos
727 3121 1012 3179 Salomon
1042 3122 1122 3178 ad
1153 3112 1549 3178 tabernacula
1566 3138 1679 3179 sua
1716 3122 1803 3179 di-

122 3210 377 3266 miserit.
395 3211 610 3285 Sicque
635 3217 774 3283 post
802 3227 989 3268 unam
1013 3211 1417 3285 septimanam
1443 3210 1802 3269 adveniente

122 3314 335 3355 mense
366 3306 603 3369 octavo,
627 3300 890 3373 perfecta
915 3300 1159 3357 inventa
1186 3299 1261 3355 sit
1290 3299 1510 3355 domus
1541 3301 1799 3369 Domini,

120 3392 180 3443 et
209 3388 500 3461 operibus
530 3389 809 3446 videlicet
835 3389 965 3461 ejus
997 3390 1059 3444 in
1093 3389 1400 3456 universis,
1434 3393 1492 3445 et
1536 3388 1674 3462 ipsa
1700 3388 1802 3445 de-

119 3477 425 3534 dicatione
457 3480 625 3552 prius
656 3479 977 3554 completa.
1002 3478 1121 3535 Nisi
1155 3479 1299 3534 forte
1330 3477 1672 3551 putandum
1689 3483 1797 3548 est,

117 3567 414 3639 praedicto
440 3569 667 3643 templo
697 3568 928 3642 aliquid
976 3568 1176 3624 adhuc
1202 3567 1551 3624 utensilium
1591 3567 1654 3623 in
1684 3569 1798 3624 mi—

118 3658 376 3715 nisteria
408 3660 459 3731 ej
472 3676 538 3715 us
569 3659 846 3716 additum
877 3658 1097 3715 fuisse:
1134 3664 1318 3731 utque
1350 3657 1429 3713 ad
1457 3658 1798 3729 ingressum

116 3748 321 3803 octavi
345 3749 594 3820 mensis,
628 3748 999 3804 accelerante
1025 3764 1186 3817 rege,
1214 3751 1280 3802 ut
1307 3746 1558 3803 omnino
1587 3763 1799 3805 mense

115 3837 383 3909 septimo
410 3837 540 3910 (qui
592 3843 718 3895 erat
770 3843 927 3894 totus
967 3837 1277 3902 solemnis)
1303 3835 1599 3910 templum
1628 3836 1795 3893 dedi-

110 3931 388 3983 caretur:
420 3932 601 4000 atque
638 3927 719 3983 ita
760 3944 966 3984 verum
1012 3925 1345 3998 reperiatur
1385 3928 1710 3999 utrumque
1740 3930 1798 3983 et

106 4014 414 4087 templum
447 4016 951 4073 videlicetoctavo
976 4031 1183 4073 mense
1200 4015 1263 4070 in
1279 4029 1461 4086 opere
1478 4030 1589 4070 suo
1611 4019 1794 4087 atque

105 4104 478 4162 utensilibus
510 4106 866 4180 perfectum,
901 4111 959 4163 et
1006 4106 1068 4162 in
1099 4105 1232 4178 ipso
1276 4103 1533 4177 septimo
1583 4119 1791 4161 mense

103 4194 483 4252 dedicatum.

757 4375 983 4431 CAPUT
1035 4375 1145 4430 Vll.

182 4573 210 4600 ιι
242 4550 395 4608 Misit
437 4567 685 4625 quoque
734 4568 839 4608 rex
894 4550 1181 4607 Salomon
1210 4552 1268 4606 et
1322 4547 1454 4606 tulit
1478 4549 1681 4608 Hiram
1709 4550 1785 4608 de

104 4662 133 4688 ιι
179 4640 363 4712 Tyra,
393 4640 584 4698 lilium
615 4640 883 4699 mulieris
929 4640 1123 4697 viduae
1155 4654 1227 4694 ex
1271 4638 1429 4695 tribu
1471 4638 1784 4711 Nephthali

104 4750 135 4776 «
179 4732 355 4801 patre
386 4729 582 4802 Tyrio,
616 4729 904 4786 artiﬁcem
934 4727 1234 4796 aerarium,
1259 4725 1510 4800 plenum
1545 4727 1785 4800 sapien-

102 4838 131 4864 κ
179 4815 297 4882 tiae,
332 4820 392 4872 et
418 4816 819 4889 intelligentiae
858 4822 916 4873 et
968 4815 1257 4871 doctrinm
1302 4815 1380 4872 ad
1438 4813 1785 4875 faciendum

101 4927 131 4950 α
177 4920 365 4961 omne
395 4921 551 4980 opus
582 4922 658 4963 ex
686 4922 821 4962 aere.
858 4904 970 4971 Qui
1003 4920 1141 4965 cum
1184 4904 1443 4960 venisset
1470 4903 1550 4962 ad
1580 4920 1785 4974 regem

99 5016 130 5043 α
178 4994 595 5059 Salomonem,
613 4996 751 5052 fecit
778 5011 959 5055 omne
989 5011 1144 5067 opus
1174 4995 1225 5064 ej
1237 5011 1364 5049 us.»
1393 4997 1459 5050 Et
1486 4995 1601 5051 hoc
1626 5012 1785 5068 mys-

97 5084 233 5139 terii
259 5085 455 5154 gratia
483 5084 713 5145 factum
738 5089 824 5141 est
843 5103 857 5142 :
892 5084 1101 5147 artifex
1121 5084 1347 5157 quippe
1367 5083 1578 5156 Tyrius
1598 5100 1783 5157 quem

96 5174 453 5246 adjutorem
496 5174 784 5235 Salomon
837 5174 929 5235 sui
959 5174 1292 5246 assumpsit
1316 5173 1535 5246 operis,
1564 5173 1783 5231 electos

96 5261 176 5319 de
209 5263 496 5335 gentibus
542 5263 713 5321 verbi
741 5264 1048 5321 ministros
1081 5262 1396 5331 signiﬁcat.
1429 5261 1541 5328 Qui
1578 5260 1785 5318 videli-

98 5356 194 5411 cet
224 5352 441 5415 artifex
468 5352 720 5425 pulchre
767 5353 985 5410 dicitur
1009 5351 1154 5424 quia
1174 5350 1334 5406 ﬁlius
1367 5354 1494 5408 erat
1518 5350 1784 5407 mulieris

103 5443 300 5502 vidum
326 5443 404 5500 de
434 5443 637 5512 Israel,
660 5443 723 5499 in
739 5458 864 5516 qua
879 5457 1147 5516 persona
1172 5441 1320 5497 solet
1338 5455 1783 5512 nonnunquam

98 5534 419 5611 praesentis
451 5532 742 5607 temporis
774 5530 1036 5591 Ecclesxa
1087 5529 1363 5601 ﬁgurari:
1397 5544 1508 5604 pro
1546 5545 1670 5604 qua
1698 5528 1785 5586 vir

100 5644 270 5697 suus,
298 5624 584 5687 videlicet
615 5622 903 5691 Christus,
943 5624 1134 5679 morte
1163 5624 1401 5690 gustata
1436 5619 1781 5690 resurrexit,

98 5721 285 5793 atque
313 5716 377 5787 in
432 5713 626 5773 caelos
657 5712 1019 5785 ascendens,
1050 5726 1189 5770 eam
1233 5709 1473 5768 interim
1523 5709 1785 5787 peregri-

1913 3113 2203 3183 gniﬁcant
2228 3114 2409 3173 fortes
2439 3114 2727 3173 nimirum
2756 3114 2876 3173 ﬁde
2903 3119 3086 3189 atque
3116 3131 3318 3188 opere.
3346 3121 3405 3176 et
3432 3133 3580 3179 con~

1913 3201 2302 3274 templatione
2332 3202 2410 3261 ad
2441 3218 2707 3278 superna
2734 3207 2985 3263 erectos.
3012 3204 3156 3262 Duae
3187 3209 3329 3265 sunt
3351 3209 3575 3276 autem,

1910 3295 1976 3345 ut
2003 3295 2061 3348 et
2083 3296 2291 3361 gentes
2327 3295 2385 3347 et
2414 3291 2938 3351 circumcisionem
2960 3292 3350 3369 praedicando
3379 3293 3442 3352 in
3472 3297 3579 3353 Ec.

1910 3380 2153 3441 clesiam
2183 3379 2587 3437 introducant.
2614 3380 2866 3441 Stabant
2892 3382 2955 3441 in
2979 3382 3218 3458 porticu
3247 3388 3387 3443 ante
3416 3383 3577 3445 fores

1907 3469 2135 3544 templi,
2164 3475 2221 3527 et
2245 3470 2589 3542 ingressum
2643 3471 2800 3529 illius
2831 3489 2941 3530 suo
2980 3474 3199 3535 decore
3224 3488 3295 3531 ac
3314 3473 3578 3548 pulchri-

1907 3560 2135 3632 tudine,
2181 3576 2254 3617 ex
2307 3566 2560 3634 utraque
2617 3567 2786 3636 parte
2844 3562 3200 3625 mirabiliter
3249 3564 3574 3629 ornabant.

1907 3650 2136 3707 Ostium
2196 3656 2397 3708 autem
2447 3651 2653 3726 templi
2708 3653 2999 3712 Dominus
3042 3657 3151 3726 est,
3193 3654 3342 3730 quia
3390 3670 3574 3716 nemo

1904 3740 2067 3799 venit
2094 3741 2173 3797 ad
2204 3744 2433 3798 Patrem
2462 3741 2577 3799 nisi
2602 3758 2709 3815 per
2751 3743 2959 3818 ipsum
2990 3744 3187 3818 (Joan.
3217 3744 3359 3817 xw).
3384 3747 3454 3807 Et
3498 3744 3575 3807 εἰς

1904 3835 2005 3888 cut
2055 3830 2194 3889 alibi
2235 3831 2484 3889 dieitur:
2520 3854 2547 3885 ί(
2578 3836 2699 3906 Ego
2729 3850 2866 3895 sum
2921 3834 3169 3905 ostium,
3219 3849 3325 3907 per
3367 3849 3470 3897 me
3520 3834 3573 3901 Ii

1902 3921 2038 3995 quis
2067 3920 2373 3991 introierit,
2405 3921 2741 3980 salvabitur
2766 3923 2960 3995 (Joan.
2990 3932 3073 3993 χ).
3103 3945 3131 3975 ››
3160 3923 3267 3983 Cui
3294 3922 3572 3986 videlicet

1901 4011 2058 4068 ostio
2085 4010 2382 4069 columnae
2403 4010 2482 4068 ab
2506 4016 2761 4086 utroque
2782 4013 2965 4075 latere
2994 4030 3204 4075 coram
3232 4013 3442 4087 posita
3466 4013 3571 4075 cir-

1900 4104 2225 4168 cumstant,
2254 4116 2392 4156 cum
2424 4100 2680 4158 ministri
2710 4104 3025 4169 sermonis,
3060 4104 3294 4178 utrique
3335 4102 3567 4178 populo

1896 4189 2206 4249 introitum
2233 4190 2404 4261 regni
2449 4191 2705 4253 caelestis
2736 4194 3081 4264 ostendunt.
3113 4197 3177 4255 ut
3215 4193 3338 4257 sive
3366 4209 3405 4257 Β,
3432 4192 3567 4257 luce

1897 4277 2165 4334 scientia:
2192 4276 2402 4348 legalis
2430 4280 2709 4355 quisque,
2741 4281 2863 4343 sive
2890 4299 2967 4342 ex
2993 4283 3188 4354 rigore
3214 4280 3565 4356 gentilitatis

1818 4415 1861 4468 Β
1896 4367 1975 4468 ad
1996 4365 2190 4468 ﬁdem
2212 4367 2517 4468 Evangelii
2534 4370 2780 4468 venerit,
2804 4372 3034 4437 habent
3054 4377 3301 4468 paratos
3326 4388 3432 4435 eos
3456 4370 3565 4468 qui

1894 4457 2011 4519 sibi
2037 4457 2148 4519 iter
2177 4456 2387 4515 salutis
2416 4462 2473 4521 et
2501 4459 2689 4523 verbo
2716 4461 3133 4528 demonstrent
3161 4467 3219 4525 et
3243 4462 3556 4537 exemplo:

1892 4546 1988 4604 vel
2018 4551 2175 4604 certe
2201 4546 2347 4621 quia
2370 4547 2447 4607 de
2471 4549 2702 4613 eisdem
2724 4552 3025 4611 columnis
3055 4552 3117 4615 in
3145 4552 3303 4615 libro
3334 4552 3561 4615 Parali-

1892 4632 2201 4709 pomenon
2228 4636 2312 4696 ita
2336 4638 2629 4713 scriptum
2659 4644 2783 4699 est:
2806 4663 2835 4694 α
2857 4645 3026 4715 Ipsus
3055 4657 3301 4715 quoque
3329 4640 3562 4701 colum-

1892 4741 2005 4785 nas
2032 4725 2234 4800 posuit
2276 4725 2340 4785 in
2370 4726 2663 4789 vestibulo
2689 4728 2916 4803 templi,
2945 4745 3137 4793 unum
3166 4726 3473 4794 adextris.
3502 4733 3563 4789 et

1893 4815 2144 4874 alteram
2188 4831 2225 4873 a
2278 4814 2535 4877 sinistris
2567 4818 2655 4889 (II
2676 4819 2827 4881 Par.
2860 4824 2965 4887 ιιι).
3010 4840 3043 4873 ιο
3073 4818 3215 4876 Ideo
3244 4821 3389 4877 sunt
3418 4816 3559 4877 duo

1891 4904 2064 4963 facta:
2096 4904 2416 4973 columnae,
2454 4912 2637 4982 atque
2655 4907 2741 4966 ita
2767 4907 3094 4980 disposita,
3121 4912 3189 4965 ut
3212 4906 3389 4967 nobis
3416 4910 3477 4965 et
3493 4906 3560 4967 in

1891 4994 2217 5068 prosperis.
2240 4999 2295 5052 et
2323 4994 2385 5051 in
2405 4995 2694 5063 adversis,
2710 4997 3053 5069 ingressum
3067 4996 3278 5071 patria
3298 4996 3557 5056 allecti:

1891 5089 2029 5145 ante
2057 5083 2265 5141 oculos
2295 5086 2515 5143 mentis
2542 5086 2898 5151 habendum
2950 5103 3088 5147 esse
3130 5086 3416 5147 doceant.
3442 5089 3560 5149 No-

1891 5172 2145 5237 tandum
2166 5187 2311 5229 sane
2325 5172 2388 5229 in
2403 5173 2517 5231 hac
2538 5175 2833 5235 sententia
2848 5176 3353 5251 Paralipomenon
3365 5192 3559 5250 quam

1891 5262 2085 5337 posui.
2118 5262 2286 5335 quod
2317 5278 2389 5319 ea
2416 5265 2682 5337 porticus
2723 5265 2953 5340 templi.
2983 5268 3166 5327 etiam
3195 5265 3558 5326 vestibulum

1892 5350 2099 5425 templi
2125 5350 2478 5424 vocabatur,
2508 5357 2566 5413 et
2604 5354 2775 5428 quod
2812 5355 2880 5413 in
2926 5355 3237 5431 prophetis
3274 5354 3555 5427 legimus,

1890 5441 2037 5515 quia
2064 5440 2216 5498 inter
2247 5441 2607 5507 vestibulum
2633 5444 2840 5518 templi
2867 5449 2928 5507 et
2958 5445 3145 5505 altare
3170 5444 3435 5502 orabant
3460 5459 3556 5503 sa:

1893 5528 2182 5596 cerdotes,
2211 5529 2321 5587 iter
2356 5532 2655 5603 porticum
2682 5538 2743 5590 et
2786 5533 2973 5593 altera
3022 5533 3243 5593 debere
3288 5532 3555 5605 intelligi.

1895 5620 2051 5679 Bene
2081 5622 2287 5677 autem
2316 5622 2572 5695 utraque
2599 5621 2889 5685 columns
2933 5622 3271 5689 octodecim
3318 5622 3560 5680 subitos

1898 5707 2225 5775 altitudinis
2252 5707 2479 5775 habere
2506 5715 2897 5779 memoratur.
2918 5716 3028 5774 Ter
3050 5713 3274 5772 etenim
3306 5712 3434 5771 seni
3458 5710 3562 5772 de-
