  <div class='ocr_page' id='page_1' title='image "/cluster/home/n/w/nwhite01/storage/ocr_20150623/115-116/uc1.31175006916467/227.png"; bbox 0 0 3940 6400; ppageno 0'>
   <div class='ocr_carea' id='block_1_1' title="bbox 365 267 474 321">
    <p class='ocr_par' dir='ltr' id='par_1_1' title="bbox 365 267 474 321">
     <span class='ocr_line' id='line_1_1' title="bbox 365 267 474 321; baseline 0 -1"><span class='ocrx_word' id='word_1_1' title='bbox 365 267 474 321; x_wconf 79' lang='grc'><strong>439</strong></span> 
     </span>
    </p>
   </div>
   <div class='ocr_carea' id='block_1_2' title="bbox 1458 251 2686 312">
    <p class='ocr_par' dir='ltr' id='par_1_2' title="bbox 1458 251 2686 312">
     <span class='ocr_line' id='line_1_2' title="bbox 1458 251 2686 312; baseline 0 -2"><span class='ocrx_word' id='word_1_2' title='bbox 1458 251 1817 310; x_wconf 81' lang='lat' dir='ltr'><strong>ANGELOMI</strong></span> <span class='ocrx_word' id='word_1_3' title='bbox 1858 251 2329 311; x_wconf 82' lang='lat' dir='ltr'><strong>LUXOVIENSIS</strong></span> <span class='ocrx_word' id='word_1_4' title='bbox 2371 253 2686 312; x_wconf 80' lang='lat' dir='ltr'><strong>MONACHI</strong></span> 
     </span>
    </p>
   </div>
   <div class='ocr_carea' id='block_1_3' title="bbox 3684 251 3779 305">
    <p class='ocr_par' dir='ltr' id='par_1_3' title="bbox 3684 251 3779 305">
     <span class='ocr_line' id='line_1_3' title="bbox 3684 251 3779 305; baseline 0.011 -1"><span class='ocrx_word' id='word_1_5' title='bbox 3684 251 3779 305; x_wconf 68' lang='grc'><strong>440</strong></span> 
     </span>
    </p>
   </div>
   <div class='ocr_carea' id='block_1_4' title="bbox 368 372 3781 450">
    <p class='ocr_par' dir='ltr' id='par_1_4' title="bbox 368 372 3781 450">
     <span class='ocr_line' id='line_1_4' title="bbox 368 372 3781 450; baseline -0.005 -6"><span class='ocrx_word' id='word_1_6' title='bbox 368 404 499 444; x_wconf 86' lang='lat' dir='ltr'><strong>cem</strong></span> <span class='ocrx_word' id='word_1_7' title='bbox 528 391 585 442; x_wconf 85' lang='lat' dir='ltr'><strong>et</strong></span> <span class='ocrx_word' id='word_1_8' title='bbox 613 388 747 441; x_wconf 91' lang='lat' dir='ltr'><strong>octo</strong></span> <span class='ocrx_word' id='word_1_9' title='bbox 777 383 1021 440; x_wconf 83' lang='lat' dir='ltr'><strong>faciunt.</strong></span> <span class='ocrx_word' id='word_1_10' title='bbox 1065 381 1195 436; x_wconf 88' lang='lat' dir='ltr'><strong>Tria</strong></span> <span class='ocrx_word' id='word_1_11' title='bbox 1220 395 1361 435; x_wconf 89' lang='lat' dir='ltr'><strong>vero</strong></span> <span class='ocrx_word' id='word_1_12' title='bbox 1393 378 1470 434; x_wconf 91' lang='lat' dir='ltr'><strong>ad</strong></span> <span class='ocrx_word' id='word_1_13' title='bbox 1521 377 1704 433; x_wconf 91' lang='lat' dir='ltr'><strong>ﬁdem</strong></span> <span class='ocrx_word' id='word_1_14' title='bbox 1735 374 2032 448; x_wconf 80' lang='lat' dir='ltr'><strong>pertinent</strong></span> <span class='ocrx_word' id='word_1_15' title='bbox 2061 376 2109 428; x_wconf 83' lang='grc' dir='ltr'>Α</span> <span class='ocrx_word' id='word_1_16' title='bbox 2142 377 2430 449; x_wconf 65' lang='grc' dir='ltr'><strong>ρνεεὺθηῑ.</strong></span> <span class='ocrx_word' id='word_1_17' title='bbox 2462 402 2489 427; x_wconf 92' lang='grc'><strong>‹‹</strong></span> <span class='ocrx_word' id='word_1_18' title='bbox 2518 380 2773 450; x_wconf 82' lang='lat' dir='ltr'><strong>Septena</strong></span> <span class='ocrx_word' id='word_1_19' title='bbox 2803 392 3086 432; x_wconf 76' lang='lat' dir='ltr'><strong>versuum</strong></span> <span class='ocrx_word' id='word_1_20' title='bbox 3116 372 3400 431; x_wconf 89' lang='lat' dir='ltr'><strong>retiacula</strong></span> <span class='ocrx_word' id='word_1_21' title='bbox 3428 373 3486 428; x_wconf 91' lang='lat' dir='ltr'><strong>in</strong></span> <span class='ocrx_word' id='word_1_22' title='bbox 3518 372 3781 444; x_wconf 88' lang='lat' dir='ltr'><strong>capitello</strong></span> 
     </span>
    </p>
   </div>
   <div class='ocr_carea' id='block_1_5' title="bbox 366 465 2031 550">
    <p class='ocr_par' dir='ltr' id='par_1_5' title="bbox 366 465 2031 550">
     <span class='ocr_line' id='line_1_5' title="bbox 366 465 2031 550; baseline -0.009 -18"><span class='ocrx_word' id='word_1_23' title='bbox 366 480 610 550; x_wconf 79' lang='lat' dir='ltr'><strong>propter</strong></span> <span class='ocrx_word' id='word_1_24' title='bbox 642 478 917 528; x_wconf 89' lang='lat' dir='ltr'><strong>sanctam</strong></span> <span class='ocrx_word' id='word_1_25' title='bbox 944 469 1304 526; x_wconf 77' lang='lat' dir='ltr'><strong>Trinitatem.</strong></span> <span class='ocrx_word' id='word_1_26' title='bbox 1351 469 1461 522; x_wconf 91' lang='lat' dir='ltr'><strong>Sex</strong></span> <span class='ocrx_word' id='word_1_27' title='bbox 1499 466 1576 522; x_wconf 88' lang='lat' dir='ltr'><strong>ad</strong></span> <span class='ocrx_word' id='word_1_28' title='bbox 1620 465 2031 537; x_wconf 81' lang='lat' dir='ltr'><strong>operationem</strong></span> 
     </span>
    </p>
   </div>
   <div class='ocr_carea' id='block_1_6' title="bbox 368 552 2032 638">
    <p class='ocr_par' dir='ltr' id='par_1_6' title="bbox 368 552 2032 638">
     <span class='ocr_line' id='line_1_6' title="bbox 368 552 2032 638; baseline -0.009 -17"><span class='ocrx_word' id='word_1_29' title='bbox 368 565 535 638; x_wconf 90' lang='lat' dir='ltr'><strong>quod</strong></span> <span class='ocrx_word' id='word_1_30' title='bbox 565 563 624 618; x_wconf 94' lang='lat' dir='ltr'><strong>in</strong></span> <span class='ocrx_word' id='word_1_31' title='bbox 653 579 724 617; x_wconf 90' lang='lat' dir='ltr'><strong>eo</strong></span> <span class='ocrx_word' id='word_1_32' title='bbox 753 561 985 616; x_wconf 90' lang='lat' dir='ltr'><strong>dierum</strong></span> <span class='ocrx_word' id='word_1_33' title='bbox 1008 573 1261 613; x_wconf 85' lang='lat' dir='ltr'><strong>numero</strong></span> <span class='ocrx_word' id='word_1_34' title='bbox 1281 555 1546 612; x_wconf 87' lang='lat' dir='ltr'><strong>mundus</strong></span> <span class='ocrx_word' id='word_1_35' title='bbox 1571 555 1644 610; x_wconf 92' lang='lat' dir='ltr'><strong>sit</strong></span> <span class='ocrx_word' id='word_1_36' title='bbox 1665 554 1878 622; x_wconf 88' lang='lat' dir='ltr'><strong>factus,</strong></span> <span class='ocrx_word' id='word_1_37' title='bbox 1900 552 2032 607; x_wconf 90' lang='lat' dir='ltr'><strong>luce</strong></span> 
     </span>
    </p>
   </div>
   <div class='ocr_carea' id='block_1_7' title="bbox 371 641 2032 719">
    <p class='ocr_par' dir='ltr' id='par_1_7' title="bbox 371 641 2032 719">
     <span class='ocr_line' id='line_1_7' title="bbox 371 641 2032 719; baseline -0.01 -9"><span class='ocrx_word' id='word_1_38' title='bbox 371 653 588 710; x_wconf 90' lang='lat' dir='ltr'><strong>clarius</strong></span> <span class='ocrx_word' id='word_1_39' title='bbox 611 654 720 707; x_wconf 91' lang='lat' dir='ltr'><strong>est.</strong></span> <span class='ocrx_word' id='word_1_40' title='bbox 743 652 807 704; x_wconf 88' lang='lat' dir='ltr'><strong>Et</strong></span> <span class='ocrx_word' id='word_1_41' title='bbox 832 648 944 703; x_wconf 88' lang='lat' dir='ltr'><strong>tria</strong></span> <span class='ocrx_word' id='word_1_42' title='bbox 969 663 1075 719; x_wconf 90' lang='lat' dir='ltr'><strong>per</strong></span> <span class='ocrx_word' id='word_1_43' title='bbox 1102 662 1208 701; x_wconf 90' lang='lat' dir='ltr'><strong>sex</strong></span> <span class='ocrx_word' id='word_1_44' title='bbox 1230 644 1722 716; x_wconf 78' lang='lat' dir='ltr'><strong>multiplicantur,</strong></span> <span class='ocrx_word' id='word_1_45' title='bbox 1746 657 1885 696; x_wconf 92' lang='lat' dir='ltr'><strong>cum</strong></span> <span class='ocrx_word' id='word_1_46' title='bbox 1903 641 2032 711; x_wconf 89' lang='lat' dir='ltr'><strong>jus-</strong></span> 
     </span>
    </p>
   </div>
   <div class='ocr_carea' id='block_1_8' title="bbox 371 727 2036 806">
    <p class='ocr_par' dir='ltr' id='par_1_8' title="bbox 371 727 2036 806">
     <span class='ocr_line' id='line_1_8' title="bbox 371 727 2036 806; baseline -0.009 -8"><span class='ocrx_word' id='word_1_47' title='bbox 371 748 467 800; x_wconf 92' lang='lat' dir='ltr'><strong>tus</strong></span> <span class='ocrx_word' id='word_1_48' title='bbox 493 757 565 796; x_wconf 89' lang='lat' dir='ltr'><strong>ex</strong></span> <span class='ocrx_word' id='word_1_49' title='bbox 608 739 725 794; x_wconf 84' lang='lat' dir='ltr'><strong>ﬁde</strong></span> <span class='ocrx_word' id='word_1_50' title='bbox 756 736 919 806; x_wconf 87' lang='lat' dir='ltr'><strong>vivit,</strong></span> <span class='ocrx_word' id='word_1_51' title='bbox 952 735 1479 805; x_wconf 84' lang='lat' dir='ltr'><strong>cognitionemque</strong></span> <span class='ocrx_word' id='word_1_52' title='bbox 1510 732 1622 804; x_wconf 63' lang='lat' dir='ltr'><strong>piae</strong></span> <span class='ocrx_word' id='word_1_53' title='bbox 1673 727 2036 786; x_wconf 83' lang='lat' dir='ltr'><strong>credulitatis</strong></span> 
     </span>
    </p>
   </div>
   <div class='ocr_carea' id='block_1_9' title="bbox 370 818 2036 886">
    <p class='ocr_par' dir='ltr' id='par_1_9' title="bbox 370 818 2036 886">
     <span class='ocr_line' id='line_1_9' title="bbox 370 818 2036 886; baseline -0.008 -1"><span class='ocrx_word' id='word_1_54' title='bbox 370 831 431 886; x_wconf 90' lang='lat' dir='ltr'><strong>in</strong></span> <span class='ocrx_word' id='word_1_55' title='bbox 455 827 829 885; x_wconf 86' lang='lat' dir='ltr'><strong>exsecutione</strong></span> <span class='ocrx_word' id='word_1_56' title='bbox 860 824 1035 880; x_wconf 55' lang='lat' dir='ltr'><strong>bonas</strong></span> <span class='ocrx_word' id='word_1_57' title='bbox 1059 822 1309 879; x_wconf 82' lang='lat' dir='ltr'><strong>actionis</strong></span> <span class='ocrx_word' id='word_1_58' title='bbox 1333 819 1693 876; x_wconf 79' lang='lat' dir='ltr'><strong>accumulat.</strong></span> <span class='ocrx_word' id='word_1_59' title='bbox 1717 818 2036 874; x_wconf 89' lang='lat' dir='ltr'><strong>Columna-</strong></span> 
     </span>
    </p>
   </div>
   <div class='ocr_carea' id='block_1_10' title="bbox 372 906 2038 992">
    <p class='ocr_par' dir='ltr' id='par_1_10' title="bbox 372 906 2038 992">
     <span class='ocr_line' id='line_1_10' title="bbox 372 906 2038 992; baseline -0.008 -18"><span class='ocrx_word' id='word_1_60' title='bbox 372 935 490 992; x_wconf 91' lang='lat' dir='ltr'><strong>que</strong></span> <span class='ocrx_word' id='word_1_61' title='bbox 521 921 656 973; x_wconf 87' lang='lat' dir='ltr'><strong>ante</strong></span> <span class='ocrx_word' id='word_1_62' title='bbox 709 916 868 970; x_wconf 88' lang='lat' dir='ltr'><strong>fores</strong></span> <span class='ocrx_word' id='word_1_63' title='bbox 908 912 1109 985; x_wconf 86' lang='lat' dir='ltr'><strong>templi</strong></span> <span class='ocrx_word' id='word_1_64' title='bbox 1143 913 1353 966; x_wconf 89' lang='lat' dir='ltr'><strong>decem</strong></span> <span class='ocrx_word' id='word_1_65' title='bbox 1384 917 1439 966; x_wconf 90' lang='lat' dir='ltr'><strong>et</strong></span> <span class='ocrx_word' id='word_1_66' title='bbox 1469 916 1603 966; x_wconf 79' lang='lat' dir='ltr'><strong>octo</strong></span> <span class='ocrx_word' id='word_1_67' title='bbox 1651 907 1865 964; x_wconf 84' lang='lat' dir='ltr'><strong>cubitis</strong></span> <span class='ocrx_word' id='word_1_68' title='bbox 1917 906 2038 962; x_wconf 89' lang='lat' dir='ltr'><strong>alta</strong></span> 
     </span>
    </p>
   </div>
   <div class='ocr_carea' id='block_1_11' title="bbox 373 995 2038 1076">
    <p class='ocr_par' dir='ltr' id='par_1_11' title="bbox 373 995 2038 1076">
     <span class='ocr_line' id='line_1_11' title="bbox 373 995 2038 1076; baseline -0.009 -12"><span class='ocrx_word' id='word_1_69' title='bbox 373 1012 493 1064; x_wconf 91' lang='lat' dir='ltr'><strong>est:</strong></span> <span class='ocrx_word' id='word_1_70' title='bbox 560 1022 700 1062; x_wconf 91' lang='lat' dir='ltr'><strong>cum</strong></span> <span class='ocrx_word' id='word_1_71' title='bbox 757 1003 1118 1076; x_wconf 72' lang='lat' dir='ltr'><strong>przedicator</strong></span> <span class='ocrx_word' id='word_1_72' title='bbox 1190 1000 1446 1072; x_wconf 91' lang='lat' dir='ltr'><strong>quisque</strong></span> <span class='ocrx_word' id='word_1_73' title='bbox 1503 997 1778 1067; x_wconf 88' lang='lat' dir='ltr'><strong>egregius</strong></span> <span class='ocrx_word' id='word_1_74' title='bbox 1831 995 2038 1068; x_wconf 86' lang='lat' dir='ltr'><strong>palam</strong></span> 
     </span>
    </p>
   </div>
   <div class='ocr_carea' id='block_1_12' title="bbox 373 1084 2039 1160">
    <p class='ocr_par' dir='ltr' id='par_1_12' title="bbox 373 1084 2039 1160">
     <span class='ocr_line' id='line_1_12' title="bbox 373 1084 2039 1160; baseline -0.008 -8"><span class='ocrx_word' id='word_1_75' title='bbox 373 1096 602 1153; x_wconf 89' lang='lat' dir='ltr'><strong>cunctis</strong></span> <span class='ocrx_word' id='word_1_76' title='bbox 630 1093 922 1160; x_wconf 84' lang='lat' dir='ltr'><strong>insinuat,</strong></span> <span class='ocrx_word' id='word_1_77' title='bbox 953 1105 1077 1146; x_wconf 91' lang='lat' dir='ltr'><strong>non</strong></span> <span class='ocrx_word' id='word_1_78' title='bbox 1110 1089 1224 1144; x_wconf 91' lang='lat' dir='ltr'><strong>nisi</strong></span> <span class='ocrx_word' id='word_1_79' title='bbox 1251 1104 1358 1160; x_wconf 88' lang='lat' dir='ltr'><strong>per</strong></span> <span class='ocrx_word' id='word_1_80' title='bbox 1387 1087 1571 1142; x_wconf 87' lang='lat' dir='ltr'><strong>ﬁdem</strong></span> <span class='ocrx_word' id='word_1_81' title='bbox 1603 1092 1661 1141; x_wconf 93' lang='lat' dir='ltr'><strong>et</strong></span> <span class='ocrx_word' id='word_1_82' title='bbox 1703 1099 1889 1158; x_wconf 90' lang='lat' dir='ltr'><strong>opera</strong></span> <span class='ocrx_word' id='word_1_83' title='bbox 1911 1084 2039 1155; x_wconf 90' lang='lat' dir='ltr'><strong>jus-</strong></span> 
     </span>
    </p>
   </div>
   <div class='ocr_carea' id='block_1_13' title="bbox 372 1171 2040 1252">
    <p class='ocr_par' dir='ltr' id='par_1_13' title="bbox 372 1171 2040 1252">
     <span class='ocr_line' id='line_1_13' title="bbox 372 1171 2040 1252; baseline -0.01 -11"><span class='ocrx_word' id='word_1_84' title='bbox 372 1185 531 1252; x_wconf 69' lang='lat' dir='ltr'><strong>titiaa,</strong></span> <span class='ocrx_word' id='word_1_85' title='bbox 563 1198 676 1238; x_wconf 90' lang='lat' dir='ltr'><strong>nos</strong></span> <span class='ocrx_word' id='word_1_86' title='bbox 706 1181 785 1236; x_wconf 91' lang='lat' dir='ltr'><strong>ad</strong></span> <span class='ocrx_word' id='word_1_87' title='bbox 815 1194 1078 1251; x_wconf 92' lang='lat' dir='ltr'><strong>superna</strong></span> <span class='ocrx_word' id='word_1_88' title='bbox 1110 1176 1331 1247; x_wconf 88' lang='lat' dir='ltr'><strong>gaudia</strong></span> <span class='ocrx_word' id='word_1_89' title='bbox 1381 1175 1512 1230; x_wconf 82' lang='lat' dir='ltr'><strong>vitae</strong></span> <span class='ocrx_word' id='word_1_90' title='bbox 1563 1189 1740 1246; x_wconf 89' lang='lat' dir='ltr'><strong>posse</strong></span> <span class='ocrx_word' id='word_1_91' title='bbox 1771 1171 2040 1244; x_wconf 89' lang='lat' dir='ltr'><strong>perveni-</strong></span> 
     </span>
    </p>
   </div>
   <div class='ocr_carea' id='block_1_14' title="bbox 375 1260 2040 1329">
    <p class='ocr_par' dir='ltr' id='par_1_14' title="bbox 375 1260 2040 1329">
     <span class='ocr_line' id='line_1_14' title="bbox 375 1260 2040 1329; baseline -0.009 0"><span class='ocrx_word' id='word_1_92' title='bbox 375 1289 456 1329; x_wconf 91' lang='lat' dir='ltr'><strong>re.</strong></span> <span class='ocrx_word' id='word_1_93' title='bbox 491 1294 518 1322; x_wconf 93' lang='grc'><strong>‹‹</strong></span> <span class='ocrx_word' id='word_1_94' title='bbox 552 1274 620 1326; x_wconf 86' lang='lat' dir='ltr'><strong>Et</strong></span> <span class='ocrx_word' id='word_1_95' title='bbox 642 1269 801 1324; x_wconf 82' lang='lat' dir='ltr'><strong>linea</strong></span> <span class='ocrx_word' id='word_1_96' title='bbox 849 1266 1192 1321; x_wconf 87' lang='lat' dir='ltr'><strong>cubitorum</strong></span> <span class='ocrx_word' id='word_1_97' title='bbox 1240 1263 1562 1319; x_wconf 87' lang='lat' dir='ltr'><strong>duodecim</strong></span> <span class='ocrx_word' id='word_1_98' title='bbox 1611 1260 1918 1317; x_wconf 88' lang='lat' dir='ltr'><strong>ambiebat</strong></span> <span class='ocrx_word' id='word_1_99' title='bbox 1947 1275 2040 1314; x_wconf 91' lang='lat' dir='ltr'><strong>co-</strong></span> 
     </span>
    </p>
   </div>
   <div class='ocr_carea' id='block_1_15' title="bbox 371 1350 2040 1427">
    <p class='ocr_par' dir='ltr' id='par_1_15' title="bbox 371 1350 2040 1427">
     <span class='ocr_line' id='line_1_15' title="bbox 371 1350 2040 1427; baseline -0.008 -9"><span class='ocrx_word' id='word_1_100' title='bbox 371 1363 650 1418; x_wconf 90' lang='lat' dir='ltr'><strong>lumnam</strong></span> <span class='ocrx_word' id='word_1_101' title='bbox 678 1363 1018 1427; x_wconf 89' lang='lat' dir='ltr'><strong>utramque.</strong></span> <span class='ocrx_word' id='word_1_102' title='bbox 1045 1375 1072 1402; x_wconf 72' lang='grc' dir='ltr'>υ</span> <span class='ocrx_word' id='word_1_103' title='bbox 1105 1354 1283 1408; x_wconf 84' lang='lat' dir='ltr'><strong>Linea</strong></span> <span class='ocrx_word' id='word_1_104' title='bbox 1331 1352 1651 1408; x_wconf 88' lang='lat' dir='ltr'><strong>duodecim</strong></span> <span class='ocrx_word' id='word_1_105' title='bbox 1699 1350 2040 1407; x_wconf 87' lang='lat' dir='ltr'><strong>cubitorum</strong></span> 
     </span>
    </p>
   </div>
   <div class='ocr_carea' id='block_1_16' title="bbox 375 1439 2040 1518">
    <p class='ocr_par' dir='ltr' id='par_1_16' title="bbox 375 1439 2040 1518">
     <span class='ocr_line' id='line_1_16' title="bbox 375 1439 2040 1518; baseline -0.008 -12"><span class='ocrx_word' id='word_1_106' title='bbox 375 1465 592 1506; x_wconf 87' lang='lat' dir='ltr'><strong>norma</strong></span> <span class='ocrx_word' id='word_1_107' title='bbox 620 1452 710 1503; x_wconf 90' lang='lat' dir='ltr'><strong>est</strong></span> <span class='ocrx_word' id='word_1_108' title='bbox 737 1444 1080 1518; x_wconf 60' lang='lat' dir='ltr'><strong>apostolicae</strong></span> <span class='ocrx_word' id='word_1_109' title='bbox 1132 1442 1550 1498; x_wconf 86' lang='lat' dir='ltr'><strong>institutionis:</strong></span> <span class='ocrx_word' id='word_1_110' title='bbox 1589 1457 1725 1514; x_wconf 83' lang='lat' dir='ltr'><strong>quae</strong></span> <span class='ocrx_word' id='word_1_111' title='bbox 1756 1439 2040 1495; x_wconf 90' lang='lat' dir='ltr'><strong>nimirum</strong></span> 
     </span>
    </p>
   </div>
   <div class='ocr_carea' id='block_1_17' title="bbox 376 1528 2042 1603">
    <p class='ocr_par' dir='ltr' id='par_1_17' title="bbox 376 1528 2042 1603">
     <span class='ocr_line' id='line_1_17' title="bbox 376 1528 2042 1603; baseline -0.007 -10"><span class='ocrx_word' id='word_1_112' title='bbox 376 1538 537 1594; x_wconf 86' lang='lat' dir='ltr'><strong>linea</strong></span> <span class='ocrx_word' id='word_1_113' title='bbox 587 1535 777 1592; x_wconf 89' lang='lat' dir='ltr'><strong>ambit</strong></span> <span class='ocrx_word' id='word_1_114' title='bbox 824 1533 1174 1588; x_wconf 88' lang='lat' dir='ltr'><strong>columnam</strong></span> <span class='ocrx_word' id='word_1_115' title='bbox 1229 1537 1569 1603; x_wconf 89' lang='lat' dir='ltr'><strong>utramque,</strong></span> <span class='ocrx_word' id='word_1_116' title='bbox 1602 1546 1740 1584; x_wconf 92' lang='lat' dir='ltr'><strong>cum</strong></span> <span class='ocrx_word' id='word_1_117' title='bbox 1783 1528 2042 1602; x_wconf 91' lang='lat' dir='ltr'><strong>quisque</strong></span> 
     </span>
    </p>
   </div>
   <div class='ocr_carea' id='block_1_18' title="bbox 379 1616 2042 1691">
    <p class='ocr_par' dir='ltr' id='par_1_18' title="bbox 379 1616 2042 1691">
     <span class='ocr_line' id='line_1_18' title="bbox 379 1616 2042 1691; baseline -0.007 -9"><span class='ocrx_word' id='word_1_118' title='bbox 379 1625 608 1691; x_wconf 91' lang='lat' dir='ltr'><strong>doctor,</strong></span> <span class='ocrx_word' id='word_1_119' title='bbox 643 1623 762 1678; x_wconf 90' lang='lat' dir='ltr'><strong>sive</strong></span> <span class='ocrx_word' id='word_1_120' title='bbox 791 1620 1017 1676; x_wconf 73' lang='lat' dir='ltr'><strong>Judteis</strong></span> <span class='ocrx_word' id='word_1_121' title='bbox 1044 1636 1149 1674; x_wconf 85' lang='lat' dir='ltr'><strong>seu</strong></span> <span class='ocrx_word' id='word_1_122' title='bbox 1181 1619 1502 1689; x_wconf 79' lang='lat' dir='ltr'><strong>gentilibus</strong></span> <span class='ocrx_word' id='word_1_123' title='bbox 1541 1618 1868 1691; x_wconf 82' lang='lat' dir='ltr'><strong>praedicare</strong></span> <span class='ocrx_word' id='word_1_124' title='bbox 1900 1616 2042 1672; x_wconf 89' lang='lat' dir='ltr'><strong>mis-</strong></span> 
     </span>
    </p>
   </div>
   <div class='ocr_carea' id='block_1_19' title="bbox 2142 461 3780 540">
    <p class='ocr_par' dir='ltr' id='par_1_19' title="bbox 2142 461 3780 540">
     <span class='ocr_line' id='line_1_19' title="bbox 2142 461 3780 540; baseline 0.001 -27"><span class='ocrx_word' id='word_1_125' title='bbox 2142 488 2169 514; x_wconf 90' lang='grc'><strong>‹‹</strong></span> <span class='ocrx_word' id='word_1_126' title='bbox 2204 483 2345 534; x_wconf 92' lang='lat' dir='ltr'><strong>uno,</strong></span> <span class='ocrx_word' id='word_1_127' title='bbox 2393 473 2449 524; x_wconf 89' lang='lat' dir='ltr'><strong>et</strong></span> <span class='ocrx_word' id='word_1_128' title='bbox 2478 473 2727 540; x_wconf 90' lang='lat' dir='ltr'><strong>septena</strong></span> <span class='ocrx_word' id='word_1_129' title='bbox 2764 464 3050 522; x_wconf 89' lang='lat' dir='ltr'><strong>retiacula</strong></span> <span class='ocrx_word' id='word_1_130' title='bbox 3097 464 3156 519; x_wconf 92' lang='lat' dir='ltr'><strong>in</strong></span> <span class='ocrx_word' id='word_1_131' title='bbox 3201 461 3472 536; x_wconf 90' lang='lat' dir='ltr'><strong>capitello</strong></span> <span class='ocrx_word' id='word_1_132' title='bbox 3525 461 3724 517; x_wconf 88' lang='lat' dir='ltr'><strong>altero.</strong></span> <span class='ocrx_word' id='word_1_133' title='bbox 3757 486 3780 509; x_wconf 84' lang='lat'>»</span> 
     </span>
    </p>
   </div>
   <div class='ocr_carea' id='block_1_20' title="bbox 2142 550 3785 629">
    <p class='ocr_par' dir='ltr' id='par_1_20' title="bbox 2142 550 3785 629">
     <span class='ocr_line' id='line_1_20' title="bbox 2142 550 3785 629; baseline -0.002 -21"><span class='ocrx_word' id='word_1_134' title='bbox 2142 556 2486 628; x_wconf 87' lang='lat' dir='ltr'><strong>Septenario</strong></span> <span class='ocrx_word' id='word_1_135' title='bbox 2518 572 2784 629; x_wconf 89' lang='lat' dir='ltr'><strong>namque</strong></span> <span class='ocrx_word' id='word_1_136' title='bbox 2830 570 3081 610; x_wconf 89' lang='lat' dir='ltr'><strong>numero</strong></span> <span class='ocrx_word' id='word_1_137' title='bbox 3137 552 3386 625; x_wconf 90' lang='lat' dir='ltr'><strong>Spiritus</strong></span> <span class='ocrx_word' id='word_1_138' title='bbox 3429 551 3618 606; x_wconf 88' lang='lat' dir='ltr'><strong>sancti</strong></span> <span class='ocrx_word' id='word_1_139' title='bbox 3649 550 3785 604; x_wconf 81' lang='lat' dir='ltr'><strong>solet</strong></span> 
     </span>
    </p>
   </div>
   <div class='ocr_carea' id='block_1_21' title="bbox 2143 639 3786 716">
    <p class='ocr_par' dir='ltr' id='par_1_21' title="bbox 2143 639 3786 716">
     <span class='ocr_line' id='line_1_21' title="bbox 2143 639 3786 716; baseline -0.005 -14"><span class='ocrx_word' id='word_1_140' title='bbox 2143 645 2332 715; x_wconf 88' lang='lat' dir='ltr'><strong>gratia</strong></span> <span class='ocrx_word' id='word_1_141' title='bbox 2360 645 2688 716; x_wconf 89' lang='lat' dir='ltr'><strong>designari,</strong></span> <span class='ocrx_word' id='word_1_142' title='bbox 2714 649 2942 701; x_wconf 85' lang='lat' dir='ltr'><strong>Joanne</strong></span> <span class='ocrx_word' id='word_1_143' title='bbox 2971 645 3282 698; x_wconf 90' lang='lat' dir='ltr'><strong>attestante</strong></span> <span class='ocrx_word' id='word_1_144' title='bbox 3330 641 3392 696; x_wconf 93' lang='lat' dir='ltr'><strong>in</strong></span> <span class='ocrx_word' id='word_1_145' title='bbox 3422 639 3786 713; x_wconf 78' lang='lat' dir='ltr'><strong>&#39;Apocalypsi</strong></span> 
     </span>
    </p>
   </div>
   <div class='ocr_carea' id='block_1_22' title="bbox 2144 726 3788 806">
    <p class='ocr_par' dir='ltr' id='par_1_22' title="bbox 2144 726 3788 806">
     <span class='ocr_line' id='line_1_22' title="bbox 2144 726 3788 806; baseline -0.004 -19"><span class='ocrx_word' id='word_1_146' title='bbox 2144 734 2350 804; x_wconf 82' lang='lat' dir='ltr'><strong>(Apoc.</strong></span> <span class='ocrx_word' id='word_1_147' title='bbox 2366 735 2448 805; x_wconf 91' lang='lat' dir='ltr'><strong>v),</strong></span> <span class='ocrx_word' id='word_1_148' title='bbox 2475 733 2739 806; x_wconf 91' lang='lat' dir='ltr'><strong>quicum</strong></span> <span class='ocrx_word' id='word_1_149' title='bbox 2755 731 2973 786; x_wconf 89' lang='lat' dir='ltr'><strong>vidisse</strong></span> <span class='ocrx_word' id='word_1_150' title='bbox 2996 746 3056 785; x_wconf 91' lang='lat' dir='ltr'><strong>se</strong></span> <span class='ocrx_word' id='word_1_151' title='bbox 3079 729 3300 784; x_wconf 88' lang='lat' dir='ltr'><strong>diceret</strong></span> <span class='ocrx_word' id='word_1_152' title='bbox 3320 743 3550 799; x_wconf 90' lang='lat' dir='ltr'><strong>agnum</strong></span> <span class='ocrx_word' id='word_1_153' title='bbox 3577 726 3788 782; x_wconf 75' lang='lat' dir='ltr'><strong>Laben-</strong></span> 
     </span>
    </p>
   </div>
   <div class='ocr_carea' id='block_1_23' title="bbox 2144 818 3788 895">
    <p class='ocr_par' dir='ltr' id='par_1_23' title="bbox 2144 818 3788 895">
     <span class='ocr_line' id='line_1_23' title="bbox 2144 818 3788 895; baseline -0.005 -17"><span class='ocrx_word' id='word_1_154' title='bbox 2144 827 2263 877; x_wconf 89' lang='lat' dir='ltr'><strong>tem</strong></span> <span class='ocrx_word' id='word_1_155' title='bbox 2304 839 2532 878; x_wconf 88' lang='lat' dir='ltr'><strong>cornua</strong></span> <span class='ocrx_word' id='word_1_156' title='bbox 2579 827 2806 895; x_wconf 90' lang='lat' dir='ltr'><strong>septem</strong></span> <span class='ocrx_word' id='word_1_157' title='bbox 2837 825 2894 876; x_wconf 91' lang='lat' dir='ltr'><strong>et</strong></span> <span class='ocrx_word' id='word_1_158' title='bbox 2929 818 3134 875; x_wconf 90' lang='lat' dir='ltr'><strong>oculos</strong></span> <span class='ocrx_word' id='word_1_159' title='bbox 3165 822 3412 890; x_wconf 81' lang='lat' dir='ltr'><strong>septem,</strong></span> <span class='ocrx_word' id='word_1_160' title='bbox 3446 831 3590 872; x_wconf 88' lang='lat' dir='ltr'><strong>mox</strong></span> <span class='ocrx_word' id='word_1_161' title='bbox 3617 831 3788 888; x_wconf 79' lang='lat' dir='ltr'><strong>expo-</strong></span> 
     </span>
    </p>
   </div>
   <div class='ocr_carea' id='block_1_24' title="bbox 2145 905 3790 982">
    <p class='ocr_par' dir='ltr' id='par_1_24' title="bbox 2145 905 3790 982">
     <span class='ocr_line' id='line_1_24' title="bbox 2145 905 3790 982; baseline -0.005 -16"><span class='ocrx_word' id='word_1_162' title='bbox 2145 912 2346 968; x_wconf 85' lang='lat' dir='ltr'><strong>nendo</strong></span> <span class='ocrx_word' id='word_1_163' title='bbox 2378 912 2706 981; x_wconf 87' lang='lat' dir='ltr'><strong>subjunxit,</strong></span> <span class='ocrx_word' id='word_1_164' title='bbox 2738 910 2842 982; x_wconf 86' lang='lat' dir='ltr'><strong>qui</strong></span> <span class='ocrx_word' id='word_1_165' title='bbox 2864 914 3001 964; x_wconf 91' lang='lat' dir='ltr'><strong>sunt</strong></span> <span class='ocrx_word' id='word_1_166' title='bbox 3021 912 3246 980; x_wconf 88' lang='lat' dir='ltr'><strong>septem</strong></span> <span class='ocrx_word' id='word_1_167' title='bbox 3272 906 3514 978; x_wconf 88' lang='lat' dir='ltr'><strong>spiritus</strong></span> <span class='ocrx_word' id='word_1_168' title='bbox 3538 905 3638 960; x_wconf 89' lang='lat' dir='ltr'><strong>Dei</strong></span> <span class='ocrx_word' id='word_1_169' title='bbox 3661 905 3790 959; x_wconf 88' lang='lat' dir='ltr'><strong>mis-</strong></span> 
     </span>
    </p>
   </div>
   <div class='ocr_carea' id='block_1_25' title="bbox 2146 996 3794 1070">
    <p class='ocr_par' dir='ltr' id='par_1_25' title="bbox 2146 996 3794 1070">
     <span class='ocr_line' id='line_1_25' title="bbox 2146 996 3794 1070; baseline -0.004 -14"><span class='ocrx_word' id='word_1_170' title='bbox 2146 1002 2194 1057; x_wconf 87' lang='lat' dir='ltr'><strong>si</strong></span> <span class='ocrx_word' id='word_1_171' title='bbox 2221 1003 2280 1057; x_wconf 93' lang='lat' dir='ltr'><strong>in</strong></span> <span class='ocrx_word' id='word_1_172' title='bbox 2307 1003 2649 1057; x_wconf 89' lang='lat' dir='ltr'><strong>universam</strong></span> <span class='ocrx_word' id='word_1_173' title='bbox 2676 1007 2916 1056; x_wconf 85' lang='lat' dir='ltr'><strong>terram.</strong></span> <span class='ocrx_word' id='word_1_174' title='bbox 2933 999 3102 1064; x_wconf 87' lang='lat' dir='ltr'><strong>Quod</strong></span> <span class='ocrx_word' id='word_1_175' title='bbox 3120 997 3415 1070; x_wconf 87' lang='lat' dir='ltr'><strong>propheta</strong></span> <span class='ocrx_word' id='word_1_176' title='bbox 3434 996 3616 1052; x_wconf 79' lang='lat' dir='ltr'><strong>lsaias</strong></span> <span class='ocrx_word' id='word_1_177' title='bbox 3638 1009 3794 1066; x_wconf 88' lang='lat' dir='ltr'><strong>aper-</strong></span> 
     </span>
    </p>
   </div>
   <div class='ocr_carea' id='block_1_26' title="bbox 2146 1084 3795 1164">
    <p class='ocr_par' dir='ltr' id='par_1_26' title="bbox 2146 1084 3795 1164">
     <span class='ocr_line' id='line_1_26' title="bbox 2146 1084 3795 1164; baseline -0.005 -17"><span class='ocrx_word' id='word_1_178' title='bbox 2146 1092 2261 1148; x_wconf 88' lang='lat' dir='ltr'><strong>tius</strong></span> <span class='ocrx_word' id='word_1_179' title='bbox 2291 1091 2566 1164; x_wconf 84' lang='lat' dir='ltr'><strong>explicat,</strong></span> <span class='ocrx_word' id='word_1_180' title='bbox 2601 1107 2739 1146; x_wconf 91' lang='lat' dir='ltr'><strong>cum</strong></span> <span class='ocrx_word' id='word_1_181' title='bbox 2770 1089 2845 1145; x_wconf 92' lang='lat' dir='ltr'><strong>de</strong></span> <span class='ocrx_word' id='word_1_182' title='bbox 2882 1088 3187 1144; x_wconf 92' lang='lat' dir='ltr'><strong>nascituro</strong></span> <span class='ocrx_word' id='word_1_183' title='bbox 3231 1087 3290 1141; x_wconf 94' lang='lat' dir='ltr'><strong>in</strong></span> <span class='ocrx_word' id='word_1_184' title='bbox 3322 1101 3501 1141; x_wconf 89' lang='lat' dir='ltr'><strong>carne</strong></span> <span class='ocrx_word' id='word_1_185' title='bbox 3551 1084 3795 1140; x_wconf 89' lang='lat' dir='ltr'><strong>Domino</strong></span> 
     </span>
    </p>
   </div>
   <div class='ocr_carea' id='block_1_27' title="bbox 2145 1171 3798 1253">
    <p class='ocr_par' dir='ltr' id='par_1_27' title="bbox 2145 1171 3798 1253">
     <span class='ocr_line' id='line_1_27' title="bbox 2145 1171 3798 1253; baseline -0.006 -17"><span class='ocrx_word' id='word_1_186' title='bbox 2145 1180 2437 1253; x_wconf 91' lang='lat' dir='ltr'><strong>loquens:</strong></span> <span class='ocrx_word' id='word_1_187' title='bbox 2474 1203 2500 1228; x_wconf 89' lang='grc'><em>‹‹</em></span> <span class='ocrx_word' id='word_1_188' title='bbox 2534 1183 2600 1235; x_wconf 86' lang='lat' dir='ltr'><strong>Et</strong></span> <span class='ocrx_word' id='word_1_189' title='bbox 2630 1179 2958 1251; x_wconf 88' lang='lat' dir='ltr'><strong>requiescet</strong></span> <span class='ocrx_word' id='word_1_190' title='bbox 2991 1176 3224 1249; x_wconf 90' lang='lat' dir='ltr'><strong>(inquit)</strong></span> <span class='ocrx_word' id='word_1_191' title='bbox 3257 1190 3438 1247; x_wconf 89' lang='lat' dir='ltr'><strong>super</strong></span> <span class='ocrx_word' id='word_1_192' title='bbox 3466 1190 3609 1230; x_wconf 92' lang='lat' dir='ltr'><strong>eum</strong></span> <span class='ocrx_word' id='word_1_193' title='bbox 3642 1171 3798 1245; x_wconf 88' lang='lat' dir='ltr'><strong>spiri-</strong></span> 
     </span>
    </p>
   </div>
   <div class='ocr_carea' id='block_1_28' title="bbox 2148 1262 3797 1342">
    <p class='ocr_par' dir='ltr' id='par_1_28' title="bbox 2148 1262 3797 1342">
     <span class='ocr_line' id='line_1_28' title="bbox 2148 1262 3797 1342; baseline -0.007 -15"><span class='ocrx_word' id='word_1_194' title='bbox 2148 1276 2240 1327; x_wconf 91' lang='lat' dir='ltr'><strong>tus</strong></span> <span class='ocrx_word' id='word_1_195' title='bbox 2270 1270 2522 1336; x_wconf 92' lang='lat' dir='ltr'><strong>Domini,</strong></span> <span class='ocrx_word' id='word_1_196' title='bbox 2555 1269 2794 1342; x_wconf 89' lang='lat' dir='ltr'><strong>spiritus</strong></span> <span class='ocrx_word' id='word_1_197' title='bbox 2828 1267 3133 1340; x_wconf 76' lang='lat' dir='ltr'><strong>sapientise</strong></span> <span class='ocrx_word' id='word_1_198' title='bbox 3160 1271 3215 1320; x_wconf 91' lang='lat' dir='ltr'><strong>et</strong></span> <span class='ocrx_word' id='word_1_199' title='bbox 3246 1263 3602 1329; x_wconf 90' lang='lat' dir='ltr'><strong>intellectus,</strong></span> <span class='ocrx_word' id='word_1_200' title='bbox 3637 1262 3797 1335; x_wconf 87' lang='lat' dir='ltr'><strong>spiri-</strong></span> 
     </span>
    </p>
   </div>
   <div class='ocr_carea' id='block_1_29' title="bbox 2148 1352 3798 1427">
    <p class='ocr_par' dir='ltr' id='par_1_29' title="bbox 2148 1352 3798 1427">
     <span class='ocr_line' id='line_1_29' title="bbox 2148 1352 3798 1427; baseline -0.006 -11"><span class='ocrx_word' id='word_1_201' title='bbox 2148 1364 2241 1417; x_wconf 90' lang='lat' dir='ltr'><strong>tus</strong></span> <span class='ocrx_word' id='word_1_202' title='bbox 2265 1359 2490 1416; x_wconf 90' lang='lat' dir='ltr'><strong>consilii</strong></span> <span class='ocrx_word' id='word_1_203' title='bbox 2519 1363 2575 1414; x_wconf 89' lang='lat' dir='ltr'><strong>et</strong></span> <span class='ocrx_word' id='word_1_204' title='bbox 2604 1357 2985 1418; x_wconf 85' lang='lat' dir='ltr'><strong>fortitudinis,</strong></span> <span class='ocrx_word' id='word_1_205' title='bbox 3021 1355 3262 1427; x_wconf 87' lang='lat' dir='ltr'><strong>spiritus</strong></span> <span class='ocrx_word' id='word_1_206' title='bbox 3302 1352 3560 1408; x_wconf 66' lang='lat' dir='ltr'><strong>scientiae</strong></span> <span class='ocrx_word' id='word_1_207' title='bbox 3602 1355 3658 1406; x_wconf 91' lang='lat' dir='ltr'><strong>et</strong></span> <span class='ocrx_word' id='word_1_208' title='bbox 3682 1352 3798 1424; x_wconf 91' lang='lat' dir='ltr'><strong>pie-</strong></span> 
     </span>
    </p>
   </div>
   <div class='ocr_carea' id='block_1_30' title="bbox 2149 1441 3796 1518">
    <p class='ocr_par' dir='ltr' id='par_1_30' title="bbox 2149 1441 3796 1518">
     <span class='ocr_line' id='line_1_30' title="bbox 2149 1441 3796 1518; baseline -0.005 -13"><span class='ocrx_word' id='word_1_209' title='bbox 2149 1449 2310 1516; x_wconf 89' lang='lat' dir='ltr'><strong>tatis,</strong></span> <span class='ocrx_word' id='word_1_210' title='bbox 2339 1453 2395 1504; x_wconf 89' lang='lat' dir='ltr'><strong>et</strong></span> <span class='ocrx_word' id='word_1_211' title='bbox 2417 1447 2665 1516; x_wconf 75' lang='lat' dir='ltr'><strong>reglebit</strong></span> <span class='ocrx_word' id='word_1_212' title='bbox 2693 1463 2831 1502; x_wconf 91' lang='lat' dir='ltr'><strong>eum</strong></span> <span class='ocrx_word' id='word_1_213' title='bbox 2859 1445 3098 1518; x_wconf 89' lang='lat' dir='ltr'><strong>spiritus</strong></span> <span class='ocrx_word' id='word_1_214' title='bbox 3125 1443 3355 1499; x_wconf 91' lang='lat' dir='ltr'><strong>timoris</strong></span> <span class='ocrx_word' id='word_1_215' title='bbox 3391 1441 3628 1496; x_wconf 90' lang='lat' dir='ltr'><strong>Domini</strong></span> <span class='ocrx_word' id='word_1_216' title='bbox 3665 1443 3796 1512; x_wconf 68' lang='lat' dir='ltr'><strong>Usa.</strong></span> 
     </span>
    </p>
   </div>
   <div class='ocr_carea' id='block_1_31' title="bbox 2151 1530 3802 1610">
    <p class='ocr_par' dir='ltr' id='par_1_31' title="bbox 2151 1530 3802 1610">
     <span class='ocr_line' id='line_1_31' title="bbox 2151 1530 3802 1610; baseline -0.006 -16"><span class='ocrx_word' id='word_1_217' title='bbox 2151 1541 2249 1610; x_wconf 82' lang='lat' dir='ltr'><strong>xl).</strong></span> <span class='ocrx_word' id='word_1_218' title='bbox 2278 1562 2303 1587; x_wconf 83' lang='grc'><strong>››</strong></span> <span class='ocrx_word' id='word_1_219' title='bbox 2342 1540 2596 1610; x_wconf 88' lang='lat' dir='ltr'><strong>Septena</strong></span> <span class='ocrx_word' id='word_1_220' title='bbox 2625 1552 2767 1605; x_wconf 88' lang='lat' dir='ltr'><strong>ergo</strong></span> <span class='ocrx_word' id='word_1_221' title='bbox 2791 1551 3070 1590; x_wconf 89' lang='lat' dir='ltr'><strong>versuum</strong></span> <span class='ocrx_word' id='word_1_222' title='bbox 3099 1532 3385 1589; x_wconf 90' lang='lat' dir='ltr'><strong>retiacula</strong></span> <span class='ocrx_word' id='word_1_223' title='bbox 3411 1537 3583 1588; x_wconf 91' lang='lat' dir='ltr'><strong>erant</strong></span> <span class='ocrx_word' id='word_1_224' title='bbox 3623 1530 3681 1586; x_wconf 90' lang='lat' dir='ltr'><strong>in</strong></span> <span class='ocrx_word' id='word_1_225' title='bbox 3710 1546 3802 1585; x_wconf 90' lang='lat' dir='ltr'><strong>ca-</strong></span> 
     </span>
    </p>
   </div>
   <div class='ocr_carea' id='block_1_32' title="bbox 2151 1619 3802 1700">
    <p class='ocr_par' dir='ltr' id='par_1_32' title="bbox 2151 1619 3802 1700">
     <span class='ocr_line' id='line_1_32' title="bbox 2151 1619 3802 1700; baseline -0.006 -17"><span class='ocrx_word' id='word_1_226' title='bbox 2151 1627 2350 1700; x_wconf 89' lang='lat' dir='ltr'><strong>pitello</strong></span> <span class='ocrx_word' id='word_1_227' title='bbox 2380 1633 2653 1699; x_wconf 87' lang='lat' dir='ltr'><strong>utroque,</strong></span> <span class='ocrx_word' id='word_1_228' title='bbox 2688 1625 2831 1697; x_wconf 90' lang='lat' dir='ltr'><strong>quia</strong></span> <span class='ocrx_word' id='word_1_229' title='bbox 2863 1627 3061 1696; x_wconf 87' lang='lat' dir='ltr'><strong>patres</strong></span> <span class='ocrx_word' id='word_1_230' title='bbox 3107 1622 3414 1693; x_wconf 90' lang='lat' dir='ltr'><strong>utriusque</strong></span> <span class='ocrx_word' id='word_1_231' title='bbox 3475 1619 3802 1676; x_wconf 89' lang='lat' dir='ltr'><strong>testamenti</strong></span> 
     </span>
    </p>
   </div>
   <div class='ocr_carea' id='block_1_33' title="bbox 380 1706 3804 1787">
    <p class='ocr_par' dir='ltr' id='par_1_33' title="bbox 380 1706 3804 1787">
     <span class='ocr_line' id='line_1_33' title="bbox 380 1706 3804 1787; baseline -0.006 -4"><span class='ocrx_word' id='word_1_232' title='bbox 380 1729 504 1782; x_wconf 62' lang='lat'><strong>8‘15.</strong></span> <span class='ocrx_word' id='word_1_233' title='bbox 535 1727 608 1768; x_wconf 72' lang='grc' dir='ltr'><strong>εει</strong></span> <span class='ocrx_word' id='word_1_234' title='bbox 638 1715 872 1767; x_wconf 51' lang='lat' dir='ltr'><strong>tantum</strong></span> <span class='ocrx_word' id='word_1_235' title='bbox 925 1708 1118 1764; x_wconf 66' lang='lat' dir='ltr'><strong>facere</strong></span> <span class='ocrx_word' id='word_1_236' title='bbox 1151 1712 1318 1763; x_wconf 63' lang='lat' dir='ltr'><strong>curat</strong></span> <span class='ocrx_word' id='word_1_237' title='bbox 1366 1723 1434 1762; x_wconf 76' lang='lat' dir='ltr'><strong>ac</strong></span> <span class='ocrx_word' id='word_1_238' title='bbox 1484 1706 1720 1774; x_wconf 61' lang='lat' dir='ltr'><strong>docere,</strong></span> <span class='ocrx_word' id='word_1_239' title='bbox 1753 1722 1891 1778; x_wconf 50' lang='lat' dir='ltr'><strong>qua?</strong></span> <span class='ocrx_word' id='word_1_240' title='bbox 1938 1720 2046 1777; x_wconf 62' lang='lat' dir='ltr'><strong>Per</strong></span> <span class='ocrx_word' id='word_1_241' title='bbox 2071 1727 2118 1782; x_wconf 82' lang='grc' dir='ltr'>Β</span> <span class='ocrx_word' id='word_1_242' title='bbox 2151 1716 2553 1785; x_wconf 82' lang='lat' dir='ltr'><strong>cognitionem</strong></span> <span class='ocrx_word' id='word_1_243' title='bbox 2601 1730 2708 1787; x_wconf 89' lang='lat' dir='ltr'><strong>per</strong></span> <span class='ocrx_word' id='word_1_244' title='bbox 2737 1713 2988 1784; x_wconf 86' lang='lat' dir='ltr'><strong>gratiam</strong></span> <span class='ocrx_word' id='word_1_245' title='bbox 3017 1712 3192 1766; x_wconf 90' lang='lat' dir='ltr'><strong>unius</strong></span> <span class='ocrx_word' id='word_1_246' title='bbox 3219 1709 3616 1782; x_wconf 85' lang='lat' dir='ltr'><strong>ejusdemque</strong></span> <span class='ocrx_word' id='word_1_247' title='bbox 3642 1708 3804 1780; x_wconf 89' lang='lat' dir='ltr'><strong>spiri-</strong></span> 
     </span>
    </p>
   </div>
   <div class='ocr_carea' id='block_1_34' title="bbox 381 1793 2044 1874">
    <p class='ocr_par' dir='ltr' id='par_1_34' title="bbox 381 1793 2044 1874">
     <span class='ocr_line' id='line_1_34' title="bbox 381 1793 2044 1874; baseline -0.006 -15"><span class='ocrx_word' id='word_1_248' title='bbox 381 1800 687 1874; x_wconf 90' lang='lat' dir='ltr'><strong>apostolos</strong></span> <span class='ocrx_word' id='word_1_249' title='bbox 717 1797 946 1870; x_wconf 91' lang='lat' dir='ltr'><strong>accepit</strong></span> <span class='ocrx_word' id='word_1_250' title='bbox 974 1813 1044 1852; x_wconf 91' lang='lat' dir='ltr'><strong>ac</strong></span> <span class='ocrx_word' id='word_1_251' title='bbox 1084 1796 1286 1852; x_wconf 84' lang='lat' dir='ltr'><strong>didicit</strong></span> <span class='ocrx_word' id='word_1_252' title='bbox 1320 1795 1596 1852; x_wconf 80' lang='lat' dir='ltr'><strong>Ecclesia.</strong></span> <span class='ocrx_word' id='word_1_253' title='bbox 1639 1799 1786 1851; x_wconf 88' lang='lat' dir='ltr'><strong>Nam</strong></span> <span class='ocrx_word' id='word_1_254' title='bbox 1829 1795 1878 1850; x_wconf 91' lang='lat' dir='ltr'><strong>si</strong></span> <span class='ocrx_word' id='word_1_255' title='bbox 1907 1793 2044 1868; x_wconf 90' lang='lat' dir='ltr'><strong>quis</strong></span> 
     </span>
    </p>
   </div>
   <div class='ocr_carea' id='block_1_35' title="bbox 383 1883 2044 1958">
    <p class='ocr_par' dir='ltr' id='par_1_35' title="bbox 383 1883 2044 1958">
     <span class='ocr_line' id='line_1_35' title="bbox 383 1883 2044 1958; baseline -0.005 -11"><span class='ocrx_word' id='word_1_256' title='bbox 383 1891 552 1948; x_wconf 89' lang='lat' dir='ltr'><strong>aliter</strong></span> <span class='ocrx_word' id='word_1_257' title='bbox 580 1889 800 1956; x_wconf 89' lang='lat' dir='ltr'><strong>vivere,</strong></span> <span class='ocrx_word' id='word_1_258' title='bbox 834 1888 958 1942; x_wconf 89' lang='lat' dir='ltr'><strong>sive</strong></span> <span class='ocrx_word' id='word_1_259' title='bbox 991 1886 1318 1958; x_wconf 69' lang='lat' dir='ltr'><strong>praedicare</strong></span> <span class='ocrx_word' id='word_1_260' title='bbox 1348 1884 1618 1951; x_wconf 92' lang='lat' dir='ltr'><strong>voluerit,</strong></span> <span class='ocrx_word' id='word_1_261' title='bbox 1651 1889 1708 1940; x_wconf 92' lang='lat' dir='ltr'><strong>et</strong></span> <span class='ocrx_word' id='word_1_262' title='bbox 1747 1883 1839 1940; x_wconf 90' lang='lat' dir='ltr'><strong>vel</strong></span> <span class='ocrx_word' id='word_1_263' title='bbox 1865 1899 2044 1956; x_wconf 90' lang='lat' dir='ltr'><strong>apos-</strong></span> 
     </span>
    </p>
   </div>
   <div class='ocr_carea' id='block_1_36' title="bbox 381 1973 2048 2047">
    <p class='ocr_par' dir='ltr' id='par_1_36' title="bbox 381 1973 2048 2047">
     <span class='ocr_line' id='line_1_36' title="bbox 381 1973 2048 2047; baseline -0.004 -12"><span class='ocrx_word' id='word_1_264' title='bbox 381 1980 558 2036; x_wconf 92' lang='lat' dir='ltr'><strong>tolica</strong></span> <span class='ocrx_word' id='word_1_265' title='bbox 609 1977 848 2033; x_wconf 91' lang='lat' dir='ltr'><strong>decreta</strong></span> <span class='ocrx_word' id='word_1_266' title='bbox 899 1991 1198 2047; x_wconf 89' lang='lat' dir='ltr'><strong>spernere,</strong></span> <span class='ocrx_word' id='word_1_267' title='bbox 1253 1973 1344 2030; x_wconf 83' lang='lat' dir='ltr'><strong>vel</strong></span> <span class='ocrx_word' id='word_1_268' title='bbox 1392 1991 1503 2047; x_wconf 91' lang='lat' dir='ltr'><strong>pro</strong></span> <span class='ocrx_word' id='word_1_269' title='bbox 1558 1990 1670 2030; x_wconf 90' lang='lat' dir='ltr'><strong>suo</strong></span> <span class='ocrx_word' id='word_1_270' title='bbox 1695 1973 1864 2029; x_wconf 89' lang='lat' dir='ltr'><strong>libito</strong></span> <span class='ocrx_word' id='word_1_271' title='bbox 1890 1988 2048 2029; x_wconf 87' lang='lat' dir='ltr'><strong>nova</strong></span> 
     </span>
    </p>
   </div>
   <div class='ocr_carea' id='block_1_37' title="bbox 381 2062 2048 2141">
    <p class='ocr_par' dir='ltr' id='par_1_37' title="bbox 381 2062 2048 2141">
     <span class='ocr_line' id='line_1_37' title="bbox 381 2062 2048 2141; baseline -0.003 -18"><span class='ocrx_word' id='word_1_272' title='bbox 381 2067 661 2141; x_wconf 69' lang='lat' dir='ltr'><strong>quaelibet</strong></span> <span class='ocrx_word' id='word_1_273' title='bbox 693 2070 950 2121; x_wconf 89' lang='lat' dir='ltr'><strong>statuere</strong></span> <span class='ocrx_word' id='word_1_274' title='bbox 980 2063 1276 2125; x_wconf 87' lang='lat' dir='ltr'><strong>maluerit,</strong></span> <span class='ocrx_word' id='word_1_275' title='bbox 1320 2079 1442 2118; x_wconf 91' lang='lat' dir='ltr'><strong>non</strong></span> <span class='ocrx_word' id='word_1_276' title='bbox 1491 2067 1578 2118; x_wconf 90' lang='lat' dir='ltr'><strong>est</strong></span> <span class='ocrx_word' id='word_1_277' title='bbox 1605 2062 1737 2119; x_wconf 90' lang='lat' dir='ltr'><strong>talis</strong></span> <span class='ocrx_word' id='word_1_278' title='bbox 1765 2062 2048 2118; x_wconf 89' lang='lat' dir='ltr'><strong>columna</strong></span> 
     </span>
    </p>
   </div>
   <div class='ocr_carea' id='block_1_38' title="bbox 381 2152 2048 2228">
    <p class='ocr_par' dir='ltr' id='par_1_38' title="bbox 381 2152 2048 2228">
     <span class='ocr_line' id='line_1_38' title="bbox 381 2152 2048 2228; baseline -0.004 -16"><span class='ocrx_word' id='word_1_279' title='bbox 381 2155 603 2228; x_wconf 91' lang='lat' dir='ltr'><strong>templo</strong></span> <span class='ocrx_word' id='word_1_280' title='bbox 635 2154 736 2210; x_wconf 91' lang='lat' dir='ltr'><strong>Dei</strong></span> <span class='ocrx_word' id='word_1_281' title='bbox 769 2159 942 2226; x_wconf 91' lang='lat' dir='ltr'><strong>apta:</strong></span> <span class='ocrx_word' id='word_1_282' title='bbox 964 2153 1112 2226; x_wconf 89' lang='lat' dir='ltr'><strong>quia</strong></span> <span class='ocrx_word' id='word_1_283' title='bbox 1134 2152 1281 2208; x_wconf 91' lang='lat' dir='ltr'><strong>dum</strong></span> <span class='ocrx_word' id='word_1_284' title='bbox 1334 2152 1664 2222; x_wconf 88' lang='lat' dir='ltr'><strong>apostolica</strong></span> <span class='ocrx_word' id='word_1_285' title='bbox 1689 2157 1907 2208; x_wconf 89' lang='lat' dir='ltr'><strong>statuta</strong></span> <span class='ocrx_word' id='word_1_286' title='bbox 1957 2167 2048 2207; x_wconf 88' lang='lat' dir='ltr'><strong>se-</strong></span> 
     </span>
    </p>
   </div>
   <div class='ocr_carea' id='block_1_39' title="bbox 382 2241 2050 2319">
    <p class='ocr_par' dir='ltr' id='par_1_39' title="bbox 382 2241 2050 2319">
     <span class='ocr_line' id='line_1_39' title="bbox 382 2241 2050 2319; baseline -0.002 -19"><span class='ocrx_word' id='word_1_287' title='bbox 382 2245 487 2319; x_wconf 92' lang='lat' dir='ltr'><strong>qui</strong></span> <span class='ocrx_word' id='word_1_288' title='bbox 508 2243 855 2314; x_wconf 91' lang='lat' dir='ltr'><strong>contemnit,</strong></span> <span class='ocrx_word' id='word_1_289' title='bbox 887 2243 1064 2315; x_wconf 90' lang='lat' dir='ltr'><strong>quasi</strong></span> <span class='ocrx_word' id='word_1_290' title='bbox 1097 2241 1187 2296; x_wconf 91' lang='lat' dir='ltr'><strong>vel</strong></span> <span class='ocrx_word' id='word_1_291' title='bbox 1226 2241 1480 2298; x_wconf 80' lang='lat' dir='ltr'><strong>exilitate</strong></span> <span class='ocrx_word' id='word_1_292' title='bbox 1518 2242 1741 2298; x_wconf 70' lang='lat' dir='ltr'><strong>inertiae</strong></span> <span class='ocrx_word' id='word_1_293' title='bbox 1775 2258 1921 2313; x_wconf 70' lang='lat' dir='ltr'><strong>suae,</strong></span> <span class='ocrx_word' id='word_1_294' title='bbox 1954 2241 2050 2297; x_wconf 91' lang='lat' dir='ltr'><strong>vel</strong></span> 
     </span>
    </p>
   </div>
   <div class='ocr_carea' id='block_1_40' title="bbox 383 2328 2051 2401">
    <p class='ocr_par' dir='ltr' id='par_1_40' title="bbox 383 2328 2051 2401">
     <span class='ocr_line' id='line_1_40' title="bbox 383 2328 2051 2401; baseline -0.002 -12"><span class='ocrx_word' id='word_1_295' title='bbox 383 2331 657 2389; x_wconf 90' lang='lat' dir='ltr'><strong>elationis</strong></span> <span class='ocrx_word' id='word_1_296' title='bbox 686 2330 849 2401; x_wconf 89' lang='lat' dir='ltr'><strong>vitio,</strong></span> <span class='ocrx_word' id='word_1_297' title='bbox 898 2330 973 2384; x_wconf 94' lang='lat' dir='ltr'><strong>de</strong></span> <span class='ocrx_word' id='word_1_298' title='bbox 1004 2329 1406 2400; x_wconf 88' lang='lat' dir='ltr'><strong>grossitudine</strong></span> <span class='ocrx_word' id='word_1_299' title='bbox 1454 2328 1776 2386; x_wconf 90' lang='lat' dir='ltr'><strong>duodecim</strong></span> <span class='ocrx_word' id='word_1_300' title='bbox 1825 2329 2051 2385; x_wconf 89' lang='lat' dir='ltr'><strong>cubito-</strong></span> 
     </span>
    </p>
   </div>
   <div class='ocr_carea' id='block_1_41' title="bbox 381 2416 1190 2477">
    <p class='ocr_par' dir='ltr' id='par_1_41' title="bbox 381 2416 1190 2477">
     <span class='ocr_line' id='line_1_41' title="bbox 381 2416 1190 2477; baseline -0.007 0"><span class='ocrx_word' id='word_1_301' title='bbox 381 2437 518 2477; x_wconf 88' lang='lat' dir='ltr'><strong>rum</strong></span> <span class='ocrx_word' id='word_1_302' title='bbox 546 2419 717 2474; x_wconf 63' lang='lat' dir='ltr'><strong>lineze</strong></span> <span class='ocrx_word' id='word_1_303' title='bbox 739 2433 860 2474; x_wconf 93' lang='lat' dir='ltr'><strong>non</strong></span> <span class='ocrx_word' id='word_1_304' title='bbox 891 2416 1190 2473; x_wconf 91' lang='lat' dir='ltr'><strong>convenit.</strong></span> 
     </span>
    </p>
   </div>
   <div class='ocr_carea' id='block_1_42' title="bbox 458 2506 2050 2581">
    <p class='ocr_par' dir='ltr' id='par_1_42' title="bbox 458 2506 2050 2581">
     <span class='ocr_line' id='line_1_42' title="bbox 458 2506 2050 2581; baseline 0.001 -22"><span class='ocrx_word' id='word_1_305' title='bbox 458 2532 486 2559; x_wconf 84' lang='grc'><strong>‹‹</strong></span> <span class='ocrx_word' id='word_1_306' title='bbox 523 2512 649 2564; x_wconf 92' lang='lat' dir='ltr'><strong>Duo</strong></span> <span class='ocrx_word' id='word_1_307' title='bbox 671 2523 915 2581; x_wconf 91' lang='lat' dir='ltr'><strong>quoque</strong></span> <span class='ocrx_word' id='word_1_308' title='bbox 941 2506 1216 2579; x_wconf 89' lang='lat' dir='ltr'><strong>capitella</strong></span> <span class='ocrx_word' id='word_1_309' title='bbox 1239 2506 1392 2573; x_wconf 87' lang='lat' dir='ltr'><strong>fecit,</strong></span> <span class='ocrx_word' id='word_1_310' title='bbox 1421 2523 1544 2579; x_wconf 86' lang='lat' dir='ltr'><strong>qua</strong></span> <span class='ocrx_word' id='word_1_311' title='bbox 1568 2511 1933 2579; x_wconf 87' lang='lat' dir='ltr'><strong>ponerentur</strong></span> <span class='ocrx_word' id='word_1_312' title='bbox 1955 2522 2050 2562; x_wconf 92' lang='lat' dir='ltr'><strong>su-</strong></span> 
     </span>
    </p>
   </div>
   <div class='ocr_carea' id='block_1_43' title="bbox 387 2594 2049 2670">
    <p class='ocr_par' dir='ltr' id='par_1_43' title="bbox 387 2594 2049 2670">
     <span class='ocr_line' id='line_1_43' title="bbox 387 2594 2049 2670; baseline 0.001 -22"><span class='ocrx_word' id='word_1_313' title='bbox 387 2620 416 2648; x_wconf 89' lang='grc'><strong>‹‹</strong></span> <span class='ocrx_word' id='word_1_314' title='bbox 456 2612 564 2670; x_wconf 92' lang='lat' dir='ltr'><strong>per</strong></span> <span class='ocrx_word' id='word_1_315' title='bbox 593 2598 793 2669; x_wconf 87' lang='lat' dir='ltr'><strong>capita</strong></span> <span class='ocrx_word' id='word_1_316' title='bbox 819 2597 1246 2652; x_wconf 90' lang='lat' dir='ltr'><strong>columnarum</strong></span> <span class='ocrx_word' id='word_1_317' title='bbox 1271 2594 1473 2650; x_wconf 85' lang='lat' dir='ltr'><strong>fusilia</strong></span> <span class='ocrx_word' id='word_1_318' title='bbox 1503 2611 1640 2659; x_wconf 64' lang='lat' dir='ltr'><strong>tere,</strong></span> <span class='ocrx_word' id='word_1_319' title='bbox 1659 2595 1927 2668; x_wconf 84' lang='lat' dir='ltr'><strong>quinque</strong></span> <span class='ocrx_word' id='word_1_320' title='bbox 1950 2611 2049 2650; x_wconf 86' lang='lat' dir='ltr'><strong>cu-</strong></span> 
     </span>
    </p>
   </div>
   <div class='ocr_carea' id='block_1_44' title="bbox 384 2683 2050 2756">
    <p class='ocr_par' dir='ltr' id='par_1_44' title="bbox 384 2683 2050 2756">
     <span class='ocr_line' id='line_1_44' title="bbox 384 2683 2050 2756; baseline 0 -18"><span class='ocrx_word' id='word_1_321' title='bbox 384 2710 413 2738; x_wconf 85' lang='grc'><strong>‹‹</strong></span> <span class='ocrx_word' id='word_1_322' title='bbox 454 2686 716 2741; x_wconf 87' lang='lat' dir='ltr'><strong>bitorum</strong></span> <span class='ocrx_word' id='word_1_323' title='bbox 741 2683 1071 2740; x_wconf 86' lang='lat' dir='ltr'><strong>altitudinis</strong></span> <span class='ocrx_word' id='word_1_324' title='bbox 1105 2683 1448 2756; x_wconf 90' lang='lat' dir='ltr'><strong>capitellum</strong></span> <span class='ocrx_word' id='word_1_325' title='bbox 1474 2699 1686 2750; x_wconf 90' lang='lat' dir='ltr'><strong>unum,</strong></span> <span class='ocrx_word' id='word_1_326' title='bbox 1706 2688 1762 2738; x_wconf 90' lang='lat' dir='ltr'><strong>et</strong></span> <span class='ocrx_word' id='word_1_327' title='bbox 1781 2683 2050 2755; x_wconf 90' lang='lat' dir='ltr'><strong>quinque</strong></span> 
     </span>
    </p>
   </div>
   <div class='ocr_carea' id='block_1_45' title="bbox 385 2771 2052 2845">
    <p class='ocr_par' dir='ltr' id='par_1_45' title="bbox 385 2771 2052 2845">
     <span class='ocr_line' id='line_1_45' title="bbox 385 2771 2052 2845; baseline 0.001 -19"><span class='ocrx_word' id='word_1_328' title='bbox 385 2799 413 2826; x_wconf 87' lang='grc'><em>‹‹</em></span> <span class='ocrx_word' id='word_1_329' title='bbox 456 2774 795 2831; x_wconf 85' lang='lat' dir='ltr'><strong>cubitorum</strong></span> <span class='ocrx_word' id='word_1_330' title='bbox 825 2771 1152 2828; x_wconf 87' lang='lat' dir='ltr'><strong>altitudinis</strong></span> <span class='ocrx_word' id='word_1_331' title='bbox 1179 2771 1521 2845; x_wconf 88' lang='lat' dir='ltr'><strong>capitellum</strong></span> <span class='ocrx_word' id='word_1_332' title='bbox 1552 2771 1861 2828; x_wconf 65' lang='lat' dir='ltr'><strong>alterum.»</strong></span> <span class='ocrx_word' id='word_1_333' title='bbox 1878 2771 2052 2844; x_wconf 88' lang='lat' dir='ltr'><strong>Capi-</strong></span> 
     </span>
    </p>
   </div>
   <div class='ocr_carea' id='block_1_46' title="bbox 382 2861 2052 2934">
    <p class='ocr_par' dir='ltr' id='par_1_46' title="bbox 382 2861 2052 2934">
     <span class='ocr_line' id='line_1_46' title="bbox 382 2861 2052 2934; baseline -0.004 -12"><span class='ocrx_word' id='word_1_334' title='bbox 382 2870 446 2922; x_wconf 88' lang='lat' dir='ltr'><strong>ta</strong></span> <span class='ocrx_word' id='word_1_335' title='bbox 473 2863 692 2921; x_wconf 80' lang='lat' dir='ltr'><strong>etenim</strong></span> <span class='ocrx_word' id='word_1_336' title='bbox 747 2861 1196 2931; x_wconf 91' lang='lat' dir='ltr'><strong>columnarum,</strong></span> <span class='ocrx_word' id='word_1_337' title='bbox 1229 2861 1343 2916; x_wconf 92' lang='lat' dir='ltr'><strong>hoc</strong></span> <span class='ocrx_word' id='word_1_338' title='bbox 1374 2864 1462 2916; x_wconf 91' lang='lat' dir='ltr'><strong>est</strong></span> <span class='ocrx_word' id='word_1_339' title='bbox 1487 2876 1750 2933; x_wconf 78' lang='lat' dir='ltr'><strong>superna</strong></span> <span class='ocrx_word' id='word_1_340' title='bbox 1780 2876 1924 2934; x_wconf 89' lang='lat' dir='ltr'><strong>pars</strong></span> <span class='ocrx_word' id='word_1_341' title='bbox 1954 2877 2052 2916; x_wconf 84' lang='lat' dir='ltr'><strong>eo-</strong></span> 
     </span>
    </p>
   </div>
   <div class='ocr_carea' id='block_1_47' title="bbox 381 2949 2050 3026">
    <p class='ocr_par' dir='ltr' id='par_1_47' title="bbox 381 2949 2050 3026">
     <span class='ocr_line' id='line_1_47' title="bbox 381 2949 2050 3026; baseline -0.004 -15"><span class='ocrx_word' id='word_1_342' title='bbox 381 2970 542 3021; x_wconf 86' lang='lat' dir='ltr'><strong>rum,</strong></span> <span class='ocrx_word' id='word_1_343' title='bbox 574 2951 909 3026; x_wconf 75' lang='lat' dir='ltr'><strong>praecordia</strong></span> <span class='ocrx_word' id='word_1_344' title='bbox 947 2955 1089 3006; x_wconf 93' lang='lat' dir='ltr'><strong>sunt</strong></span> <span class='ocrx_word' id='word_1_345' title='bbox 1116 2950 1387 3010; x_wconf 86' lang='lat' dir='ltr'><strong>ﬁdelium</strong></span> <span class='ocrx_word' id='word_1_346' title='bbox 1415 2949 1753 3014; x_wconf 90' lang='lat' dir='ltr'><strong>doctorum,</strong></span> <span class='ocrx_word' id='word_1_347' title='bbox 1789 2966 2050 3022; x_wconf 90' lang='lat' dir='ltr'><strong>quorum</strong></span> 
     </span>
    </p>
   </div>
   <div class='ocr_carea' id='block_1_48' title="bbox 385 3039 2124 3137">
    <p class='ocr_par' dir='ltr' id='par_1_48' title="bbox 385 3039 2124 3137">
     <span class='ocr_line' id='line_1_48' title="bbox 385 3039 2124 3137; baseline -0.001 -39"><span class='ocrx_word' id='word_1_348' title='bbox 385 3045 506 3137; x_wconf 81' lang='lat' dir='ltr'><strong>Deo</strong></span> <span class='ocrx_word' id='word_1_349' title='bbox 521 3041 766 3137; x_wconf 78' lang='lat' dir='ltr'><strong>devotis</strong></span> <span class='ocrx_word' id='word_1_350' title='bbox 803 3040 1266 3137; x_wconf 79' lang='lat' dir='ltr'><strong>cogitatidnibus</strong></span> <span class='ocrx_word' id='word_1_351' title='bbox 1321 3039 1496 3137; x_wconf 71' lang='lat' dir='ltr'><strong>sicut</strong></span> <span class='ocrx_word' id='word_1_352' title='bbox 1519 3040 1710 3113; x_wconf 87' lang='lat' dir='ltr'><strong>capite</strong></span> <span class='ocrx_word' id='word_1_353' title='bbox 1752 3040 2050 3110; x_wconf 90' lang='lat' dir='ltr'><strong>membra,</strong></span> <span class='ocrx_word' id='word_1_354' title='bbox 2080 3081 2124 3137; x_wconf 70' lang='grc' dir='ltr'>ο</span> 
     </span>
    </p>
   </div>
   <div class='ocr_carea' id='block_1_49' title="bbox 384 3129 2048 3204">
    <p class='ocr_par' dir='ltr' id='par_1_49' title="bbox 384 3129 2048 3204">
     <span class='ocr_line' id='line_1_49' title="bbox 384 3129 2048 3204; baseline -0.002 -15"><span class='ocrx_word' id='word_1_355' title='bbox 384 3132 467 3189; x_wconf 91' lang='lat' dir='ltr'><strong>ita</strong></span> <span class='ocrx_word' id='word_1_356' title='bbox 517 3131 793 3204; x_wconf 91' lang='lat' dir='ltr'><strong>ipsorum</strong></span> <span class='ocrx_word' id='word_1_357' title='bbox 840 3130 1048 3186; x_wconf 90' lang='lat' dir='ltr'><strong>omnia</strong></span> <span class='ocrx_word' id='word_1_358' title='bbox 1077 3135 1134 3185; x_wconf 90' lang='lat' dir='ltr'><strong>et</strong></span> <span class='ocrx_word' id='word_1_359' title='bbox 1175 3145 1362 3203; x_wconf 90' lang='lat' dir='ltr'><strong>opera</strong></span> <span class='ocrx_word' id='word_1_360' title='bbox 1389 3129 1726 3200; x_wconf 89' lang='lat' dir='ltr'><strong>diriguntur</strong></span> <span class='ocrx_word' id='word_1_361' title='bbox 1761 3135 1818 3186; x_wconf 92' lang='lat' dir='ltr'><strong>et</strong></span> <span class='ocrx_word' id='word_1_362' title='bbox 1848 3129 2048 3186; x_wconf 88' lang='lat' dir='ltr'><strong>verba.</strong></span> 
     </span>
    </p>
   </div>
   <div class='ocr_carea' id='block_1_50' title="bbox 385 3218 2052 3292">
    <p class='ocr_par' dir='ltr' id='par_1_50' title="bbox 385 3218 2052 3292">
     <span class='ocr_line' id='line_1_50' title="bbox 385 3218 2052 3292; baseline -0.001 -16"><span class='ocrx_word' id='word_1_363' title='bbox 385 3222 515 3276; x_wconf 79' lang='lat' dir='ltr'><strong>Duo</strong></span> <span class='ocrx_word' id='word_1_364' title='bbox 546 3224 750 3276; x_wconf 88' lang='lat' dir='ltr'><strong>autem</strong></span> <span class='ocrx_word' id='word_1_365' title='bbox 789 3219 1068 3292; x_wconf 89' lang='lat' dir='ltr'><strong>capitella</strong></span> <span class='ocrx_word' id='word_1_366' title='bbox 1095 3235 1231 3292; x_wconf 66' lang='lat' dir='ltr'><strong>qum</strong></span> <span class='ocrx_word' id='word_1_367' title='bbox 1264 3219 1356 3274; x_wconf 92' lang='lat' dir='ltr'><strong>his</strong></span> <span class='ocrx_word' id='word_1_368' title='bbox 1406 3218 1706 3290; x_wconf 88' lang='lat' dir='ltr'><strong>capitibus</strong></span> <span class='ocrx_word' id='word_1_369' title='bbox 1739 3224 1908 3274; x_wconf 89' lang='lat' dir='ltr'><strong>erant</strong></span> <span class='ocrx_word' id='word_1_370' title='bbox 1955 3235 2052 3274; x_wconf 88' lang='lat' dir='ltr'><strong>su-</strong></span> 
     </span>
    </p>
   </div>
   <div class='ocr_carea' id='block_1_51' title="bbox 386 3307 2055 3384">
    <p class='ocr_par' dir='ltr' id='par_1_51' title="bbox 386 3307 2055 3384">
     <span class='ocr_line' id='line_1_51' title="bbox 386 3307 2055 3384; baseline -0.001 -19"><span class='ocrx_word' id='word_1_371' title='bbox 386 3309 697 3384; x_wconf 90' lang='lat' dir='ltr'><strong>perposita</strong></span> <span class='ocrx_word' id='word_1_372' title='bbox 725 3307 848 3362; x_wconf 91' lang='lat' dir='ltr'><strong>duo</strong></span> <span class='ocrx_word' id='word_1_373' title='bbox 890 3312 1027 3363; x_wconf 90' lang='lat' dir='ltr'><strong>sunt</strong></span> <span class='ocrx_word' id='word_1_374' title='bbox 1061 3313 1416 3364; x_wconf 89' lang='lat' dir='ltr'><strong>testamenta</strong></span> <span class='ocrx_word' id='word_1_375' title='bbox 1436 3324 1698 3380; x_wconf 90' lang='lat' dir='ltr'><strong>quarum</strong></span> <span class='ocrx_word' id='word_1_376' title='bbox 1727 3307 2055 3364; x_wconf 90' lang='lat' dir='ltr'><strong>meditatio-</strong></span> 
     </span>
    </p>
   </div>
   <div class='ocr_carea' id='block_1_52' title="bbox 389 3394 2054 3468">
    <p class='ocr_par' dir='ltr' id='par_1_52' title="bbox 389 3394 2054 3468">
     <span class='ocr_line' id='line_1_52' title="bbox 389 3394 2054 3468; baseline 0 -15"><span class='ocrx_word' id='word_1_377' title='bbox 389 3397 454 3454; x_wconf 88' lang='lat' dir='ltr'><strong>ni</strong></span> <span class='ocrx_word' id='word_1_378' title='bbox 478 3401 660 3468; x_wconf 89' lang='lat' dir='ltr'><strong>atque</strong></span> <span class='ocrx_word' id='word_1_379' title='bbox 689 3394 1085 3452; x_wconf 80' lang='lat' dir='ltr'><strong>observantiae</strong></span> <span class='ocrx_word' id='word_1_380' title='bbox 1116 3395 1389 3452; x_wconf 90' lang='lat' dir='ltr'><strong>doctores</strong></span> <span class='ocrx_word' id='word_1_381' title='bbox 1413 3397 1601 3452; x_wconf 85' lang='lat' dir='ltr'><strong>sancti</strong></span> <span class='ocrx_word' id='word_1_382' title='bbox 1627 3401 1749 3452; x_wconf 92' lang='lat' dir='ltr'><strong>toto</strong></span> <span class='ocrx_word' id='word_1_383' title='bbox 1771 3401 1828 3453; x_wconf 92' lang='lat' dir='ltr'><strong>et</strong></span> <span class='ocrx_word' id='word_1_384' title='bbox 1850 3397 2054 3453; x_wconf 88' lang='lat' dir='ltr'><strong>animo</strong></span> 
     </span>
    </p>
   </div>
   <div class='ocr_carea' id='block_1_53' title="bbox 396 3483 2057 3559">
    <p class='ocr_par' dir='ltr' id='par_1_53' title="bbox 396 3483 2057 3559">
     <span class='ocr_line' id='line_1_53' title="bbox 396 3483 2057 3559; baseline 0.002 -20"><span class='ocrx_word' id='word_1_385' title='bbox 396 3483 744 3540; x_wconf 80' lang='lat' dir='ltr'><strong>subdantur</strong></span> <span class='ocrx_word' id='word_1_386' title='bbox 770 3487 825 3537; x_wconf 89' lang='lat' dir='ltr'><strong>et</strong></span> <span class='ocrx_word' id='word_1_387' title='bbox 855 3497 1124 3555; x_wconf 91' lang='lat' dir='ltr'><strong>corpore.</strong></span> <span class='ocrx_word' id='word_1_388' title='bbox 1167 3485 1331 3540; x_wconf 92' lang='lat' dir='ltr'><strong>Unde</strong></span> <span class='ocrx_word' id='word_1_389' title='bbox 1362 3484 1515 3540; x_wconf 90' lang='lat' dir='ltr'><strong>bene</strong></span> <span class='ocrx_word' id='word_1_390' title='bbox 1546 3489 1868 3558; x_wconf 90' lang='lat' dir='ltr'><strong>utrumque</strong></span> <span class='ocrx_word' id='word_1_391' title='bbox 1897 3485 2057 3559; x_wconf 89' lang='lat' dir='ltr'><strong>capi-</strong></span> 
     </span>
    </p>
   </div>
   <div class='ocr_carea' id='block_1_54' title="bbox 393 3569 2058 3648">
    <p class='ocr_par' dir='ltr' id='par_1_54' title="bbox 393 3569 2058 3648">
     <span class='ocr_line' id='line_1_54' title="bbox 393 3569 2058 3648; baseline 0.001 -19"><span class='ocrx_word' id='word_1_392' title='bbox 393 3571 603 3630; x_wconf 87' lang='lat' dir='ltr'><strong>tellum</strong></span> <span class='ocrx_word' id='word_1_393' title='bbox 631 3569 900 3643; x_wconf 89' lang='lat' dir='ltr'><strong>quinque</strong></span> <span class='ocrx_word' id='word_1_394' title='bbox 947 3571 1181 3628; x_wconf 91' lang='lat' dir='ltr'><strong>cubitos</strong></span> <span class='ocrx_word' id='word_1_395' title='bbox 1229 3572 1497 3628; x_wconf 89' lang='lat' dir='ltr'><strong>habebat</strong></span> <span class='ocrx_word' id='word_1_396' title='bbox 1541 3572 1886 3642; x_wconf 88' lang='lat' dir='ltr'><strong>altitudinis,</strong></span> <span class='ocrx_word' id='word_1_397' title='bbox 1913 3575 2058 3648; x_wconf 86' lang='lat' dir='ltr'><strong>quia</strong></span> 
     </span>
    </p>
   </div>
   <div class='ocr_carea' id='block_1_55' title="bbox 394 3659 2056 3734">
    <p class='ocr_par' dir='ltr' id='par_1_55' title="bbox 394 3659 2056 3734">
     <span class='ocr_line' id='line_1_55' title="bbox 394 3659 2056 3734; baseline 0.001 -16"><span class='ocrx_word' id='word_1_398' title='bbox 394 3661 683 3719; x_wconf 86' lang='lat' dir='ltr'><strong>nimirum</strong></span> <span class='ocrx_word' id='word_1_399' title='bbox 731 3659 998 3732; x_wconf 88' lang='lat' dir='ltr'><strong>quinque</strong></span> <span class='ocrx_word' id='word_1_400' title='bbox 1048 3659 1214 3716; x_wconf 87' lang='lat' dir='ltr'><strong>libris</strong></span> <span class='ocrx_word' id='word_1_401' title='bbox 1259 3661 1554 3733; x_wconf 91' lang='lat' dir='ltr'><strong>scriptura</strong></span> <span class='ocrx_word' id='word_1_402' title='bbox 1599 3662 1865 3718; x_wconf 66' lang='lat' dir='ltr'><strong>Mosaicae</strong></span> <span class='ocrx_word' id='word_1_403' title='bbox 1907 3663 2056 3734; x_wconf 89' lang='lat' dir='ltr'><strong>legis</strong></span> 
     </span>
    </p>
   </div>
   <div class='ocr_carea' id='block_1_56' title="bbox 396 3749 2058 3824">
    <p class='ocr_par' dir='ltr' id='par_1_56' title="bbox 396 3749 2058 3824">
     <span class='ocr_line' id='line_1_56' title="bbox 396 3749 2058 3824; baseline -0.001 -16"><span class='ocrx_word' id='word_1_404' title='bbox 396 3750 837 3824; x_wconf 90' lang='lat' dir='ltr'><strong>comprehensa</strong></span> <span class='ocrx_word' id='word_1_405' title='bbox 885 3753 993 3815; x_wconf 92' lang='lat' dir='ltr'><strong>est,</strong></span> <span class='ocrx_word' id='word_1_406' title='bbox 1016 3752 1073 3806; x_wconf 92' lang='lat' dir='ltr'><strong>et</strong></span> <span class='ocrx_word' id='word_1_407' title='bbox 1099 3749 1368 3822; x_wconf 91' lang='lat' dir='ltr'><strong>quinque</strong></span> <span class='ocrx_word' id='word_1_408' title='bbox 1395 3750 1571 3806; x_wconf 89' lang='lat' dir='ltr'><strong>etiam</strong></span> <span class='ocrx_word' id='word_1_409' title='bbox 1601 3750 1802 3805; x_wconf 80' lang='lat' dir='ltr'><strong>saeculi</strong></span> <span class='ocrx_word' id='word_1_410' title='bbox 1833 3756 2058 3823; x_wconf 85' lang='lat' dir='ltr'><strong>aetates,</strong></span> 
     </span>
    </p>
   </div>
   <div class='ocr_carea' id='block_1_57' title="bbox 394 3838 2063 3912">
    <p class='ocr_par' dir='ltr' id='par_1_57' title="bbox 394 3838 2063 3912">
     <span class='ocr_line' id='line_1_57' title="bbox 394 3838 2063 3912; baseline -0.001 -14"><span class='ocrx_word' id='word_1_411' title='bbox 394 3845 520 3898; x_wconf 86' lang='lat' dir='ltr'><strong>tota</strong></span> <span class='ocrx_word' id='word_1_412' title='bbox 543 3840 759 3896; x_wconf 88' lang='lat' dir='ltr'><strong>veteris</strong></span> <span class='ocrx_word' id='word_1_413' title='bbox 788 3838 1169 3895; x_wconf 87' lang='lat' dir='ltr'><strong>instrumenti</strong></span> <span class='ocrx_word' id='word_1_414' title='bbox 1216 3839 1396 3894; x_wconf 89' lang='lat' dir='ltr'><strong>series</strong></span> <span class='ocrx_word' id='word_1_415' title='bbox 1444 3839 1762 3912; x_wconf 83' lang='lat' dir='ltr'><strong>complexa</strong></span> <span class='ocrx_word' id='word_1_416' title='bbox 1805 3844 1911 3895; x_wconf 89' lang='lat' dir='ltr'><strong>est.</strong></span> <span class='ocrx_word' id='word_1_417' title='bbox 1953 3843 2063 3896; x_wconf 86' lang='lat' dir='ltr'><strong>No-</strong></span> 
     </span>
    </p>
   </div>
   <div class='ocr_carea' id='block_1_58' title="bbox 395 3928 2058 4002">
    <p class='ocr_par' dir='ltr' id='par_1_58' title="bbox 395 3928 2058 4002">
     <span class='ocr_line' id='line_1_58' title="bbox 395 3928 2058 4002; baseline -0.001 -16"><span class='ocrx_word' id='word_1_418' title='bbox 395 3945 544 3986; x_wconf 90' lang='lat' dir='ltr'><strong>vum</strong></span> <span class='ocrx_word' id='word_1_419' title='bbox 585 3944 728 3985; x_wconf 91' lang='lat' dir='ltr'><strong>vero</strong></span> <span class='ocrx_word' id='word_1_420' title='bbox 780 3932 1207 3985; x_wconf 89' lang='lat' dir='ltr'><strong>testamentum</strong></span> <span class='ocrx_word' id='word_1_421' title='bbox 1239 3945 1359 3984; x_wconf 90' lang='lat' dir='ltr'><strong>non</strong></span> <span class='ocrx_word' id='word_1_422' title='bbox 1392 3928 1509 3985; x_wconf 89' lang='lat' dir='ltr'><strong>alia</strong></span> <span class='ocrx_word' id='word_1_423' title='bbox 1539 3928 1714 3985; x_wconf 90' lang='lat' dir='ltr'><strong>nobis</strong></span> <span class='ocrx_word' id='word_1_424' title='bbox 1754 3928 2058 4002; x_wconf 65' lang='lat' dir='ltr'><strong>praedicat,</strong></span> 
     </span>
    </p>
   </div>
   <div class='ocr_carea' id='block_1_59' title="bbox 397 4017 2064 4092">
    <p class='ocr_par' dir='ltr' id='par_1_59' title="bbox 397 4017 2064 4092">
     <span class='ocr_line' id='line_1_59' title="bbox 397 4017 2064 4092; baseline 0.002 -20"><span class='ocrx_word' id='word_1_425' title='bbox 397 4033 586 4090; x_wconf 88' lang='lat' dir='ltr'><strong>quam</strong></span> <span class='ocrx_word' id='word_1_426' title='bbox 613 4033 751 4089; x_wconf 73' lang='lat' dir='ltr'><strong>qua:</strong></span> <span class='ocrx_word' id='word_1_427' title='bbox 801 4021 1028 4089; x_wconf 84' lang='lat' dir='ltr'><strong>Moyses</strong></span> <span class='ocrx_word' id='word_1_428' title='bbox 1061 4017 1448 4090; x_wconf 69' lang='lat' dir='ltr'><strong>praedicanda</strong></span> <span class='ocrx_word' id='word_1_429' title='bbox 1477 4034 1582 4090; x_wconf 89' lang='lat' dir='ltr'><strong>per</strong></span> <span class='ocrx_word' id='word_1_430' title='bbox 1618 4017 1734 4074; x_wconf 88' lang='lat' dir='ltr'><strong>hoc</strong></span> <span class='ocrx_word' id='word_1_431' title='bbox 1764 4033 1891 4073; x_wconf 90' lang='lat' dir='ltr'><strong>esse</strong></span> <span class='ocrx_word' id='word_1_432' title='bbox 1916 4035 2064 4092; x_wconf 71' lang='lat' dir='ltr'><strong>prte-</strong></span> 
     </span>
    </p>
   </div>
   <div class='ocr_carea' id='block_1_60' title="bbox 399 4105 1076 4176">
    <p class='ocr_par' dir='ltr' id='par_1_60' title="bbox 399 4105 1076 4176">
     <span class='ocr_line' id='line_1_60' title="bbox 399 4105 1076 4176; baseline -0.001 -14"><span class='ocrx_word' id='word_1_433' title='bbox 399 4105 633 4162; x_wconf 82' lang='lat' dir='ltr'><strong>dixerat</strong></span> <span class='ocrx_word' id='word_1_434' title='bbox 660 4109 718 4159; x_wconf 93' lang='lat' dir='ltr'><strong>et</strong></span> <span class='ocrx_word' id='word_1_435' title='bbox 746 4106 1076 4176; x_wconf 70' lang='lat' dir='ltr'><strong>prophetas.</strong></span> 
     </span>
    </p>
   </div>
   <div class='ocr_carea' id='block_1_61' title="bbox 474 4192 2065 4264">
    <p class='ocr_par' dir='ltr' id='par_1_61' title="bbox 474 4192 2065 4264">
     <span class='ocr_line' id='line_1_61' title="bbox 474 4192 2065 4264; baseline 0.009 -24"><span class='ocrx_word' id='word_1_436' title='bbox 474 4214 503 4241; x_wconf 85' lang='grc'><em>‹‹</em></span> <span class='ocrx_word' id='word_1_437' title='bbox 540 4195 608 4248; x_wconf 86' lang='lat' dir='ltr'><strong>Et</strong></span> <span class='ocrx_word' id='word_1_438' title='bbox 625 4192 803 4264; x_wconf 89' lang='lat' dir='ltr'><strong>quasi</strong></span> <span class='ocrx_word' id='word_1_439' title='bbox 827 4193 889 4246; x_wconf 93' lang='lat' dir='ltr'><strong>in</strong></span> <span class='ocrx_word' id='word_1_440' title='bbox 918 4192 1172 4248; x_wconf 91' lang='lat' dir='ltr'><strong>modum</strong></span> <span class='ocrx_word' id='word_1_441' title='bbox 1198 4194 1335 4249; x_wconf 85' lang='lat' dir='ltr'><strong>retis</strong></span> <span class='ocrx_word' id='word_1_442' title='bbox 1353 4199 1410 4250; x_wconf 92' lang='lat' dir='ltr'><strong>et</strong></span> <span class='ocrx_word' id='word_1_443' title='bbox 1425 4199 1774 4254; x_wconf 90' lang='lat' dir='ltr'><strong>catenarum</strong></span> <span class='ocrx_word' id='word_1_444' title='bbox 1791 4197 1904 4254; x_wconf 89' lang='lat' dir='ltr'><strong>sibi</strong></span> <span class='ocrx_word' id='word_1_445' title='bbox 1919 4197 2065 4254; x_wconf 89' lang='lat' dir='ltr'><strong>invi-</strong></span> 
     </span>
    </p>
   </div>
   <div class='ocr_carea' id='block_1_62' title="bbox 406 4279 2065 4360">
    <p class='ocr_par' dir='ltr' id='par_1_62' title="bbox 406 4279 2065 4360">
     <span class='ocr_line' id='line_1_62' title="bbox 406 4279 2065 4360; baseline 0.006 -27"><span class='ocrx_word' id='word_1_446' title='bbox 406 4298 437 4333; x_wconf 70' lang='grc' dir='ltr'><strong><em>α</em></strong></span> <span class='ocrx_word' id='word_1_447' title='bbox 476 4295 607 4335; x_wconf 90' lang='lat' dir='ltr'><strong>cem</strong></span> <span class='ocrx_word' id='word_1_448' title='bbox 632 4279 785 4335; x_wconf 90' lang='lat' dir='ltr'><strong>miro</strong></span> <span class='ocrx_word' id='word_1_449' title='bbox 815 4295 996 4351; x_wconf 91' lang='lat' dir='ltr'><strong>opere</strong></span> <span class='ocrx_word' id='word_1_450' title='bbox 1024 4285 1459 4340; x_wconf 89' lang='lat' dir='ltr'><strong>contextarum.</strong></span> <span class='ocrx_word' id='word_1_451' title='bbox 1483 4287 1809 4359; x_wconf 90' lang='lat' dir='ltr'><strong>Utrumque</strong></span> <span class='ocrx_word' id='word_1_452' title='bbox 1828 4286 2065 4360; x_wconf 86' lang='lat' dir='ltr'><strong>capitel-</strong></span> 
     </span>
    </p>
   </div>
   <div class='ocr_carea' id='block_1_63' title="bbox 405 4366 2064 4439">
    <p class='ocr_par' dir='ltr' id='par_1_63' title="bbox 405 4366 2064 4439">
     <span class='ocr_line' id='line_1_63' title="bbox 405 4366 2064 4439; baseline 0.007 -19"><span class='ocrx_word' id='word_1_453' title='bbox 405 4389 436 4418; x_wconf 89' lang='grc'><strong>‹‹</strong></span> <span class='ocrx_word' id='word_1_454' title='bbox 474 4367 603 4422; x_wconf 91' lang='lat' dir='ltr'><strong>lum</strong></span> <span class='ocrx_word' id='word_1_455' title='bbox 633 4366 1058 4424; x_wconf 89' lang='lat' dir='ltr'><strong>columnarum</strong></span> <span class='ocrx_word' id='word_1_456' title='bbox 1082 4369 1250 4426; x_wconf 77' lang='lat' dir='ltr'><strong>fusile</strong></span> <span class='ocrx_word' id='word_1_457' title='bbox 1279 4377 1422 4429; x_wconf 91' lang='lat' dir='ltr'><strong>erat.</strong></span> <span class='ocrx_word' id='word_1_458' title='bbox 1439 4394 1468 4422; x_wconf 87' lang='lat'>»</span> <span class='ocrx_word' id='word_1_459' title='bbox 1494 4371 1667 4439; x_wconf 87' lang='lat' dir='ltr'><strong>Quod</strong></span> <span class='ocrx_word' id='word_1_460' title='bbox 1695 4374 1756 4430; x_wconf 92' lang='lat' dir='ltr'><strong>in</strong></span> <span class='ocrx_word' id='word_1_461' title='bbox 1777 4374 1929 4432; x_wconf 90' lang='lat' dir='ltr'><strong>libro</strong></span> <span class='ocrx_word' id='word_1_462' title='bbox 1954 4374 2064 4431; x_wconf 89' lang='lat' dir='ltr'><strong>Pa-</strong></span> 
     </span>
    </p>
   </div>
   <div class='ocr_carea' id='block_1_64' title="bbox 403 4435 2142 4536">
    <p class='ocr_par' dir='ltr' id='par_1_64' title="bbox 403 4435 2142 4536">
     <span class='ocr_line' id='line_1_64' title="bbox 403 4435 2142 4536; baseline 0.005 -24"><span class='ocrx_word' id='word_1_463' title='bbox 403 4455 826 4527; x_wconf 90' lang='lat' dir='ltr'><strong>ralipomenon</strong></span> <span class='ocrx_word' id='word_1_464' title='bbox 871 4457 955 4512; x_wconf 89' lang='lat' dir='ltr'><strong>ita</strong></span> <span class='ocrx_word' id='word_1_465' title='bbox 994 4457 1284 4530; x_wconf 90' lang='lat' dir='ltr'><strong>scriptum</strong></span> <span class='ocrx_word' id='word_1_466' title='bbox 1313 4465 1433 4516; x_wconf 90' lang='lat' dir='ltr'><strong>est:</strong></span> <span class='ocrx_word' id='word_1_467' title='bbox 1468 4435 1767 4518; x_wconf 12' lang='lat' dir='ltr'><strong>«r&#39;Necnon</strong></span> <span class='ocrx_word' id='word_1_468' title='bbox 1799 4468 1856 4519; x_wconf 91' lang='lat' dir='ltr'><strong>et</strong></span> <span class='ocrx_word' id='word_1_469' title='bbox 1893 4463 2066 4536; x_wconf 92' lang='lat' dir='ltr'><strong>quasi</strong></span> <span class='ocrx_word' id='word_1_470' title='bbox 2098 4435 2142 4489; x_wconf 76' lang='lat' dir='ltr'><strong>D</strong></span> 
     </span>
    </p>
   </div>
   <div class='ocr_carea' id='block_1_65' title="bbox 406 4543 2067 4624">
    <p class='ocr_par' dir='ltr' id='par_1_65' title="bbox 406 4543 2067 4624">
     <span class='ocr_line' id='line_1_65' title="bbox 406 4543 2067 4624; baseline 0.003 -22"><span class='ocrx_word' id='word_1_471' title='bbox 406 4543 713 4602; x_wconf 91' lang='lat' dir='ltr'><strong>catenulas</strong></span> <span class='ocrx_word' id='word_1_472' title='bbox 743 4545 805 4600; x_wconf 91' lang='lat' dir='ltr'><strong>in</strong></span> <span class='ocrx_word' id='word_1_473' title='bbox 835 4546 1102 4618; x_wconf 92' lang='lat' dir='ltr'><strong>oraculo,</strong></span> <span class='ocrx_word' id='word_1_474' title='bbox 1139 4552 1196 4603; x_wconf 93' lang='lat' dir='ltr'><strong>et</strong></span> <span class='ocrx_word' id='word_1_475' title='bbox 1226 4551 1610 4622; x_wconf 89' lang='lat' dir='ltr'><strong>superposuit</strong></span> <span class='ocrx_word' id='word_1_476' title='bbox 1638 4566 1739 4606; x_wconf 91' lang='lat' dir='ltr'><strong>eas</strong></span> <span class='ocrx_word' id='word_1_477' title='bbox 1769 4552 2067 4624; x_wconf 89' lang='lat' dir='ltr'><strong>capitibus</strong></span> 
     </span>
    </p>
   </div>
   <div class='ocr_carea' id='block_1_66' title="bbox 407 4633 2068 4712">
    <p class='ocr_par' dir='ltr' id='par_1_66' title="bbox 407 4633 2068 4712">
     <span class='ocr_line' id='line_1_66' title="bbox 407 4633 2068 4712; baseline 0.005 -24"><span class='ocrx_word' id='word_1_478' title='bbox 407 4633 827 4689; x_wconf 89' lang='lat' dir='ltr'><strong>columnarum</strong></span> <span class='ocrx_word' id='word_1_479' title='bbox 858 4634 946 4706; x_wconf 89' lang='grc' dir='ltr'><strong>(ΙΙ</strong></span> <span class='ocrx_word' id='word_1_480' title='bbox 970 4637 1116 4692; x_wconf 87' lang='lat' dir='ltr'><strong>Par.</strong></span> <span class='ocrx_word' id='word_1_481' title='bbox 1151 4638 1251 4710; x_wconf 84' lang='lat' dir='ltr'><strong>Ill).</strong></span> <span class='ocrx_word' id='word_1_482' title='bbox 1279 4661 1308 4688; x_wconf 84' lang='lat'><strong><em>»</em></strong></span> <span class='ocrx_word' id='word_1_483' title='bbox 1339 4639 1574 4712; x_wconf 92' lang='lat' dir='ltr'><strong>Species</strong></span> <span class='ocrx_word' id='word_1_484' title='bbox 1604 4655 1870 4712; x_wconf 89' lang='lat' dir='ltr'><strong>namque</strong></span> <span class='ocrx_word' id='word_1_485' title='bbox 1916 4644 2068 4696; x_wconf 81' lang='lat' dir='ltr'><strong>cate-</strong></span> 
     </span>
    </p>
   </div>
   <div class='ocr_carea' id='block_1_67' title="bbox 405 4723 2070 4801">
    <p class='ocr_par' dir='ltr' id='par_1_67' title="bbox 405 4723 2070 4801">
     <span class='ocr_line' id='line_1_67' title="bbox 405 4723 2070 4801; baseline 0.005 -25"><span class='ocrx_word' id='word_1_486' title='bbox 405 4737 625 4778; x_wconf 90' lang='lat' dir='ltr'><strong>narum</strong></span> <span class='ocrx_word' id='word_1_487' title='bbox 655 4727 713 4778; x_wconf 91' lang='lat' dir='ltr'><strong>et</strong></span> <span class='ocrx_word' id='word_1_488' title='bbox 741 4723 1071 4780; x_wconf 89' lang='lat' dir='ltr'><strong>similitudo</strong></span> <span class='ocrx_word' id='word_1_489' title='bbox 1101 4726 1239 4782; x_wconf 90' lang='lat' dir='ltr'><strong>retis</strong></span> <span class='ocrx_word' id='word_1_490' title='bbox 1268 4727 1332 4783; x_wconf 90' lang='lat' dir='ltr'><strong>in</strong></span> <span class='ocrx_word' id='word_1_491' title='bbox 1358 4728 1666 4801; x_wconf 89' lang='lat' dir='ltr'><strong>capitellis,</strong></span> <span class='ocrx_word' id='word_1_492' title='bbox 1696 4728 1953 4785; x_wconf 86' lang='lat' dir='ltr'><strong>varietas</strong></span> <span class='ocrx_word' id='word_1_493' title='bbox 1979 4734 2070 4786; x_wconf 87' lang='lat' dir='ltr'><strong>est</strong></span> 
     </span>
    </p>
   </div>
   <div class='ocr_carea' id='block_1_68' title="bbox 405 4811 2069 4891">
    <p class='ocr_par' dir='ltr' id='par_1_68' title="bbox 405 4811 2069 4891">
     <span class='ocr_line' id='line_1_68' title="bbox 405 4811 2069 4891; baseline 0.005 -25"><span class='ocrx_word' id='word_1_494' title='bbox 405 4811 694 4867; x_wconf 90' lang='lat' dir='ltr'><strong>virtutum</strong></span> <span class='ocrx_word' id='word_1_495' title='bbox 744 4813 1146 4884; x_wconf 87' lang='lat' dir='ltr'><strong>spiritualium</strong></span> <span class='ocrx_word' id='word_1_496' title='bbox 1180 4816 1242 4872; x_wconf 91' lang='lat' dir='ltr'><strong>in</strong></span> <span class='ocrx_word' id='word_1_497' title='bbox 1273 4819 1526 4874; x_wconf 88' lang='lat' dir='ltr'><strong>sanctis:</strong></span> <span class='ocrx_word' id='word_1_498' title='bbox 1559 4818 1635 4874; x_wconf 93' lang='lat' dir='ltr'><strong>de</strong></span> <span class='ocrx_word' id='word_1_499' title='bbox 1659 4834 1784 4891; x_wconf 91' lang='lat' dir='ltr'><strong>qua</strong></span> <span class='ocrx_word' id='word_1_500' title='bbox 1814 4817 2069 4874; x_wconf 90' lang='lat' dir='ltr'><strong>Domino</strong></span> 
     </span>
    </p>
   </div>
   <div class='ocr_carea' id='block_1_69' title="bbox 408 4900 2066 4978">
    <p class='ocr_par' dir='ltr' id='par_1_69' title="bbox 408 4900 2066 4978">
     <span class='ocr_line' id='line_1_69' title="bbox 408 4900 2066 4978; baseline 0.005 -24"><span class='ocrx_word' id='word_1_501' title='bbox 408 4903 684 4956; x_wconf 86' lang='lat' dir='ltr'><strong>cantatur</strong></span> <span class='ocrx_word' id='word_1_502' title='bbox 703 4900 766 4956; x_wconf 92' lang='lat' dir='ltr'><strong>in</strong></span> <span class='ocrx_word' id='word_1_503' title='bbox 798 4901 1080 4959; x_wconf 88' lang='lat' dir='ltr'><strong>Psalmis:</strong></span> <span class='ocrx_word' id='word_1_504' title='bbox 1112 4927 1139 4955; x_wconf 83' lang='lat'><strong>«</strong></span> <span class='ocrx_word' id='word_1_505' title='bbox 1164 4906 1354 4962; x_wconf 85' lang='lat' dir='ltr'><strong>Astitit</strong></span> <span class='ocrx_word' id='word_1_506' title='bbox 1379 4907 1588 4977; x_wconf 91' lang='lat' dir='ltr'><strong>regina</strong></span> <span class='ocrx_word' id='word_1_507' title='bbox 1617 4922 1654 4963; x_wconf 92' lang='lat' dir='ltr'><strong>a</strong></span> <span class='ocrx_word' id='word_1_508' title='bbox 1683 4907 1905 4962; x_wconf 89' lang='lat' dir='ltr'><strong>dextris</strong></span> <span class='ocrx_word' id='word_1_509' title='bbox 1931 4907 2066 4978; x_wconf 91' lang='lat' dir='ltr'><strong>tuis,</strong></span> 
     </span>
    </p>
   </div>
   <div class='ocr_carea' id='block_1_70' title="bbox 406 4985 2063 5064">
    <p class='ocr_par' dir='ltr' id='par_1_70' title="bbox 406 4985 2063 5064">
     <span class='ocr_line' id='line_1_70' title="bbox 406 4985 2063 5064; baseline 0.005 -24"><span class='ocrx_word' id='word_1_510' title='bbox 406 4985 470 5041; x_wconf 91' lang='lat' dir='ltr'><strong>in</strong></span> <span class='ocrx_word' id='word_1_511' title='bbox 502 4989 718 5044; x_wconf 90' lang='lat' dir='ltr'><strong>vestitu</strong></span> <span class='ocrx_word' id='word_1_512' title='bbox 743 4990 1057 5064; x_wconf 90' lang='lat' dir='ltr'><strong>deaurato,</strong></span> <span class='ocrx_word' id='word_1_513' title='bbox 1090 4995 1539 5051; x_wconf 90' lang='lat' dir='ltr'><strong>circumamicta</strong></span> <span class='ocrx_word' id='word_1_514' title='bbox 1570 4996 1852 5050; x_wconf 87' lang='lat' dir='ltr'><strong>varietate</strong></span> <span class='ocrx_word' id='word_1_515' title='bbox 1877 4997 2063 5062; x_wconf 77' lang='lat' dir='ltr'><strong>(Psal.</strong></span> 
     </span>
    </p>
   </div>
   <div class='ocr_carea' id='block_1_71' title="bbox 407 5076 2072 5153">
    <p class='ocr_par' dir='ltr' id='par_1_71' title="bbox 407 5076 2072 5153">
     <span class='ocr_line' id='line_1_71' title="bbox 407 5076 2072 5153; baseline 0.008 -26"><span class='ocrx_word' id='word_1_516' title='bbox 407 5076 558 5144; x_wconf 67' lang='grc' dir='ltr'><strong>κων)</strong></span> <span class='ocrx_word' id='word_1_517' title='bbox 585 5092 598 5129; x_wconf 94' lang='lat'><strong>:</strong></span> <span class='ocrx_word' id='word_1_518' title='bbox 623 5094 653 5128; x_wconf 81' lang='grc'><strong><em>›</em></strong></span> <span class='ocrx_word' id='word_1_519' title='bbox 707 5077 822 5132; x_wconf 90' lang='lat' dir='ltr'><strong>hoc</strong></span> <span class='ocrx_word' id='word_1_520' title='bbox 851 5085 938 5135; x_wconf 91' lang='lat' dir='ltr'><strong>est</strong></span> <span class='ocrx_word' id='word_1_521' title='bbox 965 5082 1027 5136; x_wconf 92' lang='lat' dir='ltr'><strong>in</strong></span> <span class='ocrx_word' id='word_1_522' title='bbox 1066 5083 1269 5138; x_wconf 83' lang='lat' dir='ltr'><strong>vestitu</strong></span> <span class='ocrx_word' id='word_1_523' title='bbox 1310 5083 1551 5153; x_wconf 61' lang='lat' dir='ltr'><strong>fulgida;</strong></span> <span class='ocrx_word' id='word_1_524' title='bbox 1581 5083 1932 5150; x_wconf 92' lang='lat' dir='ltr'><strong>dilectionis,</strong></span> <span class='ocrx_word' id='word_1_525' title='bbox 1965 5085 2072 5140; x_wconf 84' lang='lat' dir='ltr'><strong>cir-</strong></span> 
     </span>
    </p>
   </div>
   <div class='ocr_carea' id='block_1_72' title="bbox 410 5164 2070 5230">
    <p class='ocr_par' dir='ltr' id='par_1_72' title="bbox 410 5164 2070 5230">
     <span class='ocr_line' id='line_1_72' title="bbox 410 5164 2070 5230; baseline 0.009 -14"><span class='ocrx_word' id='word_1_526' title='bbox 410 5164 774 5220; x_wconf 89' lang='lat' dir='ltr'><strong>cumamicta</strong></span> <span class='ocrx_word' id='word_1_527' title='bbox 804 5168 1087 5226; x_wconf 87' lang='lat' dir='ltr'><strong>varietate</strong></span> <span class='ocrx_word' id='word_1_528' title='bbox 1113 5170 1486 5226; x_wconf 91' lang='lat' dir='ltr'><strong>diversorum</strong></span> <span class='ocrx_word' id='word_1_529' title='bbox 1503 5171 2070 5230; x_wconf 87' lang='lat' dir='ltr'><strong>cbarismatum.Vel</strong></span> 
     </span>
    </p>
   </div>
   <div class='ocr_carea' id='block_1_73' title="bbox 411 5253 2068 5335">
    <p class='ocr_par' dir='ltr' id='par_1_73' title="bbox 411 5253 2068 5335">
     <span class='ocr_line' id='line_1_73' title="bbox 411 5253 2068 5335; baseline 0.008 -29"><span class='ocrx_word' id='word_1_530' title='bbox 411 5256 567 5307; x_wconf 92' lang='lat' dir='ltr'><strong>certe</strong></span> <span class='ocrx_word' id='word_1_531' title='bbox 588 5253 900 5326; x_wconf 88' lang='lat' dir='ltr'><strong>multiplex</strong></span> <span class='ocrx_word' id='word_1_532' title='bbox 916 5258 1211 5313; x_wconf 86' lang='lat' dir='ltr'><strong>contextio</strong></span> <span class='ocrx_word' id='word_1_533' title='bbox 1234 5264 1602 5320; x_wconf 87' lang='lat' dir='ltr'><strong>catenarum,</strong></span> <span class='ocrx_word' id='word_1_534' title='bbox 1619 5264 1675 5315; x_wconf 92' lang='lat' dir='ltr'><strong>et</strong></span> <span class='ocrx_word' id='word_1_535' title='bbox 1689 5261 1825 5316; x_wconf 88' lang='lat' dir='ltr'><strong>retis</strong></span> <span class='ocrx_word' id='word_1_536' title='bbox 1842 5278 2068 5335; x_wconf 90' lang='lat' dir='ltr'><strong>expan-</strong></span> 
     </span>
    </p>
   </div>
   <div class='ocr_carea' id='block_1_74' title="bbox 411 5339 2066 5425">
    <p class='ocr_par' dir='ltr' id='par_1_74' title="bbox 411 5339 2066 5425">
     <span class='ocr_line' id='line_1_74' title="bbox 411 5339 2066 5425; baseline 0.009 -31"><span class='ocrx_word' id='word_1_537' title='bbox 411 5339 520 5405; x_wconf 89' lang='lat' dir='ltr'><strong>sio,</strong></span> <span class='ocrx_word' id='word_1_538' title='bbox 545 5341 899 5400; x_wconf 87' lang='lat' dir='ltr'><strong>multifarias</strong></span> <span class='ocrx_word' id='word_1_539' title='bbox 937 5346 1260 5402; x_wconf 88' lang='lat' dir='ltr'><strong>electorum</strong></span> <span class='ocrx_word' id='word_1_540' title='bbox 1291 5362 1580 5418; x_wconf 79' lang='lat' dir='ltr'><strong>personas</strong></span> <span class='ocrx_word' id='word_1_541' title='bbox 1605 5349 1900 5407; x_wconf 88' lang='lat' dir='ltr'><strong>insinuat:</strong></span> <span class='ocrx_word' id='word_1_542' title='bbox 1930 5369 2066 5425; x_wconf 74' lang='lat' dir='ltr'><strong>quae</strong></span> 
     </span>
    </p>
   </div>
   <div class='ocr_carea' id='block_1_75' title="bbox 409 5431 2069 5505">
    <p class='ocr_par' dir='ltr' id='par_1_75' title="bbox 409 5431 2069 5505">
     <span class='ocr_line' id='line_1_75' title="bbox 409 5431 2069 5505; baseline 0.01 -24"><span class='ocrx_word' id='word_1_543' title='bbox 409 5442 550 5482; x_wconf 91' lang='lat' dir='ltr'><strong>cum</strong></span> <span class='ocrx_word' id='word_1_544' title='bbox 577 5431 773 5485; x_wconf 89' lang='lat' dir='ltr'><strong>verbis</strong></span> <span class='ocrx_word' id='word_1_545' title='bbox 805 5439 1148 5489; x_wconf 89' lang='lat' dir='ltr'><strong>sanctorum</strong></span> <span class='ocrx_word' id='word_1_546' title='bbox 1173 5434 1632 5505; x_wconf 81' lang='lat' dir='ltr'><strong>praedicatorum</strong></span> <span class='ocrx_word' id='word_1_547' title='bbox 1659 5438 1908 5497; x_wconf 85' lang='lat' dir='ltr'><strong>ﬁdeliter</strong></span> <span class='ocrx_word' id='word_1_548' title='bbox 1935 5457 2069 5497; x_wconf 87' lang='lat' dir='ltr'><strong>aus-</strong></span> 
     </span>
    </p>
   </div>
   <div class='ocr_carea' id='block_1_76' title="bbox 411 5514 2067 5600">
    <p class='ocr_par' dir='ltr' id='par_1_76' title="bbox 411 5514 2067 5600">
     <span class='ocr_line' id='line_1_76' title="bbox 411 5514 2067 5600; baseline 0.011 -32"><span class='ocrx_word' id='word_1_549' title='bbox 411 5514 699 5571; x_wconf 91' lang='lat' dir='ltr'><strong>cultando</strong></span> <span class='ocrx_word' id='word_1_550' title='bbox 730 5525 908 5591; x_wconf 91' lang='lat' dir='ltr'><strong>atque</strong></span> <span class='ocrx_word' id='word_1_551' title='bbox 940 5521 1282 5577; x_wconf 89' lang='lat' dir='ltr'><strong>obediendo</strong></span> <span class='ocrx_word' id='word_1_552' title='bbox 1304 5523 1624 5594; x_wconf 84' lang='lat' dir='ltr'><strong>adhaerent,</strong></span> <span class='ocrx_word' id='word_1_553' title='bbox 1643 5530 1816 5600; x_wconf 90' lang='lat' dir='ltr'><strong>quasi</strong></span> <span class='ocrx_word' id='word_1_554' title='bbox 1841 5530 2067 5586; x_wconf 84' lang='lat' dir='ltr'><strong>colum-</strong></span> 
     </span>
    </p>
   </div>
   <div class='ocr_carea' id='block_1_77' title="bbox 407 5607 2068 5692">
    <p class='ocr_par' dir='ltr' id='par_1_77' title="bbox 407 5607 2068 5692">
     <span class='ocr_line' id='line_1_77' title="bbox 407 5607 2068 5692; baseline 0.014 -38"><span class='ocrx_word' id='word_1_555' title='bbox 407 5615 627 5692; x_wconf 77' lang='lat' dir='ltr'><strong>narum</strong></span> <span class='ocrx_word' id='word_1_556' title='bbox 657 5607 950 5676; x_wconf 79' lang='lat' dir='ltr'><strong>capitibus</strong></span> <span class='ocrx_word' id='word_1_557' title='bbox 975 5613 1364 5682; x_wconf 64' lang='lat' dir='ltr'><strong>superpositae</strong></span> <span class='ocrx_word' id='word_1_558' title='bbox 1388 5615 1525 5670; x_wconf 90' lang='lat' dir='ltr'><strong>retis</strong></span> <span class='ocrx_word' id='word_1_559' title='bbox 1547 5621 1604 5672; x_wconf 91' lang='lat' dir='ltr'><strong>et</strong></span> <span class='ocrx_word' id='word_1_560' title='bbox 1627 5619 1936 5692; x_wconf 73' lang='lat' dir='ltr'><strong>catenulas,</strong></span> <span class='ocrx_word' id='word_1_561' title='bbox 1959 5620 2068 5676; x_wconf 90' lang='lat' dir='ltr'><strong>mi-</strong></span> 
     </span>
    </p>
   </div>
   <div class='ocr_carea' id='block_1_78' title="bbox 407 5687 2066 5780">
    <p class='ocr_par' dir='ltr' id='par_1_78' title="bbox 407 5687 2066 5780">
     <span class='ocr_line' id='line_1_78' title="bbox 407 5687 2066 5780; baseline 0.014 -36"><span class='ocrx_word' id='word_1_562' title='bbox 407 5687 682 5745; x_wconf 90' lang='lat' dir='ltr'><strong>raculum</strong></span> <span class='ocrx_word' id='word_1_563' title='bbox 731 5708 851 5748; x_wconf 80' lang='lat' dir='ltr'><strong>suae</strong></span> <span class='ocrx_word' id='word_1_564' title='bbox 904 5697 1293 5756; x_wconf 90' lang='lat' dir='ltr'><strong>connexionis</strong></span> <span class='ocrx_word' id='word_1_565' title='bbox 1348 5705 1574 5762; x_wconf 91' lang='lat' dir='ltr'><strong>cunctis</strong></span> <span class='ocrx_word' id='word_1_566' title='bbox 1616 5687 2066 5780; x_wconf 82' lang='lat' dir='ltr'><strong>aspectantihus</strong></span> 
     </span>
    </p>
   </div>
   <div class='ocr_carea' id='block_1_79' title="bbox 1593 5989 1635 6002">
    <p class='ocr_par' dir='ltr' id='par_1_79' title="bbox 1593 5989 1635 6002">
     <span class='ocr_line' id='line_1_79' title="bbox 1593 5989 1635 6002; baseline -0.024 0"><span class='ocrx_word' id='word_1_567' title='bbox 1593 5989 1635 6002; x_wconf 51' lang='grc' dir='ltr'><strong>’λιι</strong></span> 
     </span>
    </p>
   </div>
   <div class='ocr_carea' id='block_1_80' title="bbox 2153 1801 3478 1877">
    <p class='ocr_par' dir='ltr' id='par_1_80' title="bbox 2153 1801 3478 1877">
     <span class='ocr_line' id='line_1_80' title="bbox 2153 1801 3478 1877; baseline -0.007 -16"><span class='ocrx_word' id='word_1_568' title='bbox 2153 1811 2249 1862; x_wconf 91' lang='lat' dir='ltr'><strong>tus</strong></span> <span class='ocrx_word' id='word_1_569' title='bbox 2283 1803 2644 1877; x_wconf 83' lang='lat' dir='ltr'><strong>septiformis</strong></span> <span class='ocrx_word' id='word_1_570' title='bbox 2670 1807 2875 1876; x_wconf 83' lang='lat' dir='ltr'><strong>utique</strong></span> <span class='ocrx_word' id='word_1_571' title='bbox 2903 1801 3068 1858; x_wconf 90' lang='lat' dir='ltr'><strong>electi</strong></span> <span class='ocrx_word' id='word_1_572' title='bbox 3099 1804 3478 1872; x_wconf 89' lang='lat' dir='ltr'><strong>acceperunt.</strong></span> 
     </span>
    </p>
   </div>
   <div class='ocr_carea' id='block_1_81' title="bbox 2226 1885 3807 1966">
    <p class='ocr_par' dir='ltr' id='par_1_81' title="bbox 2226 1885 3807 1966">
     <span class='ocr_line' id='line_1_81' title="bbox 2226 1885 3807 1966; baseline -0.006 -16"><span class='ocrx_word' id='word_1_573' title='bbox 2226 1915 2253 1942; x_wconf 75' lang='grc' dir='ltr'>κ</span> <span class='ocrx_word' id='word_1_574' title='bbox 2288 1897 2350 1949; x_wconf 77' lang='lat' dir='ltr'><strong>Et</strong></span> <span class='ocrx_word' id='word_1_575' title='bbox 2381 1892 2625 1966; x_wconf 90' lang='lat' dir='ltr'><strong>perfecit</strong></span> <span class='ocrx_word' id='word_1_576' title='bbox 2679 1891 2992 1948; x_wconf 90' lang='lat' dir='ltr'><strong>columnas</strong></span> <span class='ocrx_word' id='word_1_577' title='bbox 3024 1896 3079 1945; x_wconf 92' lang='lat' dir='ltr'><strong>et</strong></span> <span class='ocrx_word' id='word_1_578' title='bbox 3107 1889 3262 1944; x_wconf 91' lang='lat' dir='ltr'><strong>duos</strong></span> <span class='ocrx_word' id='word_1_579' title='bbox 3291 1887 3536 1942; x_wconf 89' lang='lat' dir='ltr'><strong>ordines</strong></span> <span class='ocrx_word' id='word_1_580' title='bbox 3571 1902 3678 1959; x_wconf 90' lang='lat' dir='ltr'><strong>per</strong></span> <span class='ocrx_word' id='word_1_581' title='bbox 3708 1885 3807 1940; x_wconf 90' lang='lat' dir='ltr'><strong>cir-</strong></span> 
     </span>
    </p>
   </div>
   <div class='ocr_carea' id='block_1_82' title="bbox 2155 1977 3807 2048">
    <p class='ocr_par' dir='ltr' id='par_1_82' title="bbox 2155 1977 3807 2048">
     <span class='ocr_line' id='line_1_82' title="bbox 2155 1977 3807 2048; baseline -0.005 -10"><span class='ocrx_word' id='word_1_582' title='bbox 2155 2006 2181 2033; x_wconf 86' lang='lat'><strong>«</strong></span> <span class='ocrx_word' id='word_1_583' title='bbox 2224 1983 2448 2038; x_wconf 90' lang='lat' dir='ltr'><strong>cuitum</strong></span> <span class='ocrx_word' id='word_1_584' title='bbox 2469 1981 2892 2036; x_wconf 86' lang='lat' dir='ltr'><strong>retiaculorum</strong></span> <span class='ocrx_word' id='word_1_585' title='bbox 2919 1977 3314 2048; x_wconf 82' lang='lat' dir='ltr'><strong>singulorum.</strong></span> <span class='ocrx_word' id='word_1_586' title='bbox 3345 1980 3407 2030; x_wconf 91' lang='lat' dir='ltr'><strong>ut</strong></span> <span class='ocrx_word' id='word_1_587' title='bbox 3436 1979 3703 2044; x_wconf 84' lang='lat' dir='ltr'><strong>tegerent</strong></span> <span class='ocrx_word' id='word_1_588' title='bbox 3721 1991 3807 2030; x_wconf 88' lang='lat' dir='ltr'><strong>ca-</strong></span> 
     </span>
    </p>
   </div>
   <div class='ocr_carea' id='block_1_83' title="bbox 2155 2063 3807 2144">
    <p class='ocr_par' dir='ltr' id='par_1_83' title="bbox 2155 2063 3807 2144">
     <span class='ocr_line' id='line_1_83' title="bbox 2155 2063 3807 2144; baseline -0.003 -22"><span class='ocrx_word' id='word_1_589' title='bbox 2155 2094 2182 2122; x_wconf 89' lang='grc'><strong>‹‹</strong></span> <span class='ocrx_word' id='word_1_590' title='bbox 2226 2071 2445 2144; x_wconf 92' lang='lat' dir='ltr'><strong>pitella.</strong></span> <span class='ocrx_word' id='word_1_591' title='bbox 2480 2094 2506 2119; x_wconf 84' lang='lat'>»</span> <span class='ocrx_word' id='word_1_592' title='bbox 2537 2073 2663 2125; x_wconf 87' lang='lat' dir='ltr'><strong>Duo</strong></span> <span class='ocrx_word' id='word_1_593' title='bbox 2713 2068 2960 2141; x_wconf 87' lang='lat' dir='ltr'><strong>quidem</strong></span> <span class='ocrx_word' id='word_1_594' title='bbox 3003 2066 3243 2122; x_wconf 86' lang='lat' dir='ltr'><strong>ordines</strong></span> <span class='ocrx_word' id='word_1_595' title='bbox 3294 2070 3463 2120; x_wconf 89' lang='lat' dir='ltr'><strong>erant</strong></span> <span class='ocrx_word' id='word_1_596' title='bbox 3508 2063 3807 2120; x_wconf 88' lang='lat' dir='ltr'><strong>retiaculo-</strong></span> 
     </span>
    </p>
   </div>
   <div class='ocr_carea' id='block_1_84' title="bbox 2153 2151 3807 2231">
    <p class='ocr_par' dir='ltr' id='par_1_84' title="bbox 2153 2151 3807 2231">
     <span class='ocr_line' id='line_1_84' title="bbox 2153 2151 3807 2231; baseline -0.005 -16"><span class='ocrx_word' id='word_1_597' title='bbox 2153 2175 2290 2215; x_wconf 89' lang='lat' dir='ltr'><strong>rum</strong></span> <span class='ocrx_word' id='word_1_598' title='bbox 2319 2159 2379 2214; x_wconf 94' lang='lat' dir='ltr'><strong>in</strong></span> <span class='ocrx_word' id='word_1_599' title='bbox 2409 2174 2558 2231; x_wconf 88' lang='lat' dir='ltr'><strong>gyro</strong></span> <span class='ocrx_word' id='word_1_600' title='bbox 2589 2156 2866 2230; x_wconf 90' lang='lat' dir='ltr'><strong>capitelli,</strong></span> <span class='ocrx_word' id='word_1_601' title='bbox 2895 2155 2999 2210; x_wconf 91' lang='lat' dir='ltr'><strong>sed</strong></span> <span class='ocrx_word' id='word_1_602' title='bbox 3028 2160 3274 2227; x_wconf 91' lang='lat' dir='ltr'><strong>uterque</strong></span> <span class='ocrx_word' id='word_1_603' title='bbox 3303 2153 3452 2208; x_wconf 89' lang='lat' dir='ltr'><strong>ordo</strong></span> <span class='ocrx_word' id='word_1_604' title='bbox 3478 2151 3807 2225; x_wconf 87' lang='lat' dir='ltr'><strong>septempli-</strong></span> 
     </span>
    </p>
   </div>
   <div class='ocr_carea' id='block_1_85' title="bbox 2156 2243 3807 2311">
    <p class='ocr_par' dir='ltr' id='par_1_85' title="bbox 2156 2243 3807 2311">
     <span class='ocr_line' id='line_1_85' title="bbox 2156 2243 3807 2311; baseline -0.006 -5"><span class='ocrx_word' id='word_1_605' title='bbox 2156 2249 2208 2306; x_wconf 91' lang='lat' dir='ltr'><strong>ci</strong></span> <span class='ocrx_word' id='word_1_606' title='bbox 2257 2264 2543 2304; x_wconf 88' lang='lat' dir='ltr'><strong>versuum</strong></span> <span class='ocrx_word' id='word_1_607' title='bbox 2586 2263 2841 2302; x_wconf 91' lang='lat' dir='ltr'><strong>numero</strong></span> <span class='ocrx_word' id='word_1_608' title='bbox 2885 2245 3182 2311; x_wconf 88' lang='lat' dir='ltr'><strong>currebat,</strong></span> <span class='ocrx_word' id='word_1_609' title='bbox 3229 2243 3422 2299; x_wconf 91' lang='lat' dir='ltr'><strong>donec</strong></span> <span class='ocrx_word' id='word_1_610' title='bbox 3450 2243 3807 2298; x_wconf 90' lang='lat' dir='ltr'><strong>circumacto</strong></span> 
     </span>
    </p>
   </div>
   <div class='ocr_carea' id='block_1_86' title="bbox 2157 2332 3807 2412">
    <p class='ocr_par' dir='ltr' id='par_1_86' title="bbox 2157 2332 3807 2412">
     <span class='ocr_line' id='line_1_86' title="bbox 2157 2332 3807 2412; baseline -0.006 -16"><span class='ocrx_word' id='word_1_611' title='bbox 2157 2338 2452 2412; x_wconf 90' lang='lat' dir='ltr'><strong>capitello,</strong></span> <span class='ocrx_word' id='word_1_612' title='bbox 2501 2353 2741 2394; x_wconf 90' lang='lat' dir='ltr'><strong>rursum</strong></span> <span class='ocrx_word' id='word_1_613' title='bbox 2784 2336 2847 2392; x_wconf 94' lang='lat' dir='ltr'><strong>in</strong></span> <span class='ocrx_word' id='word_1_614' title='bbox 2904 2335 3169 2407; x_wconf 88' lang='lat' dir='ltr'><strong>seipsum</strong></span> <span class='ocrx_word' id='word_1_615' title='bbox 3200 2333 3377 2407; x_wconf 91' lang='lat' dir='ltr'><strong>quasi</strong></span> <span class='ocrx_word' id='word_1_616' title='bbox 3410 2333 3637 2389; x_wconf 92' lang='lat' dir='ltr'><strong>circulo</strong></span> <span class='ocrx_word' id='word_1_617' title='bbox 3663 2332 3807 2388; x_wconf 83' lang='lat' dir='ltr'><strong>facto</strong></span> 
     </span>
    </p>
   </div>
   <div class='ocr_carea' id='block_1_87' title="bbox 2154 2423 3806 2495">
    <p class='ocr_par' dir='ltr' id='par_1_87' title="bbox 2154 2423 3806 2495">
     <span class='ocr_line' id='line_1_87' title="bbox 2154 2423 3806 2495; baseline -0.005 -10"><span class='ocrx_word' id='word_1_618' title='bbox 2154 2429 2390 2486; x_wconf 89' lang='lat' dir='ltr'><strong>rediret.</strong></span> <span class='ocrx_word' id='word_1_619' title='bbox 2446 2431 2559 2484; x_wconf 86' lang='lat' dir='ltr'><strong>Nec</strong></span> <span class='ocrx_word' id='word_1_620' title='bbox 2589 2427 2782 2495; x_wconf 82' lang='lat' dir='ltr'><strong>ﬁgura</strong></span> <span class='ocrx_word' id='word_1_621' title='bbox 2815 2424 3176 2481; x_wconf 88' lang='lat' dir='ltr'><strong>sacramenti</strong></span> <span class='ocrx_word' id='word_1_622' title='bbox 3221 2424 3284 2480; x_wconf 93' lang='lat' dir='ltr'><strong>in</strong></span> <span class='ocrx_word' id='word_1_623' title='bbox 3315 2423 3677 2480; x_wconf 90' lang='lat' dir='ltr'><strong>abscondito</strong></span> <span class='ocrx_word' id='word_1_624' title='bbox 3706 2427 3806 2490; x_wconf 90' lang='lat' dir='ltr'><strong>est,</strong></span> 
     </span>
    </p>
   </div>
   <div class='ocr_carea' id='block_1_88' title="bbox 2157 2513 3809 2590">
    <p class='ocr_par' dir='ltr' id='par_1_88' title="bbox 2157 2513 3809 2590">
     <span class='ocr_line' id='line_1_88' title="bbox 2157 2513 3809 2590; baseline -0.005 -17"><span class='ocrx_word' id='word_1_625' title='bbox 2157 2533 2343 2590; x_wconf 90' lang='lat' dir='ltr'><strong>quare</strong></span> <span class='ocrx_word' id='word_1_626' title='bbox 2366 2517 2488 2572; x_wconf 92' lang='lat' dir='ltr'><strong>duo</strong></span> <span class='ocrx_word' id='word_1_627' title='bbox 2519 2515 2758 2572; x_wconf 90' lang='lat' dir='ltr'><strong>ordines</strong></span> <span class='ocrx_word' id='word_1_628' title='bbox 2791 2519 2928 2570; x_wconf 92' lang='lat' dir='ltr'><strong>sunt</strong></span> <span class='ocrx_word' id='word_1_629' title='bbox 2957 2513 3399 2581; x_wconf 90' lang='lat' dir='ltr'><strong>retiaculorum,</strong></span> <span class='ocrx_word' id='word_1_630' title='bbox 3419 2529 3562 2567; x_wconf 92' lang='lat' dir='ltr'><strong>cum</strong></span> <span class='ocrx_word' id='word_1_631' title='bbox 3589 2515 3809 2567; x_wconf 89' lang='lat' dir='ltr'><strong>constet</strong></span> 
     </span>
    </p>
   </div>
   <div class='ocr_carea' id='block_1_89' title="bbox 2158 2601 3804 2679">
    <p class='ocr_par' dir='ltr' id='par_1_89' title="bbox 2158 2601 3804 2679">
     <span class='ocr_line' id='line_1_89' title="bbox 2158 2601 3804 2679; baseline -0.006 -16"><span class='ocrx_word' id='word_1_632' title='bbox 2158 2607 2412 2679; x_wconf 62' lang='lat' dir='ltr'><strong>geminae</strong></span> <span class='ocrx_word' id='word_1_633' title='bbox 2470 2605 2842 2661; x_wconf 91' lang='lat' dir='ltr'><strong>discretionis</strong></span> <span class='ocrx_word' id='word_1_634' title='bbox 2923 2620 3053 2658; x_wconf 84' lang='lat' dir='ltr'><strong>esse</strong></span> <span class='ocrx_word' id='word_1_635' title='bbox 3108 2603 3384 2658; x_wconf 88' lang='lat' dir='ltr'><strong>virtutem</strong></span> <span class='ocrx_word' id='word_1_636' title='bbox 3438 2601 3804 2657; x_wconf 75' lang='lat' dir='ltr'><strong>dilectionis:</strong></span> 
     </span>
    </p>
   </div>
   <div class='ocr_carea' id='block_1_90' title="bbox 2158 2691 3805 2770">
    <p class='ocr_par' dir='ltr' id='par_1_90' title="bbox 2158 2691 3805 2770">
     <span class='ocr_line' id='line_1_90' title="bbox 2158 2691 3805 2770; baseline -0.005 -18"><span class='ocrx_word' id='word_1_637' title='bbox 2158 2695 2324 2770; x_wconf 91' lang='lat' dir='ltr'><strong>quod</strong></span> <span class='ocrx_word' id='word_1_638' title='bbox 2357 2694 2625 2750; x_wconf 90' lang='lat' dir='ltr'><strong>videlicet</strong></span> <span class='ocrx_word' id='word_1_639' title='bbox 2659 2693 2893 2749; x_wconf 89' lang='lat' dir='ltr'><strong>Domini</strong></span> <span class='ocrx_word' id='word_1_640' title='bbox 2939 2709 3010 2748; x_wconf 85' lang='lat' dir='ltr'><strong>ex</strong></span> <span class='ocrx_word' id='word_1_641' title='bbox 3057 2697 3177 2748; x_wconf 85' lang='lat' dir='ltr'><strong>toto</strong></span> <span class='ocrx_word' id='word_1_642' title='bbox 3209 2692 3407 2757; x_wconf 89' lang='lat' dir='ltr'><strong>corde,</strong></span> <span class='ocrx_word' id='word_1_643' title='bbox 3440 2695 3566 2747; x_wconf 91' lang='lat' dir='ltr'><strong>tota</strong></span> <span class='ocrx_word' id='word_1_644' title='bbox 3593 2691 3805 2757; x_wconf 90' lang='lat' dir='ltr'><strong>anima,</strong></span> 
     </span>
    </p>
   </div>
   <div class='ocr_carea' id='block_1_91' title="bbox 2160 2779 3808 2854">
    <p class='ocr_par' dir='ltr' id='par_1_91' title="bbox 2160 2779 3808 2854">
     <span class='ocr_line' id='line_1_91' title="bbox 2160 2779 3808 2854; baseline -0.005 -14"><span class='ocrx_word' id='word_1_645' title='bbox 2160 2790 2282 2841; x_wconf 89' lang='lat' dir='ltr'><strong>tota</strong></span> <span class='ocrx_word' id='word_1_646' title='bbox 2308 2784 2542 2846; x_wconf 90' lang='lat' dir='ltr'><strong>virtute,</strong></span> <span class='ocrx_word' id='word_1_647' title='bbox 2574 2787 2631 2838; x_wconf 92' lang='lat' dir='ltr'><strong>et</strong></span> <span class='ocrx_word' id='word_1_648' title='bbox 2677 2782 3020 2854; x_wconf 87' lang='lat' dir='ltr'><strong>proximum</strong></span> <span class='ocrx_word' id='word_1_649' title='bbox 3075 2786 3366 2854; x_wconf 91' lang='lat' dir='ltr'><strong>tanquam</strong></span> <span class='ocrx_word' id='word_1_650' title='bbox 3414 2779 3808 2852; x_wconf 76' lang='lat' dir='ltr'><strong>nosmetipsos</strong></span> 
     </span>
    </p>
   </div>
   <div class='ocr_carea' id='block_1_92' title="bbox 2159 2868 3903 2944">
    <p class='ocr_par' dir='ltr' id='par_1_92' title="bbox 2159 2868 3903 2944">
     <span class='ocr_line' id='line_1_92' title="bbox 2159 2868 3903 2944; baseline -0.004 -16"><span class='ocrx_word' id='word_1_651' title='bbox 2159 2889 2363 2929; x_wconf 91' lang='lat' dir='ltr'><strong>amare</strong></span> <span class='ocrx_word' id='word_1_652' title='bbox 2390 2871 2790 2944; x_wconf 66' lang='lat' dir='ltr'><strong>praecipimur.</strong></span> <span class='ocrx_word' id='word_1_653' title='bbox 2829 2871 2940 2926; x_wconf 92' lang='lat' dir='ltr'><strong>Sed</strong></span> <span class='ocrx_word' id='word_1_654' title='bbox 2973 2876 3219 2942; x_wconf 85' lang='lat' dir='ltr'><strong>uterque</strong></span> <span class='ocrx_word' id='word_1_655' title='bbox 3263 2869 3412 2924; x_wconf 94' lang='lat' dir='ltr'><strong>ordo</strong></span> <span class='ocrx_word' id='word_1_656' title='bbox 3455 2868 3552 2924; x_wconf 91' lang='lat' dir='ltr'><strong>ille</strong></span> <span class='ocrx_word' id='word_1_657' title='bbox 3594 2874 3808 2940; x_wconf 79' lang='lat' dir='ltr'><strong>septem</strong></span> <span class='ocrx_word' id='word_1_658' title='bbox 3897 2927 3903 2940; x_wconf 30' lang='grc' dir='ltr'><em>Α</em></span> 
     </span>
    </p>
   </div>
   <div class='ocr_carea' id='block_1_93' title="bbox 2159 2958 3809 3032">
    <p class='ocr_par' dir='ltr' id='par_1_93' title="bbox 2159 2958 3809 3032">
     <span class='ocr_line' id='line_1_93' title="bbox 2159 2958 3809 3032; baseline -0.005 -13"><span class='ocrx_word' id='word_1_659' title='bbox 2159 2962 2342 3018; x_wconf 92' lang='lat' dir='ltr'><strong>habet</strong></span> <span class='ocrx_word' id='word_1_660' title='bbox 2380 2977 2661 3017; x_wconf 90' lang='lat' dir='ltr'><strong>versuum</strong></span> <span class='ocrx_word' id='word_1_661' title='bbox 2714 2959 3014 3024; x_wconf 87' lang='lat' dir='ltr'><strong>retiacula,</strong></span> <span class='ocrx_word' id='word_1_662' title='bbox 3067 2959 3210 3032; x_wconf 89' lang='lat' dir='ltr'><strong>quia</strong></span> <span class='ocrx_word' id='word_1_663' title='bbox 3254 2974 3363 3013; x_wconf 89' lang='lat' dir='ltr'><strong>nec</strong></span> <span class='ocrx_word' id='word_1_664' title='bbox 3397 2961 3554 3012; x_wconf 92' lang='lat' dir='ltr'><strong>Deus</strong></span> <span class='ocrx_word' id='word_1_665' title='bbox 3589 2958 3809 3029; x_wconf 88' lang='lat' dir='ltr'><strong>absque</strong></span> 
     </span>
    </p>
   </div>
   <div class='ocr_carea' id='block_1_94' title="bbox 2160 3043 3810 3118">
    <p class='ocr_par' dir='ltr' id='par_1_94' title="bbox 2160 3043 3810 3118">
     <span class='ocr_line' id='line_1_94' title="bbox 2160 3043 3810 3118; baseline -0.004 -17"><span class='ocrx_word' id='word_1_666' title='bbox 2160 3047 2351 3118; x_wconf 87' lang='lat' dir='ltr'><strong>gratia</strong></span> <span class='ocrx_word' id='word_1_667' title='bbox 2378 3045 2628 3118; x_wconf 86' lang='lat' dir='ltr'><strong>Spiritus</strong></span> <span class='ocrx_word' id='word_1_668' title='bbox 2658 3045 2846 3100; x_wconf 88' lang='lat' dir='ltr'><strong>sancti</strong></span> <span class='ocrx_word' id='word_1_669' title='bbox 2878 3049 3073 3118; x_wconf 86' lang='lat' dir='ltr'><strong>potest</strong></span> <span class='ocrx_word' id='word_1_670' title='bbox 3097 3043 3307 3111; x_wconf 89' lang='lat' dir='ltr'><strong>amari,</strong></span> <span class='ocrx_word' id='word_1_671' title='bbox 3341 3058 3450 3098; x_wconf 91' lang='lat' dir='ltr'><strong>nec</strong></span> <span class='ocrx_word' id='word_1_672' title='bbox 3484 3043 3810 3114; x_wconf 88' lang='lat' dir='ltr'><strong>proximus.</strong></span> 
     </span>
    </p>
   </div>
   <div class='ocr_carea' id='block_1_95' title="bbox 2162 3124 3814 3198">
    <p class='ocr_par' dir='ltr' id='par_1_95' title="bbox 2162 3124 3814 3198">
     <span class='ocr_line' id='line_1_95' title="bbox 2162 3124 3814 3198; baseline -0.005 -11"><span class='ocrx_word' id='word_1_673' title='bbox 2162 3135 2337 3188; x_wconf 84' lang='lat' dir='ltr'><strong>Facta</strong></span> <span class='ocrx_word' id='word_1_674' title='bbox 2358 3134 2497 3186; x_wconf 89' lang='lat' dir='ltr'><strong>sunt</strong></span> <span class='ocrx_word' id='word_1_675' title='bbox 2526 3134 2726 3184; x_wconf 89' lang='lat' dir='ltr'><strong>autem</strong></span> <span class='ocrx_word' id='word_1_676' title='bbox 2752 3128 3036 3184; x_wconf 87' lang='lat' dir='ltr'><strong>retiacula</strong></span> <span class='ocrx_word' id='word_1_677' title='bbox 3062 3129 3190 3184; x_wconf 68' lang='lat' dir='ltr'><strong>hmo</strong></span> <span class='ocrx_word' id='word_1_678' title='bbox 3215 3134 3276 3182; x_wconf 89' lang='lat' dir='ltr'><strong>ut</strong></span> <span class='ocrx_word' id='word_1_679' title='bbox 3305 3131 3572 3196; x_wconf 91' lang='lat' dir='ltr'><strong>tegerent</strong></span> <span class='ocrx_word' id='word_1_680' title='bbox 3593 3124 3814 3198; x_wconf 51' lang='lat' dir='ltr'><strong>capitelc</strong></span> 
     </span>
    </p>
   </div>
   <div class='ocr_carea' id='block_1_96' title="bbox 2160 3216 3813 3292">
    <p class='ocr_par' dir='ltr' id='par_1_96' title="bbox 2160 3216 3813 3292">
     <span class='ocr_line' id='line_1_96' title="bbox 2160 3216 3813 3292; baseline -0.005 -15"><span class='ocrx_word' id='word_1_681' title='bbox 2160 3221 2238 3287; x_wconf 90' lang='lat' dir='ltr'><strong>la,</strong></span> <span class='ocrx_word' id='word_1_682' title='bbox 2274 3222 2388 3276; x_wconf 90' lang='lat' dir='ltr'><strong>hoc</strong></span> <span class='ocrx_word' id='word_1_683' title='bbox 2432 3226 2537 3285; x_wconf 93' lang='lat' dir='ltr'><strong>est,</strong></span> <span class='ocrx_word' id='word_1_684' title='bbox 2572 3219 2838 3292; x_wconf 90' lang='lat' dir='ltr'><strong>undique</strong></span> <span class='ocrx_word' id='word_1_685' title='bbox 2884 3219 2942 3273; x_wconf 93' lang='lat' dir='ltr'><strong>in</strong></span> <span class='ocrx_word' id='word_1_686' title='bbox 2975 3234 3125 3290; x_wconf 81' lang='lat' dir='ltr'><strong>gyro</strong></span> <span class='ocrx_word' id='word_1_687' title='bbox 3178 3216 3649 3273; x_wconf 88' lang='lat' dir='ltr'><strong>circumdarent:</strong></span> <span class='ocrx_word' id='word_1_688' title='bbox 3683 3218 3813 3287; x_wconf 89' lang='lat' dir='ltr'><strong>quia</strong></span> 
     </span>
    </p>
   </div>
   <div class='ocr_carea' id='block_1_97' title="bbox 2160 3302 3811 3381">
    <p class='ocr_par' dir='ltr' id='par_1_97' title="bbox 2160 3302 3811 3381">
     <span class='ocr_line' id='line_1_97' title="bbox 2160 3302 3811 3381; baseline -0.005 -14"><span class='ocrx_word' id='word_1_689' title='bbox 2160 3310 2357 3367; x_wconf 88' lang='lat' dir='ltr'><strong>omnis</strong></span> <span class='ocrx_word' id='word_1_690' title='bbox 2391 3309 2703 3381; x_wconf 81' lang='lat' dir='ltr'><strong>Scripturae</strong></span> <span class='ocrx_word' id='word_1_691' title='bbox 2737 3311 2958 3362; x_wconf 67' lang='lat' dir='ltr'><strong>sanctae</strong></span> <span class='ocrx_word' id='word_1_692' title='bbox 2993 3307 3234 3379; x_wconf 87' lang='lat' dir='ltr'><strong>pagina,</strong></span> <span class='ocrx_word' id='word_1_693' title='bbox 3269 3321 3406 3360; x_wconf 90' lang='lat' dir='ltr'><strong>cum</strong></span> <span class='ocrx_word' id='word_1_694' title='bbox 3431 3310 3590 3360; x_wconf 92' lang='lat' dir='ltr'><strong>recte</strong></span> <span class='ocrx_word' id='word_1_695' title='bbox 3614 3302 3811 3360; x_wconf 89' lang='lat' dir='ltr'><strong>intelli-</strong></span> 
     </span>
    </p>
   </div>
   <div class='ocr_carea' id='block_1_98' title="bbox 2161 3393 3810 3469">
    <p class='ocr_par' dir='ltr' id='par_1_98' title="bbox 2161 3393 3810 3469">
     <span class='ocr_line' id='line_1_98' title="bbox 2161 3393 3810 3469; baseline -0.006 -15"><span class='ocrx_word' id='word_1_696' title='bbox 2161 3400 2336 3469; x_wconf 89' lang='lat' dir='ltr'><strong>gitur,</strong></span> <span class='ocrx_word' id='word_1_697' title='bbox 2371 3397 2621 3468; x_wconf 87' lang='lat' dir='ltr'><strong>gratiam</strong></span> <span class='ocrx_word' id='word_1_698' title='bbox 2648 3413 2754 3469; x_wconf 91' lang='lat' dir='ltr'><strong>per</strong></span> <span class='ocrx_word' id='word_1_699' title='bbox 2784 3396 2988 3451; x_wconf 89' lang='lat' dir='ltr'><strong>omnia</strong></span> <span class='ocrx_word' id='word_1_700' title='bbox 3012 3396 3312 3451; x_wconf 88' lang='lat' dir='ltr'><strong>charitatis</strong></span> <span class='ocrx_word' id='word_1_701' title='bbox 3346 3399 3521 3449; x_wconf 91' lang='lat' dir='ltr'><strong>sonat</strong></span> <span class='ocrx_word' id='word_1_702' title='bbox 3545 3411 3614 3450; x_wconf 89' lang='lat' dir='ltr'><strong>ac</strong></span> <span class='ocrx_word' id='word_1_703' title='bbox 3639 3393 3810 3466; x_wconf 88' lang='lat' dir='ltr'><strong>pacis.</strong></span> 
     </span>
    </p>
   </div>
   <div class='ocr_carea' id='block_1_99' title="bbox 2163 3484 3811 3560">
    <p class='ocr_par' dir='ltr' id='par_1_99' title="bbox 2163 3484 3811 3560">
     <span class='ocr_line' id='line_1_99' title="bbox 2163 3484 3811 3560; baseline -0.006 -14"><span class='ocrx_word' id='word_1_704' title='bbox 2163 3489 2304 3560; x_wconf 92' lang='lat' dir='ltr'><strong>Capi</strong></span> <span class='ocrx_word' id='word_1_705' title='bbox 2318 3487 2451 3544; x_wconf 86' lang='lat' dir='ltr'><strong>tella</strong></span> <span class='ocrx_word' id='word_1_706' title='bbox 2471 3487 2689 3544; x_wconf 91' lang='lat' dir='ltr'><strong>etenim</strong></span> <span class='ocrx_word' id='word_1_707' title='bbox 2721 3486 3030 3541; x_wconf 87' lang='lat' dir='ltr'><strong>volumina</strong></span> <span class='ocrx_word' id='word_1_708' title='bbox 3060 3485 3402 3540; x_wconf 87' lang='lat' dir='ltr'><strong>divinorum</strong></span> <span class='ocrx_word' id='word_1_709' title='bbox 3423 3484 3811 3556; x_wconf 70' lang='lat' dir='ltr'><strong>eloquiorum,</strong></span> 
     </span>
    </p>
   </div>
   <div class='ocr_carea' id='block_1_100' title="bbox 2167 3572 3815 3632">
    <p class='ocr_par' dir='ltr' id='par_1_100' title="bbox 2167 3572 3815 3632">
     <span class='ocr_line' id='line_1_100' title="bbox 2167 3572 3815 3632; baseline -0.004 0"><span class='ocrx_word' id='word_1_710' title='bbox 2167 3576 2451 3632; x_wconf 89' lang='lat' dir='ltr'><strong>retiacula</strong></span> <span class='ocrx_word' id='word_1_711' title='bbox 2519 3580 2654 3631; x_wconf 90' lang='lat' dir='ltr'><strong>sunt</strong></span> <span class='ocrx_word' id='word_1_712' title='bbox 2724 3574 2964 3630; x_wconf 92' lang='lat' dir='ltr'><strong>vincula</strong></span> <span class='ocrx_word' id='word_1_713' title='bbox 3035 3579 3259 3629; x_wconf 70' lang='lat' dir='ltr'><strong>mutuae</strong></span> <span class='ocrx_word' id='word_1_714' title='bbox 3327 3572 3715 3628; x_wconf 89' lang='lat' dir='ltr'><strong>dilectionis:</strong></span> <span class='ocrx_word' id='word_1_715' title='bbox 3768 3576 3815 3626; x_wconf 89' lang='lat' dir='ltr'><strong>et</strong></span> 
     </span>
    </p>
   </div>
   <div class='ocr_carea' id='block_1_101' title="bbox 2164 3658 3816 3736">
    <p class='ocr_par' dir='ltr' id='par_1_101' title="bbox 2164 3658 3816 3736">
     <span class='ocr_line' id='line_1_101' title="bbox 2164 3658 3816 3736; baseline -0.005 -15"><span class='ocrx_word' id='word_1_716' title='bbox 2164 3665 2462 3721; x_wconf 89' lang='lat' dir='ltr'><strong>retiaculis</strong></span> <span class='ocrx_word' id='word_1_717' title='bbox 2513 3669 2793 3736; x_wconf 89' lang='lat' dir='ltr'><strong>teguntur</strong></span> <span class='ocrx_word' id='word_1_718' title='bbox 2839 3663 3132 3736; x_wconf 90' lang='lat' dir='ltr'><strong>capitella,</strong></span> <span class='ocrx_word' id='word_1_719' title='bbox 3176 3679 3314 3718; x_wconf 91' lang='lat' dir='ltr'><strong>cum</strong></span> <span class='ocrx_word' id='word_1_720' title='bbox 3358 3678 3530 3718; x_wconf 89' lang='lat' dir='ltr'><strong>sacra</strong></span> <span class='ocrx_word' id='word_1_721' title='bbox 3591 3658 3816 3732; x_wconf 88' lang='lat' dir='ltr'><strong>eloquia</strong></span> 
     </span>
    </p>
   </div>
   <div class='ocr_carea' id='block_1_102' title="bbox 2166 3749 3817 3823">
    <p class='ocr_par' dir='ltr' id='par_1_102' title="bbox 2166 3749 3817 3823">
     <span class='ocr_line' id='line_1_102' title="bbox 2166 3749 3817 3823; baseline -0.004 -15"><span class='ocrx_word' id='word_1_722' title='bbox 2166 3757 2255 3820; x_wconf 91' lang='lat' dir='ltr'><strong>(ut</strong></span> <span class='ocrx_word' id='word_1_723' title='bbox 2282 3752 2363 3808; x_wconf 91' lang='lat' dir='ltr'><strong>ita</strong></span> <span class='ocrx_word' id='word_1_724' title='bbox 2401 3753 2672 3822; x_wconf 87' lang='lat' dir='ltr'><strong>dixerim)</strong></span> <span class='ocrx_word' id='word_1_725' title='bbox 2723 3753 2885 3808; x_wconf 89' lang='lat' dir='ltr'><strong>dono</strong></span> <span class='ocrx_word' id='word_1_726' title='bbox 2917 3752 3216 3808; x_wconf 89' lang='lat' dir='ltr'><strong>charitatis</strong></span> <span class='ocrx_word' id='word_1_727' title='bbox 3267 3750 3537 3823; x_wconf 89' lang='lat' dir='ltr'><strong>undique</strong></span> <span class='ocrx_word' id='word_1_728' title='bbox 3571 3749 3817 3823; x_wconf 88' lang='lat' dir='ltr'><strong>proban—</strong></span> 
     </span>
    </p>
   </div>
   <div class='ocr_carea' id='block_1_103' title="bbox 2170 3837 3817 3913">
    <p class='ocr_par' dir='ltr' id='par_1_103' title="bbox 2170 3837 3817 3913">
     <span class='ocr_line' id='line_1_103' title="bbox 2170 3837 3817 3913; baseline -0.004 -15"><span class='ocrx_word' id='word_1_729' title='bbox 2170 3846 2264 3898; x_wconf 88' lang='lat' dir='ltr'><strong>tur</strong></span> <span class='ocrx_word' id='word_1_730' title='bbox 2319 3858 2447 3898; x_wconf 86' lang='lat' dir='ltr'><strong>esse</strong></span> <span class='ocrx_word' id='word_1_731' title='bbox 2493 3844 2733 3898; x_wconf 88' lang='lat' dir='ltr'><strong>vestita:</strong></span> <span class='ocrx_word' id='word_1_732' title='bbox 2791 3859 2935 3898; x_wconf 88' lang='lat' dir='ltr'><strong>nam</strong></span> <span class='ocrx_word' id='word_1_733' title='bbox 2985 3848 3038 3898; x_wconf 91' lang='lat' dir='ltr'><strong>et</strong></span> <span class='ocrx_word' id='word_1_734' title='bbox 3087 3842 3145 3896; x_wconf 92' lang='lat' dir='ltr'><strong>in</strong></span> <span class='ocrx_word' id='word_1_735' title='bbox 3205 3843 3289 3896; x_wconf 90' lang='lat' dir='ltr'><strong>eis</strong></span> <span class='ocrx_word' id='word_1_736' title='bbox 3345 3858 3478 3913; x_wconf 66' lang='lat' dir='ltr'><strong>quae</strong></span> <span class='ocrx_word' id='word_1_737' title='bbox 3541 3841 3601 3896; x_wconf 92' lang='lat' dir='ltr'><strong>in</strong></span> <span class='ocrx_word' id='word_1_738' title='bbox 3645 3837 3817 3909; x_wconf 91' lang='lat' dir='ltr'><strong>Scrip-</strong></span> 
     </span>
    </p>
   </div>
   <div class='ocr_carea' id='block_1_104' title="bbox 2173 3921 3818 3996">
    <p class='ocr_par' dir='ltr' id='par_1_104' title="bbox 2173 3921 3818 3996">
     <span class='ocr_line' id='line_1_104' title="bbox 2173 3921 3818 3996; baseline -0.005 -13"><span class='ocrx_word' id='word_1_739' title='bbox 2173 3927 2321 3983; x_wconf 91' lang='lat' dir='ltr'><strong>turis</strong></span> <span class='ocrx_word' id='word_1_740' title='bbox 2369 3942 2492 3982; x_wconf 93' lang='lat' dir='ltr'><strong>non</strong></span> <span class='ocrx_word' id='word_1_741' title='bbox 2549 3927 2932 3996; x_wconf 89' lang='lat' dir='ltr'><strong>intelligimus</strong></span> <span class='ocrx_word' id='word_1_742' title='bbox 2991 3926 3249 3982; x_wconf 88' lang='lat' dir='ltr'><strong>cbaritas</strong></span> <span class='ocrx_word' id='word_1_743' title='bbox 3309 3925 3466 3991; x_wconf 89' lang='lat' dir='ltr'><strong>latet,</strong></span> <span class='ocrx_word' id='word_1_744' title='bbox 3527 3930 3586 3980; x_wconf 92' lang='lat' dir='ltr'><strong>et</strong></span> <span class='ocrx_word' id='word_1_745' title='bbox 3636 3924 3694 3980; x_wconf 92' lang='lat' dir='ltr'><strong>in</strong></span> <span class='ocrx_word' id='word_1_746' title='bbox 3744 3921 3818 3977; x_wconf 90' lang='lat' dir='ltr'><strong>eis</strong></span> 
     </span>
    </p>
   </div>
   <div class='ocr_carea' id='block_1_105' title="bbox 2175 4015 3816 4088">
    <p class='ocr_par' dir='ltr' id='par_1_105' title="bbox 2175 4015 3816 4088">
     <span class='ocr_line' id='line_1_105' title="bbox 2175 4015 3816 4088; baseline -0.004 -17"><span class='ocrx_word' id='word_1_747' title='bbox 2175 4033 2311 4088; x_wconf 66' lang='lat' dir='ltr'><strong>qua:</strong></span> <span class='ocrx_word' id='word_1_748' title='bbox 2343 4015 2728 4085; x_wconf 76' lang='lat' dir='ltr'><strong>intelligi-nus</strong></span> <span class='ocrx_word' id='word_1_749' title='bbox 2779 4016 3036 4071; x_wconf 87' lang='lat' dir='ltr'><strong>charitas</strong></span> <span class='ocrx_word' id='word_1_750' title='bbox 3086 4015 3200 4070; x_wconf 89' lang='lat' dir='ltr'><strong>late</strong></span> <span class='ocrx_word' id='word_1_751' title='bbox 3230 4021 3409 4088; x_wconf 81' lang='lat' dir='ltr'><strong>patet.</strong></span> <span class='ocrx_word' id='word_1_752' title='bbox 3445 4015 3602 4070; x_wconf 87' lang='lat' dir='ltr'><strong>Bene</strong></span> <span class='ocrx_word' id='word_1_753' title='bbox 3630 4016 3816 4068; x_wconf 88' lang='lat' dir='ltr'><strong>autem</strong></span> 
     </span>
    </p>
   </div>
   <div class='ocr_carea' id='block_1_106' title="bbox 2171 4102 3817 4176">
    <p class='ocr_par' dir='ltr' id='par_1_106' title="bbox 2171 4102 3817 4176">
     <span class='ocr_line' id='line_1_106' title="bbox 2171 4102 3817 4176; baseline -0.004 -16"><span class='ocrx_word' id='word_1_754' title='bbox 2171 4103 2246 4161; x_wconf 88' lang='lat' dir='ltr'><strong>de</strong></span> <span class='ocrx_word' id='word_1_755' title='bbox 2299 4104 2524 4161; x_wconf 90' lang='lat' dir='ltr'><strong>eisdem</strong></span> <span class='ocrx_word' id='word_1_756' title='bbox 2583 4105 2882 4161; x_wconf 61' lang='lat' dir='ltr'><strong>retiaculis</strong></span> <span class='ocrx_word' id='word_1_757' title='bbox 2941 4106 3063 4159; x_wconf 87' lang='lat' dir='ltr'><strong>sive</strong></span> <span class='ocrx_word' id='word_1_758' title='bbox 3122 4104 3408 4176; x_wconf 87' lang='lat' dir='ltr'><strong>capitellis</strong></span> <span class='ocrx_word' id='word_1_759' title='bbox 3460 4102 3817 4174; x_wconf 88' lang='lat' dir='ltr'><strong>adjungitur,</strong></span> 
     </span>
    </p>
   </div>
   <div class='ocr_carea' id='block_1_107' title="bbox 2174 4192 3821 4267">
    <p class='ocr_par' dir='ltr' id='par_1_107' title="bbox 2174 4192 3821 4267">
     <span class='ocr_line' id='line_1_107' title="bbox 2174 4192 3821 4267; baseline -0.004 -20"><span class='ocrx_word' id='word_1_760' title='bbox 2174 4213 2204 4247; x_wconf 85' lang='grc'>‹</span> <span class='ocrx_word' id='word_1_761' title='bbox 2237 4210 2373 4267; x_wconf 68' lang='lat' dir='ltr'><strong>qum</strong></span> <span class='ocrx_word' id='word_1_762' title='bbox 2421 4198 2591 4251; x_wconf 90' lang='lat' dir='ltr'><strong>erant</strong></span> <span class='ocrx_word' id='word_1_763' title='bbox 2645 4211 2826 4267; x_wconf 89' lang='lat' dir='ltr'><strong>super</strong></span> <span class='ocrx_word' id='word_1_764' title='bbox 2879 4193 3288 4249; x_wconf 87' lang='lat' dir='ltr'><strong>summitatem</strong></span> <span class='ocrx_word' id='word_1_765' title='bbox 3340 4192 3501 4248; x_wconf 92' lang='lat' dir='ltr'><strong>malo</strong></span> <span class='ocrx_word' id='word_1_766' title='bbox 3559 4194 3821 4261; x_wconf 84' lang='lat' dir='ltr'><strong>granato-</strong></span> 
     </span>
    </p>
   </div>
   <div class='ocr_carea' id='block_1_108' title="bbox 2170 4283 3822 4365">
    <p class='ocr_par' dir='ltr' id='par_1_108' title="bbox 2170 4283 3822 4365">
     <span class='ocr_line' id='line_1_108' title="bbox 2170 4283 3822 4365; baseline -0.007 -25"><span class='ocrx_word' id='word_1_767' title='bbox 2170 4300 2326 4340; x_wconf 91' lang='lat' dir='ltr'><strong>rum.</strong></span> <span class='ocrx_word' id='word_1_768' title='bbox 2388 4305 2415 4333; x_wconf 90' lang='lat'>»</span> <span class='ocrx_word' id='word_1_769' title='bbox 2480 4283 2881 4365; x_wconf 81' lang='lat' dir='ltr'><strong>Malogranata</strong></span> <span class='ocrx_word' id='word_1_770' title='bbox 2937 4299 3222 4354; x_wconf 88' lang='lat' dir='ltr'><strong>namque,</strong></span> <span class='ocrx_word' id='word_1_771' title='bbox 3297 4297 3559 4352; x_wconf 89' lang='lat' dir='ltr'><strong>quorum</strong></span> <span class='ocrx_word' id='word_1_772' title='bbox 3618 4283 3822 4336; x_wconf 88' lang='lat' dir='ltr'><strong>natura</strong></span> 
     </span>
    </p>
   </div>
   <div class='ocr_carea' id='block_1_109' title="bbox 2174 4367 3821 4445">
    <p class='ocr_par' dir='ltr' id='par_1_109' title="bbox 2174 4367 3821 4445">
     <span class='ocr_line' id='line_1_109' title="bbox 2174 4367 3821 4445; baseline -0.006 -15"><span class='ocrx_word' id='word_1_773' title='bbox 2174 4378 2284 4445; x_wconf 91' lang='lat' dir='ltr'><strong>est,</strong></span> <span class='ocrx_word' id='word_1_774' title='bbox 2315 4389 2438 4434; x_wconf 89' lang='lat' dir='ltr'><strong>uno</strong></span> <span class='ocrx_word' id='word_1_775' title='bbox 2492 4372 2632 4430; x_wconf 83' lang='lat' dir='ltr'><strong>foris</strong></span> <span class='ocrx_word' id='word_1_776' title='bbox 2691 4373 2928 4437; x_wconf 89' lang='lat' dir='ltr'><strong>cortice,</strong></span> <span class='ocrx_word' id='word_1_777' title='bbox 2958 4373 3147 4428; x_wconf 87' lang='lat' dir='ltr'><strong>multa</strong></span> <span class='ocrx_word' id='word_1_778' title='bbox 3198 4371 3442 4426; x_wconf 82' lang='lat' dir='ltr'><strong>interius</strong></span> <span class='ocrx_word' id='word_1_779' title='bbox 3490 4384 3682 4440; x_wconf 84' lang='lat' dir='ltr'><strong>grana</strong></span> <span class='ocrx_word' id='word_1_780' title='bbox 3719 4367 3821 4422; x_wconf 87' lang='lat' dir='ltr'><strong>cir-</strong></span> 
     </span>
    </p>
   </div>
   <div class='ocr_carea' id='block_1_110' title="bbox 2176 4457 3820 4534">
    <p class='ocr_par' dir='ltr' id='par_1_110' title="bbox 2176 4457 3820 4534">
     <span class='ocr_line' id='line_1_110' title="bbox 2176 4457 3820 4534; baseline -0.006 -17"><span class='ocrx_word' id='word_1_781' title='bbox 2176 4463 2486 4533; x_wconf 88' lang='lat' dir='ltr'><strong>cumdare,</strong></span> <span class='ocrx_word' id='word_1_782' title='bbox 2537 4467 2673 4534; x_wconf 90' lang='lat' dir='ltr'><strong>apte</strong></span> <span class='ocrx_word' id='word_1_783' title='bbox 2731 4461 2792 4516; x_wconf 93' lang='lat' dir='ltr'><strong>in</strong></span> <span class='ocrx_word' id='word_1_784' title='bbox 2849 4462 3043 4531; x_wconf 82' lang='lat' dir='ltr'><strong>figura</strong></span> <span class='ocrx_word' id='word_1_785' title='bbox 3097 4464 3316 4515; x_wconf 66' lang='lat' dir='ltr'><strong>sancta:</strong></span> <span class='ocrx_word' id='word_1_786' title='bbox 3379 4463 3690 4532; x_wconf 89' lang='lat' dir='ltr'><strong>ponuntur</strong></span> <span class='ocrx_word' id='word_1_787' title='bbox 3734 4457 3820 4508; x_wconf 86' lang='lat' dir='ltr'><strong>Ec-</strong></span> 
     </span>
    </p>
   </div>
   <div class='ocr_carea' id='block_1_111' title="bbox 2176 4547 3819 4623">
    <p class='ocr_par' dir='ltr' id='par_1_111' title="bbox 2176 4547 3819 4623">
     <span class='ocr_line' id='line_1_111' title="bbox 2176 4547 3819 4623; baseline -0.005 -17"><span class='ocrx_word' id='word_1_788' title='bbox 2176 4549 2402 4607; x_wconf 67' lang='lat' dir='ltr'><strong>clesiae:</strong></span> <span class='ocrx_word' id='word_1_789' title='bbox 2432 4567 2566 4623; x_wconf 61' lang='lat' dir='ltr'><strong>qua:</strong></span> <span class='ocrx_word' id='word_1_790' title='bbox 2597 4551 2889 4607; x_wconf 90' lang='lat' dir='ltr'><strong>catholico</strong></span> <span class='ocrx_word' id='word_1_791' title='bbox 2920 4551 3097 4606; x_wconf 85' lang='lat' dir='ltr'><strong>unius</strong></span> <span class='ocrx_word' id='word_1_792' title='bbox 3127 4549 3266 4604; x_wconf 89' lang='lat' dir='ltr'><strong>ﬁdei</strong></span> <span class='ocrx_word' id='word_1_793' title='bbox 3299 4547 3630 4602; x_wconf 89' lang='lat' dir='ltr'><strong>munimine</strong></span> <span class='ocrx_word' id='word_1_794' title='bbox 3657 4547 3819 4600; x_wconf 88' lang='lat' dir='ltr'><strong>innu-</strong></span> 
     </span>
    </p>
   </div>
   <div class='ocr_carea' id='block_1_112' title="bbox 2176 4634 3823 4708">
    <p class='ocr_par' dir='ltr' id='par_1_112' title="bbox 2176 4634 3823 4708">
     <span class='ocr_line' id='line_1_112' title="bbox 2176 4634 3823 4708; baseline -0.006 -13"><span class='ocrx_word' id='word_1_795' title='bbox 2176 4656 2341 4695; x_wconf 92' lang='lat' dir='ltr'><strong>mera</strong></span> <span class='ocrx_word' id='word_1_796' title='bbox 2392 4639 2714 4696; x_wconf 90' lang='lat' dir='ltr'><strong>electorum</strong></span> <span class='ocrx_word' id='word_1_797' title='bbox 2777 4641 3021 4708; x_wconf 75' lang='lat' dir='ltr'><strong>agmina</strong></span> <span class='ocrx_word' id='word_1_798' title='bbox 3071 4639 3218 4694; x_wconf 90' lang='lat' dir='ltr'><strong>solet</strong></span> <span class='ocrx_word' id='word_1_799' title='bbox 3268 4636 3592 4693; x_wconf 90' lang='lat' dir='ltr'><strong>includere.</strong></span> <span class='ocrx_word' id='word_1_800' title='bbox 3645 4634 3823 4690; x_wconf 88' lang='lat' dir='ltr'><strong>Potest</strong></span> 
     </span>
    </p>
   </div>
   <div class='ocr_carea' id='block_1_113' title="bbox 2177 4722 3814 4801">
    <p class='ocr_par' dir='ltr' id='par_1_113' title="bbox 2177 4722 3814 4801">
     <span class='ocr_line' id='line_1_113' title="bbox 2177 4722 3814 4801; baseline -0.006 -16"><span class='ocrx_word' id='word_1_801' title='bbox 2177 4733 2378 4786; x_wconf 89' lang='lat' dir='ltr'><strong>autem</strong></span> <span class='ocrx_word' id='word_1_802' title='bbox 2405 4734 2461 4785; x_wconf 91' lang='lat' dir='ltr'><strong>et</strong></span> <span class='ocrx_word' id='word_1_803' title='bbox 2487 4728 2960 4801; x_wconf 88' lang='lat' dir='ltr'><strong>uniuscujusque</strong></span> <span class='ocrx_word' id='word_1_804' title='bbox 2983 4728 3127 4799; x_wconf 90' lang='lat' dir='ltr'><strong>justi</strong></span> <span class='ocrx_word' id='word_1_805' title='bbox 3153 4727 3335 4782; x_wconf 90' lang='lat' dir='ltr'><strong>vitam</strong></span> <span class='ocrx_word' id='word_1_806' title='bbox 3377 4739 3698 4797; x_wconf 92' lang='lat' dir='ltr'><strong>moresque</strong></span> <span class='ocrx_word' id='word_1_807' title='bbox 3725 4722 3814 4775; x_wconf 85' lang='lat' dir='ltr'><strong>de-</strong></span> 
     </span>
    </p>
   </div>
   <div class='ocr_carea' id='block_1_114' title="bbox 2177 4808 3822 4891">
    <p class='ocr_par' dir='ltr' id='par_1_114' title="bbox 2177 4808 3822 4891">
     <span class='ocr_line' id='line_1_114' title="bbox 2177 4808 3822 4891; baseline -0.008 -16"><span class='ocrx_word' id='word_1_808' title='bbox 2177 4818 2433 4890; x_wconf 90' lang='lat' dir='ltr'><strong>signare,</strong></span> <span class='ocrx_word' id='word_1_809' title='bbox 2465 4817 2568 4891; x_wconf 92' lang='lat' dir='ltr'><strong>qui</strong></span> <span class='ocrx_word' id='word_1_810' title='bbox 2595 4817 2753 4873; x_wconf 91' lang='lat' dir='ltr'><strong>velut</strong></span> <span class='ocrx_word' id='word_1_811' title='bbox 2774 4817 3034 4890; x_wconf 89' lang='lat' dir='ltr'><strong>plurima</strong></span> <span class='ocrx_word' id='word_1_812' title='bbox 3068 4832 3189 4871; x_wconf 92' lang='lat' dir='ltr'><strong>uno</strong></span> <span class='ocrx_word' id='word_1_813' title='bbox 3219 4815 3432 4870; x_wconf 86' lang='lat' dir='ltr'><strong>cortice</strong></span> <span class='ocrx_word' id='word_1_814' title='bbox 3455 4808 3822 4882; x_wconf 87' lang='lat' dir='ltr'><strong>circumplec-</strong></span> 
     </span>
    </p>
   </div>
   <div class='ocr_carea' id='block_1_115' title="bbox 2177 4899 3820 4978">
    <p class='ocr_par' dir='ltr' id='par_1_115' title="bbox 2177 4899 3820 4978">
     <span class='ocr_line' id='line_1_115' title="bbox 2177 4899 3820 4978; baseline -0.007 -15"><span class='ocrx_word' id='word_1_815' title='bbox 2177 4911 2326 4978; x_wconf 91' lang='lat' dir='ltr'><strong>tens,</strong></span> <span class='ocrx_word' id='word_1_816' title='bbox 2351 4907 2540 4963; x_wconf 89' lang='lat' dir='ltr'><strong>multa</strong></span> <span class='ocrx_word' id='word_1_817' title='bbox 2563 4906 2992 4976; x_wconf 85' lang='lat' dir='ltr'><strong>cogitationum</strong></span> <span class='ocrx_word' id='word_1_818' title='bbox 3009 4906 3416 4976; x_wconf 91' lang='lat' dir='ltr'><strong>virtutumque</strong></span> <span class='ocrx_word' id='word_1_819' title='bbox 3434 4899 3820 4974; x_wconf 89' lang='lat' dir='ltr'><strong>spiritualium</strong></span> 
     </span>
    </p>
   </div>
   <div class='ocr_carea' id='block_1_116' title="bbox 2175 4983 3822 5067">
    <p class='ocr_par' dir='ltr' id='par_1_116' title="bbox 2175 4983 3822 5067">
     <span class='ocr_line' id='line_1_116' title="bbox 2175 4983 3822 5067; baseline -0.007 -15"><span class='ocrx_word' id='word_1_820' title='bbox 2175 4996 2434 5065; x_wconf 85' lang='lat' dir='ltr'><strong>insignia</strong></span> <span class='ocrx_word' id='word_1_821' title='bbox 2465 4997 2556 5067; x_wconf 91' lang='lat' dir='ltr'><strong>(ne</strong></span> <span class='ocrx_word' id='word_1_822' title='bbox 2611 4995 2758 5050; x_wconf 83' lang='lat' dir='ltr'><strong>forte</strong></span> <span class='ocrx_word' id='word_1_823' title='bbox 2789 4995 3077 5064; x_wconf 86' lang='lat' dir='ltr'><strong>deﬂuant)</strong></span> <span class='ocrx_word' id='word_1_824' title='bbox 3107 4993 3284 5048; x_wconf 89' lang='lat' dir='ltr'><strong>ﬁrma</strong></span> <span class='ocrx_word' id='word_1_825' title='bbox 3330 4991 3466 5046; x_wconf 87' lang='lat' dir='ltr'><strong>ﬁdei</strong></span> <span class='ocrx_word' id='word_1_826' title='bbox 3517 4995 3574 5044; x_wconf 90' lang='lat' dir='ltr'><strong>et</strong></span> <span class='ocrx_word' id='word_1_827' title='bbox 3600 4983 3822 5044; x_wconf 87' lang='lat' dir='ltr'><strong>humili-</strong></span> 
     </span>
    </p>
   </div>
   <div class='ocr_carea' id='block_1_117' title="bbox 2177 5075 3821 5154">
    <p class='ocr_par' dir='ltr' id='par_1_117' title="bbox 2177 5075 3821 5154">
     <span class='ocr_line' id='line_1_117' title="bbox 2177 5075 3821 5154; baseline -0.008 -13"><span class='ocrx_word' id='word_1_828' title='bbox 2177 5086 2311 5141; x_wconf 89' lang='lat' dir='ltr'><strong>tatis</strong></span> <span class='ocrx_word' id='word_1_829' title='bbox 2343 5091 2512 5141; x_wconf 91' lang='lat' dir='ltr'><strong>curat</strong></span> <span class='ocrx_word' id='word_1_830' title='bbox 2540 5083 2758 5140; x_wconf 90' lang='lat' dir='ltr'><strong>vallare</strong></span> <span class='ocrx_word' id='word_1_831' title='bbox 2787 5083 3062 5139; x_wconf 88' lang='lat' dir='ltr'><strong>custodia</strong></span> <span class='ocrx_word' id='word_1_832' title='bbox 3092 5087 3146 5138; x_wconf 90' lang='lat' dir='ltr'><strong>et</strong></span> <span class='ocrx_word' id='word_1_833' title='bbox 3173 5087 3314 5154; x_wconf 87' lang='lat' dir='ltr'><strong>apto</strong></span> <span class='ocrx_word' id='word_1_834' title='bbox 3345 5096 3590 5153; x_wconf 89' lang='lat' dir='ltr'><strong>prorsus</strong></span> <span class='ocrx_word' id='word_1_835' title='bbox 3622 5075 3821 5132; x_wconf 85' lang='lat' dir='ltr'><strong>minis-</strong></span> 
     </span>
    </p>
   </div>
   <div class='ocr_carea' id='block_1_118' title="bbox 2177 5163 3823 5240">
    <p class='ocr_par' dir='ltr' id='par_1_118' title="bbox 2177 5163 3823 5240">
     <span class='ocr_line' id='line_1_118' title="bbox 2177 5163 3823 5240; baseline -0.007 -9"><span class='ocrx_word' id='word_1_836' title='bbox 2177 5175 2343 5231; x_wconf 88' lang='lat' dir='ltr'><strong>terio.</strong></span> <span class='ocrx_word' id='word_1_837' title='bbox 2397 5174 2602 5238; x_wconf 81' lang='lat' dir='ltr'><strong>Capita</strong></span> <span class='ocrx_word' id='word_1_838' title='bbox 2655 5173 3077 5229; x_wconf 90' lang='lat' dir='ltr'><strong>calumnarum</strong></span> <span class='ocrx_word' id='word_1_839' title='bbox 3135 5169 3534 5240; x_wconf 86' lang='lat' dir='ltr'><strong>malogranati</strong></span> <span class='ocrx_word' id='word_1_840' title='bbox 3571 5170 3738 5224; x_wconf 88' lang='lat' dir='ltr'><strong>erant</strong></span> <span class='ocrx_word' id='word_1_841' title='bbox 3766 5163 3823 5218; x_wconf 90' lang='lat' dir='ltr'><strong>in</strong></span> 
     </span>
    </p>
   </div>
   <div class='ocr_carea' id='block_1_119' title="bbox 2177 5254 3822 5336">
    <p class='ocr_par' dir='ltr' id='par_1_119' title="bbox 2177 5254 3822 5336">
     <span class='ocr_line' id='line_1_119' title="bbox 2177 5254 3822 5336; baseline -0.009 -16"><span class='ocrx_word' id='word_1_842' title='bbox 2177 5280 2326 5336; x_wconf 86' lang='lat' dir='ltr'><strong>gyro</strong></span> <span class='ocrx_word' id='word_1_843' title='bbox 2339 5263 2730 5332; x_wconf 77' lang='lat' dir='ltr'><strong>circumdata,</strong></span> <span class='ocrx_word' id='word_1_844' title='bbox 2753 5263 2898 5336; x_wconf 89' lang='lat' dir='ltr'><strong>quia</strong></span> <span class='ocrx_word' id='word_1_845' title='bbox 2918 5262 3193 5318; x_wconf 86' lang='lat' dir='ltr'><strong>doctores</strong></span> <span class='ocrx_word' id='word_1_846' title='bbox 3211 5263 3448 5315; x_wconf 92' lang='lat' dir='ltr'><strong>sanctos</strong></span> <span class='ocrx_word' id='word_1_847' title='bbox 3463 5270 3707 5314; x_wconf 91' lang='lat' dir='ltr'><strong>necesse</strong></span> <span class='ocrx_word' id='word_1_848' title='bbox 3723 5254 3822 5314; x_wconf 85' lang='lat' dir='ltr'><strong>est,</strong></span> 
     </span>
    </p>
   </div>
   <div class='ocr_carea' id='block_1_120' title="bbox 2176 5348 3823 5426">
    <p class='ocr_par' dir='ltr' id='par_1_120' title="bbox 2176 5348 3823 5426">
     <span class='ocr_line' id='line_1_120' title="bbox 2176 5348 3823 5426; baseline -0.008 -18"><span class='ocrx_word' id='word_1_849' title='bbox 2176 5354 2447 5426; x_wconf 91' lang='lat' dir='ltr'><strong>priorum</strong></span> <span class='ocrx_word' id='word_1_850' title='bbox 2477 5353 2661 5408; x_wconf 91' lang='lat' dir='ltr'><strong>vitam</strong></span> <span class='ocrx_word' id='word_1_851' title='bbox 2698 5351 2967 5406; x_wconf 86' lang='lat' dir='ltr'><strong>ﬁdelium</strong></span> <span class='ocrx_word' id='word_1_852' title='bbox 3008 5349 3088 5406; x_wconf 91' lang='lat' dir='ltr'><strong>ad</strong></span> <span class='ocrx_word' id='word_1_853' title='bbox 3131 5348 3486 5405; x_wconf 90' lang='lat' dir='ltr'><strong>memoriam</strong></span> <span class='ocrx_word' id='word_1_854' title='bbox 3536 5355 3823 5406; x_wconf 88' lang='lat' dir='ltr'><strong>revocare,</strong></span> 
     </span>
    </p>
   </div>
   <div class='ocr_carea' id='block_1_121' title="bbox 2177 5439 3825 5513">
    <p class='ocr_par' dir='ltr' id='par_1_121' title="bbox 2177 5439 3825 5513">
     <span class='ocr_line' id='line_1_121' title="bbox 2177 5439 3825 5513; baseline -0.008 -16"><span class='ocrx_word' id='word_1_855' title='bbox 2177 5457 2508 5513; x_wconf 91' lang='lat' dir='ltr'><strong>eorumque</strong></span> <span class='ocrx_word' id='word_1_856' title='bbox 2531 5457 2767 5513; x_wconf 90' lang='lat' dir='ltr'><strong>semper</strong></span> <span class='ocrx_word' id='word_1_857' title='bbox 2787 5439 3270 5512; x_wconf 82' lang='lat' dir='ltr'><strong>exemplis,actus</strong></span> <span class='ocrx_word' id='word_1_858' title='bbox 3284 5453 3424 5492; x_wconf 91' lang='lat' dir='ltr'><strong>suos</strong></span> <span class='ocrx_word' id='word_1_859' title='bbox 3445 5451 3515 5490; x_wconf 90' lang='lat' dir='ltr'><strong>ac</strong></span> <span class='ocrx_word' id='word_1_860' title='bbox 3529 5443 3825 5488; x_wconf 90' lang='lat' dir='ltr'><strong>sermones</strong></span> 
     </span>
    </p>
   </div>
   <div class='ocr_carea' id='block_1_122' title="bbox 2177 5525 3822 5602">
    <p class='ocr_par' dir='ltr' id='par_1_122' title="bbox 2177 5525 3822 5602">
     <span class='ocr_line' id='line_1_122' title="bbox 2177 5525 3822 5602; baseline -0.01 -16"><span class='ocrx_word' id='word_1_861' title='bbox 2177 5530 2343 5586; x_wconf 90' lang='lat' dir='ltr'><strong>omni</strong></span> <span class='ocrx_word' id='word_1_862' title='bbox 2365 5546 2436 5584; x_wconf 86' lang='lat' dir='ltr'><strong>ex</strong></span> <span class='ocrx_word' id='word_1_863' title='bbox 2463 5534 2630 5602; x_wconf 89' lang='lat' dir='ltr'><strong>parte</strong></span> <span class='ocrx_word' id='word_1_864' title='bbox 2671 5528 3050 5595; x_wconf 89' lang='lat' dir='ltr'><strong>communiri,</strong></span> <span class='ocrx_word' id='word_1_865' title='bbox 3085 5544 3158 5582; x_wconf 92' lang='lat' dir='ltr'><strong>ne</strong></span> <span class='ocrx_word' id='word_1_866' title='bbox 3187 5527 3234 5582; x_wconf 92' lang='lat' dir='ltr'><strong>si</strong></span> <span class='ocrx_word' id='word_1_867' title='bbox 3277 5525 3442 5581; x_wconf 88' lang='lat' dir='ltr'><strong>aliter</strong></span> <span class='ocrx_word' id='word_1_868' title='bbox 3471 5525 3618 5578; x_wconf 86' lang='lat' dir='ltr'><strong>forte</strong></span> <span class='ocrx_word' id='word_1_869' title='bbox 3647 5530 3822 5592; x_wconf 89' lang='lat' dir='ltr'><strong>quam</strong></span> 
     </span>
    </p>
   </div>
   <div class='ocr_carea' id='block_1_123' title="bbox 2175 5608 3820 5687">
    <p class='ocr_par' dir='ltr' id='par_1_123' title="bbox 2175 5608 3820 5687">
     <span class='ocr_line' id='line_1_123' title="bbox 2175 5608 3820 5687; baseline -0.009 -13"><span class='ocrx_word' id='word_1_870' title='bbox 2175 5619 2414 5674; x_wconf 90' lang='lat' dir='ltr'><strong>illorum</strong></span> <span class='ocrx_word' id='word_1_871' title='bbox 2436 5618 2834 5687; x_wconf 86' lang='lat' dir='ltr'><strong>habetregula</strong></span> <span class='ocrx_word' id='word_1_872' title='bbox 2862 5617 3234 5672; x_wconf 86' lang='lat' dir='ltr'><strong>vixerintaut</strong></span> <span class='ocrx_word' id='word_1_873' title='bbox 3258 5613 3589 5676; x_wconf 87' lang='lat' dir='ltr'><strong>docuerint,</strong></span> <span class='ocrx_word' id='word_1_874' title='bbox 3619 5608 3820 5664; x_wconf 82' lang='lat' dir='ltr'><strong>errent.</strong></span> 
     </span>
    </p>
   </div>
   <div class='ocr_carea' id='block_1_124' title="bbox 2179 5692 3824 5772">
    <p class='ocr_par' dir='ltr' id='par_1_124' title="bbox 2179 5692 3824 5772">
     <span class='ocr_line' id='line_1_124' title="bbox 2179 5692 3824 5772; baseline -0.01 -8"><span class='ocrx_word' id='word_1_875' title='bbox 2179 5711 2328 5764; x_wconf 91' lang='lat' dir='ltr'><strong>Cum</strong></span> <span class='ocrx_word' id='word_1_876' title='bbox 2354 5723 2494 5764; x_wconf 88' lang='lat' dir='ltr'><strong>vero</strong></span> <span class='ocrx_word' id='word_1_877' title='bbox 2535 5707 2764 5763; x_wconf 90' lang='lat' dir='ltr'><strong>dictum</strong></span> <span class='ocrx_word' id='word_1_878' title='bbox 2784 5710 2859 5763; x_wconf 91' lang='lat' dir='ltr'><strong>sit</strong></span> <span class='ocrx_word' id='word_1_879' title='bbox 2886 5707 2962 5763; x_wconf 92' lang='lat' dir='ltr'><strong>de</strong></span> <span class='ocrx_word' id='word_1_880' title='bbox 2987 5704 3282 5766; x_wconf 85' lang='lat' dir='ltr'><strong>retiaculis</strong></span> <span class='ocrx_word' id='word_1_881' title='bbox 3305 5707 3371 5761; x_wconf 90' lang='lat' dir='ltr'><strong>ut</strong></span> <span class='ocrx_word' id='word_1_882' title='bbox 3396 5701 3662 5772; x_wconf 83' lang='lat' dir='ltr'><strong>tegerent</strong></span> <span class='ocrx_word' id='word_1_883' title='bbox 3675 5692 3824 5766; x_wconf 89' lang='lat' dir='ltr'><strong>capi-</strong></span> 
     </span>
    </p>
   </div>
  </div>
