3940 6404
117 254 202 309 ﬁt
609 309 620 326 ,
1055 251 1314 307 ENARR.
1357 249 1425 305 IN
1466 244 1716 303 LIBROS
1756 243 2017 303 REGUM.
2073 280 2131 289 —
2195 251 2268 305 IN
2308 250 2416 308 LIB
2465 253 2560 309 Ill.

3436 268 3540 322 ι42

118 375 258 446 tella,
289 390 426 448 quae
446 378 617 432 erant
641 390 823 448 super
861 374 1271 432 summitatem
1324 371 1770 442 malogranato-
1805 372 1848 424 A
1883 393 1910 420 «
1953 372 2208 445 capitelli
2240 377 2508 434 secundi.
2545 401 2572 428 »
2607 378 2874 436 Diximus
2903 382 3064 438 enim
3095 383 3538 457 malogranata,

118 482 256 527 rum,
275 464 509 521 videtur
519 465 690 536 juxta
717 466 991 522 ordinem
1012 464 1210 538 operis
1237 463 1448 537 ipsius,
1467 461 1612 536 quia
1637 476 1767 517 ma-

114 555 412 624 logranata
433 555 652 612 fuerint
679 555 838 613 facta
883 556 942 613 in
975 557 1226 614 circuitu
1269 555 1683 630 capitellorum
1732 567 1768 608 a

116 649 268 719 parte
292 645 572 714 inferiori,
607 651 788 720 atque
810 663 884 703 ex
918 647 1145 704 eisdem
1180 645 1613 719 malogranatis
1649 643 1766 700 ori-

115 741 304 792 rentur
331 736 639 806 retiacula,
671 738 896 810 quibus
944 739 1220 812 capitella
1265 755 1339 796 ex
1368 741 1536 812 parte
1563 735 1768 808 aliqua

117 831 451 897 tegerentur.
479 830 761 901 Patetque
792 829 987 898 ﬁgura
1017 830 1448 903 mysterii,qua
1479 826 1766 884 retiacula

116 931 280 988 super
289 917 695 974 summitatem
709 917 927 974 fuerint
939 919 1492 989 malogranatorum
1506 931 1763 983 annexa,

119 1021 242 1077 qua;
269 1005 346 1061 ad
375 1022 562 1062 unam
587 1023 742 1080 pene
774 1008 1299 1078 signiﬁcationem,
1328 1009 1451 1064 sive
1478 1022 1766 1080 persona-

116 1109 235 1149 rum
265 1109 364 1150 seu
397 1094 683 1151 virtutum
725 1097 1023 1170 pertinent
1063 1097 1484 1169 spiritualium.
1532 1098 1764 1154 Scimus

115 1181 260 1237 enim
284 1182 523 1238 virtutes
544 1183 620 1239 de
650 1183 968 1240 virtutibus
989 1185 1178 1249 nasci,
1203 1191 1260 1242 et
1283 1189 1525 1242 sanctos
1552 1186 1763 1243 ambu-

114 1269 225 1326 lare
247 1270 320 1327 de
339 1271 552 1328 virtute
575 1273 636 1328 in
683 1273 984 1344 virtutem,
1039 1275 1236 1332 donec
1287 1275 1558 1332 videatur
1608 1279 1763 1333 Deus

114 1358 348 1416 deorum
376 1360 436 1416 in
489 1361 669 1418 Sion:
701 1379 826 1435 qua
868 1363 1079 1420 virtute
1110 1364 1277 1421 nulla
1324 1369 1525 1438 potest
1566 1367 1764 1437 major

113 1447 237 1515 dici;
267 1449 423 1506 unde
448 1455 506 1506 et
534 1452 873 1524 Apostolus:
909 1475 939 1503 «
969 1453 1228 1510 Scientes
1257 1454 1469 1527 inquit,
1493 1455 1638 1528 quia
1659 1455 1762 1511 tri-

113 1535 322 1594 bulatio
351 1540 704 1612 patientiam
735 1546 1038 1616 operatur.
1073 1543 1360 1616 patientia
1391 1548 1594 1600 autem
1620 1560 1760 1618 pro-

114 1626 420 1693 bationem.
453 1631 735 1705 probatio
760 1649 896 1689 vero
923 1649 1093 1706 spem
1126 1635 1317 1704 (Rom.
1349 1634 1426 1706 v).
1459 1657 1487 1684 »

1880 461 1976 517 vel
2029 464 2208 520 totius
2241 473 2464 523 sanctae
2517 469 2812 539 Ecclesiae,
2842 471 2935 527 vel
2984 472 3361 543 singulorum
3391 493 3540 548 quo-

1880 568 2138 626 rumque
2169 555 2436 612 fidelium
2464 562 2678 632 typum
2720 565 2939 616 tenere.
2969 565 3356 621 Centenarius
3400 582 3540 624 vero

1879 658 2192 717 numerus,
2225 647 2330 720 qui
2359 648 2439 704 ad
2469 649 2778 706 dexteram
2824 667 3076 708 manum
3120 656 3355 726 primus
3401 673 3540 730 per-

1878 733 2060 802 venit,
2091 751 2536 810 nonnunquam
2566 738 2627 794 in
2661 744 2898 796 aeternae
2924 741 3314 800 beatitudinis
3343 744 3540 815 ﬁgura

1878 823 2024 896 poni
2073 828 2402 884 consuevit.
2453 828 2801 900 Duplicatur
2850 835 3050 887 autem
3107 832 3203 887 hic
3248 849 3539 891 numerus

1879 913 2434 984 malogranatorum
2475 917 2536 972 in
2581 919 2827 974 circuitu
2859 921 3114 993 capitelli
3162 923 3431 994 secundi,
3474 929 3540 981 ut

1875 1002 2217 1072 insinuetur
2247 1007 2700 1080 mystice,quod
2727 1009 3038 1083 utriusque
3067 1013 3403 1068 testamenti
3434 1031 3536 1088 po-

1875 1093 2058 1167 pulus
2086 1096 2452 1152 adunandus
2479 1098 2540 1153 in
2567 1098 2815 1166 Christo,
2849 1105 3030 1173 atque
3062 1101 3140 1156 ad
3171 1105 3404 1158 aeternae
3457 1103 3536 1159 vi-

1881 1188 1956 1241 tm
1981 1185 2054 1241 sit
2074 1185 2550 1243 introducendus
2585 1203 2892 1245 coronam.

1949 1297 1976 1324 «
2019 1278 2085 1331 Et
2128 1277 2331 1333 statuit
2373 1277 2526 1333 duas
2573 1277 2888 1335 columnas
2929 1279 2988 1334 in
3028 1282 3262 1352 porticu
3306 1283 3532 1356 templi.

1875 1385 1904 1413 «
1944 1364 2217 1438 Cumque
2243 1367 2546 1423 statuisset
2573 1367 2923 1424 columnam
2941 1368 3272 1440 dexteram,
3295 1374 3534 1430 vocavit

1876 1475 1906 1502 «
1944 1469 2080 1509 eam
2111 1455 2358 1512 nomine
2402 1456 2655 1523 Jachim,
2703 1477 2730 1507 »
2779 1473 2916 1529 quae
2970 1457 3390 1531 interpretatur
3426 1463 3534 1529 ﬁr-

1871 1545 2070 1600 mitas.
2106 1566 2134 1592 ‹‹
2171 1545 2446 1602 Similiter
2495 1545 2681 1602 erexit
2729 1546 3077 1603 columnam
3111 1548 3443 1605 secundam
3477 1553 3534 1606 et

1874 1654 1902 1682 ς(
1944 1634 2183 1690 vocavit
2227 1651 2452 1692 nomen
2496 1636 2626 1707 ejus
2658 1639 2832 1703 Booz,
2863 1637 3030 1693 ahoc
3066 1641 3154 1693 est
3201 1638 3263 1693 in
3291 1639 3532 1695 robore.

176 1741 202 1767 «
225 1721 504 1795 Capitella
525 1728 730 1780 autem
759 1740 896 1797 quae
923 1729 1094 1781 erant
1113 1741 1295 1798 super
1320 1725 1517 1798 capita
1533 1726 1761 1782 colum-
1797 1729 1841 1781 Β
1873 1724 2087 1780 Dextra
2117 1724 2420 1793 columna,
2454 1732 2519 1782 ut
2549 1741 2735 1799 supra
2763 1725 3052 1791 diximus,
3071 1727 3313 1784 illorum
3340 1728 3532 1802 expri-

114 1833 137 1859 α
174 1827 402 1883 narum,
433 1816 612 1886 quasi
643 1831 825 1889 opere
867 1816 970 1872 lilii
1015 1816 1308 1874 fabricata
1332 1821 1503 1874 erant
1530 1817 1591 1874 in
1623 1835 1758 1891 por-

115 1919 137 1951 ε
172 1901 283 1957 ticu
309 1908 576 1975 quatuor
603 1905 966 1962 cubitorum.
1004 1929 1032 1956 »
1062 1907 1215 1972 Quid
1265 1907 1426 1963 enim
1457 1923 1565 1980 per
1611 1907 1753 1978 lilia,

112 1989 212 2046 nisi
235 2007 508 2065 supernae
536 1993 818 2051 claritatis
848 1995 1077 2068 patriae,
1128 2001 1308 2068 atque
1335 1996 1753 2054 immortalita-

112 2081 194 2151 tis,
234 2081 480 2138 ﬂoribus
506 2084 804 2155 redolens,
838 2085 1105 2158 paradisi
1153 2085 1503 2156 designatur
1524 2087 1754 2143 ameni-

111 2171 233 2226 tas?
261 2172 410 2236 Quid
441 2189 553 2245 per
593 2178 876 2246 quatuor,
925 2175 1038 2230 nisi
1084 2175 1475 2245 Evangelicus
1529 2192 1752 2241 sermo,

109 2259 200 2330 qui
223 2262 526 2317 introitum
559 2263 734 2318 nobis
764 2267 999 2320 aeternae
1029 2263 1185 2320 illius
1204 2264 1590 2321 beatitudinis
1621 2283 1756 2339 pro-

111 2348 289 2416 mittit,
323 2355 380 2407 et
421 2351 534 2407 iter
561 2368 686 2425 quo
716 2353 796 2409 ad
839 2354 997 2409 hanc
1035 2354 1419 2427 perveniatur
1447 2355 1756 2413 ostendit?

113 2437 245 2494 Cum
267 2455 408 2509 ergo
456 2441 649 2497 sancti
694 2442 973 2499 doctores
1002 2443 1300 2516 promissa
1339 2444 1518 2500 nobis
1544 2445 1755 2502 limina

110 2529 260 2597 regni
287 2529 564 2603 caelestis,
595 2532 656 2588 in
701 2538 964 2605 quatuor
1010 2533 1314 2604 Evangelii
1353 2533 1522 2590 libris
1554 2539 1752 2591 osten-

110 2617 262 2688 dunt,
311 2621 487 2693 quasi
535 2621 736 2695 capita
766 2623 1187 2679 columnarum
1237 2639 1392 2695 opus
1439 2624 1501 2680 in
1550 2641 1612 2681 se
1650 2625 1752 2680 lilii

108 2713 346 2778 quatuor
369 2710 711 2767 cubitorum
743 2711 1044 2768 exhibent.
1073 2713 1180 2769 Ubi
1209 2713 1546 2769 notandum
1581 2715 1754 2786 juxta

109 2794 370 2865 litteram,
402 2801 552 2873 quia
583 2817 722 2857 cum
772 2817 928 2874 opus
953 2801 1055 2857 lilii
1085 2801 1144 2857 in
1175 2801 1464 2875 capitellis
1493 2809 1756 2876 quatuor

107 2886 423 2946 cubitorum
452 2907 586 2946 esse
616 2897 1009 2961 memoratur,
1042 2907 1239 2964 neque
1270 2892 1511 2948 additur
1562 2892 1757 2950 latitu-

106 2974 245 3031 dinis
269 2983 369 3034 aut
396 2980 748 3050 altitudinis,
779 2980 1014 3037 leotoris
1046 2981 1251 3054 utique
1275 2981 1522 3052 judicio,
1553 2988 1754 3039 utrum

1869 1814 1980 1870 mit
2003 1815 2262 1884 ﬁguram
2285 1815 2622 1885 doctorum,
2645 1817 2751 1888 qui
2781 1817 3144 1889 primitivam
3176 1817 3236 1874 in
3260 1819 3534 1875 Hieroso-

1865 1901 2034 1975 lyma
2052 1904 2434 1960 instituerunt
2467 1906 2808 1962 Ecclesiam.
2851 1907 3128 1963 Secunda
3185 1924 3393 1965 eorum
3426 1911 3529 1982 qui

1866 1992 1944 2048 ad
1998 1993 2455 2065 praedicandum
2509 1995 2788 2066 gentibus
2857 1995 3138 2052 destinati
3208 2002 3368 2054 sunt.
3430 1999 3530 2054 Vel

1868 2085 2022 2137 certe
2054 2081 2263 2138 dextra
2287 2083 2570 2139 columna
2601 2099 2703 2139 eos
2731 2082 3046 2154 signiﬁcat,
3070 2084 3175 2157 qui
3205 2090 3529 2143 venturum

1865 2173 1926 2228 in
1959 2188 2139 2227 carne
2168 2173 2488 2228 Dominum
2519 2173 2942 2246 prophetando
2970 2173 3392 2247 praedixerant.
3426 2177 3527 2231 Se-

1865 2261 2067 2318 cunda
2096 2261 2228 2316 illos
2259 2261 2364 2330 qui
2393 2261 2555 2318 hunc
2580 2263 2709 2333 jam
2738 2262 3061 2330 venisse,et
3081 2262 3382 2320 mundum
3416 2280 3526 2320 suo

1867 2351 2162 2421 sanguine
2209 2351 2542 2408 redemisse
2593 2356 2904 2408 testantur.
2955 2355 3018 2408 Et
3051 2357 3187 2425 apte
3218 2353 3398 2409 simili
3428 2370 3530 2410 vo-

1867 2442 2088 2498 cabulo
2145 2442 2344 2497 ambae
2389 2443 2794 2498 censebantur
2847 2441 3164 2505 columnae,
3214 2459 3352 2498 cum
3381 2460 3525 2515 una,

1865 2532 2120 2588 ﬁrmitas
2147 2549 2160 2588 :
2189 2532 2375 2589 altera
2404 2533 2465 2588 in
2491 2533 2730 2603 robore,
2762 2531 2924 2588 dicta
2944 2537 3032 2588 est
3057 2549 3069 2587 :
3123 2537 3188 2589 ut
3216 2549 3341 2590 una
3384 2533 3526 2590 ﬁdei
3615 2563 3624 2572 κ

1867 2628 1923 2679 et
1943 2623 2140 2696 operis
2172 2622 2458 2679 fortitudo
2485 2622 2714 2678 cunctis
2744 2623 2938 2678 inesse
2975 2621 3323 2678 doctoribus
3349 2639 3525 2678 mon-

1866 2717 2174 2779 straretur,
2224 2713 2530 2784 nostrique
2588 2711 2874 2784 temporis
2935 2711 3147 2767 inertia
3186 2716 3522 2768 notaretur:

1865 2799 1973 2856 ubi
1999 2817 2060 2856 se
2086 2801 2359 2857 nonnulli
2393 2801 2691 2870 doctores,
2740 2800 3100 2870 sacerdotes,
3127 2805 3184 2856 et
3212 2799 3527 2858 columnas

1865 2893 2088 2950 domus
2136 2891 2237 2947 Dei
2266 2890 2455 2946 videri
2512 2895 2694 2963 atque
2749 2889 3038 2964 appellari
3085 2889 3335 2946 volunt:
3387 2906 3526 2946 cum

1864 2983 2014 3040 nihil
2042 2983 2102 3038 in
2130 2997 2192 3036 se
2231 2997 2480 3054 prorsus
2534 2979 2724 3036 ﬁrmae
2769 2979 2908 3035 ﬁdei
2939 2985 2996 3035 et
3036 2981 3114 3036 ad
3142 2984 3530 3036 contemnen-

105 3061 156 3118 in
181 3065 480 3126 altitudine
511 3085 592 3125 an
622 3069 684 3125 in
724 3069 1036 3132 latitudine
1081 3069 1327 3140 intelligi
1357 3069 1593 3137 debeat,
1626 3073 1758 3129 reli-
1788 3089 1829 3146 ο
1866 3072 1977 3128 das
2008 3070 2208 3127 saeculi
2239 3085 2518 3142 pompas,
2552 3084 2622 3125 ac
2651 3067 3052 3124 desideranda
3071 3067 3237 3124 bona
3265 3068 3529 3124 invisibi-

105 3156 248 3210 ctum
281 3162 382 3213 est.
421 3161 668 3215 Constat
698 3163 900 3215 autem
951 3159 1182 3232 absque
1212 3159 1335 3216 ulla
1362 3176 1612 3234 prorsus
1641 3162 1754 3218 du-

103 3239 316 3314 bietate,
347 3248 490 3320 quia
519 3247 828 3305 collumna
857 3265 991 3322 quan
1036 3249 1360 3305 duodecim
1409 3249 1753 3308 cubitorum

106 3332 255 3388 restis
274 3337 601 3404 ambiebat,
625 3342 888 3410 quatuor
913 3338 1147 3394 cubitos
1177 3338 1442 3395 habebat
1468 3340 1755 3408 grossitu-

106 3418 261 3480 diuis.
287 3427 491 3483 Omnis
525 3427 786 3484 circulus
810 3434 1109 3501 quantum
1130 3427 1313 3484 habet
1333 3429 1512 3500 spatii
1537 3429 1597 3485 in
1620 3430 1751 3486 dia-

106 3517 296 3583 metro,
328 3520 564 3573 tantum
597 3517 778 3574 habet
827 3522 912 3573 ter
942 3518 1002 3573 in
1053 3533 1222 3589 gyro.
1277 3518 1539 3591 Denique
1585 3535 1752 3576 mare

107 3614 343 3675 aeneum,
374 3607 524 3678 quia
563 3605 928 3663 diametrum
977 3605 1245 3662 habebat
1274 3607 1484 3662 decem
1516 3608 1748 3664 cubito-

106 3703 225 3746 rum
246 3697 307 3748 ut
335 3693 395 3750 in
419 3695 815 3768 sequentibus
839 3695 1073 3765 legitur,
1105 3701 1542 3768 consequenter
1567 3697 1744 3753 habe-

106 3775 198 3834 bat
225 3782 456 3851 triginta
514 3785 752 3841 cubitos
781 3785 842 3840 in
874 3801 1043 3857 gyro.
1100 3789 1312 3841 Verum
1363 3785 1507 3858 quia
1535 3786 1752 3842 dicitur

107 3882 244 3938 opus
267 3870 365 3928 lilii
395 3879 661 3945 quatuor
690 3874 872 3930 fuisse
923 3875 1286 3937 cubitorum,
1338 3875 1456 3931 sive
1487 3875 1584 3930 lati
1597 3876 1749 3932 tudi-

106 3971 248 4027 nem,
282 3977 384 4018 seu
425 3964 705 4034 designet
728 3963 1125 4034 altitudinem,
1179 3964 1569 4020 nihilominus
1601 3967 1751 4023 ratio

105 4044 292 4116 ﬁgurae
322 4053 646 4127 perspicua
664 4058 770 4109 est.
796 4053 947 4119 Quia
970 4053 1206 4109 nonnisi
1228 4069 1335 4126 per
1364 4055 1751 4123 Evangelium

106 4141 542 4209 exoptatissima
567 4141 671 4198 illa
701 4141 933 4198 mundo
963 4159 1081 4198 vox
1111 4142 1370 4199 insonat.
1402 4162 1432 4196 ‹
1458 4144 1754 4200 Paeniten-

106 4223 231 4306 tiam
253 4229 424 4300 agite,
447 4232 969 4305 appropinquabit
984 4233 1145 4288 enim
1172 4249 1426 4301 regnum
1457 4233 1749 4291 caelorum

106 4315 325 4382 (Matth.
356 4322 454 4393 iu).
492 4343 521 4372 »
559 4321 733 4390 Quod
772 4338 910 4378 vero
939 4321 1247 4395 sequitur:

1864 3161 1967 3226 lia,
2000 3159 2146 3215 nihil
2183 3158 2451 3216 habeant
2495 3157 2748 3223 roboris,
2799 3156 2878 3211 ad
2921 3156 3332 3226 corrigendos,
3379 3156 3525 3212 nihil

1863 3248 2194 3314 industriae,
2223 3247 2433 3302 saltem
2465 3245 2544 3301 ad
2574 3244 3014 3316 intelligendos,
3061 3260 3271 3299 eorum
3303 3244 3525 3317 quibus

1865 3337 2095 3413 praelati
2125 3341 2282 3401 sunt,
2317 3351 2568 3392 errores.

1935 3450 1964 3477 «
2009 3427 2162 3483 Fecit
2185 3441 2430 3498 quoque
2463 3439 2628 3481 mare
2649 3423 2820 3479 fusile
2852 3423 3062 3479 decem
3094 3422 3459 3488 cubitorum,
3489 3437 3526 3478 a

1864 3540 1891 3568 ‹‹
1931 3516 2097 3573 labio
2125 3531 2318 3588 usque
2348 3514 2426 3570 ad
2457 3514 2687 3570 labium
2726 3513 3057 3569 rotundum
3101 3514 3163 3567 in
3193 3513 3464 3568 circuitu.
3498 3535 3526 3562 »

1861 3611 2014 3665 Mare
2043 3607 2158 3662 hoc
2184 3604 2354 3660 fusile
2383 3603 2441 3659 in
2470 3602 2730 3673 ﬁguram
2751 3602 2970 3658 lavacri
2995 3602 3276 3658 salutaris
3306 3618 3429 3674 quo
3466 3601 3528 3656 in

1859 3695 2277 3753 remissionem
2306 3699 2693 3767 peccatorum
2717 3692 3126 3748 emundamur
3155 3692 3383 3747 factum
3413 3697 3523 3747 est.

1861 3790 2130 3859 Namque
2175 3783 2516 3840 sacerdotes
2572 3783 2632 3838 in
2661 3798 2734 3838 ea
2778 3781 3165 3848 lavabantur,
3227 3784 3291 3836 ut
3335 3779 3526 3836 Verba

1859 3876 2094 3931 dierum
2122 3878 2326 3947 aperte
2358 3876 2668 3928 testantur.
2691 3871 3040 3928 Sacerdotes
3061 3873 3263 3925 autem
3294 3872 3528 3924 constat

1861 3981 2074 4022 omnes
2099 3963 2318 4020 electos
2353 3962 2548 4034 typicc
2575 3961 2634 4016 in
2663 3960 2977 4032 Scripturis
3006 3957 3229 4027 vocari,
3258 3974 3329 4014 eo
3360 3957 3528 4030 quod

1863 4054 1980 4110 sint
2010 4051 2537 4122 membra,sumini
2568 4050 2896 4106 sacerdotis
2918 4048 3153 4105 Domini
3179 4048 3366 4103 nostri
3391 4050 3528 4104 Jesu

1865 4144 2097 4202 Christi.
2129 4146 2196 4198 Et
2224 4147 2380 4198 recte
2425 4141 2566 4196 huic
2593 4139 2723 4196 vasi
2773 4139 3075 4212 Scriptura
3104 4154 3270 4194 mare
3303 4153 3527 4193 nomen

1861 4231 2164 4303 indidit,in
2194 4229 2554 4286 memoriam
2585 4229 2858 4285 videlicet
2885 4227 3067 4284 maris
3098 4227 3385 4290 Rubri,in
3403 4243 3527 4299 quo

1861 4322 2028 4395 prius
2057 4337 2164 4394 per
2193 4319 2615 4376 extinctionem
2646 4319 3078 4391 zEgyptiorum,
3109 4322 3165 4372 et
3188 4315 3395 4389 populi
3429 4315 3529 4372 Dei

169 4427 193 4452 ‹‹
226 4409 287 4463 Et
307 4425 550 4467 rursum
583 4411 700 4466 alia
731 4411 1006 4483 capitella
1036 4411 1097 4467 in
1141 4411 1486 4467 summitate
1517 4412 1747 4469 colum-
1782 4439 1825 4490 ο
1861 4410 2280 4467 liberationem
2341 4407 2625 4480 baptismi
2687 4408 2884 4463 forma
2938 4407 3267 4479 thBCBSSlt.
3340 4408 3529 4478 Expo-

108 4512 134 4545 ‹
169 4510 370 4554 narum
403 4499 672 4572 desuper
697 4501 865 4570 juxta
893 4517 1246 4556 mensuram
1278 4500 1594 4567 columnae,
1625 4521 1654 4554 ›
1688 4502 1749 4558 id

109 4589 186 4638 est
213 4590 381 4644 tantae
412 4590 656 4646 fuerunt
681 4589 1117 4662 amplitudinis,
1151 4594 1393 4663 quantae
1424 4595 1552 4646 erat
1581 4597 1752 4648 etco-

109 4671 317 4744 lumna,
349 4681 522 4750 cujus
553 4684 756 4736 tamen
787 4680 1056 4748 altitudo,
1102 4686 1331 4753 quanta
1377 4680 1553 4737 fuerit
1582 4682 1755 4737 mini-

110 4778 194 4819 me
218 4776 506 4825 narratur.
555 4773 688 4826 Haec
735 4775 938 4826 autem
968 4769 1264 4843 capitella,
1309 4771 1756 4845 qualiacunque

111 4857 160 4907 et
211 4865 679 4931 quantacunque
737 4859 956 4915 fuerint
1009 4860 1157 4930 (non
1199 4861 1359 4916 enim
1402 4877 1754 4918 mensuram

112 4956 300 5000 earum
331 4953 533 5020 aperte
583 4949 886 5022 Scriptura
935 4949 1228 5020 designat)
1273 4951 1335 5006 in
1363 4967 1465 5007 ore
1494 4951 1752 5007 liliorum

112 5031 367 5091 videntur
390 5054 523 5094 esse
547 5038 844 5110 apposita.
868 5039 945 5093 De
976 5055 1238 5111 quorum
1270 5039 1521 5102 factura,
1537 5040 1582 5094 si
1607 5040 1752 5109 quid

113 5123 410 5192 mysticum
440 5127 741 5200 inquirere
768 5127 1044 5196 delectat,
1080 5127 1244 5184 illam
1276 5129 1445 5200 regni
1473 5130 1754 5202 perennis

113 5211 516 5273 sublimitatem
573 5221 769 5290 potest
840 5233 964 5274 non
1032 5217 1362 5289 incongrue
1415 5219 1751 5289 designare,

113 5313 281 5370 quam
308 5320 415 5360 nec
444 5306 658 5363 oculus
687 5307 851 5376 vidit,
879 5324 991 5365 nec
1039 5308 1201 5365 auris
1255 5307 1502 5378 audivit,
1554 5323 1665 5364 nec
1696 5308 1754 5363 in

116 5403 206 5443 cor
225 5392 477 5451 hominis
503 5395 796 5465 ascendit,
847 5414 984 5470 quae
1013 5397 1376 5471 praeparavit
1422 5400 1574 5452 Deus
1623 5396 1755 5452 dili-

119 5479 370 5545 gentibus
401 5500 465 5540 se
495 5486 556 5555 (Ῑ
581 5485 719 5542 Cor.
752 5489 838 5553 ιι).
869 5488 1012 5552 Quae
1034 5486 1342 5556 nimirum,
1369 5485 1514 5559 quia
1545 5485 1754 5541 eadem

122 5583 496 5639 supernorum
525 5575 777 5631 societas
806 5576 1025 5632 civium
1047 5576 1358 5648 utriusque
1380 5575 1589 5648 populi
1616 5575 1758 5630 fide-

123 5653 260 5711 libus
292 5662 581 5735 tribuitur,
613 5671 770 5722 recte
817 5667 1220 5737 subjungitur.
1259 5689 1285 5716 «
1325 5665 1758 5736 Malogranato-

131 5765 147 5794 ι
187 5761 309 5806 rum
341 5758 542 5811 autem
598 5755 844 5814 ducenti
873 5755 1116 5813 ordines
1172 5760 1364 5825 erant,
1408 5755 1470 5812 in
1509 5755 1759 5812 circuitu

1863 4505 2041 4556 nente
2073 4497 2358 4571 Apostolo
2413 4513 2482 4554 ac
2536 4497 2807 4552 dicente:
2853 4496 3149 4561 Quoniam
3181 4498 3380 4550 Patres
3421 4510 3528 4550 no-

1865 4590 1968 4645 stri
2026 4604 2238 4645 omnes
2290 4587 2404 4644 sub
2456 4587 2619 4642 nube
2677 4587 2917 4641 fuerunt
2972 4590 3029 4640 et
3084 4599 3301 4639 omnes
3359 4598 3526 4638 mare

1864 4679 2250 4742 transierunt,
2300 4683 2354 4733 et
2401 4692 2612 4733 omnes
2662 4675 2725 4730 in
2778 4677 2932 4730 Mose
2962 4671 3242 4744 baptizati
3298 4669 3526 4725 suntin

1863 4768 2026 4824 nube
2057 4773 2113 4824 et
2138 4768 2200 4823 in
2234 4766 2386 4822 mari
2443 4767 2501 4835 (Ι
2525 4768 2665 4820 Cor.
2699 4768 2780 4828 x).
2843 4786 2869 4813 ››
2900 4764 3357 4818 Sacramentum
3416 4774 3524 4813 au-

1864 4862 1984 4914 tem
2010 4856 2298 4929 baptismi
2330 4860 2388 4910 et
2417 4854 2548 4910 vitae
2603 4852 2780 4908 nobis
2811 4849 3168 4906 munditiem
3225 4847 3439 4920 quaerit
3462 4847 3524 4903 in

1862 4947 1978 5003 hoc
2006 4945 2249 5014 saeculo,
2283 4949 2340 5000 et
2396 4943 2531 4999 vitae
2583 4941 2757 4998 nobis
2811 4946 3044 4996 aeternae
3091 4937 3343 5009 gloriam
3392 4953 3527 5005 pro-

1863 5035 2039 5092 mittit
2059 5035 2118 5090 in
2153 5035 2380 5090 futuro:
2413 5032 2580 5105 quod
2600 5029 2997 5102 utrumquein
3025 5028 3179 5083 mari
3213 5028 3325 5083 hoc
3356 5043 3524 5082 teneo

1865 5141 1987 5180 una
2019 5124 2314 5179 sententia
2352 5122 2721 5193 designatur,
2769 5135 2908 5174 cum
2949 5135 3076 5175 esse
3125 5118 3334 5174 decem
3361 5117 3524 5173 cubi-

1863 5221 2060 5272 torum
2089 5231 2125 5270 a
2150 5213 2311 5270 labio
2339 5229 2528 5284 usque
2551 5211 2628 5268 ad
2658 5210 2887 5266 labium
2909 5209 3276 5283 perhibetur.
3309 5211 3522 5264 Decem

1867 5320 2134 5376 namque
2181 5301 2494 5376 praeceptis
2525 5302 2584 5357 in
2633 5301 2762 5371 lege
2799 5301 3086 5356 Dominus
3138 5296 3345 5354 omnia
3389 5311 3524 5367 quae

1865 5395 2058 5451 facere
2078 5393 2411 5449 debeamus
2441 5391 2748 5464 expressit.
2786 5389 3037 5446 Denario
3067 5392 3268 5442 autem
3298 5400 3525 5440 merce-

1865 5485 2004 5540 dem
2035 5482 2490 5538 benefactorum
2537 5479 2810 5550 signavit,
2863 5495 3003 5534 cum
3046 5478 3208 5534 hunc
3238 5475 3299 5530 in
3349 5475 3527 5531 vinea

1863 5572 2278 5630 laborantibus
2305 5569 2577 5625 dandum
2602 5586 2730 5625 esse
2749 5568 3181 5642 prredixit.Erat
3197 5581 3340 5635 ergo
3362 5580 3527 5620 mare

1867 5687 1894 5714 «ί
1928 5663 2138 5719 decem
2165 5661 2502 5716 cubitorum
2522 5659 2732 5716 alabio
2759 5675 2947 5732 usque
2969 5657 3047 5714 ad
3064 5656 3314 5722 labium,
3339 5678 3364 5702 η
3384 5655 3528 5728 quia

1872 5770 1908 5812 a
1933 5752 2130 5826 primo
2168 5749 2467 5822 baptizato
2493 5749 2553 5806 in
2585 5749 2829 5806 nomine
2865 5751 3002 5805 Jesu
3055 5746 3288 5813 Christi,
3335 5759 3527 5816 usque
