3940 6402
399 242 511 298 ιω

1482 248 1841 306 Αωρειοω
1876 240 2349 301 ιπσνωΝδτε
2382 245 2697 304 nomen!

3700 249 3799 307 4-H

402 365 483 421 ad
510 364 815 437 ultimum,
839 366 947 439 qui
972 366 1039 423 in
1061 367 1185 424 ﬁne
1207 370 1409 426 saculi
1425 371 1759 428 crediturus
1783 374 1839 427 et
1859 366 2054 440 bapti—
2083 368 2128 421 Α
2165 365 2415 423 nimodo
2443 369 2779 426 occultum:
2835 370 3060 444 quibus
3090 373 3295 425 tamen
3322 368 3438 427 hoc
3470 385 3605 426 esse
3630 370 3815 428 occul-

403 453 633 511 zandus
660 459 771 518 est,
797 455 993 512 omnis
1045 456 1320 514 ﬁdelium
1374 461 1619 529 chorus,
1670 475 1858 515 unam
1887 472 2053 513 eam-

404 542 667 615 demque
695 543 857 601 viam
875 545 1135 600 veritatis
1163 545 1417 617 ingredi,
1448 553 1505 605 et
1533 563 1921 604 communem
1951 546 2054 601 de—

403 632 506 688 bet
534 647 569 687 a
598 631 848 687 Domino
879 648 1165 689 coronam
1197 652 1439 708 sperare
1472 638 1735 708 justitiae.
1771 656 1802 689 ‹
1832 639 2054 692 Rotun-

406 720 554 776 dum
580 724 705 776 erat
729 720 791 775 in
820 721 1090 792 circuitu,
1111 746 1141 773 ››
1168 729 1235 780 ut
1261 726 1425 783 orbis
1448 728 1767 784 universus
1796 727 1858 782 in
1885 740 2056 797 gyro,

403 810 641 866 lavacro
660 810 796 865 vitae
821 826 858 865 a
879 811 1055 867 sorde
1070 819 1457 886 peccatorum
1481 816 1896 886 designaretur
1926 829 2058 869 esse

404 898 815 954 mundandus.
843 901 925 956 De
953 917 1077 973 quo
1102 902 1255 959 bene
1286 905 1582 972 subditur,
1606 929 1634 957 «ι
1662 906 1930 979 quinque
1961 919 2062 960 cu-

402 986 667 1043 bitorum
690 987 943 1045 altitudo
995 992 1145 1063 ejus,
1182 1015 1210 1042 ››
1256 994 1400 1066 quia
1432 996 1716 1052 nimirum
1760 992 2059 1066 quidquid

404 1076 552 1143 visu,
584 1078 882 1150 quidquid
909 1080 1138 1149 auditu,
1166 1084 1466 1156 quidquid
1495 1085 1738 1153 olfactu,
1761 1082 2058 1156 quidquid

404 1170 602 1235 gustu,
629 1167 929 1239 quidquid
983 1176 1164 1240 tactu,
1222 1172 1650 1245 delinquimus,
1712 1178 1901 1230 totum
1944 1172 2063 1227 hoc

402 1254 583 1309 nobis
610 1257 801 1326 gratia
827 1258 927 1313 Dei
952 1274 1059 1329 per
1087 1260 1457 1318 ablutionem
1484 1263 1700 1319 viviﬁci
1732 1262 1931 1329 fontis,
1968 1277 2059 1316 rc-

404 1341 586 1399 laxat.
622 1343 738 1400 Sed
766 1361 890 1402 non
921 1347 1137 1404 sufﬁcit
1160 1352 1595 1421 prieteritorum
1625 1351 1900 1407 remissio
1930 1366 2064 1422 pec-

405 1436 682 1488 catorum
712 1434 764 1490 si
800 1450 923 1492 non
949 1437 1206 1510 quisque
1252 1439 1538 1513 deinceps
1566 1442 1742 1497 bonis
1772 1439 2064 1495 studuerit

406 1520 681 1577 insistere
728 1524 1050 1596 operibus:
1093 1527 1361 1601 alioquin
1399 1530 1677 1587 diabolus
1707 1530 1811 1603 qui
1842 1529 2065 1585 exierat

407 1609 482 1669 de
511 1611 774 1680 homine,
808 1614 858 1669 si
886 1614 1048 1672 hunc
1077 1634 1113 1672 a
1145 1617 1320 1674 bonis
1352 1620 1564 1675 viderit
1593 1637 1831 1687 vacare,
1862 1619 2060 1675 multi-

2162 459 2289 511 tum
2315 456 2658 514 nullatenus
2688 464 2901 532 potest,
2960 459 3106 531 quia
3134 458 3240 530 qui
3283 457 3598 515 lavacrum
3630 458 3812 531 bapti-

2165 545 2281 600 smi
2306 545 2383 601 ad
2414 546 2671 604 salutem
2697 549 2932 621 accipit,
2962 552 3019 605 et
3044 563 3245 604 veram
3296 546 3501 615 ﬁdem,
3538 563 3734 620 spem,
3764 552 3815 607 et

2165 634 2514 692 charitatem
2544 636 2724 693 debet
2771 638 3014 701 habere,
3049 652 3158 692 nec
3208 636 3334 693 sine
3364 636 3458 691 bis
3493 636 3685 693 tribus
3714 637 3816 693 vir-

2162 722 2390 779 tutibus
2422 725 2678 797 quisque
2696 726 2922 798 aliquid
2940 727 3071 797 jam
3100 726 3357 798 operari,
3381 742 3583 798 neque
3604 725 3817 783 intraro

2164 812 2243 867 ad
2272 812 2460 869 vitam
2492 814 2681 871 valet:
2711 815 2871 870 unde
2900 821 3055 870 recte
3088 814 3512 885 subjungitur:

2238 924 2265 950 ‹‹
2322 902 2667 958 Grossitudo
2740 908 2940 960 autem
3001 904 3204 959 luteris
3272 904 3451 959 trium
3508 902 3816 959 unciarum

2164 994 2307 1046 erat.
2340 1012 2367 1039 ››
2398 992 2743 1048 Grossitudo
2792 993 2954 1049 enim
2989 992 3216 1059 luteris,
3249 992 3309 1047 id
3369 997 3458 1047 est
3483 992 3693 1055 maris,
3726 994 3819 1049 ﬁr-

2165 1080 2342 1135 mitas
2376 1084 2461 1135 est
2488 1080 2717 1136 virtutis
2751 1082 2810 1137 iu
2841 1081 3164 1153 baptismo.
3204 1084 3269 1136 Et
3300 1082 3480 1138 trium
3512 1082 3819 1138 unciarum

2166 1172 2253 1224 est
2280 1169 2407 1225 haec
2440 1170 2800 1237 grossitudo,
2833 1172 2981 1226 dum
3011 1171 3228 1226 robore
3258 1170 3418 1237 ﬁdei,
3450 1170 3579 1242 spei
3601 1174 3661 1227 et
3684 1170 3819 1226 dile-

2168 1257 2396 1325 ctionis,
2448 1259 2749 1331 perceptio
2803 1259 3094 1332 baptismi
3149 1260 3580 1316 communitur.
3630 1263 3821 1332 Neque

2168 1347 2333 1402 aliter
2361 1346 2702 1419 proﬁcuum
2731 1363 2859 1403 esse
2884 1348 3317 1421 accipientibus
3338 1348 3692 1414 ostenditur,
3718 1347 3823 1404 nisi

2167 1437 2386 1492 harum
2412 1436 2587 1493 ﬁrma
2614 1437 2905 1493 certitudo
2938 1438 3243 1503 virtutum,
3261 1442 3516 1492 mentem
3535 1436 3823 1507 accipien-

2167 1525 2318 1581 tium
2349 1525 2526 1580 simul
2558 1530 2613 1582 et
2641 1542 2827 1597 opera
2860 1526 3210 1582 conﬁrmet:
3247 1549 3275 1576 «
3300 1525 3681 1598 Labiumque
3702 1526 3823 1596 ejus

2170 1634 2199 1667 ‹
2239 1615 2411 1686 quasi
2438 1614 2666 1670 labium
2709 1614 2932 1682 calicis,
2968 1619 3025 1669 et
3053 1614 3268 1671 folium
3313 1614 3596 1687 repandit
3643 1613 3763 1671 lilii.
3798 1637 3822 1664 »

406 1698 621 1771 plicius
653 1702 843 1758 redit:
877 1703 1137 1777 facitque
1170 1730 1198 1756 «
1258 1709 1588 1766 novissima
1612 1710 1872 1765 hominis
1908 1709 2063 1764 illius
2094 1717 2133 1770 Β
2172 1707 2276 1759 Per
2304 1702 2534 1757 labium
2565 1703 2790 1775 quippe
2815 1703 3034 1767 calicis,
3070 1709 3310 1772 gustum
3344 1703 3671 1759 Dominicas
3699 1719 3824 1776 pas-

407 1787 618 1858 pejora
640 1789 938 1861 prioribus
968 1795 1373 1866 (Matth.xu).n
1404 1796 1568 1852 Unde
1597 1803 1734 1868 apte
1766 1797 2060 1865 subditiu',

408 1897 437 1923 «
469 1880 527 1931 et
545 1878 820 1934 resticula
851 1880 1087 1949 triginta
1118 1884 1457 1940 cubitorum
1475 1885 1753 1953 cingebat
1781 1885 1927 1940 illud
1959 1900 2065 1957 per

405 1963 737 2022 circuitum.
770 1990 797 2016 ››
850 1971 959 2025 Per
985 1972 1326 2029 resticulam
1387 1989 1649 2046 namque
1680 1974 2063 2047 disciplinam

402 2058 839 2125 praeceptorum
872 2057 1222 2130 ccelestium,
1262 2078 1386 2133 qua
1414 2078 1451 2119 a
1478 2064 1696 2118 nostris
1743 2063 2062 2135 voluptati-

401 2141 519 2197 bus
547 2142 905 2211 relegamur,
936 2152 1132 2218 potest
1163 2155 1300 2221 apte
1345 2151 1605 2220 signari:
1638 2151 1941 2223 Scriptura
1971 2151 2062 2208 di-

405 2234 597 2300 cente,
627 2232 773 2304 quia
798 2233 1147 2293 «funiculus
1176 2238 1386 2310 triplex
1401 2239 1639 2297 difﬁcile
1669 2240 2002 2312 rumpitur;
2034 2263 2063 2290 »

404 2318 549 2390 quia
570 2320 855 2379 nimirum
872 2324 1215 2383 observatio
1238 2328 1665 2385 mandatorum
1688 2330 1809 2398 Dei,
1836 2346 1973 2401 qua:
2002 2330 2065 2386 in

405 2408 689 2467 cordibus
714 2412 1039 2471 electorum
1076 2416 1197 2473 ﬁde
1226 2422 1280 2473 et
1302 2434 1409 2489 spe
1432 2423 1490 2475 et
1517 2418 1830 2476 dilectione
1855 2435 2063 2491 super~

404 2513 500 2555 nas
524 2499 928 2558 retributionis
957 2504 1131 2562 ﬁrma
1162 2511 1272 2575 est,
1320 2507 1487 2562 nullo
1519 2506 1940 2580 temporalium
1970 2524 2063 2563 re-

405 2602 541 2643 rum
570 2593 765 2661 potest
792 2590 1105 2649 obstaculo
1134 2593 1402 2651 dissolvi.

480 2692 509 2720 «
548 2674 613 2727 Et
642 2673 952 2745 sculptura
981 2677 1185 2734 subter
1211 2678 1444 2736 labium
1474 2680 1764 2738 circuibat
1792 2681 2066 2745 illud,de-

405 2778 436 2810 α
476 2774 608 2817 cem
637 2761 1149 2836 cubitisjambiens
1178 2782 1363 2824 mare.
1386 2770 1514 2825 Duo
1532 2770 1774 2826 ordines
1804 2771 2066 2842 sculptu-

408 2868 438 2896 ‹‹
479 2863 684 2905 rarum
712 2850 1119 2911 histriatarum
1146 2861 1317 2913 erant
1343 2856 1562 2913 fusiles.
1598 2881 1626 2907 ››
1670 2858 1817 2914 Cum
1848 2859 2065 2930 praedi-

409 2939 572 2994 ctum
602 2937 678 2995 sit
705 2956 911 3013 supra,
955 2943 1121 3015 quod
1152 2945 1426 3001 resticula
1458 2947 1697 3016 triginta
1724 2948 2064 3007 cubitorum

407 3041 576 3083 mare
623 3027 915 3086 circuicrit
941 3037 999 3088 et
1048 3048 1209 3090 nunc
1248 3034 1489 3092 additur
1533 3036 1702 3110 quod
1756 3037 2064 3111 sculptura

406 3115 522 3171 hoc
552 3116 753 3174 subter
779 3117 1012 3177 labium
1036 3124 1251 3194 posita,
1278 3123 1487 3181 decem
1518 3126 1733 3183 cubitis
1764 3127 2061 3198 ambierit,

405 3208 569 3276 patet
615 3221 689 3262 ex
718 3211 973 3282 utraque
1018 3211 1328 3281 relatione,
1354 3215 1499 3286 quia
1541 3231 1651 3272 vas
1678 3221 1805 3273 erat
1841 3216 1901 3271 in
1938 3234 2061 3272 mo-

405 3294 554 3349 dum
586 3296 824 3367 phialte,
845 3300 1185 3371 repandum
1215 3318 1285 3358 ac
1311 3303 1619 3369 diffusum,
1666 3321 1789 3377 quo
1824 3306 2062 3375 triginta

404 3383 621 3440 cubitis
649 3385 949 3455 circuitus,
981 3405 1137 3462 quos
1166 3391 1516 3450 habebatin
1542 3392 1725 3463 labio,
1758 3411 1948 3468 usque
1982 3395 2060 3452 ad

405 3472 615 3531 decem
657 3475 890 3533 cubitos
948 3483 1286 3536 coarctatus
1324 3482 1414 3537 sit.
1488 3481 1802 3555 Sculptura
1858 3490 2060 3541 autem

402 3562 672 3620 histriata
714 3570 822 3635 est,
874 3584 1011 3640 quae
1072 3569 1353 3627 historias
1397 3587 1598 3627 rerum
1651 3573 1887 3646 aliquas
1929 3574 2058 3630 imi—

404 3655 583 3710 tatur.
638 3653 803 3710 Unde
840 3662 994 3712 recte
1025 3674 1131 3730 per
1176 3659 1512 3733 sculpturas
1558 3662 1879 3733 histriatas,
1924 3664 2058 3736 qui-

405 3739 522 3795 bus
548 3758 716 3800 mare
765 3743 1274 3812 circumdabatur,
1316 3749 1592 3821 exempla
1621 3755 1761 3806 sunt
1789 3751 2061 3823 priorum

405 3832 747 3902 temporum
794 3832 1130 3904 designata,
1171 3852 1298 3910 qua
1354 3853 1596 3894 necesse
1649 3844 1742 3895 est
1795 3856 1907 3894 nos
1964 3857 2061 3896 so—

404 3915 579 3974 lerter
642 3918 856 3977 intueri
903 3939 917 3977 :
986 3928 1051 3981 ut
1110 3925 1424 3983 videamus
1479 3927 1702 4001 quibus
1776 3928 2061 4001 operibus

407 4006 597 4062 sancti
647 4008 764 4065 Deo
804 4009 1157 4083 placuerunt
1208 4014 1287 4071 ab
1330 4015 1549 4073 initio:
1613 4032 1738 4090 qua
1793 4016 2061 4072 obstina-

407 4092 566 4149 tione
596 4094 656 4151 in
678 4097 1002 4156 sceleribus
1017 4101 1437 4174 perdurarunt,
1466 4110 1695 4177 quanta
1718 4104 2059 4161 infelicitate

406 4182 487 4239 ob
519 4182 745 4241 scelera
770 4188 1074 4260 perierunt
1101 4190 1364 4263 reprobi.

478 4293 507 4325 ιι
553 4275 615 4331 Et
672 4276 870 4335 stabat
899 4294 1083 4352 super
1131 4279 1454 4339 duodecim
1507 4282 1714 4339 boves.
1748 4285 1788 4338 E
1835 4283 2059 4355 quibus

407 4382 437 4411 ‹‹
478 4364 596 4417 tres
625 4363 993 4438 repiciebant
1032 4366 1113 4423 ad
1143 4368 1514 4442 aquilonem,
1540 4375 1598 4427 et
1645 4376 1763 4427 tres
1795 4370 1874 4426 ad
1902 4371 2059 4426 occi-

408 4471 437 4498 «ι
479 4448 718 4509 dentem
767 4459 825 4511 et
862 4458 980 4511 tres
1009 4455 1089 4512 ad
1136 4457 1474 4527 meridiem,
1501 4464 1558 4514 et
1605 4463 1723 4516 tres
1763 4459 1842 4516 ad
1872 4460 2062 4515 orien-

409 4559 436 4587 ‹‹
480 4542 618 4594 tem.
668 4563 696 4590 »
747 4543 1075 4601 Duodecim
1130 4560 1274 4614 ergo
1329 4545 1514 4602 boves
1558 4546 1883 4605 duodecim
1924 4551 2064 4604 sunt

408 4628 685 4706 apostoli,
732 4635 790 4686 et
830 4647 1040 4689 omnes
1073 4633 1179 4705 qui
1209 4634 1335 4689 vice
1383 4650 1592 4691 eorum
1643 4637 1972 4707 regendam
2002 4636 2063 4695 in

409 4716 638 4773 Christo
686 4726 1079 4790 susceperunt
1125 4721 1454 4778 Ecclesiam
1501 4731 1794 4782 sanctam.
1840 4726 1948 4790 Qui
1978 4724 2064 4781 ni-

406 4803 630 4861 mirum
659 4803 843 4860 boves
872 4822 1041 4861 mare
1072 4807 1184 4864 sibi
1218 4826 1398 4881 super
1427 4811 1775 4886 impositum
1802 4816 2060 4887 portant,

407 4908 546 4949 cum
576 4892 833 4964 apostoli
873 4896 1403 4971 apostolorumque
1440 4919 1814 4959 successores
1862 4904 2065 4975 injun-

408 4984 570 5037 ctum
595 4980 707 5036 sibi
735 4985 1181 5055 evangelizandi
1199 4987 1486 5060 ofﬁcium,
1508 4997 1789 5065 prompta
1814 4993 2064 5065 implere

406 5067 721 5125 devotione
753 5078 1055 5146 satagunt.
1086 5080 1223 5135 Tres
1254 5080 1335 5136 ad
1355 5079 1722 5154 aquilonem,
1751 5087 1808 5138 et
1838 5087 1951 5138 tres
1986 5083 2066 5140 ad

406 5157 798 5232 occidentem,
826 5168 881 5221 et
908 5168 1026 5224 tres
1056 5168 1135 5224 ad
1163 5170 1500 5236 meridiem,
1523 5173 1580 5224 et
1614 5174 1726 5225 tres
1761 5170 1842 5226 ad
1876 5171 2065 5227 orien-

406 5252 525 5306 tem
550 5251 1041 5326 respiciunt,cum
1059 5259 1414 5316 universalis
1436 5259 1714 5332 quadrati
1740 5260 1901 5316 orbis
1932 5277 2062 5334 par-

404 5341 563 5399 tibus
589 5341 772 5402 ﬁdem
802 5347 1133 5419 praedicant
1161 5353 1381 5407 sanctas
1400 5349 1713 5407 Trinitatis.
1735 5372 1761 5400 ‹‹
1793 5352 2060 5417 Quorum

403 5430 735 5501 posteriora
764 5436 1047 5493 universa
1074 5436 1429 5493 intrinsecus
1458 5437 1793 5495 latitabant.
1829 5462 1857 5491 ››
1910 5441 2060 5503 Quia

403 5532 525 5588 qua
554 5524 826 5578 mercede
873 5525 1065 5580 sancti
1108 5525 1531 5596 praedicatores
1583 5526 1640 5581 in
1702 5534 2057 5601 perpetuum

2170 1791 2392 1847 sionis:
2426 1807 2531 1863 per
2561 1790 2771 1846 folium
2813 1791 3063 1863 repandi
3107 1790 3231 1858 lilii,
3266 1791 3563 1864 patefacta
3594 1790 3824 1847 claritas

2169 1879 2619 1936 resurrectionis
2649 1879 2855 1951 ipsius,
2878 1880 3251 1951 exprimitur.
3285 1904 3311 1929 ι(
3356 1883 3481 1934 Duo
3515 1879 3707 1937 millia
3733 1879 3827 1934 ba-

2172 1974 2263 2024 tos
2295 1968 2591 2039 capiebat.
2628 1992 2654 2016 ››
2682 1968 3040 2025 Millenarius
3080 1985 3344 2041 namque
3373 1985 3692 2034 numerus,
3724 1982 3825 2040 pro

2173 2058 2606 2128 signiﬁcatione
2636 2057 3014 2130 perfectionis
3045 2057 3192 2114 solet
3223 2058 3365 2130 poni
3397 2058 3454 2115 in
3491 2056 3822 2130 Scripturis.

2174 2148 2323 2216 Quia
2371 2146 2656 2203 nimirum
2705 2146 2991 2202 denarius
3040 2163 3328 2203 numerus
3359 2146 3421 2202 in
3460 2147 3824 2220 quadratum

2173 2236 2387 2292 ductus
2410 2235 2668 2291 solidum
2700 2234 2857 2291 facit.
2907 2237 3120 2292 Decem
3167 2236 3391 2309 quippe
3422 2235 3627 2292 decies
3657 2235 3826 2291 ducta

2171 2330 2412 2381 centum
2430 2324 2674 2380 faciunt.
2690 2326 2833 2391 Quae
2855 2324 3128 2380 videlicet
3149 2325 3343 2395 ﬁgura
3360 2326 3490 2396 jam
3508 2324 3825 2403 quadrata,

2173 2414 2277 2469 sed
2304 2415 2502 2470 adhuc
2532 2413 2712 2486 plena
2738 2428 2862 2468 non
2913 2419 3015 2473 est.
3076 2416 3289 2469 Verum
3322 2418 3385 2469 ut
3427 2413 3490 2469 in
3521 2412 3825 2469 altitudine

2174 2508 2396 2572 surgat,
2428 2507 2486 2558 et
2514 2502 2707 2557 solida
2742 2500 3053 2573 efﬁciatur,
3098 2502 3431 2574 multiplica
3459 2507 3705 2561 centum
3729 2515 3826 2575 per

2172 2592 2400 2657 decem,
2434 2590 2661 2646 ettiunt
2691 2590 2850 2646 mille
2883 2607 3007 2663 quo
3046 2590 3313 2665 profecto
3361 2607 3621 2647 numero
3661 2589 3826 2647 stabi-

2171 2680 2241 2734 lis
2269 2685 2325 2735 et
2350 2678 2792 2752 insuperabilis,
2823 2683 2881 2735 et
2900 2679 3065 2735 velut
3095 2679 3514 2753 conquadrata
3533 2679 3829 2750 justorum

2172 2769 2534 2825 conscientia
2584 2768 2951 2838 designatur.
2985 2771 3358 2843 Quocunque
3385 2770 3547 2825 enim
3592 2767 3827 2825 verteris

2171 2858 2535 2929 quadratum
2568 2856 2765 2913 stabit.
2834 2858 2923 2913 Sic
2965 2862 3023 2914 et
3061 2857 3302 2914 animus
3348 2857 3513 2915 nullo
3562 2857 3826 2914 tentatio-

2174 2962 2323 3001 num
2350 2962 2605 3002 occursu
2634 2945 2801 3001 novit
2829 2961 2866 3000 a
2897 2950 3053 3002 statu
3101 2963 3225 3001 suae
3271 2946 3647 3004 rectitudinis
3676 2943 3826 3002 incli-

2095 3073 2135 3128 Ο
2174 3033 2326 3090 nari.
2348 3035 2525 3089 Batus
2556 3038 2757 3090 autem
2784 3034 3170 3091 Hebraeorum
3199 3051 3489 3093 mensura
3516 3041 3826 3107 est,quam

2172 3123 2287 3196 ipsi
2317 3123 2416 3178 bat
2449 3122 2789 3193 nominant,
2818 3123 3002 3180 habet
3033 3123 3269 3180 modios
3298 3130 3563 3198 quatuor
3591 3130 3650 3181 et
3677 3121 3824 3195 ephi,

2172 3212 2337 3285 quod
2371 3212 2450 3266 illi
2480 3211 2633 3281 epha
2663 3213 3001 3269 nominant.
3051 3212 3166 3269 Sed
3195 3213 3274 3270 ad
3308 3213 3455 3287 Ephi
3484 3226 3825 3275 mensuram

2173 3303 2430 3375 pertinet
2450 3301 2756 3357 variarum
2786 3300 3052 3370 frugum,
3100 3302 3270 3361 tritici
3301 3303 3533 3369 hordei,
3583 3300 3824 3372 legumio

2174 3408 2341 3447 num.
2396 3393 2575 3447 Batus
2608 3406 2744 3446 vero
2778 3396 2871 3447 est
2903 3391 2965 3446 in
2996 3392 3310 3465 speciebus
3361 3391 3634 3464 liquidis,
3674 3392 3824 3462 vino,

2176 3480 2329 3546 oleo,
2363 3496 2542 3553 aqua.
2572 3480 2775 3552 Itaque
2799 3480 3001 3543 batus,
3034 3482 3178 3553 quia
3206 3485 3377 3538 certae
3406 3498 3642 3538 normae
3667 3496 3824 3539 men-

2178 3586 2319 3624 sura
2350 3576 2455 3635 est,
2491 3585 2676 3642 opera
2706 3569 2985 3638 designat
3013 3570 3307 3643 tequitatis
3355 3575 3411 3625 et
3436 3570 3681 3643 justitia:
3707 3569 3826 3644 qui-

2173 3658 2290 3714 bus
2322 3658 2382 3713 hi
2412 3658 2516 3730 qui
2546 3658 2606 3713 in
2638 3659 3054 3714 remissionem
3080 3664 3467 3733 peccatorum
3511 3659 3817 3732 baptizan‘

2174 3752 2545 3815 tur,necesse
2575 3746 2802 3803 habent
2828 3747 3072 3804 institui.
3095 3750 3268 3803 Batos
3294 3748 3518 3822 quippe
3549 3748 3711 3806 mille
3739 3762 3822 3803 ca-

2173 3836 2377 3908 piebat
2402 3852 2591 3903 mare,
2628 3852 2767 3891 cum
2815 3850 2976 3908 aqua
3011 3835 3389 3909 baptismatis
3439 3837 3681 3911 plebem
3732 3835 3819 3891 Ju-

2170 3926 2441 3982 daeorum
2472 3925 2746 3990 abluens,
2799 3926 2877 3981 ad
2904 3941 3159 3995 regnum
3210 3927 3446 3983 caeleste
3481 3926 3818 3987 transmisit,

2169 4015 2513 4087 Recipiebat
2540 4021 2596 4070 et
2625 4015 2771 4070 alios
2802 4015 2980 4083 mille,
3018 4032 3157 4073 cum
3188 4016 3368 4073 etiam
3399 4016 3612 4079 turbas
3640 4015 3820 4075 ηειῐὶοη

2170 4120 2319 4160 num
2349 4105 2563 4160 eodem
2586 4103 2745 4159 fonte
2772 4109 3031 4171 renatas,
3052 4109 3109 4161 et
3132 4105 3416 4178 operibus
3429 4105 3673 4176 justitiaa
3695 4119 3823 4161 con-2

2168 4192 2456 4261 ﬁrmatas,
2491 4192 2764 4266 ejusdem
2797 4194 2968 4264 regni
3014 4194 3295 4267 perennis
3327 4193 3464 4250 fecit
3486 4211 3619 4251 esse
3650 4193 3821 4268 parti-

2172 4298 2355 4354 eipes.

2247 4392 2273 4421 ι(
2303 4374 2369 4428 Et
2391 4370 2527 4427 fecit
2544 4371 2724 4427 bases
2745 4371 2954 4430 decem
2976 4389 3186 4441 iereas,
3200 4377 3462 4445 quatuor
3490 4372 3820 4431 cubitorum

2174 4483 2200 4510 (ε
2233 4460 2625 4531 longitudinis
2646 4461 2827 4516 bases
2842 4462 3467 4535 singulas,etquatuor
3486 4462 3818 4520 cubitorum

2172 4574 2199 4599 ‹‹
2233 4549 2829 4616 latitudinis,ettrium
2842 4550 3183 4607 cubitorum
3197 4550 3610 4619 altitudinis,et
3622 4550 3815 4623 ipsum

2171 4660 2197 4686 ‹‹
2228 4654 2381 4709 opus
2411 4637 2652 4692 basium
2676 4637 3026 4709 interrasile,
3044 4661 3072 4688 ››
3098 4643 3155 4694 et
3171 4638 3419 4711 reliqua.
3442 4638 3742 4695 Multifarie
3766 4638 3817 4693 et

2170 4726 2373 4782 multis
2414 4726 2631 4794 modis,
2656 4742 2779 4782 una
2798 4727 3132 4800 eademque
3166 4732 3381 4783 nostrae
3403 4726 3611 4782 salutis
3636 4739 3817 4780 sacra-

2175 4819 2376 4872 menta
2408 4813 3168 4887 praeﬁguranturmamque
3193 4816 3376 4871 iidem
3407 4814 3665 4887 apostoli
3690 4810 3813 4870 viri-

2170 4920 2289 4977 que
2318 4902 2647 4976 apostolici,
2671 4905 2775 4975 qui
2802 4920 2908 4976 per
2936 4904 3122 4961 boves
3152 4922 3319 4962 mare
3345 4910 3650 4978 portantes
3677 4900 3816 4959 desi-

2173 4994 2335 5064 gnati
2364 4997 2521 5059 sunt,
2547 4992 2942 5061 designantur
2980 4994 3159 5051 etiam
3189 5010 3297 5068 per
3319 4994 3495 5051 bases
3526 5010 3664 5066 quas
3692 5006 3814 5066 por-

2172 5081 2369 5137 tandis
2391 5085 2560 5137 erant
2595 5080 2884 5137 luteribus
2928 5088 3301 5155 praeparatas,
3348 5082 3662 5156 quomodo
3706 5077 3813 5152 ipsi

2169 5171 2386 5227 luteres
2411 5170 2684 5241 ejusdem
2713 5170 2936 5227 lavacri
2956 5171 3435 5244 spiritalis,cujus
3465 5176 3522 5228 et
3552 5187 3715 5228 mare
3738 5174 3815 5241 ty-

2170 5275 2318 5331 pum
2349 5258 2972 5331 gerebant.Siquidem
2992 5268 3048 5316 et
3078 5260 3267 5317 Verba
3292 5261 3524 5317 dierum
3555 5259 3811 5321 narer

2170 5348 2377 5403 omnia
2423 5347 2484 5403 in
2537 5347 2621 5403 eis
2678 5363 2814 5419 qua;
2844 5348 3347 5406 inholocaustum
3376 5348 3635 5409 oblaturi
3658 5348 3815 5403 erant

2167 5438 2487 5494 lavabaut:
2516 5438 2938 5494 holocaustum
2969 5444 3169 5497 autem
3208 5439 3443 5496 Domini
3472 5438 3811 5509 generaliter

2165 5527 2363 5583 omnis
2409 5527 2734 5583 elcctorum
2780 5527 3100 5585 multitudo
3144 5534 3340 5601 potest
3384 5529 3648 5598 intelligi,
3680 5541 3808 5600 quae

402 5603 720 5679 donentur,
781 5611 842 5666 in
872 5612 1087 5667 interni
1140 5612 1345 5668 arbitri
1374 5616 1648 5672 examine
1694 5618 2054 5690 dispositum
2159 5618 2334 5687 juxta
2372 5634 2583 5673 vocem
2612 5618 3001 5689 praecursoris
3026 5619 3325 5693 baptizata
3354 5623 3445 5674 est
3468 5618 3548 5675 ab
3593 5618 3724 5692 ipso
3751 5616 3807 5671 in

406 5696 512 5759 cst,
545 5694 649 5750 scd
677 5698 848 5754 nobis
880 5699 1025 5772 quia
1052 5700 1251 5756 adhuc
1283 5701 1421 5759 foris
1452 5722 1659 5762 sumus
1691 5710 1895 5765 manet
1921 5723 2053 5764 om-

2168 5707 2387 5780 Spiritu
2414 5711 2620 5765 sancto
2646 5708 2869 5781 et
2900 5708 3061 5767 Sicut
3087 5725 3231 5781 ergo
3259 5709 3596 5771 sacerdotes
3623 5706 3727 5782 qui
3752 5706 3808 5761 in
