3940 6428
105 273 208 326 445

106 393 256 450 mari
283 392 606 459 lavabant,
633 393 898 450 formam
926 393 1273 467 exprimunt
1296 412 1508 452 eorum
1539 395 1647 469 qui
1674 406 1782 466 per

107 482 424 556 baptisma
454 481 796 538 efﬁciuntur
849 483 1072 539 summi
1124 489 1432 542 consortes
1488 482 1782 542 sacerdoti

108 572 274 644 quod
304 575 400 628 est
451 571 511 626 in
543 571 802 628 Domino
841 574 980 628 Jesu
1012 573 1261 641 Christo,
1292 574 1374 630 ita
1401 575 1583 632 etiam
1608 573 1778 630 holo-

109 664 317 718 causta
348 661 713 718 eorumdem
742 661 1006 731 ﬁguram
1037 662 1346 735 aptissime
1376 663 1782 736 praetendunt,

109 767 246 806 cum
271 755 418 822 post
449 750 823 807 ablutionem
853 751 1163 823 baptismi,
1195 753 1385 823 gratia
1435 752 1625 809 sancti
1657 752 1781 824 Spi-

108 840 252 895 ritus
285 839 644 912 implentur.
679 843 936 896 Lavatur
965 857 1232 914 namque
1261 842 1324 898 in
1352 842 1538 898 lutere
1558 841 1780 909 hostia,

111 945 246 985 cum
280 929 425 1001 quis
454 928 728 984 fidelium
751 945 915 1002 aqua
931 929 1225 1002 baptismi
1253 931 1650 1004 perfunditur.
1685 931 1778 987 0f—

111 1019 294 1074 fertur
324 1029 476 1073 vero
501 1017 562 1073 in
593 1017 1040 1087 holocaustum,
1083 1037 1222 1075 cum
1251 1021 1630 1092 impositione
1655 1037 1778 1076 ma-

108 1123 218 1162 nus
248 1107 523 1180 episcopi
541 1107 773 1163 donum
797 1108 1044 1180 Spiritus
1067 1110 1254 1166 sancti
1277 1109 1777 1182 accipiunt.Quod

107 1213 242 1252 vero
274 1196 353 1252 ad
383 1197 723 1269 portandos
750 1197 968 1253 luteres
996 1198 1207 1254 decem
1240 1205 1382 1255 sunt
1408 1199 1585 1255 bases
1606 1199 1775 1254 factae

109 1291 337 1359 poterat
366 1286 628 1359 mystice
659 1287 1054 1360 interpretari,
1085 1289 1230 1360 quia
1259 1289 1512 1344 ministri
1553 1287 1776 1344 lavacri

109 1375 295 1430 vitalis
321 1375 401 1432 ad
435 1378 677 1431 aeternae
707 1375 933 1445 gaudia
963 1376 1352 1433 beatitudinis
1398 1379 1556 1450 (quae
1588 1377 1772 1433 dena-

110 1465 194 1520 rio
223 1464 417 1520 solent
443 1481 702 1520 numero
723 1465 994 1536 ﬁgurari)
1026 1482 1129 1522 eos
1149 1483 1305 1540 quos
1342 1466 1644 1535 imbuunt,
1672 1483 1772 1521 vo-

109 1559 254 1610 cent.
284 1555 511 1610 Verum
545 1555 688 1627 quia
718 1561 793 1610 de
823 1555 1051 1612 eisdem
1077 1556 1368 1613 luteribus
1395 1557 1668 1612 distincte
1688 1557 1776 1611 in-

112 1644 500 1717 sequentibus
536 1644 828 1717 scriptum
862 1650 971 1712 est,
1005 1647 1173 1719 quod
1203 1647 1476 1703 videlicet
1502 1645 1772 1719 quinque

1130 270 1387 325 ENARR.
1418 273 1492 328 IN
1520 266 1765 326 LlBROS
1797 263 2064 323 ηδῦι
2092 293 2162 310 --
2193 269 2271 326 IN-
2302 271 2444 328 ΠΒ,
2471 274 2561 327 Ill.

3456 273 3566 329 446

1891 394 2034 446 ante
2058 396 2116 447 et
2142 398 2322 458 retro,
2344 395 2558 452 dextra
2585 399 2641 451 et
2691 393 2934 450 sinistra
2959 397 3017 450 et
3070 409 3258 467 supra
3308 409 3563 470 quoque

1889 478 2208 548 haberent,
2237 483 2557 541 subdendo
2589 484 2852 557 aperitur
2881 499 3022 538 cum
3059 482 3274 538 dicitur
3301 500 3314 538 :

1976 596 1993 625 ι
2035 577 2098 628 Et
2128 574 2279 628 inter
2301 575 2620 630 coronulas
2642 578 2700 630 et
2728 572 2977 647 plectas,
3025 571 3232 628 leones
3259 577 3316 628 et
3345 572 3567 644 boves,

1891 688 1920 716 ‹‹
1949 670 2008 722 et
2036 662 2350 720 cherubim
2377 668 2435 719 et
2485 663 2547 720 in
2574 661 2872 734 juncturis
2899 659 3168 716 similiter
3215 661 3496 734 desuper.
3527 679 3558 716 ›

1887 759 2016 812 Non
2045 769 2188 822 ergo
2214 752 2399 825 plana
2424 758 2551 810 erat
2597 752 2717 808 ulla
2748 769 2822 806 ex
2851 755 3018 825 parte
3051 750 3399 824 superﬁcies
3450 751 3562 808 ba-

1890 843 2194 912 sium,sed
2229 843 2500 915 undique
2551 858 2799 898 versum.
2821 840 3090 914 mysticis
3141 840 3380 913 sculpta
3408 841 3565 914 ﬁgu-

1886 934 1990 1002 ris,
2025 933 2172 1006 quia
2194 937 2542 988 sanctorum
2592 937 2844 997 mentes,
2877 931 3002 986 imo
3032 930 3315 986 universa
3345 945 3557 987 eorum

1887 1022 2285 1089 conversatio,
2307 1022 2596 1078 virtutum
2620 1021 2682 1077 in
2705 1020 2990 1077 omnibus
3019 1019 3278 1089 gratiam
3303 1023 3558 1091 praeten-

1886 1113 1992 1180 dit,
2041 1129 2236 1184 neque
2281 1111 2550 1184 aliquam
2607 1111 2742 1167 illos
2798 1111 2948 1166 hora
3002 1109 3197 1166 inanis
3249 1113 3305 1165 et
3359 1125 3559 1166 vacua

1884 1202 2184 1274 praeteriit,
2208 1201 2268 1255 in
2298 1217 2421 1274 qua
2442 1201 2556 1273 piis
2579 1215 2794 1256 vacare
2850 1198 3162 1271 operibus,
3194 1197 3290 1254 vel
3321 1213 3555 1254 sermo-

1885 1291 2066 1346 nibus
2096 1291 2188 1346 vel
2217 1294 2371 1346 certe
2398 1287 2862 1360 cogitationibus
2915 1287 3226 1343 desistant.
3266 1287 3556 1344 Cornulas

1884 1381 2109 1454 quippe
2138 1381 2198 1436 in
2231 1397 2292 1436 se
2326 1380 2592 1451 sculptas
2616 1378 2863 1444 habent,
2901 1394 3040 1432 cum
3069 1377 3221 1432 inter
3251 1375 3552 1432 desideria

1883 1471 2017 1526 vitae
2045 1471 2298 1526 caelestis
2329 1486 2466 1542 quae
2514 1485 2754 1525 sursum
2783 1471 2891 1533 est,
2922 1482 3242 1539 nunquam
3274 1465 3550 1521 fraternae

1884 1559 2177 1616 societatis
2208 1576 2344 1632 quae
2397 1559 2570 1630 juxta
2635 1562 2742 1626 est,
2775 1555 3016 1612 vincula
3046 1554 3406 1610 dissolvunt.
3444 1557 3555 1608 Ha-

1882 1651 2026 1706 bent
2055 1651 2204 1705 inter
2233 1649 2552 1705 coronulas
2575 1653 2632 1704 et
2655 1647 2882 1720 plectas
2913 1646 3139 1712 leones,
3174 1661 3314 1720 cum
3361 1643 3444 1700 ita
3473 1649 3550 1700 ad

108 1749 174 1788 ex
196 1715 290 1789 bis
329 1733 515 1806 positi
545 1715 677 1790 sint
715 1734 793 1790 ad
826 1715 1140 1791 dexter—am
1169 1742 1405 1808 partem.
1438 1715 1694 1808 templi;
1715 1739 1775 1792 et
1807 1754 1851 1806 Β
1882 1740 2182 1812 speranda
2201 1739 2467 1795 caelestia
2497 1715 2763 1793 ment—em
2798 1735 3053 1805 erigunt,
3087 1735 3169 1789 ita
3196 1715 3278 1789 ad
3306 1732 3554 1802 diligen-

109 1823 372 1896 quinque
402 1823 484 1880 ad
509 1823 837 1895 sinistram,
862 1824 1056 1895 magis
1071 1825 1130 1880 in
1161 1825 1248 1881 eis
1269 1825 1527 1898 quinarii
1557 1842 1770 1881 nume-

109 1913 151 1966 ri
177 1918 315 1967 sunt
342 1912 643 1968 intuenda
664 1913 972 1985 mysteria.
995 1918 1058 1969 In
1076 1919 1331 1987 utraque
1357 1915 1576 1970 etenim
1602 1920 1771 1987 parte

110 2001 304 2075 templi
325 2007 469 2058 sunt
517 2002 700 2058 bases
725 2002 1010 2066 luterum,
1042 2009 1108 2058 ut
1136 2004 1372 2076 utrique
1405 2005 1504 2060 Dei
1541 2005 1770 2077 populo

112 2093 253 2147 sacri
274 2092 457 2148 fontis
477 2093 740 2163 gratiam
771 2093 1162 2162 designarent
1191 2110 1322 2150 esse
1351 2095 1766 2168 pandendam.

112 2182 171 2236 Et
198 2181 469 2254 quinque
513 2187 655 2238 sunt
711 2182 772 2237 in
816 2188 1072 2255 utraque
1125 2188 1333 2256 parte;
1369 2189 1433 2240 ut
1488 2185 1661 2252 (sicut
1707 2185 1769 2240 in

111 2271 472 2343 expositione
532 2272 742 2338 maris,
787 2272 955 2345 quod
1004 2273 1273 2346 quinque
1331 2274 1547 2330 cubitis
1579 2274 1768 2330 altum

110 2364 212 2432 est,
236 2361 362 2432 jam
392 2361 680 2433 diximus)
703 2362 1216 2419 demonstraretur
1240 2364 1458 2436 typicc,
1489 2363 1770 2420 universa

111 2451 374 2508 ﬁdelibus
417 2469 561 2527 qum
610 2469 718 2526 per
767 2454 1037 2526 quinque
1083 2467 1300 2511 sensus
1330 2457 1598 2528 corporis
1628 2456 1769 2512 deli-

113 2547 378 2614 querant,
417 2559 529 2616 per
549 2542 861 2599 lavacrum
888 2543 1270 2617 baptismatis
1301 2561 1432 2601 esse
1461 2546 1765 2602 remitten-

113 2631 202 2688 da.
237 2633 394 2689 Sicut
422 2649 570 2704 ergo
600 2633 662 2688 in
694 2649 818 2690 uno
860 2635 1013 2690 mari
1043 2635 1364 2691 duodecim
1412 2636 1610 2692 bobus
1663 2654 1765 2693 su-

115 2737 214 2794 per
238 2723 432 2796 posito
458 2724 664 2780 unitas
698 2725 1054 2798 exprimitur
1081 2725 1642 2800 baptismatis,quaa
1659 2743 1764 2799 per

114 2813 407 2883 apostolos
438 2817 568 2870 toto
599 2819 724 2870 erat
755 2814 888 2870 orbi
916 2814 1328 2886 praedicanda,
1350 2817 1432 2872 ita
1462 2819 1640 2872 etiam
1657 2832 1764 2889 per

114 2899 256 2956 duos
296 2903 541 2959 ordines
592 2903 852 2960 luterum
903 2905 1160 2976 mystice
1213 2905 1567 2974 ostenditur,
1621 2908 1764 2979 quia

114 2991 392 3060 gentilitas
418 3008 563 3048 cum
575 2993 786 3048 Judaaa
809 2993 870 3048 in
894 3009 1081 3048 unum
1104 2993 1244 3049 ﬁdei
1263 2996 1632 3051 consortium
1655 3011 1762 3067 per

1880 1829 1992 1884 dos
2017 1829 2326 1902 proximos
2382 1827 2656 1894 dilatant,
2712 1831 2776 1881 ut
2807 1825 2867 1880 in
2914 1828 3232 1897 peccantes
3275 1837 3552 1895 quosque

1879 1919 1985 1991 qui
2011 1919 2124 1975 sibi
2151 1918 2461 1975 commissi
2513 1921 2652 1972 sunt
2676 1917 2975 1972 fervorem
3008 1930 3237 1986 asperae
3268 1911 3551 1967 invectio-

1879 2008 1971 2064 nis
2002 2023 2275 2064 exercere
2289 2023 2420 2063 non
2442 2006 2702 2062 tardent.
2734 2005 2964 2060 Habent
2989 2020 3128 2058 cum
3145 1991 3421 2057 leonibus
3436 1999 3548 2056 bo-

1877 2112 2005 2163 ves,
2040 2097 2290 2170 quando
2321 2097 2520 2169 ipsam
2549 2094 2948 2150 invectioncm
2979 2080 3362 2164 corripiendi,
3407 2105 3548 2144 cum

1879 2187 2155 2258 spiritum
2194 2184 2679 2242 mansuetudinis
2709 2182 3013 2250 exhibent,
3047 2179 3295 2254 quando
3345 2178 3408 2233 in
3437 2176 3550 2233 fer-

1876 2293 2017 2332 vore
2049 2275 2343 2347 arguendi
2372 2290 2690 2346 nunquam
2743 2272 2956 2328 ﬁssam
2998 2270 3222 2326 habere
3253 2266 3545 2337 ungulam

1877 2367 2148 2422 discretae
2180 2364 2430 2421 actionis
2461 2381 2531 2420 ac
2561 2362 2845 2436 loquelae,
2872 2376 3191 2433 nunquam
3245 2357 3431 2414 verba
3458 2355 3547 2411 di-

1874 2456 2030 2512 vinae
2051 2454 2319 2510 lectionis
2349 2453 2510 2508 velut
2539 2450 2905 2508 ruminando
2936 2449 2998 2505 in
3019 2465 3120 2504 ore
3150 2447 3389 2503 volvere
3421 2460 3546 2500 ces-

1876 2551 2034 2602 sant.
2069 2568 2096 2595 ‹‹
2126 2546 2195 2600 Et
2226 2543 2430 2600 subter
2483 2543 2689 2599 leones
2742 2545 2800 2596 et
2851 2540 3038 2595 boves
3077 2537 3254 2612 quasi
3297 2535 3427 2592 lora
3470 2549 3546 2591 ex

1874 2652 1989 2692 aere
2019 2633 2382 2706 dependent,
2411 2653 2439 2682 »
2461 2632 2713 2705 quando
2748 2629 2942 2686 sancti
2959 2629 3236 2686 doctores
3283 2621 3429 2708 etin
3457 2638 3544 2678 se-

1874 2725 2119 2782 veritate
2151 2721 2567 2791 districtionis,
2589 2738 2712 2793 qua
2743 2723 3064 2792 peccantes
3082 2716 3380 2789 judicant,
3407 2713 3546 2769 etin

1873 2814 2341 2872 mansuetudine
2373 2811 2656 2875 lenitatis,
2705 2827 2828 2884 qua
2871 2807 3302 2884 poenitentibus
3348 2802 3544 2859 remit-

1872 2909 2024 2963 tunt.
2064 2903 2362 2975 judicium
2393 2901 2487 2957 sui
2518 2902 2730 2956 timent
2759 2898 3040 2964 auctoris,
3068 2912 3144 2951 ne
3171 2895 3318 2950 forte
3348 2893 3540 2964 injus-

1871 3000 1925 3050 te
1951 2993 2198 3063 ligando
2221 2995 2326 3046 aut
2374 2991 2665 3047 solvendo
2715 2989 3071 3062 quempiam
3125 2985 3443 3057 jam-juste
3467 2982 3539 3038 li-

112 3078 473 3151 bap’tismatis
503 3087 634 3138 erat
665 3083 894 3137 undam
947 3083 1304 3151 colligenda.
1341 3084 1513 3150 Quod
1558 3091 1756 3141 autem
1791 3111 1834 3166 ρ
1872 3084 2000 3153 gari
2031 3082 2143 3154 ipsi
2174 3080 2459 3149 habeant,
2492 3084 2552 3134 et
2574 3079 2705 3150 ejus
2731 3077 3032 3150 judicium
3061 3074 3168 3147 qui
3191 3089 3390 3130 errare
3435 3087 3542 3127 ne-

116 3177 356 3241 quatuor
397 3173 744 3229 cubitorum
774 3172 1190 3243 longitudinis,
1231 3179 1287 3228 et
1310 3179 1571 3246 quatuor
1601 3176 1762 3230 cubi-

119 3264 297 3316 torum
344 3261 704 3331 latitudinis,
738 3266 794 3317 et
823 3261 1003 3317 trium
1038 3262 1379 3318 cubitorum
1431 3264 1763 3320 altitudinis

117 3346 276 3404 bases
313 3351 566 3421 singulae
597 3352 781 3421 fuere,
814 3351 982 3408 facile
1011 3351 1313 3408 intellectu
1343 3359 1450 3410 est.
1484 3355 1759 3423 Longitu-

118 3436 187 3492 do
209 3440 420 3496 etenim
462 3440 547 3496 ad
571 3440 927 3514 patientiam
966 3440 1478 3511 longanimitatis;
1510 3442 1764 3499 latitudo

118 3527 184 3581 ad
203 3528 542 3586 dilationem
569 3529 1453 3602 dilectionis,altitudopertiuet
1483 3531 1561 3587 ad
1592 3549 1766 3605 spem

119 3633 367 3690 supernae
401 3620 835 3698 retributionis.
867 3622 1136 3686 Quatuor
1166 3622 1368 3676 autem
1386 3627 1526 3676 sunt
1550 3622 1764 3694 princié

121 3706 270 3776 pales
300 3709 568 3772 virtutes,
620 3709 846 3781 quibus
896 3714 1111 3764 caetera
1140 3711 1423 3765 virtutum
1468 3715 1764 3768 structura

115 3794 383 3856 imminet.
415 3799 738 3855 Prudentia
763 3798 1003 3865 scilicet,
1035 3799 1339 3867 fortitudo,
1369 3801 1765 3872 temperantia

115 3884 338 3953 justitia.
363 3891 426 3944 Et
451 3888 592 3944 ideo
635 3893 1069 3955 quaternorum
1115 3893 1242 3945 erat
1272 3889 1608 3945 cubitorum
1637 3890 1765 3946 lon-

121 3973 308 4040 gitudo
335 3983 390 4032 et
431 3976 688 4033 latitudo
711 3977 973 4039 basium,
997 3977 1143 4049 quia
1173 3977 1364 4034 sancti
1410 3979 1762 4050 praedicatoc

121 4078 201 4116 res
227 4065 342 4122 sive
371 4068 630 4124 adversa
659 4067 872 4123 mundi
901 4073 957 4124 et
997 4067 1435 4137 longitudinem
1467 4070 1658 4125 exitus
1690 4082 1761 4126 ac

122 4149 374 4211 laborum
401 4156 790 4229 prresentium
823 4157 966 4212 foris
991 4157 1292 4214 tollerent:
1326 4174 1434 4214 seu
1466 4175 1568 4213 cor
1597 4160 1659 4214 in
1676 4159 1762 4214 di-

122 4237 347 4300 lectione
379 4245 469 4301 sui
500 4245 862 4317 Conditoris,
914 4263 1285 4319 suorumque
1339 4247 1759 4319 proximorum

123 4329 331 4388 interna
357 4335 720 4392 exultatione
750 4335 1018 4404 dilatant,
1050 4351 1290 4408 semper
1317 4349 1566 4408 operam
1613 4337 1757 4392 dare

125 4416 415 4478 virtutibus
447 4430 662 4481 curant
690 4439 702 4479 :
757 4424 1086 4497 prudenter
1114 4424 1390 4480 videlicet
1413 4425 1566 4481 inter
1593 4425 1755 4482 bona

128 4513 174 4562 et
199 4511 347 4568 mala
373 4515 799 4584 discernentes,
830 4515 1055 4571 fortiter
1081 4514 1340 4571 adversa
1374 4515 1753 4585 sustinentes,

127 4611 215 4651 cor
240 4599 312 4655 ab
357 4604 626 4676 appetitu
693 4603 1074 4676 voluptatum
1125 4607 1550 4675 temperantes,
1589 4605 1756 4675 justi-

129 4683 252 4742 tiam
279 4688 334 4744 in
364 4692 713 4764 operatione
759 4696 1049 4748 tenentes.
1077 4691 1277 4748 Trium
1334 4708 1478 4749 vero
1522 4693 1754 4749 cubito-

128 4786 242 4829 rum
271 4777 332 4833 ﬁt
359 4780 606 4838 altitudo
635 4781 901 4848 basium,
958 4797 1097 4837 cum
1131 4797 1237 4854 per
1263 4783 1608 4838 exercitium
1640 4785 1755 4838 vir-

131 4864 319 4931 tutum,
374 4879 526 4940 quas
601 4870 1032 4942 compatientia
1089 4870 1392 4926 malorum
1459 4875 1519 4927 et
1582 4871 1760 4927 dilec-

130 4949 266 5008 tione
327 4956 623 5015 bonorum
688 4965 1007 5027 exercent,
1076 4959 1360 5017 continua
1433 4961 1758 5016 intentione

132 5039 198 5093 ad
258 5044 537 5104 visionem
603 5053 824 5106 sancta:
880 5049 1174 5106 Trinitatis
1233 5051 1540 5122 pervenire
1598 5056 1756 5106 sata-

133 5137 275 5195 gum.

194 5319 218 5354 ια
248 5311 306 5366 Et
329 5312 524 5386 ipsum
552 5332 709 5389 opus
740 5316 983 5374 basium
1000 5316 1331 5374 interrasile
1359 5319 1504 5372 erat.
1526 5319 1592 5371 Et
1607 5315 1760 5371 scul-

139 5413 159 5438 «ί
181 5399 346 5465 ptui-ae
374 5404 522 5460 inter
541 5406 917 5475 juncturas.»
945 5408 1265 5462 Juncturas
1296 5405 1492 5460 dicere
1524 5403 1760 5459 videtur

139 5491 526 5563 eas,quseipsaa
541 5493 801 5550 [uterum
829 5494 1051 5552 tabulte
1074 5493 1314 5550 sibimet
1332 5493 1589 5548 invicem
1612 5508 1756 5548 con-

143 5585 280 5666 nexa:
302 5586 460 5637 sunt:
497 5589 559 5639 ut
588 5584 809 5640 scilicet
834 5589 1097 5656 quatuor
1127 5583 1249 5639 sive
1290 5583 1558 5655 quinque
1589 5582 1758 5638 tabu-

143 5656 202 5755 lis
227 5679 331 5724 una
358 5669 518 5730 ﬁeret
535 5673 726 5730 basis.
751 5674 966 5740 Quales
987 5680 1187 5732 autem
1207 5673 1546 5745 sculpturas
1573 5673 1753 5729 bases

149 5754 272 5809 inter
287 5756 386 5815 has
404 5762 736 5831 juncturas,
764 5763 828 5822 id
856 5768 950 5822 est
1003 5764 1066 5821 in
1117 5764 1264 5838 ipsis
1308 5763 1433 5820 suis
1463 5761 1752 5821 lateribus

1788 4471 1832 4523 D

1871 3175 2003 3246 quit
2034 3175 2400 3227 mereantur.

1945 3288 1971 3312 «
2002 3267 2066 3319 Et
2089 3266 2354 3335 quatuor
2383 3264 2525 3315 rotae
2554 3274 2664 3331 per
2702 3257 2882 3312 bases
2920 3252 3189 3325 singulas
3215 3256 3273 3308 et
3300 3266 3442 3306 axes
3467 3265 3542 3304 a3-

1874 3377 1902 3403 ‹‹
1938 3354 2039 3420 rei,
2073 3357 2132 3408 et
2157 3367 2265 3424 per
2287 3354 2550 3423 quatuor
2569 3352 2770 3421 partes
2807 3345 2984 3419 quasi
3012 3341 3314 3400 humeruli
3334 3340 3540 3396 subter

1875 3468 1900 3492 ‹‹
1935 3444 2184 3498 luterem
2212 3440 2437 3509 fusiles,
2466 3443 2675 3494 contra
2701 3454 2762 3492 se
2787 3436 3044 3491 invicem
3075 3435 3538 3504 respectantes.»

1874 3537 2144 3600 Quatuor
2171 3535 2314 3586 rotae
2372 3533 2634 3601 quatuor
2689 3529 2831 3580 sunt
2873 3521 3331 3592 Evangeliorum
3378 3517 3540 3584 libri,

1872 3623 1977 3696 qui
2006 3620 2318 3694 aptissime
2347 3619 2491 3675 rotis
2522 3620 2984 3688 comparantur:
3015 3613 3160 3686 quia
3190 3610 3340 3666 sicut
3370 3608 3538 3665 volu-

1871 3713 2070 3768 bilitas
2094 3715 2239 3766 rotae
2293 3707 2584 3764 citissimo
2614 3722 2796 3762 cursu
2844 3716 3215 3776 quocunque
3271 3697 3535 3764 ducitur,

1872 3801 2072 3866 currit,
2100 3800 2183 3855 ita
2215 3813 2416 3854 sermo
2444 3795 2850 3864 evangelicus,
2878 3792 3126 3864 jubente
3157 3787 3538 3857 Donino,per

1871 3888 2180 3961 apostolos
2202 3887 2514 3942 universas
2541 3885 2604 3939 in
2635 3882 2797 3938 brevi
2839 3879 3050 3936 mundi
3081 3877 3293 3951 plagas
3320 3873 3534 3946 imple-

1871 3980 1967 4034 vit.
2002 3978 2163 4032 Sicut
2195 3981 2319 4032 tota
2348 3989 2529 4047 super
2556 3971 2911 4044 impositum
2959 3967 3072 4024 sibi
3103 3981 3347 4022 currum
3377 3967 3536 4018 terra

1871 4068 2161 4131 sublevat,
2192 4070 2248 4120 et
2270 4063 2652 4119 sublevatum
2676 4077 2799 4133 quo
2825 4059 3038 4128 auriga
3062 4055 3263 4125 dirigit
3300 4057 3530 4126 portat:

1868 4162 1948 4212 ita
1976 4154 2322 4221 evangelica
2347 4151 2696 4225 praedicatio
2728 4153 2958 4205 mentes
3000 4146 3327 4203 electorum
3354 4159 3392 4199 a
3414 4146 3532 4198 ter-

1868 4245 2024 4300 renis
2055 4241 2558 4315 cupiditatibusin
2589 4239 2851 4296 cmlestia
2879 4236 3177 4294 desideria
3194 4230 3532 4306 suspendit,

1867 4351 1936 4390 ac
1969 4347 2294 4404 suspensas
2324 4329 2403 4386 ad
2431 4329 2772 4402 profectum
2819 4327 2994 4384 bonae
3023 4324 3277 4382 actionis
3302 4323 3426 4378 sive
3453 4318 3534 4376 ad

1866 4421 2267 4478 ministerium
2312 4419 2757 4492 praedicationis
2813 4431 3182 4490 quocunque
3230 4412 3531 4484 adjuvans

1866 4512 2055 4581 gratia
2087 4510 2328 4582 spiritus
2360 4508 2632 4577 voluerit,
2665 4507 2864 4563 ducit:
2890 4509 3163 4577 Namque
3187 4503 3252 4559 in
3280 4514 3536 4575 sequen-

1866 4602 2024 4658 tibus
2054 4599 2192 4655 dicit
2218 4616 2230 4654 :
2253 4621 2279 4647 ‹‹
2308 4599 2453 4664 Quia
2477 4597 2622 4654 tales
2643 4601 2814 4652 erant
2839 4600 2983 4652 rotae
3008 4593 3220 4666 quales
3252 4589 3445 4646 solent
3467 4588 3530 4642 in

1867 4710 1897 4744 «
1925 4705 2104 4746 curru
2136 4687 2283 4744 ﬁeri.
2320 4709 2348 4737 »
2385 4688 2664 4755 Legimus
2711 4689 2913 4760 autem
2944 4684 3020 4738 de
3054 4680 3306 4737 sanctis:
3333 4700 3361 4727 «
3393 4681 3530 4734 Cur-

1865 4796 1968 4835 rus
2001 4777 2100 4833 Dei
2128 4777 2335 4832 decem
2367 4775 2632 4831 millibus
2650 4773 2961 4846 multiplex
2981 4769 3169 4826 millia
3195 4765 3528 4822 laetantium

1866 4869 2056 4940 (Psat'.
2093 4866 2285 4937 van).
2323 4887 2349 4913 ››
2381 4865 2437 4920 Si
2468 4879 2612 4934 ergo
2646 4863 2823 4919 bases
2861 4862 3121 4916 luterum
3151 4856 3341 4912 sancti
3390 4857 3530 4910 sunt

1865 4959 2163 5016 doctores,
2214 4953 2319 5026 qui
2369 4952 2680 5008 lavacrum
2743 4952 2877 5006 vitae
2932 4946 3110 5003 nobis
3163 4945 3524 5010 ministrant,

1867 5052 1922 5102 et
1979 5051 2124 5100 rotae
2176 5048 2484 5117 quaternae
2555 5040 2820 5108 basium,
2878 5041 3142 5111 quatuor
3193 5040 3334 5091 sunt
3389 5031 3528 5090 libri

1869 5133 2375 5204 Evangeliorum:
2436 5130 2583 5204 quid
2653 5145 2796 5186 axes
2847 5133 3119 5185 rotarum
3177 5127 3282 5200 qui
3346 5127 3527 5183 bases

1867 5227 2122 5294 gestant,
2176 5221 2288 5278 nisi
2319 5221 2454 5294 ipsa
2497 5219 2854 5276 earumdem
2899 5223 3038 5274 sunt
3095 5217 3282 5273 corda
3323 5215 3528 5271 docto-

1865 5331 2023 5378 rum,
2055 5329 2192 5385 quas
2212 5311 2361 5366 dum
2390 5310 2454 5366 iu
2483 5309 2794 5382 praeceptis
2819 5307 3176 5379 evangelicis
3207 5303 3420 5361 sedulo
3445 5303 3527 5358 in-

1868 5403 2190 5468 tendentia,
2224 5416 2327 5456 eos
2361 5399 2440 5456 ab
2471 5398 2823 5454 inﬁmorum
2849 5396 3120 5470 appetitu
3166 5392 3522 5460 dissolvunt,

1865 5491 2029 5547 velut
2070 5489 2324 5545 immissi
2371 5488 2516 5544 rotis
2578 5502 2742 5556 axes,
2794 5486 2970 5543 altius
3026 5484 3226 5542 basim
3275 5499 3312 5540 a
3371 5486 3526 5537 terra

1868 5581 2202 5636 sublevant.
2237 5580 2418 5633 Porro
2448 5576 2748 5633 humeruli
2795 5575 2899 5648 qui
2928 5575 3073 5630 rotis
3098 5572 3418 5646 antepositi
3449 5588 3524 5628 ne

1867 5671 1945 5727 ab
2011 5669 2228 5726 axibus
2300 5667 2499 5725 delabi
2579 5670 2830 5742 possent
2903 5665 3310 5737 obsistebant,
3376 5679 3525 5737 prae-

1871 5760 2048 5819 conia
2095 5762 2236 5817 sunt
2283 5758 2738 5834 prophetarum,
2787 5755 3012 5830 quibus
3067 5754 3419 5828 evangeliea
3467 5756 3526 5811 et
