3940 6410
407 271 512 325 447

1513 263 1870 321 ANGELOMI
1913 263 2368 325 LUXOVIENSIS
2407 270 2722 326 MONACHI

3725 273 3821 327 448

411 388 748 465 apostolica
777 388 1097 462 Scriptura,
1128 404 1204 443 ne
1233 388 1326 444 cui
1354 388 1678 458 legentium
1709 388 1770 443 in
1811 386 2066 442 dubium
2100 389 2145 441 Α
2179 390 2248 444 tri
2282 391 2555 448 salutaris
2586 409 2764 466 opere
2795 393 3042 466 quidem
3069 393 3313 466 perfecti
3338 393 3400 449 in
3429 395 3542 450 hac
3572 394 3694 450 vita
3721 394 3823 450 ful-

411 481 560 537 forte
585 480 803 546 veniat,
820 478 1225 534 conﬁrmatur.
1252 477 1406 532 Bene
1437 483 1637 533 autem
1663 476 2069 549 dicitur,quod

411 568 710 626 humeruli
754 566 858 639 qui
909 582 1015 638 per
1042 571 1305 638 quatuor
1341 571 1540 638 partes
1589 565 2068 622 subterluterem

413 661 584 714 erant
610 654 804 729 positi,
834 659 1040 709 contra
1070 669 1134 709 se
1166 653 1423 710 invicem
1454 655 1694 711 fuerunt
1723 657 2066 726 respectan-

411 751 519 816 tes,
552 745 696 818 quia
724 743 1010 799 nimirum
1041 743 1238 798 omnis
1292 745 1609 817 Scripturae
1640 743 1958 817 prophetia
1996 742 2068 798 si-

410 835 596 891 bimet
619 834 871 889 invicem
902 838 1311 890 consentanea
1362 838 1482 890 est:
1519 838 1582 890 ut
1612 839 1750 906 pote
1800 848 1923 888 uno
1968 831 2066 887 Dei

412 924 621 997 spiritu
651 923 911 979 condita.
947 925 1213 988 Quatuor
1258 923 1423 979 fuere
1455 940 1563 997 per
1590 924 1768 979 bases
1800 921 2066 991 singulas

407 1011 706 1069 humeruli
752 1011 1034 1086 videlicet
1056 1013 1232 1083 juxta
1260 1029 1582 1068 numerum
1613 1017 1903 1068 rotarum.
1938 1014 2066 1066 Non

408 1102 552 1174 quia
581 1106 840 1174 quatuor
870 1105 1013 1158 sunt
1066 1106 1298 1158 tantum
1345 1102 1480 1158 libri
1535 1100 1900 1175 prophetici;
1961 1100 2067 1154 sed

407 1190 554 1264 quia
580 1190 641 1245 in
673 1190 962 1246 omnibus
989 1207 1126 1262 quae
1157 1190 1339 1246 locuti
1357 1194 1496 1246 sunt
1515 1191 1823 1263 prophetae
1843 1194 1900 1244 et
1915 1192 2067 1261 Moy-

407 1296 521 1347 ses,
555 1279 727 1336 dictis
775 1285 1037 1352 quatuor
1084 1280 1601 1350 Evangelistarum
1656 1279 2065 1336 testimonium

404 1369 749 1442 praebuere:
786 1375 849 1424 ut
877 1385 950 1424 ex
982 1385 1284 1424 consensu
1317 1369 1628 1442 utriusque
1680 1366 2061 1432 Testamenti,

406 1475 534 1514 una
561 1458 711 1514 ﬁdes
741 1463 798 1514 et
826 1458 1061 1514 dilectio
1083 1459 1292 1515 Christi
1320 1465 1526 1515 nostra
1560 1459 1834 1515 omnium
1881 1457 2066 1514 corda

407 1547 696 1604 ﬁrmaret.

480 1659 511 1687 ‹‹
545 1638 622 1693 Os
650 1652 894 1710 quoque
939 1637 1140 1692 luteris
1198 1637 1552 1693 intrinsecus
1583 1642 1708 1692 erat
1736 1637 1797 1692 in
1851 1635 2063 1707 capitis

2179 485 2402 544 serunt,
2457 481 2561 536 sed
2614 481 2744 537 luce
2789 481 3311 554 contemplationis
3364 497 3437 536 ex
3496 486 3664 553 parte
3699 487 3826 536 sunt

2177 570 2356 626 fruiti.
2393 571 2557 627 Unde
2588 576 2644 626 et
2665 572 2868 627 aiunt:
2904 594 2932 621 ‹‹
2970 575 3048 626 Ex
3100 576 3269 643 parte
3309 571 3471 626 enim
3521 574 3824 640 cognosci-

2179 677 2206 706 «
2241 673 2399 723 mus,
2432 661 2582 714 etex
2605 662 2774 731 parte
2804 659 3260 731 prophetamus.
3311 661 3460 715 Cum
3491 662 3699 714 autem
3735 674 3826 714 ve-

2179 767 2206 794 ‹‹
2239 746 2390 801 nerit
2418 748 2584 819 quod
2636 747 2967 820 perfectum
2996 751 3104 818 est,
3139 746 3535 803 evacuabitur
3564 746 3734 819 quod
3762 762 3826 802 ex

2177 855 2207 888 ‹
2238 841 2406 908 parte
2437 841 2524 892 est
2553 837 2606 908 (Ι
2643 837 2779 893 Cor.
2811 839 2955 900 xm).
2992 858 3020 885 ››

2251 945 2279 977 ‹
2311 930 2371 980 In
2405 926 2566 981 hunc
2594 926 2847 981 modum
2877 925 3013 981 fecit
3033 925 3242 980 decem
3273 924 3827 994 bases,fusurauna

2177 1036 2205 1062 «
2229 1018 2285 1070 et
2314 1031 2599 1070 mensura
2621 1015 3049 1088 sculpturaque
3077 1013 3393 1070 consimili.
3419 1014 3572 1070 Fecit
3591 1029 3827 1086 quoque

2177 1128 2205 1155 ‹‹
2238 1105 2447 1160 decem
2468 1105 2686 1161 luteres
2718 1121 2941 1160 eeneos.
2973 1129 3000 1154 »
3039 1107 3234 1170 Quare
3262 1104 3473 1159 decem
3497 1104 3620 1159 sint
3657 1103 3825 1159 bases

2175 1193 2365 1259 facte,
2415 1194 2662 1250 totidem
2693 1194 2776 1249 eis
2823 1193 3183 1267 superpositi
3212 1193 3450 1261 luteres,
3495 1209 3685 1265 supra
3708 1193 3827 1263 jam

2175 1283 2401 1338 dictum
2434 1288 2540 1338 est.
2572 1283 2744 1349 Quod
2771 1299 2913 1338 vero
2943 1299 3068 1338 una
3111 1287 3236 1338 erat
3267 1281 3475 1339 fusura
3523 1297 3829 1337 mensura-

2174 1389 2291 1444 que
2319 1377 2374 1427 et
2405 1373 2710 1445 sculptura
2759 1372 3086 1428 consimilis
3131 1371 3405 1427 omnium
3433 1371 3680 1427 basium
3713 1370 3828 1425 sive

2173 1461 2453 1531 luterum,
2485 1477 2606 1517 non
2637 1463 2694 1516 in
2723 1478 2794 1517 ea
2825 1461 3258 1531 significatione
3289 1460 3512 1516 factum
3536 1464 3652 1526 est,
3673 1459 3828 1530 quod

2173 1551 2432 1623 aequalia
2460 1552 2692 1623 possint
2720 1568 2849 1607 esse
2895 1551 3170 1606 omnium
3223 1551 3436 1606 merita
3491 1549 3826 1615 doctorum,

2175 1639 2279 1694 sed
2329 1640 2390 1695 in
2437 1657 2508 1695 ea
2540 1642 2757 1712 potius,
2791 1640 2958 1713 quod
2997 1656 3122 1695 una
3154 1639 3304 1694 ﬁdes
3353 1637 3664 1706 Evangelii
3716 1653 3829 1710 quo

409 1748 438 1776 ‹‹
467 1727 834 1797 summitate,
863 1732 920 1782 et
947 1726 1112 1799 quod
1137 1727 1471 1782 forinsecus
1502 1726 1855 1799 apparebat,
1889 1725 2065 1780 unius
2098 1745 2136 1798 Β
2173 1729 2580 1792 instituuntur,
2628 1745 2820 1785 unum
2872 1745 3001 1784 esse
3047 1733 3495 1784 sacramentum
3549 1726 3829 1800 baptismi

411 1837 439 1865 «
466 1815 648 1872 cubiti
678 1821 804 1871 erat
831 1819 1024 1870 totum
1055 1816 1404 1884 rotundum,
1438 1816 1776 1887 pariterque
1805 1813 2068 1870 habebat
2175 1834 2296 1889 quo
2327 1818 2671 1886 abluuntur,
2697 1834 2854 1873 unus
2879 1818 3162 1889 idemque
3195 1817 3434 1890 spiritus
3463 1832 3590 1888 quo
3621 1831 3825 1871 omnes

408 1925 436 1954 «
470 1921 662 1960 unum
694 1904 964 1959 cubitum
995 1908 1051 1960 et
1077 1904 1467 1959 dimidium.»
1493 1906 1569 1959 Os
1597 1919 1841 1975 quoque
1863 1902 2064 1958 luteris

405 1992 585 2047 unius
611 1996 738 2048 erat
765 1991 969 2058 cubiti,
1003 1997 1245 2064 propter
1274 1992 1560 2047 unitatem
1591 1991 1983 2047 confessionis
2011 1995 2066 2044 et

401 2079 540 2135 ﬁdei
570 2081 713 2152 quia
743 2095 954 2136 omnes
998 2081 1058 2134 in
1093 2080 1472 2135 confessione
1505 2081 1692 2134 Patris
1724 2085 1779 2134 et
1832 2079 1954 2134 Filii
2008 2082 2066 2134 et

403 2169 654 2240 Spiritus
720 2169 906 2224 sancti
964 2168 1366 2240 baptizamur,
1425 2169 1659 2224 dicente
1723 2166 2057 2240 Apostolo:

403 2275 434 2310 ‹
465 2259 628 2312 Unus
659 2257 969 2326 Dominus,
989 2273 1111 2313 una
1129 2257 1300 2324 ﬁdes,
1335 2273 1525 2312 unum
1558 2257 1884 2329 baptisma,
1904 2271 2062 2310 unus

400 2348 556 2403 Deus
577 2351 634 2403 et
662 2352 830 2420 pater
854 2347 1127 2402 omnium
1159 2348 1401 2417 (Ephes.
1436 2348 1534 2417 iv).
1571 2366 1601 2399 ›
1635 2349 1700 2402 Et
1737 2346 1940 2418 ipsum
1988 2361 2058 2400 os

398 2435 461 2491 in
491 2436 702 2508 capitis
731 2440 857 2492 erat
882 2435 1245 2502 summitate,
1272 2441 1336 2491 ut
1363 2436 1440 2491 ad
1469 2435 1731 2491 coelestia
1766 2434 1941 2489 nobis
1972 2450 2060 2488 re-

399 2540 538 2595 gna,
573 2541 680 2597 per
727 2525 1032 2598 baptisma
1085 2525 1195 2580 iter
1227 2541 1359 2581 esse
1403 2525 1766 2597 patefactum
1796 2524 2054 2579 doceret.

398 2617 530 2685 Ipse
547 2629 690 2669 vero
713 2613 866 2669 luter
886 2615 946 2669 in
974 2614 1368 2686 amplitudine
1392 2614 1658 2669 cubitum
1673 2613 2057 2668 habetunum

398 2705 455 2756 et
483 2701 829 2758 dimidium:
862 2719 970 2775 per
999 2703 1197 2775 operis
1233 2703 1517 2758 nimirum
1547 2701 1973 2775 perfectionem
2003 2706 2061 2756 et

394 2789 629 2846 initium
660 2792 1204 2864 contemplationis.
1233 2797 1465 2862 integer
1521 2792 1682 2847 enim
1727 2791 1966 2846 cubitus
1995 2792 2057 2846 in

394 2878 582 2935 lutere
612 2880 1037 2952 perfectionem
1057 2881 1236 2936 bona;
1267 2881 1542 2950 designat
1564 2880 1835 2946 actionis,
1867 2896 2056 2953 quam

397 2967 629 3040 absque
679 2969 801 3025 ulla
844 2970 1151 3027 dubietate
1176 2970 1443 3026 habebat
1470 2970 1587 3040 ille,
1619 2970 1693 3026 de
1719 2987 1841 3042 quo
1873 2975 2057 3027 tenta-

398 3056 508 3112 tori
540 3058 826 3114 Dominus
853 3059 1084 3116 aiebat:
1121 3081 1148 3108 ‹‹
1179 3059 1458 3132 Nunquid
1508 3059 1900 3115 considerasti
1933 3076 2053 3115 scr-
2083 3093 2123 3145 Ο

395 3160 540 3200 vum
564 3162 766 3202 meum
793 3148 930 3218 Job,
962 3147 1128 3220 quod
1158 3164 1283 3204 non
1311 3149 1385 3203 sit
1418 3149 1471 3204 ei
1497 3148 1706 3204 similis
1740 3165 1919 3221 super
1943 3155 2054 3204 ter-

395 3235 571 3290 ram?
602 3235 786 3291 homo
815 3237 1068 3309 simplex
1093 3241 1149 3292 et
1177 3242 1394 3306 rectus,
1424 3253 1494 3293 ac
1526 3237 1743 3292 timens
1773 3241 1979 3304 Deum,
1999 3243 2056 3292 et

395 3323 684 3378 recedens
715 3340 752 3380 a
776 3325 938 3381 malo
962 3328 990 3382 ‘I
1021 3348 1049 3375 ››
1085 3327 1236 3390 (Job.
1269 3327 1332 3396 i).
1358 3327 1457 3380 Est
1485 3341 1623 3382 vero
1645 3327 1792 3382 alter
1817 3327 2055 3382 cubitus

395 3410 616 3467 divinae
638 3413 906 3481 visionis,
926 3414 1030 3486 qui
1047 3430 1119 3469 ex
1149 3419 1314 3486 parte
1340 3414 1633 3470 nonnulla
1657 3415 1835 3470 etiam
1859 3416 1918 3470 in
1939 3415 2054 3470 hac

395 3501 598 3557 adhuc
623 3503 744 3559 vita
763 3503 1006 3558 retentis
1038 3503 1319 3558 ﬁdelibus
1344 3503 1558 3559 donari
1589 3505 1933 3560 consuevit:
1992 3508 2056 3560 ut

393 3588 555 3644 idem
580 3590 690 3646 Job
721 3590 956 3647 devicto
974 3592 1320 3647 adversario
1350 3608 1485 3646 cum
1511 3593 1761 3647 Domino
1776 3592 2051 3664 loquens,

395 3678 478 3734 ait
511 3695 524 3732 :
561 3700 590 3727 ‹‹
621 3679 843 3735 Auditu
873 3680 1035 3735 auris
1085 3679 1285 3735 audivi
1317 3684 1391 3743 te,
1425 3696 1587 3735 nunc
1620 3685 1821 3736 autem
1845 3680 2054 3736 oculus

394 3782 569 3822 meus
600 3767 763 3824 videt
817 3773 869 3823 te
920 3769 1068 3840 (Job.
1102 3771 1237 3840 xxv).
1275 3792 1300 3818 η
1345 3768 1638 3840 Scriptum
1672 3785 1937 3841 namque
1967 3773 2056 3823 est

394 3853 456 3910 in
485 3855 905 3926 sequentibus:

467 3961 499 3993 ‹
533 3945 662 3998 Una
687 3947 819 3999 rota
840 3943 1107 4000 habebat
1127 3944 1473 4001 altidudinis
1491 3960 1680 4000 unum
1704 3944 1974 4001 cubitum
1997 3951 2054 4002 et

396 4049 426 4078 ‹‹
460 4029 662 4085 semis.
695 4052 722 4079 n
755 4033 821 4086 Et
841 4032 1026 4102 paulo
1052 4038 1222 4105 post:

469 4138 497 4164 «
529 4121 592 4172 In
625 4118 969 4175 summitate
990 4126 1190 4176 autem
1234 4121 1420 4187 basis,
1462 4127 1589 4178 erat
1624 4122 1906 4195 quaedam
1952 4140 2048 4180 ro-

397 4222 431 4257 (
461 4200 729 4260 funditas
760 4205 938 4261 unius
964 4211 1022 4262 et
1062 4208 1294 4263 dimidii
1325 4208 1527 4279 cubiti,
1586 4210 1666 4266 ita
1699 4210 2046 4276 fabrefacta,

398 4311 430 4346 ‹
460 4296 526 4347 ut
548 4292 700 4348 luter
723 4292 982 4366 desuper
1008 4301 1210 4367 posset
1233 4297 1483 4369 imponi.
1513 4321 1541 4349 ››
1575 4302 1851 4356 Luterum
1873 4301 2048 4374 quip-

394 4396 472 4454 pe
506 4395 793 4437 mensura
811 4382 990 4438 unius
1016 4389 1142 4440 erat
1170 4385 1351 4442 cubiti
1383 4392 1439 4442 et
1477 4387 1733 4459 dimidii,
1765 4392 1908 4461 quia
1960 4390 2049 4445 ni-

395 4469 620 4525 mirum
641 4486 714 4527 ea
741 4470 860 4526 ﬁde
889 4471 951 4526 in
979 4472 1140 4529 fonte
1160 4474 1294 4529 vitae
1318 4475 1614 4539 lavamur,
1646 4481 1710 4532 ut
1731 4493 1838 4549 per
1866 4494 2052 4550 opera

392 4559 634 4630 justitiaa
664 4559 744 4616 ad
773 4561 955 4617 vitam
981 4561 1201 4618 intrare
1235 4563 1573 4620 valeamus:
1620 4567 1896 4637 quamvis
1925 4567 2052 4623 sine

395 4653 645 4721 peccato
675 4649 824 4705 dum
849 4650 944 4706 hic
973 4651 1232 4718 vivjmus
1259 4669 1388 4708 esse
1416 4670 1812 4726 nequeamus.
1854 4660 2051 4727 Ipsam

394 4753 538 4793 vero
564 4739 698 4794 vitm
728 4739 982 4796 caelestis
1005 4740 1387 4798 dulcedinem
1410 4747 1649 4812 gustare
1680 4761 1749 4800 ex
1772 4749 1960 4816 parte,
1981 4761 2052 4801 ac

395 4825 638 4896 diligere
662 4827 723 4883 in
749 4827 864 4885 hac
893 4830 1131 4886 interim
1161 4831 1302 4900 vita,
1331 4832 1587 4904 perfecte
1617 4837 1818 4889 autem
1849 4833 2051 4889 videre

393 4915 561 4971 nulla
586 4917 813 4972 ratione
847 4918 1136 4974 valemus.
1173 4922 1322 4975 Rota
1351 4937 1594 4992 quoque
1627 4937 1747 4976 uno
1775 4937 1844 4976 ac
1875 4920 2049 4976 dimi-

394 5002 494 5057 dio
547 5003 749 5059 cubito
797 5012 1183 5062 mensuratur
1238 5008 1382 5079 quia
1433 5009 1736 5079 Scriptura
1783 5009 2050 5065 lectionis

395 5090 777 5158 evangelicae,
811 5093 1065 5163 qualiter
1094 5095 1154 5149 hi
1177 5095 1283 5166 qui
1314 5095 1558 5166 perfecti
1589 5111 1719 5150 esse
1751 5096 1951 5163 velint,
1966 5098 2049 5152 vi-

393 5193 532 5234 vere
589 5177 850 5234 debeant
904 5181 1182 5247 ostendit,
1234 5197 1528 5254 spemque
1583 5184 1759 5239 nobis
1814 5190 2048 5242 aeternae

392 5266 798 5322 retributionis
830 5269 890 5323 in
939 5270 1220 5340 praesenti
1262 5270 1655 5341 demonstrat,
1687 5273 1882 5346 ipsam
1907 5291 2048 5332 vero

394 5355 800 5411 retributionis
821 5357 979 5413 illius
1011 5357 1362 5429 qualitatem
1392 5358 1453 5413 in
1475 5359 1674 5416 futuro
1697 5362 1871 5418 nobis
1900 5380 2048 5436 pan-

395 5441 682 5510 dendam,
713 5445 887 5500 simul
913 5450 969 5502 et
1013 5444 1366 5501 donandam
1412 5463 1548 5503 esse
1581 5451 1883 5520 promittit.
1941 5457 2047 5509 Ba-

399 5545 494 5583 ses
525 5530 703 5585 etiam
723 5533 870 5604 ipsae
905 5552 1092 5590 unum
1120 5533 1427 5591 habebant
1455 5538 1719 5595 cubitum
1746 5557 1815 5597 ac
1847 5544 2049 5598 semis-

399 5631 526 5670 sem
564 5619 972 5688 amplitudinis
1024 5623 1086 5678 in
1131 5623 1475 5680 summitate
1522 5628 1632 5692 sui,
1682 5629 1786 5685 ubi
1827 5630 2046 5687 luteres

396 5703 759 5776 reciperent;
790 5710 935 5781 quia
964 5711 1079 5782 ipsi
1135 5710 1408 5768 doctores
1455 5718 1675 5773 summi
1717 5735 1788 5775 ac
1839 5720 2042 5776 minis-

2174 1913 2602 1962 consecrantur
2649 1907 2855 1963 electi:
2913 1907 3142 1962 tametsi
3205 1906 3564 1961 donationes
3611 1905 3828 1960 habent

2174 1996 2440 2052 diversas
2471 1997 2532 2052 in
2563 1998 2694 2069 ipso
2725 1996 2962 2070 Spiritu,
2990 1996 3095 2068 qui
3124 1995 3333 2050 dividit
3364 1993 3619 2064 singulis
3658 1998 3828 2066 prout

2171 2085 2297 2139 vult
2319 2086 2370 2156 (Ι
2398 2085 2535 2140 Cor.
2570 2087 2662 2153 xu)
2690 2108 2716 2135 «
2753 2085 3161 2153 Quadraginta
3199 2083 3372 2139 batos
3416 2083 3704 2155 capiebat
3750 2081 3823 2136 lu-

2172 2179 2259 2229 ter
2292 2191 2464 2228 unus.
2511 2198 2538 2223 ››
2573 2173 3099 2242 Quadragenarius
3154 2187 3442 2228 numerus
3499 2171 3658 2228 solet
3713 2187 3826 2226 ma-

2172 2279 2305 2331 gna:
2360 2263 2736 2334 perfectionis
2805 2267 3017 2335 typum
3074 2265 3293 2331 tenere,
3344 2260 3490 2333 quia
3539 2260 3824 2316 nimirum

2171 2353 2520 2425 quaterdeni
2576 2353 2802 2408 faciunt
2857 2351 3310 2424 quadraginta:
3369 2351 3580 2406 decem
3629 2353 3824 2405 autem

2171 2447 2309 2496 sunt
2357 2446 2680 2514 praecepta,
2731 2440 2953 2513 quibus
2983 2439 3182 2496 omnis
3217 2443 3425 2494 nostra
3454 2438 3732 2512 operatio
3771 2438 3823 2493 in

2167 2528 2298 2598 lege
2327 2528 2534 2583 divina
2564 2527 2810 2600 praefixa
2854 2533 2963 2583 est.
2999 2529 3265 2592 Quatuor
3293 2541 3432 2582 vero
3481 2525 3825 2596 Evangelio-

2167 2633 2304 2672 rum
2329 2617 2484 2682 libri,
2503 2617 2563 2672 in
2593 2617 2814 2688 quibus
2835 2632 2942 2688 per
2970 2615 3482 2685 dispensationem
3505 2614 3824 2671 Dominicae

2167 2705 2599 2761 incarnationis
2632 2706 2888 2760 caelestis
2915 2705 3124 2777 patriae
3155 2704 3331 2759 nobis
3376 2709 3468 2760 est
3494 2704 3823 2775 patefactus

2165 2795 2458 2850 introitus.
2494 2795 2720 2867 thuia
2741 2810 2953 2850 omnes
2982 2794 3086 2865 qui
3118 2793 3194 2849 ad
3227 2792 3579 2865 mysteriam
3612 2792 3824 2865 baptis-

2165 2883 2341 2938 matis
2370 2883 2688 2955 pertinent,
2721 2899 2859 2938 cum
2889 2883 3008 2938 ﬁde
3036 2888 3093 2938 et
3123 2882 3510 2938 sacramentis
3552 2883 3818 2951 Evange-

2164 2972 2223 3028 lii
2265 2971 2525 3027 fructum
2581 2971 2804 3028 debent
2856 2976 3028 3027 rectm
3075 2971 3438 3043 operationis
3484 2971 3815 3036 ostendere,

2165 3066 2301 3133 apte
2340 3061 2556 3116 lnteres
2610 3060 2826 3130 singuli
2876 3060 2936 3114 in
2981 3059 3201 3132 quibus
3253 3059 3615 3116 holocausta
3669 3059 3819 3115 lava-

2163 3148 2403 3214 bantur,
2429 3148 2835 3221 quadraginta
2863 3147 3038 3203 batos
3065 3147 3404 3220 capiebant.
3463 3148 3640 3212 Quod
3687 3161 3817 3203 vero

2167 3239 2472 3310 sequitur:
2499 3262 2524 3286 ‹‹
2565 3241 2818 3310 Eratque
2849 3243 3112 3310 quatuor
3137 3238 3499 3302 cubitorum,
3542 3259 3576 3286 ι»
3613 3239 3733 3292 sive
3762 3237 3813 3290 in

2164 3327 2496 3396 altitudine,
2539 3327 2660 3381 sive
2686 3327 2747 3381 in
2778 3326 3110 3392 latitudine,
3145 3326 3292 3397 quid
3335 3326 3634 3395 signiticet
3661 3324 3816 3381 intel-

2162 3416 2349 3471 lectus
2377 3415 2666 3487 mysterii.
2698 3415 2757 3470 in
2779 3419 3066 3487 promptu
3094 3419 3217 3470 est:
3267 3417 3440 3470 Luter
3469 3414 3634 3470 enim
3666 3430 3815 3470 unus

2163 3510 2423 3577 quatuor
2448 3509 2573 3559 erat
2593 3503 3054 3570 cubitorum,vel
3084 3510 3329 3576 propter
3349 3504 3537 3560 sancti
3563 3508 3817 3573 Evange-

2162 3593 2222 3648 lii
2243 3594 2451 3657 libros,
2483 3593 2543 3647 in
2574 3593 2795 3664 quibus
2818 3592 3012 3648 forma
3058 3593 3234 3649 nobis
3261 3593 3542 3666 baptismi
3578 3594 3816 3667 praeﬁxa

2163 3687 2270 3748 est,
2302 3681 2396 3736 vel
2422 3686 2666 3753 propter
2695 3685 2958 3753 quatuor
2988 3682 3324 3737 cardinales
3376 3683 3652 3752 virtutes,
3697 3681 3815 3754 qui-

2160 3769 2278 3825 bus
2310 3769 2568 3842 quisque
2591 3769 2803 3837 fidelis,
2837 3769 2886 3824 si
2912 3785 3036 3826 non
3075 3770 3294 3826 frustra
3337 3770 3528 3826 ﬁdelis
3581 3776 3688 3838 est,
3729 3770 3817 3825 de-

2162 3858 2262 3913 bet
2294 3858 2536 3924 institui,
2561 3857 2656 3913 vel
2682 3863 2837 3914 certe
2870 3864 3115 3931 propter
3145 3864 3409 3932 quatuor
3433 3861 3653 3916 mundi
3696 3859 3810 3932 pla-

2162 3963 2289 4017 gas,
2315 3945 2539 4018 quibus
2576 3945 2884 4002 lavacrum
2925 3947 3132 4003 salutis
3158 3948 3546 4010 ministratur,
3593 3949 3813 4005 dicente

2163 4035 2656 4107 Psalmographo.
2685 4058 2711 4084 ‹‹
2748 4037 2908 4101 Quos
2933 4038 3187 4093 redemit
3204 4036 3279 4092 de
3302 4037 3655 4106 regionibus
3686 4053 3814 4094 con-

2165 4125 2436 4195 gregavit
2464 4142 2586 4193 eos,
2646 4142 2682 4182 a
2711 4127 2852 4182 solis
2883 4132 3016 4182 ortu
3045 4134 3103 4182 et
3141 4143 3380 4192 occasu,
3417 4127 3496 4183 ab
3537 4128 3813 4200 aquilone

2169 4219 2226 4270 et
2254 4215 2407 4270 mari
2436 4216 2560 4285 (Ps.
2604 4220 2732 4278 cvi).
2772 4239 2799 4265 ››
2829 4215 3001 4281 Quod
3053 4233 3192 4272 vero
3227 4232 3412 4289 supra
3441 4216 3624 4272 dixit:
3668 4214 3812 4289 pari-

2168 4309 2374 4376 terque
2394 4303 2660 4360 habebat
2697 4321 2888 4360 unum
2917 4305 3206 4371 cubitum,
3239 4310 3295 4360 et
3324 4321 3520 4378 neque
3556 4305 3663 4361 ubi
3692 4304 3812 4360 alti-

2167 4392 2457 4458 tudinem,
2481 4409 2560 4448 an
2586 4393 3045 4465 amplitudinem
3077 4393 3438 4465 signiﬁcaret
3474 4395 3712 4466 adjecit,
3740 4392 3814 4448 vi-

2162 4481 2335 4537 detur
2353 4482 2498 4553 quia
2514 4481 2771 4538 fundum
2801 4483 2990 4554 ipsius
3008 4483 3212 4539 luteris
3243 4484 3421 4539 unius
3449 4500 3579 4539 esse
3606 4482 3811 4556 ampli-

2164 4569 2386 4625 tudinis
2412 4571 2664 4627 voluerit
2693 4571 2959 4643 intelligi,
2991 4589 3126 4644 quae
3173 4577 3375 4628 autem
3414 4581 3501 4628 est
3533 4587 3812 4628 mensura

2160 4659 2297 4725 (nisi
2324 4659 2516 4727 fallor)
2545 4660 2706 4716 basis
2734 4661 2796 4716 in
2825 4677 2948 4732 qua
2969 4661 3197 4734 positus
3237 4666 3363 4717 erat
3381 4661 3641 4735 quisque
3668 4662 3811 4717 luter

2159 4747 2435 4803 facillime
2467 4749 2797 4819 conjicitur,
2827 4765 2962 4822 quae
2990 4750 3070 4805 ita
3098 4750 3488 4806 describitur:
3516 4774 3543 4801 ‹‹
3564 4756 3625 4807 In
3653 4767 3807 4806 sum-

2161 4837 2364 4893 mitate
2391 4843 2590 4894 autem
2616 4838 2781 4894 basis
2813 4844 2940 4895 erat
2959 4841 3245 4911 quaedam
3273 4841 3612 4898 rotunditas
3640 4841 3808 4896 unius

2159 4931 2216 4981 et
2245 4926 2474 4981 dimidii
2501 4927 2704 4994 cubiti,
2741 4929 2823 4983 ita
2867 4928 3194 4984 fabrefacta
3243 4935 3306 4984 ut
3355 4929 3508 4985 luter
3559 4930 3809 5002 desuper

2160 5020 2361 5086 posset
2383 5016 2633 5087 imponi,
2681 5017 2911 5072 habens
2942 5017 3256 5073 crrlaturas
3307 5035 3448 5074 suas
3496 5021 3806 5091 variasque

2161 5103 2497 5175 sculpturas
2524 5121 2594 5160 ex
2631 5106 2970 5176 semetipsa.
3004 5107 3259 5178 Sculpsit
3282 5123 3526 5180 quoque
3557 5109 3617 5164 in
3643 5109 3806 5164 tabu-

2157 5191 2293 5247 latis
2321 5192 2453 5258 illis,
2482 5210 2616 5265 quaa
2647 5199 2816 5249 erant
2843 5211 2914 5251 ex
2945 5211 3058 5251 aere
3090 5199 3147 5250 et
3200 5212 3333 5265 aere,
3368 5202 3423 5252 et
3471 5196 3533 5252 in
3578 5195 3806 5266 angulis

2159 5281 2470 5336 cherubim
2500 5287 2557 5336 et
2583 5281 2787 5337 leones
2817 5287 2873 5339 et
2902 5283 3159 5356 palmas,
3193 5285 3366 5357 quasi
3395 5285 3456 5340 in
3485 5284 3806 5341 similitudi-

2159 5383 2298 5424 nem
2331 5369 2540 5424 stantis
2565 5370 2846 5437 hominis,
2871 5376 2938 5428 ut
2974 5388 3096 5428 non
3134 5373 3364 5438 caelata,
3399 5373 3503 5429 sed
3536 5373 3805 5446 apposita

2158 5473 2265 5528 per
2293 5457 2605 5513 circuitum
2631 5458 2992 5516 viderentur.
3038 5465 3102 5515 ln
3160 5462 3321 5517 hunc
3377 5461 3631 5518 modum
3678 5461 3806 5518 fecit

2157 5545 2365 5600 decem
2418 5546 2599 5601 bases
2644 5547 2848 5602 fusura
2880 5565 3015 5615 una,
3059 5554 3116 5605 et
3146 5567 3431 5607 mensura
3479 5552 3803 5623 sculptura-

2155 5649 2273 5704 que
2295 5635 2608 5691 consimili.
2644 5637 2797 5692 Fecit
2825 5653 3068 5710 quoque
3099 5639 3309 5695 decem
3339 5639 3556 5697 luteres
3586 5655 3800 5696 aeneos.

2157 5723 2567 5794 Quadraginta
2640 5725 2816 5782 batos
2873 5726 3151 5799 capiebat
3215 5728 3368 5784 luter
3428 5746 3605 5795 unus,
3656 5731 3801 5784 erat-
