3940 6404
115 282 215 335 449

1067 282 1321 336 ENARR.
1364 281 1433 336 IN
1472 278 1730 336 LIBROS
1767 278 2032 337 REGUM.
2075 313 2144 322 —
2182 282 2251 338 IN
2292 284 2424 340 LIB.
2470 288 2561 342 Ill.

3427 289 3536 347 450

115 420 225 477 que
250 406 514 476 quatuor
537 369 899 484 cubitorum,
923 426 950 452 n
972 406 1029 458 et
1059 403 1306 477 reliqua.
1328 405 1604 462 Latitudo
1625 420 1768 474 ergo
1801 408 1845 459 A
1885 420 2008 477 quo
2056 406 2329 464 videlicet
2367 408 2636 477 ﬂumine,
2685 409 2974 466 Dominus
3025 414 3227 468 noster
3254 411 3548 486 baptizari

114 493 274 549 fundi
300 493 362 548 in
389 492 677 547 luteribus
704 481 880 547 unius
905 497 1030 549 erat
1061 493 1245 548 cubiti
1271 499 1328 549 et
1356 494 1609 560 dimidii,
1638 495 1771 567 ipsa

114 599 243 639 vero
273 582 577 654 capacitas
608 581 866 638 luterum
899 589 1158 655 quatuor
1201 583 1466 639 habebat
1514 584 1767 640 eubitos.

115 671 221 729 Sed
251 676 452 727 utrum
481 671 543 726 in
575 671 906 735 altitudine,
934 688 1014 728 an
1056 672 1117 728 in
1151 672 1567 746 amplitudine,
1601 688 1680 730 an
1707 673 1770 728 in

113 765 358 833 utroque
386 760 568 831 dicat,
595 761 733 833 quis
766 761 1001 817 noverit
1027 765 1054 818 ?

184 905 202 937 ι
247 888 312 941 Et
341 885 650 941 constituit
680 885 891 942 decem
922 885 1126 952 bases,
1160 887 1429 960 quinque
1460 886 1540 943 ad
1569 886 1772 943 dexte-

115 999 138 1024 ‹‹
178 991 305 1030 ram
337 979 569 1048 partem
628 976 855 1048 templi,
891 980 946 1031 et
977 977 1246 1048 quinque
1278 977 1352 1030 ad
1381 977 1705 1032 sinistram.
1741 996 1767 1026 ιι

116 1069 413 1121 Dexteram
440 1070 671 1136 partem
703 1065 906 1137 templi
939 1071 994 1120 et
1025 1066 1349 1129 sinistram,
1382 1082 1504 1120 non
1534 1065 1679 1121 istos
1710 1065 1771 1121 in

112 1154 235 1227 ipso
259 1153 502 1227 templo,
541 1153 647 1209 sed
677 1158 812 1210 ante
847 1155 1139 1227 templum
1182 1155 1396 1210 dicitur
1429 1174 1441 1210 :
1473 1155 1549 1211 ad
1576 1155 1771 1210 orien-

113 1243 282 1299 talem
338 1241 584 1314 plagam
643 1242 939 1313 videlicet,
996 1243 1056 1298 in
1109 1243 1258 1299 atrio
1313 1243 1573 1310 introire,
1606 1243 1772 1315 quod

114 1331 482 1388 sacerdotum
527 1333 768 1406 proprie
815 1333 1170 1389 vocabatur.
1211 1337 1279 1389 Ut
1322 1339 1523 1389 autem
1570 1333 1773 1406 posuit

113 1420 184 1476 ad
211 1420 516 1476 dexteram
547 1425 782 1494 partem
837 1421 1064 1493 templi,
1098 1427 1344 1495 propter
1384 1421 1623 1477 Judaeos
1664 1422 1769 1495 qui

105 1509 332 1580 justitiaa
372 1525 480 1582 per
523 1509 861 1566 doctrinam
906 1510 1054 1580 legis
1103 1511 1432 1583 antiquitus
1484 1511 1568 1566 uti
1622 1511 1793 1566 sole-.

111 1598 262 1653 bant.
307 1601 372 1654 Et
418 1599 691 1672 quinque
737 1599 814 1654 ad
866 1599 1190 1670 sinistram,
1225 1604 1472 1673 propter
1523 1616 1634 1655 nos
1664 1599 1768 1673 qui

111 1703 258 1742 caeco
313 1687 540 1744 diutius
590 1687 771 1743 corde
826 1688 1088 1744 servituti
1132 1688 1598 1744 adhaerebamus
1639 1689 1767 1760 ejus

110 1775 202 1848 qui
233 1775 312 1831 ait
337 1793 349 1830 :
385 1779 614 1832 Ponam
642 1776 853 1832 sedem
875 1793 1076 1833 meam
1101 1777 1180 1833 ad
1202 1777 1573 1849 aquilonem,
1602 1743 1763 1850 quod
1797 1759 1841 1814 Β
1877 1758 2002 1850 (ΞΜ
2023 1743 2258 1850 dlcftgf’

111 1870 192 1920 est
220 1872 419 1938 aperte
451 1866 670 1934 dicere,
701 1865 818 1921 illis
850 1867 911 1922 in
942 1867 1226 1923 cordibus
1263 1869 1638 1941 requiescere
1670 1867 1769 1922 de-

112 1954 314 2021 sidero,
341 1972 480 2028 quae
508 1972 545 2012 a
573 1955 704 2012 luce
732 1956 994 2012 veritatis
1025 1961 1081 2013 et
1110 1957 1361 2013 ﬂamma
1381 1956 1599 2013 divinae
1629 1957 1768 2012 cha-

113 2045 282 2100 ritatis
315 2045 514 2102 aliena
544 2062 671 2101 esse
702 2045 1040 2103 considero.
1077 2071 1104 2096 ‹‹
1137 2049 1288 2104 Mare
1320 2051 1522 2102 autem
1569 2045 1771 2119 posuit

113 2159 135 2185 «
175 2135 249 2192 ad
278 2135 587 2192 dexteram
621 2141 856 2209 partem
889 2135 1097 2210 templi
1131 2141 1340 2192 contra
1371 2136 1661 2193 orientem
1690 2135 1768 2192 ad

112 2250 136 2275 α
175 2227 501 2283 meridiem.
536 2248 564 2276 »
607 2229 672 2282 Et
719 2227 836 2283 hoc
867 2227 927 2283 in
959 2228 1175 2283 eodem
1207 2227 1355 2283 atrio
1387 2227 1650 2300 positum
1682 2231 1771 2282 est

111 2315 181 2371 ad
226 2316 536 2372 orientem.
580 2316 754 2382 Quod
801 2322 1005 2374 autem
1051 2316 1130 2373 ad
1177 2317 1484 2373 dexteram
1531 2321 1764 2390 partem

111 2405 322 2478 templi,
355 2407 471 2461 hoc
522 2411 611 2462 est
653 2405 821 2478 quod
865 2407 1079 2478 repetit
1128 2405 1356 2471 dicens,
1391 2428 1418 2454 «
1451 2405 1529 2462 ad
1588 2405 1767 2461 meri-

111 2493 278 2550 diem.
309 2495 848 2565 »lngredientibus
899 2496 1061 2551 enim
1109 2495 1329 2551 atrium
1379 2495 1457 2551 ab
1519 2495 1762 2557 oriente.

111 2585 290 2656 primo
333 2585 754 2641 divertendum
783 2590 911 2642 erat
953 2585 1031 2642 ad
1083 2585 1418 2650 meridiem,
1455 2586 1560 2641 ubi
1598 2602 1768 2642 mare

114 2673 167 2729 in
193 2675 318 2748 ipso
347 2675 576 2745 angulo
608 2675 805 2731 stabat
841 2675 920 2732 ad
958 2675 1294 2732 lavandum
1353 2675 1768 2732 sacerdotibus

114 2771 388 2838 paratum.
441 2766 666 2822 Deinde
709 2765 1235 2839 progre:iientibus
1283 2765 1440 2822 intro
1489 2782 1764 2822 occurre-

112 2853 246 2911 bant
269 2855 483 2912 luteres
517 2854 598 2910 ad
626 2855 921 2911 lavandas
951 2855 1178 2911 hostias
1209 2855 1287 2910 ab
1317 2860 1572 2928 utraque
1596 2860 1763 2928 parte

112 2944 292 3016 positi.
329 2949 485 3001 intra
515 2945 626 3000 hos
651 2944 816 3000 basis
844 2949 971 3001 erat
999 2961 1188 3014 aenea,
1216 2943 1487 3017 quinque
1535 2945 1764 3002 cubito-

112 3049 233 3089 rum
266 3033 618 3103 altitudinis,
642 3038 698 3090 et
726 3034 996 3107 quinque
1029 3033 1371 3090 cubitorum
1410 3034 1762 3102 latitudinis,

113 3084 1253 3194 sas;5.11.3155;amisss:aa‘
1270 3084 1393 3196 ᾇῖει
1411 3084 1768 3181 Exigis;
1797 3120 1836 3176 c
1873 3084 2323 3196 {‘jflﬁl‘ifﬁﬁii’

112 3210 320 3280 lomon,
363 3218 418 3269 et
448 3211 775 3269 dedicabat
807 3211 1121 3285 templum.
1156 3212 1379 3268 Deinde
1425 3211 1579 3268 ultra
1628 3229 1765 3286 pro-

114 3301 524 3371 gredientibus,
559 3301 914 3359 occurrebat
944 3301 1128 3358 altare
1171 3301 1506 3358 holocausti
1556 3307 1766 3358 contra

112 3391 357 3448 medium
409 3391 582 3449 atrii:
612 3392 830 3448 deinde
862 3393 1130 3465 porticus
1165 3391 1394 3464 templi,
1427 3391 1551 3448 sive
1591 3391 1765 3448 vesti-

110 3478 325 3549 bulum,
351 3482 412 3538 in
444 3499 574 3556 quo
605 3487 774 3538 erant
804 3481 1102 3538 columnae
1135 3498 1305 3538 aereas
1354 3480 1511 3537 circa
1541 3481 1762 3537 ostium

113 3572 318 3644 templi.
350 3573 529 3640 Quod
556 3589 700 3644 ergo
748 3588 915 3628 mare
945 3572 1144 3646 posuit
1175 3571 1252 3628 ad
1295 3571 1602 3627 dexteram
1631 3588 1765 3645 par-

109 3662 215 3716 tem
244 3663 467 3736 templi,
503 3661 805 3732 signiﬁcat
829 3678 941 3717 nos
973 3677 1081 3735 per
1117 3661 1428 3718 lavacrum
1477 3661 1762 3734 baptismi

109 3750 177 3806 ad
218 3769 467 3824 regnum
498 3753 740 3809 cmleste
771 3752 961 3825 (quod
1009 3753 1143 3823 jure
1196 3751 1496 3808 vocabulo
1541 3752 1762 3808 dextras

109 3840 403 3914 ﬁguratur)
434 3843 659 3901 debere
693 3843 1027 3916 pervenire.
1054 3865 1080 3890 «
1115 3841 1225 3908 Qui
1255 3843 1415 3897 enim
1449 3842 1764 3898 crediderit

110 3937 157 3985 et
183 3931 511 4005 baptizatus
535 3933 733 4002 fuerit,
769 3931 971 3987 salvus
1001 3933 1108 3987 erit
1135 3933 1349 3999 (Marc.
1374 3932 1516 4003 xvx).
1547 3954 1572 3981 »
1601 3934 1768 3987 Eam-

110 4034 212 4091 que
243 4021 339 4077 ubi
368 4022 578 4078 dextra
612 4020 791 4076 simul
827 4024 881 4076 et
913 4020 1150 4076 sinistra
1179 4021 1238 4075 in
1271 4019 1434 4077 bono
1465 4020 1766 4093 accipiun-

111 4111 210 4176 tur,
238 4110 326 4166 vel
361 4111 637 4167 Judaaam
668 4116 725 4166 et
755 4109 1144 4181 gentilitatem
1177 4110 1264 4180 (ut
1300 4109 1362 4164 in
1392 4109 1764 4182 expositione

109 4194 327 4255 basium
384 4216 572 4273 supra
621 4199 908 4270 diximus)
940 4198 1034 4254 vel
1082 4203 1438 4271 praesentem
1491 4197 1762 4254 Ecclesiae

109 4286 273 4344 vitam
299 4295 353 4345 et
378 4290 669 4359 futuram,
699 4289 790 4344 vel
818 4289 954 4344 lzeta
985 4293 1041 4344 et
1068 4288 1273 4351 tristia,
1308 4287 1402 4343 vel
1435 4287 1637 4360 aliqua
1663 4287 1764 4343 de-

110 4375 288 4446 signat
315 4379 692 4450 hujusmodi.
729 4379 836 4436 Ubi
863 4395 1000 4434 vero
1033 4377 1307 4434 absolute
1362 4377 1422 4432 in
1453 4377 1617 4433 bono
1649 4393 1757 4450 po-

106 4467 250 4523 nitur
275 4469 538 4540 dextera,
567 4473 792 4526 aeterna
824 4468 1044 4541 saepius
1104 4469 1328 4538 gaudia
1360 4467 1752 4524 demonstrat.
1789 4479 1832 4532 Ι)

109 4556 264 4620 Quod
288 4575 426 4615 vero
457 4565 670 4616 contra
696 4559 987 4615 orientem
1013 4558 1216 4632 posuit
1241 4573 1430 4628 mare,
1472 4558 1550 4613 ad
1590 4572 1757 4612 eam-

109 4644 232 4703 dem
256 4665 440 4723 prope
473 4648 978 4722 signiﬁcationem
1005 4649 1264 4721 respicit,
1291 4647 1456 4721 quod
1485 4646 1758 4704 videlicet

108 4748 202 4806 per
227 4737 531 4796 lavacrum
563 4739 719 4796 sacri
752 4739 952 4807 fontis,
983 4737 1272 4811 splendor
1301 4737 1478 4794 nobis
1508 4737 1755 4793 interna:

109 4823 367 4884 claritatis
419 4830 732 4904 aperitur:
788 4829 959 4895 Quod
1019 4828 1099 4884 ad
1155 4827 1560 4884 meridianum
1600 4827 1756 4884 latus

109 4916 243 4985 atrii,
275 4919 571 4989 signiﬁcat
596 4919 803 4976 ﬁdeles
831 4935 938 4992 per
960 4919 1372 4990 acceptionem
1413 4917 1601 4973 sancti
1627 4917 1755 4989 Spi-

108 5003 258 5072 ritus,
290 5009 366 5064 ad
398 5010 780 5080 flagrantiam
808 5009 997 5064 solere
1028 5023 1182 5063 verae
1215 5007 1519 5063 charitatis
1542 5023 1754 5062 accen-

109 5091 178 5148 di.
233 5099 439 5154 Fervor
487 5099 708 5154 etenim
770 5096 1088 5154 meridiani
1139 5095 1280 5153 solis
1330 5095 1639 5152 consuevit
1692 5096 1755 5152 in

112 5182 422 5258 Scripturis,
449 5192 506 5244 et
531 5188 813 5244 ardorem
836 5186 1189 5255 dilectionis,
1215 5190 1273 5242 et
1294 5185 1755 5242 illustrationem

111 5270 419 5341 signiﬁcare
451 5278 642 5334 sancti
676 5277 950 5351 Spiritus,
976 5293 1085 5350 per
1117 5291 1301 5349 quem
1323 5274 1538 5332 eadem
1569 5273 1752 5331 dilec-

113 5358 180 5416 tio
206 5363 565 5424 diﬂ‘undetur
589 5367 650 5424 in
678 5367 964 5424 cordibus
992 5366 1340 5423 electorum.

173 5518 197 5544 «
236 5500 442 5558 Omnia
469 5518 619 5558 vasa
648 5518 784 5575 quae
816 5501 950 5558 fecit
979 5501 1179 5557 Hiram
1211 5499 1336 5570 regi
1365 5497 1672 5555 Salomoni
1693 5497 1754 5554 in

116 5601 140 5633 ‹
174 5585 342 5646 domo
386 5592 618 5648 Domini
668 5592 744 5648 de
793 5591 1141 5649 aurichalco
1192 5594 1383 5646 erant.
1415 5591 1480 5644 In
1511 5588 1753 5659 regione

117 5689 141 5721 ι
177 5675 434 5736 Jordanis
456 5681 609 5737 fudit
629 5698 701 5738 ea
724 5698 824 5737 rex
849 5683 910 5737 in
938 5681 1222 5752 argillosa
1253 5685 1427 5735 terra.
1461 5699 1486 5726 ιι
1519 5681 1670 5750 Apte
1693 5677 1753 5734 in

116 5766 330 5833 regione
354 5772 631 5829 Iordanis
659 5772 796 5829 fusa
817 5777 958 5829 sunt
985 5787 1140 5829 vasa
1163 5771 1384 5828 domus
1416 5767 1672 5838 Domini,
1688 5767 1751 5825 in

1881 494 2162 564 dignatus
2184 503 2292 564 est,
2310 499 2566 571 ejusque
2593 499 2809 555 tinctus
2837 500 3015 555 undis
3033 516 3337 573 aquarum
3364 503 3540 559 nobis

1881 583 2246 642 elementum
2274 587 2335 642 in
2369 587 2674 644 ablutione
2702 594 3110 660 peccatorum,
3143 593 3451 647 convertit.
3472 595 3540 648 Et

1879 673 2024 742 quia
2048 690 2228 731 omne
2249 675 2519 744 ﬁdelium
2541 676 2864 750 baptisma,
2884 693 3008 750 quo
3041 678 3294 736 Domino
3325 695 3540 736 conse-

1879 764 2220 832 crantur,in
2244 765 2591 838 exemplum
2622 766 2956 823 celebratur
2985 767 3368 840 baptismatis
3389 768 3546 825 illius

1879 866 2003 922 quo
2023 852 2155 924 ipse
2179 870 2372 926 aquas
2405 854 2759 926 sanctiﬁcat,
2783 860 2939 911 recte
2970 856 3030 911 in
3063 856 3308 928 regione
3335 859 3544 914 Jorda-

1878 938 1972 994 nis
2001 957 2146 997 vasa
2168 947 2305 998 sunt
2339 943 2572 998 Domini
2596 945 2774 1002 facta.
2793 960 2988 1017 neque
3018 945 3178 1000 enim
3211 945 3379 1002 aliter
3399 962 3547 1003 vasa

1879 1028 2182 1085 electionis
2205 1037 2262 1087 et
2284 1033 2704 1088 misericordiae
2735 1033 2863 1088 ﬁeri
2891 1049 3244 1106 possumus,
3263 1035 3377 1090 nisi
3407 1035 3541 1091 etin

1877 1117 2182 1189 baptismo
2226 1121 2356 1191 ejus
2387 1121 2552 1193 quod
2605 1121 2707 1177 illo
2734 1121 2795 1176 in
2826 1121 3076 1178 ﬂumine
3127 1122 3310 1179 subiit
3354 1122 3545 1196 respi-

1880 1206 2123 1279 cientes,
2151 1212 2207 1263 et
2234 1208 2348 1280 ipsi
2381 1208 2542 1264 vitali
2574 1209 2823 1265 ﬂumine
2853 1211 3183 1280 satagimus
3214 1211 3399 1267 ablui.
3428 1215 3544 1268 No-

1879 1295 2135 1351 tandum
2167 1301 2369 1352 autem
2400 1297 2567 1369 quod
2617 1314 2740 1354 non
2772 1303 3006 1355 tantum
3038 1299 3098 1353 in
3125 1299 3370 1370 regione
3423 1303 3546 1357 Jor-

1880 1386 2080 1452 (lanis,
2115 1387 2220 1442 sed
2243 1387 2305 1442 in
2332 1388 2658 1462 campestri
2687 1389 2932 1457 regione
2959 1389 3116 1444 illius
3145 1389 3303 1446 facta
3333 1391 3537 1446 dicun-

1879 1480 1974 1531 tur
2001 1475 2212 1532 eadem
2245 1494 2412 1543 vasa,
2438 1478 2787 1547 signiﬁcans
2808 1477 3369 1550 multiplicationem
3396 1480 3545 1535 tide-

1876 1565 2048 1632 lium,
2067 1582 2203 1638 qua:
2235 1582 2358 1622 non
2378 1566 2574 1622 solum
2604 1567 2666 1622 in
2696 1567 2929 1634 Judaea,
2962 1567 3066 1622 sed
3099 1571 3155 1623 et
3177 1568 3238 1623 in
3268 1584 3544 1624 omnium

1879 1654 2195 1710 nationum
2222 1660 2347 1712 erat
2376 1655 2686 1712 latitudine
2713 1656 2933 1724 futura,
2963 1655 3197 1729 expleta
3223 1657 3542 1729 prophetia

2291 1767 2318 1792 «
2354 1745 2711 1801 Gaudebunt
2757 1745 2959 1818 campi
2985 1749 3039 1801 et
3071 1745 3278 1801 omnia
3319 1761 3458 1818 quae
3481 1745 3544 1801 in

1879 1832 1962 1888 eis
1994 1838 2134 1888 sunt
2156 1835 2347 1900 (Psal.
2379 1837 2531 1906 xcv).
2569 1857 2596 1884 ››
2645 1834 2938 1904 Argillosa
2987 1839 3191 1890 autem
3241 1838 3417 1903 terra,
3468 1834 3544 1891 de

1876 1937 2002 1994 qua
2031 1921 2200 1978 factas
2230 1927 2371 1978 sunt
2396 1923 2605 1979 forma:
2637 1922 2715 1979 ad
2746 1922 3058 1979 fundenda
3084 1939 3233 1980 vasa
3282 1923 3542 1996 Domini,

1876 2012 2022 2085 quid
2057 2013 2269 2068 melius
2300 2030 2487 2086 quam
2543 2013 2848 2085 Scriptura
2876 2029 3048 2069 sacra
3086 2013 3184 2084 (de
3212 2029 3338 2086 qua
3364 2029 3543 2084 regu-

1875 2101 1998 2158 lam
2026 2101 2182 2158 bene
2212 2102 2446 2158 vivendi
2467 2102 2824 2175 accipimus)
2845 2101 3004 2158 valet
3054 2100 3344 2172 intelligi?
3365 2101 3544 2174 quasi

1875 2191 2037 2248 enim
2067 2192 2279 2262 argilla
2303 2192 2546 2263 ignibus
2574 2191 2792 2248 durata
2820 2191 3083 2248 formam
3098 2191 3260 2248 vasis
3281 2191 3540 2263 Domini,

1874 2286 2106 2354 quanta
2135 2287 2190 2338 et
2219 2282 2426 2354 qualia
2446 2281 2573 2337 ﬁeri
2596 2281 2858 2337 debeant
2883 2281 3142 2351 exhibet,
3177 2298 3316 2337 cum
3365 2280 3542 2338 nobis

1876 2371 2179 2444 Scriptura
2206 2387 2378 2428 sacra
2409 2371 2679 2444 regulam
2702 2371 2950 2443 justitiaa
2974 2388 3162 2444 quam
3211 2387 3543 2444 sequamur

1875 2462 2156 2526 ostendit,
2183 2466 2657 2535 sanctorumque
2713 2461 2890 2517 nobis
2936 2460 3213 2534 exempla
3260 2461 3366 2528 qui
3402 2461 3542 2532 igne

1877 2551 2332 2607 tribulationum
2357 2550 2731 2606 invincibiles
2757 2551 3319 2623 perseverarunt,in
3349 2549 3543 2607 omni-

1871 2639 1989 2696 bus
2025 2641 2336 2714 sequenda
2358 2641 2931 2713 praemonstrat.Sed
2950 2656 3098 2696 vasa
3124 2640 3186 2694 in
3218 2639 3402 2696 domo
3435 2643 3543 2696 Do-

1875 2730 2023 2786 mini
2054 2730 2244 2788 electa
2295 2746 2365 2786 ac
2395 2729 2657 2803 pretiosa
2697 2746 2826 2786 esse
2875 2729 3304 2802 conspicimus,
3334 2743 3540 2802 aesque

1870 2818 2010 2889 igne
2032 2819 2422 2892 liquefactum
2443 2818 2610 2892 quod
2643 2818 2867 2889 argillas
2889 2818 3114 2874 formas
3145 2817 3535 2898 ingredimur,

1873 2924 1998 2982 qua
2026 2925 2134 2963 vas
2165 2908 2356 2980 possit
2382 2912 2593 2980 aptum
2623 2907 2966 2962 ministeriis
2997 2905 3338 2963 caelestibus
3362 2904 3537 2973 efﬁci,

1873 3014 2016 3054 cum
2045 2997 2159 3070 ipsi
2191 2996 2509 3052 salubriter
2536 2995 2852 3063 humiliati,
2878 3000 2936 3051 et
2961 2995 3213 3051 ﬂamma
3245 2995 3370 3050 sive
3396 2993 3542 3050 divi-

2373 3085 2495 3140 sive
2569 3084 2752 3140 etiam
2814 3084 3099 3138 humanae
3165 3081 3542 3138 adversitatis

1873 3173 2142 3245 emolliti,
2174 3173 2332 3228 viam
2378 3177 2623 3245 patrum
2671 3171 2826 3227 bene
2858 3171 3191 3243 operando,
3221 3171 3538 3237 intramus,

1873 3267 1939 3319 ut
1965 3263 2043 3318 ad
2073 3261 2325 3336 praemia
2355 3265 2598 3334 patrum
2618 3259 2772 3316 bene
2796 3259 3055 3315 vivendo
3086 3258 3536 3332 perveniamus.

1948 3373 1975 3401 «
2021 3351 2293 3423 Fecitque
2316 3349 2601 3406 Salomon
2634 3349 2840 3405 omnia
2860 3363 3010 3404 vasa
3037 3347 3098 3403 in
3127 3351 3316 3404 Domo
3345 3346 3542 3402 Domi-

1873 3464 1902 3494 α
1944 3442 2038 3498 ni:
2064 3441 2259 3497 Altare
2281 3456 2532 3496 aureum
2557 3443 2614 3496 et
2627 3455 2904 3495 mensam
2937 3453 3118 3510 super
3142 3453 3330 3511 quam
3349 3453 3538 3510 pone-

1874 3555 1903 3583 «
1945 3536 2152 3587 rentur
2180 3546 2370 3604 panes
2401 3529 2832 3602 propositionis
2868 3544 3140 3584 auream.
3167 3549 3195 3578 »
3222 3527 3418 3583 Altare
3439 3543 3540 3583 au-

1872 3638 2043 3678 reum
2071 3620 2258 3676 corda
2279 3617 2578 3690 signiﬁcat
2602 3618 3002 3691 perfectorun:
3023 3617 3348 3688 justorum,
3366 3616 3541 3672 inter-

1871 3728 1967 3768 nae
1997 3710 2302 3767 charitatis
2349 3713 2405 3765 et
2450 3708 2739 3764 castitatis
2781 3707 2913 3763 luce
2972 3722 3244 3773 corusca,
3276 3720 3540 3778 quorum

1874 3798 2227 3857 sublimitati
2258 3797 2670 3868 signiﬁcanda;
2693 3797 2873 3852 etiam
2893 3795 3062 3851 locus
3083 3794 3364 3851 convenit
3386 3794 3542 3865 ejus-

1873 3891 2015 3946 dem
2037 3887 2262 3945 altaris.
2300 3886 2507 3944 Stabat
2553 3885 2715 3941 enim
2746 3889 2882 3940 ante
2913 3883 3133 3939 ostium
3169 3883 3366 3939 Sancti
3399 3898 3538 3939 san-

1874 3983 2130 4043 ctorum,
2161 3982 2225 4031 ut
2253 3975 2316 4032 in
2340 3976 2570 4032 factura
2618 3972 2989 4029 tabernaculi
3036 3972 3350 4027 manifeste
3397 3970 3540 4040 legi-

1871 4084 2030 4123 mus.
2055 4066 2120 4121 In
2141 4081 2263 4138 quo
2288 4063 2564 4121 videlicet
2585 4062 2755 4118 altari
2774 4078 2897 4118 non
2928 4060 3264 4117 hostiarum
3293 4059 3541 4130 sanguis

1873 4172 2071 4228 neque
2100 4154 2415 4222 libamina,
2434 4152 2541 4208 sed
2571 4151 2975 4224 thymiamata
2998 4154 3234 4206 tantum
3263 4149 3542 4207 incende-

1871 4245 2117 4315 bantur,
2149 4259 2412 4316 quorum
2457 4243 2661 4298 fumus
2704 4241 2778 4298 ad
2815 4240 3127 4315 superiora
3177 4239 3540 4306 ascendens,

1871 4333 2184 4407 operiebat
2213 4348 2442 4402 arcam,
2465 4337 2646 4404 atque
2675 4330 2991 4388 oraculum
3012 4330 3199 4386 odore
3229 4327 3540 4385 suavitatis

1870 4422 2183 4496 implebat.
2217 4425 2280 4476 In
2309 4437 2432 4494 quo
2463 4419 2660 4491 ﬁgura
2687 4419 3137 4492 exprimebatur
3165 4421 3538 4483 sanctorum,

1869 4513 1974 4586 qui
2006 4513 2155 4569 dum
2185 4511 2472 4582 neglectis
2495 4509 2923 4583 temporalium
2961 4525 3166 4566 rerum
3199 4505 3538 4580 cupiditati-

1871 4603 2005 4673 bus,
2036 4607 2158 4660 tota
2186 4601 2512 4658 intentione
2568 4599 2836 4656 coelestia
2873 4601 3154 4671 quaerunt
3188 4618 3200 4652 :
3230 4596 3291 4652 in
3344 4596 3540 4650 vicino

1869 4692 2092 4749 oraculi
2139 4697 2280 4747 sunt
2322 4691 2520 4763 positi,
2552 4707 2662 4746 nec
2692 4689 2869 4758 longe
2897 4691 3036 4743 sunt
3064 4685 3280 4742 remoti
3317 4700 3355 4740 a
3377 4683 3536 4754 velo,

1866 4800 1990 4856 quo
2017 4780 2311 4855 templum
2341 4785 2398 4835 et
2417 4782 2635 4836 Sancta
2655 4782 3004 4835 sanctorum
3026 4775 3412 4841 dirimuntur,
3430 4772 3539 4845 qui

1867 4888 2116 4945 corpore
2149 4876 2367 4928 terram
2397 4867 2686 4936 incolunt,
2711 4870 2994 4922 caeterum
3026 4862 3363 4919 secundum
3385 4862 3535 4918 inte-

1865 4961 2085 5017 riorem
2113 4958 2425 5016 hominem
2452 4960 2641 5012 totam
2670 4955 2898 5011 habent
2925 4951 3450 5010 conversationem
3471 4951 3535 5007 in

1864 5050 2049 5106 caelis.
2083 5048 2488 5120 Ascenditque
2517 5046 2595 5102 ab
2621 5042 2976 5116 hujusmodi
3006 5042 3179 5099 altari
3209 5041 3413 5098 fumus
3444 5042 3534 5098 in-

1864 5154 2186 5195 censorum
2212 5137 2369 5192 intra
2399 5139 2609 5192 sancta
2637 5137 2985 5190 sanctorum
3017 5132 3124 5188 ubi
3161 5147 3304 5188 arca
3335 5135 3424 5188 est
3453 5147 3545 5188 re-

1864 5229 2127 5296 condita,
2159 5243 2300 5282 cum
2325 5225 2626 5281 orationes
2673 5225 3025 5280 sanctorum
3057 5222 3310 5278 ﬂamma
3342 5220 3538 5276 chari-

1865 5318 1998 5375 tatis
2040 5315 2330 5380 excitatas,
2368 5313 2447 5371 ad
2490 5312 2712 5369 caalum
2756 5327 2949 5385 usque
2995 5309 3397 5385 perveniunt:
3435 5307 3542 5364 ubi

1864 5406 2132 5463 Christus
2158 5408 2248 5460 est
2268 5403 2330 5458 in
2347 5401 2594 5459 dextera
2618 5401 2718 5458 Dei
2740 5400 2978 5456 sedens.
3003 5401 3132 5455 Non
3157 5395 3320 5453 enim
3340 5395 3404 5452 in
3426 5396 3543 5453 hoc

1866 5495 2040 5554 altari
2071 5492 2322 5564 sanguis
2370 5491 2730 5558 hostiarum,
2765 5487 2873 5544 sed
2921 5486 3261 5560 thymiama
3308 5489 3540 5542 tantum

1865 5583 2224 5648 incenditur,
2252 5580 2398 5654 quia
2429 5579 2579 5637 tales
2612 5579 2716 5635 viri
2742 5593 2866 5634 non
2887 5577 3115 5634 habent
3135 5591 3322 5649 opera
3347 5575 3544 5633 carnis

1868 5681 1925 5732 et
1968 5671 2300 5742 sanguinis,
2335 5687 2470 5743 quas
2503 5670 2561 5725 in
2621 5685 2726 5725 ara
2780 5667 2872 5722 sui
2929 5666 3127 5723 cordis
3161 5665 3546 5722 immolantes

1867 5764 2123 5822 Domino
2156 5765 2443 5834 mactent,
2470 5759 2576 5817 sed
2610 5757 3012 5817 solummodo
3057 5757 3470 5828 lacrymarum
3518 5768 3550 5808 e
