3940 6406
454 308 557 366 451

1559 299 1918 358 ANGELOM
1970 296 2430 354 LUXMENSIB
2462 298 2780 356 ΜΟΝΑΟΙΠ

3760 295 3851 350 ιω

456 429 745 488 orationis
764 427 816 483 ei
842 431 1002 492 vota,
1030 441 1143 505 pro
1167 426 1464 482 desiderio
1493 425 1663 495 regni
1689 421 1947 480 caelestis
1971 418 2112 474 oﬁ‘e—
2141 423 2187 476 Α
2226 420 2469 493 quit,.in
2497 424 2825 493 conspectu
2852 434 2990 475 meo
3022 432 3296 474 mensam
3334 416 3624 474 adversus
3646 432 3749 473 eos
3766 417 3853 489 qui

455 523 614 576 runt.
648 541 677 569 ι(
711 517 863 573 Fecit
882 532 1131 588 quoque
1161 515 1345 571 altare
1377 530 1613 570 aeneum
1646 511 1855 581 viginti
1885 508 2116 564 cubito-

454 624 591 666 rum
622 604 1033 677 longitudinis,
1066 610 1123 660 et
1151 604 1357 673 viginti
1388 604 1728 660 cubitorum
1758 598 2112 665 latitudinis,

456 702 514 754 et
537 697 745 754 decem
772 694 1113 749 cubitorum
1143 692 1491 749 altitudinis.
1521 714 1547 743 »
1566 695 1633 748 Et
1651 691 1898 764 quidem
1932 686 2115 742 altare

452 782 867 858 thymiamatis
888 783 1079 837 loses
1098 780 1235 836 fecit
1256 781 1319 836 in
1345 796 1569 851 eremo,
1588 779 1824 835 habens
1842 776 2115 832 cubitum

451 857 860 943 longitudinis,
893 875 950 926 et
978 870 1232 926 alterum
1274 868 1629 943 latitudinis,
1656 873 1713 923 et
1740 868 1897 923 duos
1945 862 2114 920 cubi-

450 967 544 1019 tos
574 961 636 1017 in
666 960 999 1017 altitudine.
1031 958 1280 1019 Quantae
1312 963 1513 1014 autem
1544 953 1979 1025 magnitudinis
2000 954 2114 1008 hoc

450 1050 726 1125 superius
754 1049 981 1105 dictum
1015 1048 1199 1105 altare
1228 1047 1515 1104 Salomon
1563 1046 1764 1102 fecerit
1814 1044 2116 1116 Scriptura

448 1139 737 1212 praedicit,
767 1138 871 1194 sed
903 1142 1108 1193 tamen
1161 1136 1327 1210 quod
1379 1136 1565 1192 altare
1610 1150 1861 1190 aureum
1893 1131 2109 1196 fecerit,

447 1228 609 1285 dicit.
644 1231 889 1286 Constat
926 1232 1128 1282 autem
1158 1226 1303 1298 quia
1344 1229 1582 1281 tantum
1632 1224 1827 1280 facere
1858 1236 1980 1276 non
2010 1236 2114 1293 po-

449 1318 579 1389 tuit,
604 1322 902 1391 quantum
930 1316 1068 1371 fecit
1098 1313 1454 1382 holocausti,
1486 1314 1630 1386 quia
1676 1313 1723 1367 si
1780 1310 1985 1379 viginti
2011 1325 2111 1364 cu—

446 1405 712 1461 bitorum
740 1404 802 1460 in
832 1403 1206 1473 longitudine
1234 1407 1291 1458 et
1319 1402 1630 1458 latitudine
1661 1401 1886 1457 factum
1935 1402 2107 1462 esset,

449 1498 639 1551 totam
688 1492 895 1566 templi
932 1492 1306 1549 latitudinem
1338 1490 1631 1564 impleret.
1662 1493 1904 1556 Quanto
1932 1487 2113 1557 igitur

449 1583 709 1639 exterius
736 1587 863 1639 erat
917 1582 1181 1654 positum
1234 1581 1418 1637 altare
1449 1580 1783 1636 holocausti
1811 1593 1997 1651 quam
2028 1576 2115 1629 in-

450 1672 635 1742 censi,
669 1674 1088 1743 quantumque
1131 1685 1345 1740 genere
1395 1667 1732 1734 oblationis,
1766 1683 1835 1722 ac
1895 1664 2111 1719 vilitate

2224 509 2513 566 tribulam
2544 527 2641 566 me
2669 510 2855 580 (Psal.
2878 508 3042 579 xxu).
3067 526 3098 561 ›
3126 511 3203 563 Ne
3234 507 3393 563 enim
3422 522 3538 563 nos
3559 505 3854 562 adversarii

2224 600 2576 656 tribulantes
2593 601 2669 656 ad
2687 615 2952 655 errorem
2975 597 3237 661 ﬂectant,
3263 613 3536 653 mensam
3556 594 3730 652 nobis
3740 612 3857 651 coa-

2220 687 2380 743 ditor
2404 694 2607 745 noster
2627 688 2889 745 scientiae
2911 686 3190 753 caelestis,
3212 702 3319 759 per
3337 701 3528 759 quam
3556 686 3621 741 in
3650 684 3761 740 ﬁde
3780 701 3857 741 ve-

2222 776 2409 831 ritatis
2433 778 2857 844 confortemur,
2881 775 3135 848 paravit.
3164 778 3353 831 Panes
3374 789 3641 846 namque
3668 788 3857 846 propo-

2224 865 2451 921 sitionis
2475 866 2663 927 sancti
2698 864 3147 932 suntdoctores,
3165 879 3427 938 quorum
3453 862 3547 918 vel
3577 877 3757 936 opera
3773 877 3858 916 no-

2220 952 2337 1027 bis,
2365 954 2458 1010 vel
2485 955 2669 1011 verba
2697 954 3000 1019 salutaria,
3025 953 3103 1010 ad
3133 951 3478 1026 exemplum
3507 952 3642 1007 vita:
3668 966 3859 1023 propo-

2225 1042 2357 1114 sita,
2390 1059 2627 1116 semper
2654 1042 2717 1099 in
2747 1042 2967 1099 divinis
2991 1040 3229 1114 paginis
3253 1040 3509 1113 quisque
3539 1039 3694 1096 bene
3720 1054 3857 1111 quee-

2221 1130 2312 1197 rit,
2345 1130 2594 1187 invenit.
2626 1130 2791 1187 Unde
2847 1134 3005 1186 recte
3062 1134 3320 1201 apteque
3364 1128 3547 1185 iidem
3594 1142 3774 1201 panes
3810 1126 3857 1180 in

2222 1220 2426 1277 Exodo
2451 1219 2771 1276 duodecim
2796 1219 2928 1274 ﬁeri
2952 1219 3235 1291 praecepti
3258 1223 3415 1284 sunt,
3447 1215 3719 1273 videlicet
3745 1230 3863 1288 pro-

2220 1313 2349 1381 pter
2377 1308 2683 1379 apostolos
2707 1307 3051 1373 duodecim,
3078 1322 3185 1380 per
3205 1322 3466 1379 quorum
3486 1304 3858 1369 ministerium

2220 1403 2276 1452 et
2299 1397 2474 1455 nobis
2514 1398 2816 1470 Scriptura
2838 1397 2989 1453 Novi
3027 1396 3381 1452 Testamenti
3415 1394 3659 1454 condita
3695 1399 3793 1460 est,
3817 1399 3862 1448 et

2218 1488 2598 1545 instrumenti
2656 1488 2901 1555 Veteris,
2952 1486 3218 1544 donante
3280 1485 3562 1556 Domino,
3627 1484 3861 1545 revelata

2219 1577 2523 1649 mysteria.
2552 1578 2828 1643 Quorum
2867 1576 3153 1635 nimirum
3185 1590 3462 1644 numero,
3488 1589 3622 1641 non
3653 1578 3860 1629 tantum

2219 1664 2403 1721 iidem
2432 1665 2707 1738 apostoli,
2737 1665 2844 1723 sed
2874 1680 3089 1721 omnes
3111 1668 3252 1727 sunt
3277 1663 3596 1735 designati,
3628 1662 3733 1737 qui
3759 1678 3861 1717 ver-

448 1760 674 1817 metalli
704 1759 1030 1830 ignobilius
1052 1758 1181 1825 fuit,
1200 1763 1435 1815 tantum
1460 1759 1790 1831 quantitate
1815 1769 2109 1811 mensurae
2134 1775 2181 1830 θ
2217 1754 2367 1810 buin
2416 1755 2824 1827 prmdicando,
2871 1753 3168 1827 pabulum
3216 1752 3351 1814 vitae.
3391 1752 3678 1811 ﬁdelibus

448 1854 507 1905 et
533 1850 863 1905 hostiarum
894 1848 1230 1921 frequentia
1262 1847 1606 1921 praestabat.
1643 1845 1795 1911 Quia
1824 1844 2109 1899 nimirum

446 1937 648 2010 plures
698 1941 836 1992 sunt
888 1936 1077 1992 multa
1131 1935 1354 2009 quibus
1406 1935 1641 1991 dicatur
1692 1933 1937 2005 (Matth.
1966 1932 2105 2001 xv):

444 2025 503 2080 Si
532 2024 618 2079 vis
647 2025 724 2080 ad
756 2025 941 2080 vitam
978 2023 1232 2094 ingredi,
1279 2040 1454 2079 serva
1494 2022 1785 2079 mandata
1817 2040 1829 2076 :
1867 2042 1894 2070 »
1920 2035 2106 2091 quam

443 2128 599 2186 quos
630 2112 837 2169 audire
865 2112 1133 2168 delectet.
1155 2135 1183 2163 ‹‹
1208 2112 1275 2167 ’81
1299 2112 1389 2166 vis
1420 2111 1717 2184 perfectus
1749 2125 1901 2177 esse,
1931 2108 2104 2174 vade,

440 2192 638 2257 vende
668 2217 804 2274 quae
864 2200 1052 2257 habes
1085 2204 1142 2256 et
1171 2200 1249 2256 da
1278 2200 1670 2277 pauperibus.
1701 2222 1729 2249 »
1756 2202 1873 2255 Nec
1904 2203 2107 2253 tamen

434 2289 625 2361 ‘hujus
681 2305 969 2346 mensura
1018 2289 1223 2345 aitaris
1272 2290 1529 2362 mystica
1570 2289 1801 2344 ratione
1850 2292 2011 2343 caret
2050 2288 2109 2341 et

440 2394 721 2435 numero.
748 2378 937 2435 Habet
956 2378 1125 2434 enim
1175 2378 1385 2447 viginti
1412 2378 1646 2433 cubitos
1684 2375 2104 2446 longitudinis,

440 2471 499 2523 et
540 2466 790 2522 totidem
837 2466 1079 2523 cubitos
1114 2466 1471 2535 latitudinis,
1503 2470 1561 2521 et
1607 2466 1818 2521 decem
1866 2465 2105 2523 cubitos

442 2553 791 2611 aititudinis.
816 2557 901 2610 De
921 2569 1045 2626 quo
1070 2553 1319 2627 quidem
1350 2569 1604 2609 numero
1631 2553 1890 2625 suprain
1916 2570 2103 2626 expo-

441 2643 653 2699 sitione
705 2644 913 2716 templi
962 2649 1021 2699 et
1076 2643 1352 2699 vestibuli
1402 2644 1532 2715 ejus
1576 2644 1859 2699 diximus.
1888 2645 2002 2699 Sed
2049 2648 2107 2701 et

443 2747 609 2787 nunc
663 2731 989 2787 dicendum
1041 2730 1349 2787 breviter:
1382 2732 1534 2797 Quia
1592 2730 1641 2786 si
1693 2732 1880 2787 altare
1931 2733 2102 2789 holo-

439 2821 643 2877 causti
694 2820 932 2877 illorum
952 2821 1020 2875 in
1044 2820 1309 2876 Ecclesia
1339 2829 1552 2894 typum
1584 2825 1761 2891 tenet,
1788 2822 1895 2893 qui
1924 2839 2102 2879 suum

438 2926 661 2982 corpus
686 2915 744 2966 et
769 2911 1034 2967 animam
1070 2910 1321 2965 Domino
1370 2926 1719 2967 consecrare
1751 2926 1859 2983 per
1899 2912 2101 2981 ignem

439 2998 663 3055 amoris
720 2999 877 3055 illius
925 3004 1225 3073 quaerunt,
1279 3000 1722 3073 perseverantia
1778 3001 1995 3055 horum
2036 3002 2100 3057 in

433 3088 600 3145 bona
630 3089 975 3163 operatione
1022 3106 1129 3163 per
1156 3088 1595 3164 longitudinem
1628 3090 1854 3151 altaris,
1888 3091 2098 3163 ampli-

426 3178 581 3235 tudo
611 3178 673 3234 in
703 3180 989 3236 charitate
1017 3180 1118 3235 Dei
1166 3184 1221 3235 et
1270 3180 1529 3252 proximi
1559 3196 1666 3253 per
1694 3180 2095 3252 latitudinem,

434 3284 572 3340 spes
594 3267 657 3323 in
678 3268 1042 3341 spectatione
1072 3268 1289 3323 divinae
1312 3269 1559 3325 visionis
1585 3285 1697 3341 per
1722 3269 2097 3326 altitudinem

438 3353 759 3423 ﬁguratur.
810 3356 982 3421 Quod
1030 3362 1231 3412 autem
1259 3356 1573 3429 longitudo
1595 3363 1651 3413 et
1674 3358 1925 3414 latitudo
1953 3360 2097 3415 alta-

440 3442 521 3497 ris
574 3458 925 3499 vmenorum
977 3449 1104 3500 erat
1150 3445 1510 3513 cubitorum,
1540 3461 1831 3515 magnam
1892 3449 2096 3520 utique

434 3528 866 3601 perfectionem
912 3531 1191 3601 designat
1218 3526 1490 3603 ejusdem
1538 3535 1852 3590 indefessas
1883 3536 2096 3605 longa-

435 3617 742 3689 nimitatis,
758 3634 828 3675 ac
853 3620 1098 3675 sincera:
1120 3619 1472 3691 dilectionis,
1500 3639 1636 3694 qua:
1657 3639 1764 3694 per
1786 3625 2095 3697 utriusque

424 3706 802 3765 Testamenti
831 3709 1009 3765 nobis
1051 3708 1498 3765 observantiam
1531 3711 1823 3766 tribuitur.
1870 3715 2097 3777 Quater

430 3798 591 3853 enim
613 3798 781 3871 quini
808 3798 1177 3855 vicenarium
1203 3814 1525 3854 numerum
1556 3799 1879 3872 complent.
1908 3802 2093 3866 Quin-

429 3902 551 3959 que
581 3892 783 3943 autem
814 3886 950 3943 libri
980 3886 1252 3944 Mosaicae
1282 3887 1431 3959 legis
1456 3892 1720 3960 quatuor
1745 3893 1887 3945 sunt
1910 3906 2093 3946 evan-

431 3974 635 4046 gelicae
659 3976 967 4033 libertatis.
1005 3980 1068 4032 Et
1112 3992 1252 4033 cum
1282 3978 1360 4033 ad
1407 3977 1858 4049 intelligentiam
1909 3984 2090 4051 atque

430 4062 769 4121 custodiam
815 4064 965 4133 legis
1025 4064 1373 4133 spiritalem,
1404 4065 1737 4122 illustrante
1791 4069 2090 4139 Evangelii

429 4151 641 4223 gratia,
687 4153 1097 4226 pervenimus,
1128 4152 1499 4210 vicenarium
1546 4156 1805 4229 perfecto
1833 4173 2090 4215 numero

420 4241 544 4297 hoc
567 4242 934 4314 perﬁcimus.
970 4242 1173 4315 Fitque
1203 4242 1364 4300 idem
1413 4260 1701 4303 numerus
1733 4248 1795 4303 in
1833 4249 2089 4319 longitu-

427 4328 567 4385 dine
621 4334 679 4387 et
730 4330 1041 4387 latitudine
1101 4330 1323 4400 altaris,
1352 4348 1489 4389 cum
1520 4336 1705 4392 corda
1736 4337 2082 4408 electorum,

426 4416 678 4475 docente
731 4422 986 4492 utroque
1042 4422 1442 4489 Testamento,
1475 4428 1532 4478 et
1586 4424 1911 4494 adjuvante
1950 4426 2083 4498 ipso

2220 1848 2407 1900 strant
2422 1862 2434 1899 :
2448 1845 2599 1917 quia
2612 1860 2830 1901 omnes
2847 1844 3051 1917 utique
3066 1845 3265 1917 ipsam
3292 1843 3579 1900 doctrinae
3602 1841 3857 1911 formam,

2218 1949 2403 2005 quam
2425 1950 2462 1990 a
2482 1934 2735 1992 Domino
2752 1933 3010 2007 apostoli
3030 1948 3317 2006 accepere
3334 1936 3694 2006 sequuntur.
3710 1930 3855 1996 Quod

2218 2037 2359 2078 vero
2379 2022 2448 2079 in
2479 2022 2690 2085 ,Verbis
2743 2022 2978 2079 dierum
3026 2022 3283 2094 legimus
3316 2023 3407 2093 (ΙΙ
3431 2023 3582 2077 Par.
3610 2024 3709 2090 vi),
3734 2019 3855 2092 quia

2216 2109 2353 2166 fecit
2376 2110 2664 2171 Salomon
2682 2127 2930 2171 mensas
2960 2111 3194 2182 decem,
3212 2115 3269 2167 et
3296 2110 3499 2184 posuit
3516 2125 3627 2165 eas
3652 2109 3711 2165 in
3735 2113 3853 2164 tem-

2214 2197 2316 2270 plo
2360 2200 2639 2272 quinque
2689 2216 2729 2257 a
2777 2198 3023 2263 dextris,
3082 2204 3141 2255 et
3189 2198 3459 2277 quiaque
3507 2213 3547 2254 a
3607 2196 3850 2263 sinistris,

2212 2287 2452 2360 phialas
2478 2304 2724 2362 quoque
2752 2304 2968 2345 aureas
2998 2291 3239 2347 centum
3271 2304 3284 2339 :
3312 2302 3437 2349 non
3482 2285 3599 2343 has
3636 2299 3852 2343 mensas

2215 2380 2336 2437 tam
2360 2376 2449 2435 ad
2466 2393 2659 2449 panes
2686 2376 3121 2451 propositionis
3142 2391 3331 2449 quam
3354 2374 3434 2439 ad
3463 2390 3616 2432 vasa
3644 2370 3853 2433 Domini

2208 2465 2513 2537 portanda
2556 2466 2747 2529 factas
2776 2482 2910 2522 esse
2941 2465 3223 2525 credibile
3256 2469 3362 2533 est,
3395 2463 3636 2537 phialas
3682 2461 3853 2518 videli-

2214 2559 2303 2611 cet
2324 2570 2487 2631 quas
2517 2555 2739 2627 pariter
2754 2555 2948 2615 factas
2977 2554 3281 2629 Scriptura
3294 2554 3494 2621 refert,
3518 2552 3853 2627 thymiama-

2216 2643 2381 2711 teria,
2412 2644 2738 2714 thuribula,
2771 2648 2829 2701 et
2861 2648 3076 2709 caetera
3104 2659 3241 2716 quae
3269 2642 3332 2703 in
3355 2642 3746 2715 sequentibus
3790 2641 3852 2695 le

2213 2738 2470 2806 guntur:
2502 2735 2751 2808 mystice
2800 2750 3132 2808 possumus
3184 2731 3480 2799 nonnulla
3523 2730 3849 2800 intelligere.

2212 2827 2361 2889 Nam
2405 2824 2572 2896 quod
2624 2822 2808 2897 paulo
2832 2827 2972 2897 post
3009 2822 3070 2879 in
3110 2821 3324 2887 eodem
3349 2821 3678 2883 verborum
3704 2818 3851 2876 volu-

2212 2913 2372 2979 mine
2400 2911 2766 2981 subinfertur
2794 2929 2807 2968 :
2832 2912 2998 2977 Fecit
3027 2910 3313 2975 Salomon
3342 2911 3552 2977 omnia
3586 2924 3730 2979 vasa
3764 2907 3850 2962 do-

2209 3016 2347 3057 mus
2370 3001 2612 3065 Domini
2643 3001 2763 3072 Dei,
2810 3006 2874 3059 et
2902 3000 3087 3065 altare
3132 3016 3371 3067 aeneum
3419 3003 3478 3057 et
3512 3014 3775 3065 mensaS,
3803 3000 3847 3049 et

2210 3106 2389 3162 super
2415 3107 2518 3147 eas
2544 3106 2732 3161 panes
2779 3089 3202 3164 propositionis
3238 3105 3251 3145 :
3293 3088 3379 3145 vel
3412 3087 3710 3161 pluralem
3755 3100 3846 3143 nu-

2209 3194 2444 3237 merum
2472 3194 2584 3255 pro
2614 3178 2905 3249 singulari
2928 3178 3154 3255 posuit,
3180 3193 3348 3235 more
3382 3175 3702 3249 Scripturee
3752 3173 3845 3229 usi-

2206 3266 2525 3337 tatissimo,
2558 3271 2622 3325 ut
2663 3268 2726 3323 in
2767 3254 3157 3331 Jesu'Nave:
3192 3289 3220 3317 «
3256 3265 3378 3331 Filii
3424 3270 3633 3322 autem
3685 3260 3842 3319 Israel

2204 3355 2577 3427 praevaricati
2630 3360 2769 3415 sunt
2813 3355 3193 3423 mandatum,
3229 3360 3285 3411 et
3321 3358 3763 3426 usurpaverunt
3782 3351 3841 3405 de

2204 3444 2586 3503 anathemate
2630 3445 2771 3515 (Jos.
2800 3446 2901 3516 .vn)
2932 3465 2962 3495 »
2994 3460 3136 3500 cum
3184 3443 3384 3509 Achar
3431 3440 3601 3498 solus
3642 3444 3697 3497 et
3737 3452 3840 3503 non

2206 3530 2405 3602 plures
2426 3532 2529 3589 ﬁlii
2554 3532 2738 3589 lsrael
2762 3533 2877 3589 hoc
2926 3532 3232 3593 fecerunt:
3266 3530 3359 3587 vel
3390 3530 3537 3603 quia
3567 3533 3720 3587 certe
3752 3542 3842 3601 pa-

2198 3635 2309 3677 nes
2339 3622 2766 3695 propositionis
2798 3621 3073 3679 solebant
3119 3625 3256 3678 ante
3303 3618 3635 3675 sabbatum
3664 3614 3838 3689 coqui,

2205 3714 2269 3766 ut
2295 3710 2552 3771 sabbato
2580 3728 2721 3768 mox
2767 3711 2912 3789 poni
2943 3717 3192 3783 poesent
3237 3711 3298 3777 in
3330 3724 3613 3766 mensam
3638 3721 3838 3783 propo-

2206 3799 2433 3859 sitionis
2466 3818 2478 3856 :
2507 3802 2703 3873 potuit
2754 3801 2884 3857 ﬁeri
2912 3806 2976 3859 ut
3014 3816 3207 3875 panes
3245 3799 3383 3856 novi
3435 3799 3671 3855 noviter
3714 3792 3838 3859 cocti

2200 3904 2339 3947 mox
2373 3890 2486 3945 illis
2534 3891 2758 3947 mensis
2809 3891 3283 3963 imponerentur,
3310 3888 3663 3962 ibidemque
3689 3890 3837 3943 nocte

2198 3976 2301 4035 illa
2325 3984 2706 4039 servarentur
2732 3980 2943 4051 operti,
2976 3979 3170 4039 donec
3184 3978 3387 4053 primo
3411 3992 3595 4042 mane
3647 3973 3836 4033 ablatis

2198 4066 2466 4131 uteribus
2510 4085 2693 4142 super
2715 4085 2994 4127 mensam
3014 4067 3449 4149 {propositionis
3490 4069 3837 4141 ponerentur

2196 4156 2393 4213 calidi.
2417 4161 2545 4214 Non
2566 4163 2763 4216 autem
2794 4159 2885 4217 hae
2907 4174 3136 4227 mensae
3159 4158 3369 4215 decem
3394 4173 3431 4214 a
3452 4156 3655 4229 ﬁgura
3682 4153 3836 4210 unius

2196 4263 2420 4307 mensae
2464 4249 2894 4322 propositionis
2949 4248 3312 4322 discrepant.
3346 4249 3498 4304 Nam
3546 4247 3700 4303 sicut
3735 4255 3838 4298 una

2197 4353 2412 4393 mensa
2440 4337 2761 4394 duodecim
2792 4337 3059 4412 panibus
3109 4342 3349 4415 onusta,
3381 4335 3732 4393 unanimem
3768 4335 3840 4386 to-

2197 4425 2312 4481 tius
2340 4426 2655 4499 Scripturaa
2701 4427 3091 4495 concordiam
3141 4426 3488 4497 auctoritate
3526 4420 3837 4499 apostolica

427 4522 550 4563 uno
580 4508 895 4581 utriusque
923 4509 1280 4565 Testamenti
1312 4514 1577 4582 auctore,
1608 4516 1666 4567 et
1692 4485 2081 4583 perseveran-
2113 4485 2157 4540 θ
2197 4485 2493 4575 munitam
2541 4515 2817 4586 designat
2853 4532 2866 4571 :
2894 4515 2975 4573 ita
3028 4490 3091 4573 ut
3119 4531 3242 4572 non
3268 4485 3596 4585 immerito
3646 4512 3835 4568 decem

429 4596 572 4654 tiam
596 4597 744 4654 boni
773 4597 993 4671 operis,
1018 4599 1198 4656 etiam
1225 4599 1289 4655 in
1317 4601 1729 4672 persecutione
1760 4608 1999 4659 servant
2021 4604 2085 4660 in

423 4685 718 4744 hilaritate
748 4686 1102 4757 dilectionis,
1132 4692 1189 4744 et
1239 4687 1421 4744 etiam
1450 4687 1512 4745 in
1571 4705 1675 4747 eos
1724 4690 1832 4765 qui
1886 4706 2084 4762 perse-

423 4781 695 4849 quuntur
744 4776 1047 4834 exhibent.
1081 4777 1339 4834 Denario
1367 4783 1570 4835 autem
1624 4794 1902 4848 numero,
1946 4796 2083 4852 spes

425 4864 756 4921 caelestium
811 4865 1201 4938 praemiorum
1257 4865 1405 4923 solet
1460 4866 1788 4938 designari,
1830 4868 2082 4924 Domino

421 4952 811 5024 afﬁrmantes,
834 4971 975 5011 cum
1000 4971 1104 5012 eos
1131 4955 1238 5029 qui
1263 4954 1327 5011 in
1350 4955 1529 5010 vinea
1557 4957 1767 5025 magni
1786 4957 1971 5027 patris
1994 4957 2082 5014 fa-

421 5040 617 5096 milias
638 5041 935 5114 laborant,
952 5043 1203 5100 denario
1222 5047 1641 5100 remuneratos
1661 5058 1791 5099 esse
1814 5048 2079 5102 testatur.

421 5129 489 5184 Et
534 5125 696 5184 idem
739 5129 927 5186 altare
972 5131 1140 5204 quod
1167 5130 1230 5186 in
1250 5131 1455 5200 ﬁgura
1484 5129 1709 5186 factum
1754 5136 1841 5188 est
1869 5133 2081 5191 electo-

418 5232 577 5287 rum,
608 5216 689 5274 ob
714 5217 1176 5289 signiﬁcandam
1220 5233 1436 5274 eorum
1482 5218 1669 5275 vitam
1699 5227 2075 5294 perpetuam,

418 5304 629 5363 decem
658 5311 786 5364 erat
813 5307 1030 5363 cubitis
1073 5307 1283 5363 altum.
1308 5308 1461 5363 Cum
1497 5322 1636 5364 vero
1688 5309 1916 5368 dictum
1966 5318 2074 5385 est,

418 5395 563 5465 quia
594 5396 744 5452 fecit
782 5395 1069 5453 Salomon
1120 5394 1306 5450 altare
1355 5410 1628 5467 aureum,
1657 5399 1931 5459 additum
1987 5408 2078 5462 est

423 5481 729 5550 continuo,
758 5488 817 5538 et
842 5498 1119 5539 mensam
1146 5497 1328 5554 super
1354 5498 1537 5555 quam
1580 5495 1943 5560 ponerentur
1965 5508 2074 5564 pa-

420 5581 526 5620 nes
544 5570 968 5640 propositionis
989 5584 1260 5626 auream.
1283 5572 1478 5628 Mensa
1498 5581 1697 5633 autem
1722 5594 1906 5636 aurea
1928 5581 2076 5637 Scri-

417 5658 600 5724 ptura
640 5661 730 5713 est
780 5673 951 5715 sacra
999 5657 1278 5730 spiritalis
1331 5661 1749 5737 intelligentiae,
1808 5670 2070 5727 claritate

414 5740 699 5814 fecunda,
720 5744 799 5802 de
823 5760 949 5816 qua
959 5745 1285 5806 'Psalmista
1308 5750 1562 5813 Domino
1592 5768 1606 5811 :
1632 5779 1661 5806 «
1684 5758 1943 5829 Parasti,
1975 5761 2069 5817 in-

2192 4620 2418 4662 mensae
2448 4621 2644 4662 aureae
2670 4605 2884 4662 divinae
2906 4605 3054 4677 legis
3084 4610 3141 4663 et
3160 4605 3595 4691 prophetarum
3616 4597 3835 4691 eloquia

2189 4694 2445 4765 ﬁgurate
2493 4695 2870 4764 denuntiant,
2914 4712 3050 4769 quae
3102 4694 3194 4751 vel
3240 4686 3627 4755 refectionem
3678 4686 3833 4751 nobis

2190 4782 2354 4847 verbi
2405 4783 2508 4840 Dei
2550 4783 2726 4857 quasi
2773 4798 2964 4857 panes
2995 4782 3424 4857 propositionis
3451 4781 3723 4847 efferunt,
3753 4772 3831 4830 vel

2188 4872 2365 4931 nobis
2393 4873 2671 4947 exempla
2696 4872 2969 4932 ﬁdelium
2998 4873 3175 4946 quasi
3197 4872 3533 4945 positorum
3563 4871 3627 4925 in
3652 4885 3711 4923 se
3740 4880 3830 4921 va-

2189 4977 2395 5023 sorum
2427 4961 2683 5039 Domini,
2714 4961 3042 5031 claritatem
3071 4966 3128 5018 et
3154 4959 3446 5031 miracula
3466 4955 3829 5043 proponunt.

2188 5054 2360 5112 Recte
2405 5056 2610 5113 autem
2647 5051 2741 5111 bis
2784 5052 2987 5125 quinae
3031 5055 3171 5117 sunt
3218 5066 3465 5120 mensae,
3496 5065 3622 5106 non
3652 5046 3829 5107 solum

2186 5140 2331 5214 quia
2352 5140 2657 5213 legislator
2674 5142 2945 5217 quinque
2966 5140 3276 5211 volumina
3302 5139 3560 5212 scripsit,
3579 5148 3830 5195 verume-

2188 5230 2331 5293 tiam
2360 5230 2504 5304 quia
2552 5234 2674 5293 tota
2704 5231 2885 5297 series
2929 5229 3291 5293 Testamenti
3319 5228 3547 5297 Veteris
3575 5226 3825 5302 quintu

2184 5324 2387 5376 aetates
2426 5319 2628 5376 saeculi
2669 5320 3102 5394 complectitur.
3142 5318 3489 5387 Geminatur
3542 5332 3681 5381 vero
3731 5326 3828 5369 nu‘

2183 5424 2387 5465 merus
2418 5424 2767 5466 mensarum
2794 5409 3132 5481 quinarius,
3154 5412 3213 5464 et
3236 5407 3507 5481 quinque
3533 5422 3571 5462 a
3597 5400 3823 5463 dextris,

2181 5499 2450 5571 quinque
2477 5514 2513 5555 a
2542 5498 2793 5555 sinistris
2822 5503 3133 5570 ponuntur
3162 5515 3176 5553 :
3209 5512 3350 5559 cum
3379 5500 3522 5569 post
3569 5495 3825 5550 incarna-

2182 5587 2406 5642 tionem
2437 5586 2809 5643 Dominicam
2856 5585 3072 5641 eadem
3111 5587 3414 5657 Scriptura
3457 5584 3578 5638 sive
3604 5580 3823 5668 utrique

2183 5671 2284 5726 Dei
2324 5671 2573 5743 populo,
2603 5671 2815 5727 Judaao
2870 5670 3094 5728 scilicet
3141 5675 3200 5725 et
3254 5668 3459 5739 gentili
3513 5664 3821 5724 committi-

2188 5764 2301 5830 tur,
2368 5760 2491 5815 sive
2554 5759 2913 5831 evangelicis
2973 5760 3158 5832 plena
3212 5757 3427 5829 ﬁguris
3483 5753 3802 5814 ostenditur
