3940 6416
99 313 192 368 453

1038 300 1300 356 ENABR.
1339 298 1409 353 ΙΝ
1449 294 1701 354 LIBROS
1735 295 1999 356 REGUH.
2043 328 2113 345 ---
2150 301 2223 359 ΞΝ
2263 300 2395 358 LIB.
2447 303 2540 358 III.

3398 312 3508 367 454

107 446 220 504 qua!
245 424 554 500 quondam
585 422 836 495 antiquo
875 421 978 480 Dei
1007 421 1234 495 pepulo
1260 422 1433 492 juxta
1477 421 1738 478 litteram
1767 423 1813 474 A
1849 425 2027 482 etiam
2045 427 2128 483 ita
2145 428 2454 500 aptissime
2471 430 2838 504 dicere,quia
2855 431 3118 489 lucernae
3137 433 3346 490 divina
3364 437 3510 490 sunt

107 520 278 577 solum
302 513 692 582 intelligenda
720 529 853 568 esse
878 512 1228 586 putabatur.

165 628 193 664 ς
221 606 361 663 Fecit
381 609 442 660 et
465 602 718 676 hydrias
741 606 797 658 et
822 601 1151 658 fuscinulas
1172 605 1230 657 et
1253 599 1490 672 phialas
1505 605 1562 655 et
1581 615 1738 656 mor-

105 724 128 750 ι(
159 695 348 754 tariola
385 694 461 749 de
495 709 646 750 auro
676 692 1024 764 purissimo.
1057 714 1086 741 ω
1121 690 1358 762 Hydriae
1391 689 1555 746 enim
1586 705 1739 760 prae-

107 787 286 845 cordia
310 786 658 839 sanctorum
685 781 948 850 signant,
985 796 1149 852 aqua
1177 779 1486 851 sapientiae
1519 783 1573 834 et
1602 779 1740 833 vino

103 872 558 946 compunetionis
585 870 811 942 repleta
837 888 850 936 ;
903 868 1215 926 fuscinulte
1247 884 1493 941 quoque
1519 867 1742 940 quibus

105 981 294 1023 carnes
315 965 760 1035 prae-parantur,
784 960 971 1015 iidem
999 959 1447 1031 prtedicatores,
1480 973 1741 1030 quorum

105 1055 268 1111 verba
295 1056 430 1108 sunt
461 1056 524 1106 ut
554 1049 799 1118 stimuli,
850 1053 907 1105 et
953 1048 1116 1105 velut
1143 1047 1294 1104 clavi
1328 1047 1389 1102 in
1418 1047 1606 1103 altum
1639 1046 1742 1100 de-

106 1145 224 1200 tixi:
253 1142 352 1215 qui
385 1140 511 1196 suis
537 1138 915 1196 auditoribus
947 1138 1152 1193 cibum
1196 1136 1480 1209 spiritalis
1529 1135 1744 1191 intelli-

107 1233 296 1303 gentia
325 1229 769 1293 administrant,
804 1226 1274 1299 praeﬂgurantur
1302 1243 1314 1282 :
1363 1241 1626 1297 quorum
1663 1225 1744 1279 vi—

100 1323 297 1379 delicet
315 1319 590 1376 ofﬁcium
621 1323 712 1373 est
732 1334 960 1389 corpus
1011 1322 1068 1373 et
1116 1317 1478 1386 sanguinem
1509 1315 1747 1371 Domini

106 1409 462 1468 credentibus
493 1406 872 1474 distribuere,
907 1405 1254 1461 infidelibus
1295 1406 1620 1474 abnegare,
1671 1404 1746 1458 de

104 1500 408 1573 quibusin
449 1495 842 1568 sequentibus
893 1494 1144 1552 dicetur.
1204 1494 1424 1550 Phialte
1479 1509 1747 1565 namque

106 1587 335 1660 apostoli
365 1593 428 1642 et
454 1586 730 1642 doctores
761 1583 921 1656 pleni
965 1583 1249 1640 vitalibus
1288 1583 1480 1655 aquis.
1537 1587 1746 1640 Morta-

101 1678 235 1734 riola
275 1676 500 1750 quippe
545 1679 892 1731 sanctorum
947 1673 1366 1745 pcenitentium
1405 1673 1580 1728 labor
1609 1689 1748 1744 pas-

1849 514 1983 587 eloq
1994 517 2108 584 uia,
2122 517 2141 587 j
2154 523 2295 574 ux-ta
2314 518 2464 573 illud
2477 520 2826 590 Psalmistze,
2842 523 3006 593 quod
3031 527 3088 578 et
3107 539 3291 595 supra
3307 523 3508 596 posui-

1848 621 1985 660 mus
2001 625 2017 660 -:
2041 629 2073 655 -‹‹
2096 609 2363 664 Lucerna
2383 608 2642 680 pedibus
2662 610 2812 666 meis
2827 611 3082 666 verbum
3103 616 3297 679 tuum,
3313 612 3509 668 Domi-

1850 710 1946 762 ne,
1971 699 2026 750 et
2053 695 2258 752 lumen
2281 697 2504 753 semitis
2528 699 2693 754 meis.
2726 720 2754 748 »
2786 700 3159 757 Candelabra
3175 706 3381 757 autem
3403 702 3507 757 ha-

1848 799 1985 839 rum
2021 785 2410 842 lucernarum
2451 788 2645 843 sancti
2689 793 2828 844 sunt
2865 805 3102 857 omnes,
3146 791 3252 864 qui
3298 807 3409 847 sua
3454 795 3511 846 et

1852 873 2038 928 corda
2065 880 2120 929 et
2139 890 2395 946 corpora
2414 875 2674 931 ferendis
2693 878 2926 933 Domini
2953 879 3275 947 mandatis,
3295 879 3510 935 humili

1854 977 2091 1032 semper
2129 963 2452 1020 intentione
2491 971 2861 1038 supponunt.
2911 968 3191 1040 Quisquis
3241 968 3404 1024 enim
3447 968 3510 1025 in

1855 1051 2019 1106 nullo
2052 1055 2361 1123 propriam
2395 1055 2566 1126 seq-ui
2598 1060 2767 1110 curat
2795 1055 3191 1128 voluntatem,
3215 1074 3428 1113 verum
3443 1057 3510 1113 in

1854 1141 2139 1196 omnibus
2162 1158 2301 1212 quae
2329 1143 2631 1215 Scriptura
2656 1149 2864 1200 sancta
2888 1145 3331 1208 dicatattendit,
3353 1147 3510 1217 ejus-

1853 1245 1973 1301 que
2001 1245 2062 1284 sc
2094 1229 2388 1300 subj-icere
2419 1231 2739 1302 mandatis,
2765 1234 2895 1303 ejus
2925 1234 3141 1303 satagit
3169 1235 3511 1291 auscultare

1857 1318 2172 1389 promissis
2210 1320 2382 1392 quasi
2415 1320 2850 1376 candelabrum
2880 1322 3100 1376 domus
3129 1323 3228 1377 Dei
3258 1340 3512 1379 aureum

1857 1423 2070 1462 aureas
2092 1409 2226 1478 ejus
2256 1409 2785 1480 gestatjlucernasf:
2833 1410 2982 1482 quia
3032 1417 3199 1467 casta
3246 1412 3515 1483 corporis

1858 1496 1949 1551 sui
1974 1497 2269 1564 membra,
2300 1503 2496 1554 cas-tas
2523 1499 2740 1554 mentis
2763 1499 3174 1568 cogitationes,
3198 1499 3278 1555 ad
3299 1499 3516 1556 facien-

1857 1586 1938 1643 da
1965 1603 2100 1659 quae
2133 1589 2288 1642 Deus
2326 1588 2498 1658 jubet
2535 1605 2877 1661 supponere
2921 1589 3246 1657 contendit,
3295 1593 3352 1644 et
3401 1591 3518 1644 hoc

1860 1682 1980 1732 tam
2003 1676 2130 1732 ﬁxa
2158 1677 2483 1733 intentione
2524 1695 2711 1750 quam
2761 1678 3217 1734 candelabrum.
3271 1683 3518 1734 Necesse

105 1767 294 1839 sicque
322 1765 677 1833 tolerantia,
717 1763 941 1836 quibus
991 1762 1430 1818 mortificamur
1473 1763 1750 1818 membra
1776 1784 1820 1838 Β
1857 1770 1946 1821 est
1976 1767 2137 1821 enim
2169 1766 2415 1822 firmiter
2457 1768 2533 1824 ad
2583 1784 2848 1839 superna
2889 1773 3152 1824 erectum
3202 1767 3518 1840 impositas

104 1873 294 1914 eorum
323 1870 512 1927 super
543 1859 784 1910 terram.
816 1852 1150 1910 Thuribula
1178 1857 1383 1908 autem
1412 1853 1750 1922 ﬁgurantur

106 1946 329 2003 virtutes
358 1959 638 2018 operum,
674 1942 766 1999 vel
793 1942 1016 1998 scilicet
1041 1941 1345 1998 orationes
1375 1946 1746 2006 sanctorum,

106 2036 307 2108 quibus
327 2035 481 2091 odor
502 2033 815 2089 suavitatis
837 2031 1108 2087 ascendit
1132 2031 1211 2086 ad
1236 2033 1445 2096 Deum,
1467 2047 1542 2086 ex
1571 2046 1750 2085 cons-

108 2126 303 2182 cientia
326 2141 486 2198 pura
509 2128 574 2180 et
601 2123 725 2180 ﬁde
754 2139 878 2179 non
906 2123 1066 2179 ﬁcta.

170 2237 198 2268 ι
227 2220 290 2272 Et
339 2213 711 2272 candelabra
767 2229 950 2269 aurea
1008 2212 1278 2285 quinque
1322 2211 1400 2269 ad
1443 2211 1751 2266 dexteram

110 2329 132 2354 «
170 2310 224 2362 et
247 2307 517 2378 quinque
569 2303 646 2360 ad
691 2303 996 2360 sinistram
1045 2307 1255 2358 contra
1309 2300 1621 2357 oraculum
1679 2315 1753 2354 ex

109 2419 132 2445 ‹‹
171 2412 310 2452 auro
340 2411 497 2467 puro
536 2399 593 2448 et
619 2393 797 2465 quasi
825 2392 930 2448 lilii
959 2392 1160 2458 ﬂores,
1209 2398 1266 2447 et
1315 2391 1595 2446 lucernas
1647 2390 1750 2445 de-

109 2501 340 2557 «super
393 2499 634 2540 aureas.
689 2503 716 2530 »
779 2482 941 2539 Sicut
993 2483 1155 2537 enim
1211 2497 1438 2536 mensae
1493 2479 1555 2535 in
1607 2484 1752 2551 typo

109 2579 312 2630 sanctae
364 2573 686 2644 Scriptura:
746 2576 902 2627 recte
956 2576 1283 2642 ponuntur,
1333 2569 1480 2641 quia
1526 2575 1583 2624 et
1625 2585 1754 2624 esu—

108 2663 374 2720 rientibus
399 2660 706 2733 justitiam
756 2676 981 2732 panem
1024 2660 1194 2715 verbi
1241 2659 1343 2714 Dei
1387 2658 1750 2725 ministrant,

109 2761 158 2808 et
184 2769 322 2808 vasa
351 2753 597 2809 fuerunt
644 2749 958 2806 ministerii
998 2749 1280 2819 caelestis,
1323 2748 1386 2804 id
1430 2753 1519 2802 est
1560 2749 1751 2818 justo-

109 2858 230 2897 rum
265 2843 441 2898 nobis
479 2855 665 2897 actus
718 2840 780 2895 in
829 2839 1175 2910 exemplum
1233 2844 1616 2911 proponunt:
1673 2837 1757 2893 ita

109 2932 274 2987 etiam
327 2931 644 3003 aptissime
700 2944 809 3002 per
865 2928 1232 2984 candelabra
1284 2928 1498 2984 eadem
1551 2927 1758 2982 divina

110 3020 333 3093 eloquia
355 3021 726 3090 ﬁgurantur,
781 3018 1051 3074 videlicet
1095 3018 1240 3090 quia
1282 3018 1481 3073 lucem
1523 3018 1757 3088 sapien-

1859 1855 1972 1910 sibi
2027 1855 2328 1925 lucernas,
2399 1872 2526 1912 non
2587 1857 2786 1913 solum
2845 1857 3076 1929 absque
3137 1858 3332 1924 ruina,
3413 1857 3520 1911 sed

1860 1945 2037 2000 etiam
2089 1945 2324 2016 absque
2383 1945 2502 2002 ulla
2559 1951 2745 2002 status
2800 1946 2891 2000 sui
2939 1947 3202 2002 motione
3254 1962 3516 2001 serva-re.

1863 2034 2034 2099 Quod
2059 2050 2196 2089 vero
2239 2051 2378 2090 cum
2425 2035 2670 2090 dixisset
2722 2059 2750 2085 «
2811 2042 2868 2091 et
2916 2035 3289 2092 candelabra
3336 2050 3522 2092 aurea

1861 2125 2130 2196 quinque
2153 2124 2231 2180 ad
2254 2124 2585 2192 dexteram,
2605 2131 2661 2181 et
2678 2125 2954 2198 quinque
2975 2125 3053 2180 ad
3070 2125 3371 2181 sinistram
3391 2140 3523 2182 ora-

1862 2214 2065 2270 culum
2095 2229 2166 2268 ex
2189 2215 2542 2286 .aurofpuro,
2571 2239 2597 2265 υ
2613 2215 2854 2272 addidit
2874 2237 2901 2264 «
2931 2219 2989 2271 et
3015 2215 3194 2287 quasi
3216 2214 3321 2269 lilii
3342 2213 3521 2270 ﬂores

1862 2311 1918 2359 et
1937 2303 2214 2358 lucernas
2229 2303 2490 2375 desuper
2503 2320 2720 2360 aureas
2731 2349 2743 2371 ,
2767 2329 2782 2353 ι
2801 2305 3042 2360 videtur
3053 2304 3225 2375 juxta
3239 2302 3520 2372 litteram,

1861 2393 2005 2465 quia
2034 2408 2319 2461 suprema
2349 2408 2490 2464 pars
2515 2393 3043 2462 candelabrorum,
3070 2393 3130 2448 in
3161 2392 3415 2448 modum
3449 2391 3524 2446 sit

1859 2481 1964 2552 lilii
1989 2479 2240 2552 rependi
2280 2481 2635 2549 deformata,
2680 2482 2993 2555 quomodo
3047 2482 3107 2537 in
3155 2480 3523 2537 candelabro

1863 2569 2233 2627 tabernaculi
2262 2569 2485 2626 factum
2519 2588 2647 2626 esse
2672 2571 2952 2640 legimus,
2985 2571 3160 2641 cujus
3208 2576 3298 2626 est
3339 2571 3524 2642 stipes

1855 2663 2123 2727 medius,
2137 2667 2195 2717 et
2211 2660 2516 2718 calamiex
2533 2662 2664 2733 ipso
2687 2662 3101 2733 procedentes,
3119 2659 3526 2731 cum-scyphis

1863 2761 1920 2809 et
1962 2751 2214 2825 sperulis
2255 2751 2377 2806 lilia
2429 2751 2772 2806 scribuntur
2817 2750 3102 2806 habuisse
3133 2748 3523 2822 perplurima.

1867 2844 2060 2900 Floras
2086 2847 2284 2900 autem
2317 2840 2439 2908 lilii,
2463 2845 2712 2912 .utssepe
2734 2840 2961 2896 dictum
2983 2845 3090 2909 est,
3117 2839 3527 2896 amoenitatem

1865 2949 2104 3006 semper
2128 2931 2371 2988 virentis
2396 2936 2560 2986 terrae
2583 2931 2907 2986 viventium
2929 2930 3279 2999 designant»:
3301 2928 3386 2984 ﬁde
3406 2943 3531 3000 qua

1867 3024 2007 3079 dicit
2035 3023 2247 3078 beatus
2279 3024 2482 3076 Petrus
2512 3025 2894 3089 regeneratos
2933 3036 3052 3076 nos
3102 3035 3139 3074 a
3183 3018 3435 3074 Domino
3467 3017 3530 3071 in

112 3111 193 3165 tiae
219 3111 555 3167 errantibus
586 3107 916 3182 proferunt.
965 3108 1108 3163 Hinc
1145 3108 1363 3163 etenim
1398 3108 1711 3164 t'salmista
1741 3123 1752 3161 :
1789 3143 1829 3197 ρ
1869 3130 2037 3186 spem
2067 3113 2291 3182 vivam,
2343 3110 2402 3164 in
2435 3109 2853 3164 alimreditatem
2884 3107 3424 3180 incorrupti-bilem,
3473 3109 3534 3160 et

112 3202 441 3270 «Lucerna,
486 3199 701 3270 inquit,
755 3197 1013 3270 pedibus
1053 3198 1211 3252 .meis
1262 3197 1512 3253 verbum
1565 3202 1755 3262 tuum,

110 3291 361 3357 Domine,
415 3295 473 3345 et
507 3288 726 3343 lumen
777 3287 1002 3343 semitis
1033 3287 1182 3342 meis
1250 3289 1432 3357 (Psat.
1469 3290 1684 3357 cxvm).
1728 3304 1758 3338 ›

113 3378 240 3434 Hinc
264 3380 441 3436 etiam
473 3377 763 3434 Salomon
792 3377 874 3432 ait
899 3395 910 3432 :
947 3398 974 3426 «
1007 3376 1159 3441 Quia
1185 3376 1546 3432 mandatum
1573 3375 1761 3430 lucer-

110 3482 181 3522 na
208 3474 312 3538 est,
330 3474 387 3524 et
413 3469 515 3524 lex
542 3466 647 3522 lux
676 3467 878 3536 (Prov.
907 3470 1044 3530 xw).
1077 3489 1104 3515 ››
1139 3472 1334 3530 Quare
1362 3469 1565 3520 autem
1589 3466 1764 3536 quin-

109 3573 212 3628 que
242 3574 277 3614 a
303 3558 557 3625 dextris,
589 3560 659 3611 :et
702 3555 972 3627 quinque
1019 3571 1056 3609 a
1103 3554 1356 3610 sinistris
1406 3554 1523 3608 sint
1566 3553 1765 3624 posita

110 3648 480 3710 candelabra,
543 3663 615 3703 ex
650 3646 744 3701 his
775 3662 925 3717 quae
979 3645 1054 3700 de
1105 3645 1330 3700 mensis
1369 3645 1765 3700 tractavimus

110 3736 373 3794 facillime
413 3741 605 3812 patet.
643 3737 788 3791 Cum
841 3752 983 3790 vero
1022 3735 1292 3804 dixisset,
1351 3755 1380 3783 «
1430 3734 1698 3806 quinque
1730 3748 1768 3788 a

109 3824 314 3883 dextris
342 3833 400 3883 et
423 3827 703 3900 quinque
733 3841 770 3880 a
797 3825 1076 3892 sinistris,
1127 3846 1154 3873 »
1205 3824 1628 3879 convenienter
1647 3823 1766 3878 ad-

107 3914 264 3986 didit,
293 3940 319 3964 ‹‹
352 3922 568 3974 contra
599 3913 935 3972 oraculum.
964 3936 993 3964 »
1025 3914 1346 3971 Oraequm
1373 3929 1641 3985 namque
1667 3911 1769 3968 ubi

110 4011 224 4060 erat
251 4021 409 4072 arca,
442 4011 508 4062 ut
525 4019 690 4077 saepe
717 4003 946 4060 dictum
968 4003 1332 4071 est,.aditum
1361 4003 1644 4072 designat
1662 4017 1768 4074 pa-

109 4094 222 4150 trite
250 4095 532 4164 caelestis,
565 4093 672 4150 ubi
711 4093 978 4150 Christus
1007 4093 1068 4149 in
1099 4093 1343 4149 dextera
1388 4093 1488 4147 Dei
1529 4093 1767 4158 sedens,

111 4190 485 4252 paternorum
505 4184 727 4255 utique
750 4183 1029 4239 conscius
1053 4199 1438 4238 arcanorum.
1453 4185 1532 4237 :Et
1555 4180 1774 4237 cande-

109 4270 267 4330 labra
296 4274 508 4347 templi
532 4288 745 4340 aurea,
774 4271 1325 4329 contra-oraculum
1369 4276 1508 4326 sunt
1554 4271 1770 4342 posita,

111 4362 241 4432 quia
255 4363 460 4420 divina
481 4363 728 4434 eloquia
752 4378 993 4434 semper
1014 4363 1094 4418 ad
1114 4361 1546 4417 habitationem
1567 4375 1773 4432 super-

109 4451 474 4510 nte-civitatis
505 4456 842 4525 aspectant,
875 4452 1150 4522 utshujus
1179 4451 1550 4520 agnitionem
1578 4449 1656 4507 ad
1677 4449 1775 4504 de-

111 4540 384 4599 siderium
406 4542 638 4600 nostris
654 4541 941 4597 cordibus
961 4541 1311 4597 infundant:
1336 4544 1393 4596 et
1413 4555 1516 4596 eos
1536 4539 1642 4612 qui
1661 4539 1776 4594 ori-

111 4629 300 4700 ginem
321 4634 525 4692 carnis
547 4637 837 4689 internum
855 4633 1100 4701 habent,
1121 4633 1200 4689 ad
1219 4630 1626 4705 appetendam
1643 4645 1778 4702 pro-

110 4723 581 4796 merendamque
601 4723 664 4778 in
689 4721 1031 4778 caelestibus
1053 4722 1261 4778 sedem
1282 4725 1588 4794 perpetua:
1608 4735 1776 4776 man-

99 4809 282 4868 sionis
306 4811 740 4870 accendant.Si
752 4817 955 4868 autem
973 4812 1196 4884 quaeris
1219 4811 1370 4884 quid
1389 4811 1550 4867 inter.
1563 4809 1778 4866 cande-

113 4897 272 4958 labra
303 4907 362 4958 et
391 4903 680 4959 lucernas
707 4917 921 4958 eorum
960 4902 1159 4973 typice
1191 4901 1416 4956 distet?
1445 4915 1774 4973 possumus

96 4995 256 5048 recte
283 4993 616 5063 intelligere
649 4992 926 5048 lucernas
964 5007 1096 5046 esse
1143 4991 1306 5047 viros
1361 4994 1628 5060 sanctos,
1672 4987 1777 5060 qui

115 5079 237 5136 oleo
266 5084 522 5155 Spiritus
558 5083 751 5139 sancti
779 5081 986 5152 infusi,
1035 5085 1093 5137 et
1138 5081 1252 5153 ipsi
1280 5081 1418 5151 igne
1444 5078 1777 5135 dilectionis

115 5170 316 5230 ardent
334 5174 394 5230 in
424 5172 635 5242 corde,
665 5177 724 5227 et
749 5172 1040 5245 proximis
1067 5171 1264 5227 lucem
1291 5169 1552 5226 scientiae
1573 5168 1777 5240 praefe-

117 5267 243 5316 runt
261 5263 581 5333 inlingua.
597 5262 1198 5320 Candelabraautem
1215 5275 1354 5332 quae
1373 5259 1485 5315 has
1499 5258 1778 5314 lucernas

117 5347 171 5404 in
193 5351 447 5410 sublime
475 5352 697 5409 tollunt
742 5356 809 5408 ut
853 5351 1035 5422 longe
1062 5351 1300 5423 lateque
1329 5347 1520 5405 videri
1547 5347 1782 5420 possint

119 5438 855 5515 in'Ecclesia-Scripturam
883 5457 1018 5497 esse
1046 5457 1306 5503 sacram,
1355 5455 1490 5511 quae
1541 5441 1778 5493 sancto-

120 5542 242 5587 rum
270 5533 447 5590 nobis
480 5532 734 5590 virtutes
784 5538 842 5588 et
879 5532 1219 5588 doctrinam
1252 5546 1362 5585 sua
1391 5528 1642 5585 lectione
1673 5529 1776 5584 de-

125 5628 466 5680 monstrant.
543 5622 652 5677 Cui
709 5622 982 5678 videlicet
1037 5619 1512 5691 interpretationi
1569 5619 1782 5674 annuit

127 5723 307 5768 sermo
335 5712 602 5782 Domini,
636 5728 759 5785 quo
789 5712 1006 5768 dicitur
1032 5711 1108 5766 de
1127 5714 1356 5767 Joanne
1381 5727 1394 5764 :
1449 5731 1477 5760 ‹‹
1513 5708 1625 5764 ῖΙΙΙθ
1655 5713 1782 5764 erat

115 5796 355 5860 niueam
379 5804 613 5862 ardens
641 5802 964 5860 -at.luecns
1007 5803 1206 5875 (Joan.
1229 5802 1320 5871 ον).
1359 5822 1403 5852 ι»)
1435 5804 1780 5862 ιΡοεειιωιιε

1853 3199 2406 3257 incontaminatam
2423 3204 2480 3253 et
2491 3196 3058 3254 immarcescibilem
3071 3239 3084 3264 ,
3111 3198 3531 3251 conservatam

1867 3292 1928 3346 in
1966 3290 2129 3346 ccelis
2164 3294 2204 3357 (Ι
2241 3288 2500 3357 Petita).
2555 3290 2620 3341 Et
2672 3286 2826 3341 bene
2881 3285 2982 3340 lilii
3031 3285 3210 3340 ﬂores
3254 3283 3420 3339 aurei
3467 3281 3527 3336 in

1872 3380 2237 3438 candelabro
2259 3383 2397 3433 sunt
2417 3377 2554 3432 facti
2577 3376 2796 3431 domus
2816 3375 3070 3441 Domini,
3101 3374 3244 3446 quia
3268 3373 3532 3445 Scriptu-

1870 3471 2171 3527 ra-divina
2202 3468 2414 3541 spretis
2447 3465 2879 3538 temporalibus
2912 3463 3172 3534 gaudiis,
3221 3462 3300 3520 ad
3344 3477 3532 3534 appe-

1875 3560 2058 3615 tenda
2087 3575 2200 3614 nos
2233 3558 2396 3613 bona
2422 3556 2627 3628 patriae
2657 3554 2911 3610 cmlestis
2935 3569 3266 3626 provocare
3287 3565 3536 3607 consue-

1873 3651 2049 3704 vit.Et
2067 3646 2379 3721 quomodo
2399 3649 2663 3701 erectum
2687 3645 2747 3699 in
2760 3643 3080 3699 altitudine
3096 3640 3531 3698 candela-brum

1875 3740 1977 3795 lilii
2010 3738 2188 3794 ﬂores
2222 3743 2277 3792 et
2305 3736 2582 3791 lucernas
2625 3734 2806 3789 habet
2844 3748 3058 3788 aureas
3098 3732 3158 3786 in
3200 3730 3415 3802 capite,
3449 3727 3541 3783 ita

1876 3829 2043 3886 electi
2079 3842 2292 3884 omnes
2331 3825 2437 3898 qui
2475 3824 2536 3878 in
2567 3823 2781 3879 eadem
2815 3821 3119 3893 Scriptura
3147 3834 3321 3876 sacra
3349 3815 3539 3873 conti~

1876 3924 2113 3988 nentur,
2150 3920 2344 3972 erecto
2376 3913 2454 3969 ad
2484 3927 2749 3984 superna
2782 3926 2986 3979 sensu,
3017 3908 3281 3965 cmlcstia
3311 3907 3475 3963 bona
3504 3919 3542 3961 a

1880 4007 2134 4064 Domino
2155 4003 2442 4078 quaesisse
2465 4006 2521 4058 et
2541 4000 2879 4073 percepisse
2902 3999 3255 4071 probantur.
3277 4019 3305 4047 ‹‹
3327 3999 3392 4052 Et
3411 4009 3541 4051 car—

1878 4099 2050 4154 dines
2071 4097 2362 4153 ostiorum
2379 4094 2600 4149 domus
2611 4090 2825 4162 templi
2843 4089 3146 4145 interioris
3158 4087 3355 4146 Sancti
3371 4100 3545 4142 sanc-

1878 4193 2098 4253 torum,
2120 4190 2178 4242 et
2202 4184 2494 4240 ostiorum
2525 4181 2747 4237 domus
2778 4179 2985 4251 templi
3010 4195 3084 4234 ex
3111 4194 3259 4234 auro
3291 4181 3480 4233 erant.
3511 4194 3541 4222 ο

1867 4277 2043 4332 Ostia
2089 4275 2251 4331 enim
2282 4273 2504 4330 domus
2543 4269 2872 4336 interioris,
2917 4269 3126 4324 Sancti
3156 4271 3544 4335 sanctorum,

1881 4365 2153 4435 angelica
2203 4366 2342 4418 sunt
2394 4361 2743 4430 ministeria,
2794 4375 2928 4431 quae
2957 4358 3144 4414 nobis
3183 4357 3259 4413 de
3297 4368 3547 4428 corpore

1882 4455 2136 4525 egressis
2166 4452 2476 4509 introitum
2508 4450 2632 4505 vitae
2665 4449 2918 4505 etelestis
2944 4452 3233 4504 reserent.
3273 4446 3352 4500 Et
3383 4442 3549 4500 ostia

1884 4545 2105 4600 domus
2135 4542 2341 4615 templi
2367 4541 2658 4597 doctores
2690 4543 2832 4594 sunt
2861 4537 3155 4594 sancti-ac
3185 4533 3547 4596 sacerdotes,

1884 4635 1989 4708 qui
2026 4633 2403 4699 instruendo,
2445 4627 2831 4701 baptizando,
2888 4626 3125 4682 Domini
3174 4621 3466 4708 corporis,

1885 4706 2195 4794 sanguinis
2235 4718 2522 4792 mysteria
2548 4716 3081 4784 communicando,
3123 4713 3329 4786 prima
3370 4706 3550 4764 nobis

1887 4813 2159 4868 Ecclesiae
2175 4807 2499 4883 prtesentis
2525 4806 2736 4862 limina
2760 4803 3058 4877 pandunt.
3091 4800 3244 4866 Quid
3273 4797 3550 4854 cardines

1875 4907 2280 4972 :utrorumque
2310 4899 2599 4953 ostiorum
2648 4895 2761 4949 nisi
2807 4908 3020 4947 sensus
3057 4895 3126 4946 ct
3173 4887 3359 4945 corda
3395 4889 3553 4944 sunt

1886 4989 2240 5048 eorumdem
2288 4985 2643 5057 angelorum
2675 4982 2797 5038 sive
2830 4979 3550 5057 hominum-sanctorum,

1887 5080 2108 5154 quibus
2134 5052 2584 5133 immutabiliter
2613 5068 3102 5143 contemplationi
3118 5052 3216 5126 ‘ac
3249 5063 3553 5123 dilectioni

1889 5153 1984 5225 sui
2005 5166 2340 5226 Conditoris
2370 5166 2699 5228 adhaerent,
2729 5164 2793 5216 ut
2821 5175 2894 5216 eo
2913 5159 3312 5218 ministerium
3334 5153 3553 5212 divini»-

1873 5267 1982 5318 ωε
2014 5257 2127 5313 sibi
2153 5255 2497 5326 delegatum
2526 5255 2683 5308 recte
2713 5249 3080 5323 compleant,
3125 5264 3250 5322 quo
3277 5243 3552 5303 a-volun—

1877 5355 2005 5408 tate
2024 5347 2180 5403 illius
2197 5346 2294 5402 cui
2314 5345 2675 5412 ministrant,
2688 5356 3006 5413 nunquam
3021 5339 3230 5395 oculos
3243 5338 3552 5393 avertunt:

1889 5438 2240 5511 aperiuntur
2269 5435 2430 5491 enim
2461 5438 2518 5490 et
2543 5433 2910 5489 clauduntur
2929 5429 3090 5484 ostia
3113 5432 3555 5500 temporecon-

1891 5543 2061 5598 gruo,
2084 5526 2192 5581 sed
2218 5525 2385 5581 nullo
2407 5539 2583 5579 suum
2607 5522 3209 5590 cardinem-temporc
3229 5515 3548 5572 deserunt:

1891 5617 2034 5690 quia
2066 5621 2123 5670 et
2152 5614 2347 5684 angeli
2393 5618 2449 5669 et
2485 5627 2697 5668 omnes
2735 5608 2944 5678 sancti,
2999 5607 3119 5662 sive
3167 5607 3229 5662 in
3277 5605 3392 5662 hac
3435 5602 3555 5660 vita

1891 5707 2050 5773 ﬁdei,
2104 5721 2207 5761 seu
2239 5705 2301 5758 in
2331 5703 2432 5758 illa
2464 5702 2590 5775 spei
2628 5701 2834 5757 tideles
2873 5702 3053 5771 atque
3089 5697 3309 5753 electos
3361 5692 3552 5749 susci-

1877 5797 2090 5870 :piaut,
2097 5810 2338 5866 semper
2354 5791 2518 5851 anim
2525 5781 3559 5849 um-in'radice-intorneldilectionis
