3940 6400
436 296 541 349 455

1567 296 1925 353 ANGELOMI
1967 291 2418 350 LUXOVIENSIS
2457 290 2769 346 MONACHI

3746 291 3829 344 456

439 415 632 472 ﬁxum
666 421 882 473 tenent.
920 418 1083 473 Unde
1109 417 1263 473 bene
1291 417 1473 473 iidem
1521 419 1794 475 cardines
1833 435 1907 474 ex
1950 433 2097 474 auro
2127 420 2176 472 A
2217 434 2235 465 ε
2280 414 2341 470 in
2371 413 2573 468 locum
2600 429 2800 483 suum,
2823 413 2884 468 in
2906 411 3220 470 oraculum
3247 411 3472 484 templi,
3499 411 3560 466 in
3581 413 3832 468 Sanctum

440 521 574 562 esse
605 506 743 561 facti
771 506 1178 578 perhibentur,
1211 511 1456 579 propter
1482 507 1754 564 videlicet
1784 508 1874 564 vel
1928 507 2099 562 meri-

439 597 565 648 tum
600 594 853 666 propriae
883 594 1184 661 claritatis,
1219 594 1313 649 vel
1355 595 1512 651 illius
1551 611 1739 668 quam
1785 596 2013 653 habent
2036 594 2098 650 in

437 682 626 739 Deum
649 682 970 738 charitatis.

509 795 537 822 ‹‹
585 775 650 827 Et
673 771 917 843 perfecit
939 786 1118 827 omne
1150 788 1306 844 opus
1337 774 1504 845 quod
1524 773 1782 830 faciebat
1809 789 1913 829 rex
1941 772 2100 830 Salo-

439 880 468 914 α
507 876 651 915 mon
693 860 756 915 in
786 860 970 915 domo
1008 861 1266 917 Domini.
1306 881 1329 909 ι
1358 862 1603 918 Perfecit
1634 862 1917 919 Salomon
1942 876 2099 934 opus

434 948 600 1021 quod
626 948 884 1004 faciebat
913 948 973 1003 in
1004 949 1190 1005 domo
1222 950 1478 1017 Domini,
1506 967 1645 1006 cum
1677 967 1778 1007 rex
1809 951 2099 1024 paciﬁcus

434 1043 638 1094 noster
688 1039 750 1093 in
798 1039 895 1094 die
946 1039 1280 1094 novissima
1309 1056 1522 1095 omnes
1553 1041 1772 1096 electos
1801 1056 2097 1096 resurrec-

435 1127 608 1182 tionis
655 1127 1100 1184 immortalitate
1151 1128 1464 1197 gloriﬁcat.
1493 1129 1772 1202 Alioquin
1825 1129 2099 1201 quandiu

433 1220 624 1271 status
653 1216 838 1286 hujus
861 1217 1064 1272 saeculi
1094 1218 1340 1288 geritur,
1364 1217 1500 1274 fecit
1538 1218 1786 1290 quidem
1816 1233 1971 1290 opus
1995 1217 2100 1273 do-

431 1320 570 1360 mus
625 1304 862 1360 Domini
893 1304 1198 1376 Salomon,
1231 1305 1337 1361 sed
1366 1305 1648 1362 nondum
1677 1305 1926 1378 perﬁcit,
1953 1305 2099 1378 quia

433 1393 621 1448 corda
663 1391 990 1448 electorum
1041 1393 1329 1449 Dominus
1361 1398 1426 1449 ut
1449 1393 1614 1450 bona
1638 1399 1960 1466 operentur
2005 1393 2097 1449 in-

435 1481 626 1552 spirat
655 1484 711 1536 et
743 1480 1009 1551 adjuvat.
1042 1480 1279 1536 Nullum
1327 1486 1529 1538 tamen
1558 1483 1619 1538 in
1660 1483 1774 1538 hac
1803 1483 2099 1538 duntaxat

433 1571 556 1624 vita
582 1573 1060 1624 commorantem
1092 1570 1322 1642 absque
1373 1577 1620 1643 peccato
1651 1587 1783 1627 esse
1843 1571 2047 1628 tribuit
2078 1589 2091 1627 :

434 1674 704 1730 namque
744 1657 859 1713 hoc
891 1659 1126 1714 donum
1154 1659 1364 1714 futurae
1414 1659 1546 1716 vitae
1577 1660 1962 1716 beatitudinis
2010 1677 2094 1715 re-

2208 527 2236 554 «
2280 508 2625 559 sanctorum
2658 503 2862 559 subter
2891 503 3018 560 alas
3039 502 3371 558 cherubim.
3395 501 3699 574 Siquidem
3721 502 3832 558 che-

2207 616 2236 644 «
2277 593 2477 650 rubim
2508 592 2937 664 expandebant
2962 591 3090 648 alas
3122 607 3301 663 super
3353 590 3559 646 locum
3607 606 3768 656 arcte,
3794 597 3837 646 et

2209 705 2237 733 «
2277 681 2672 756 protegebant
2694 697 2915 750 arcam,
2947 685 3002 736 et
3029 684 3226 735 vectes
3246 680 3375 750 ejus
3395 679 3839 751 desuper.Cum-

2209 795 2238 822 «
2279 787 2396 845 que
2428 770 2758 826 eminerent
2786 775 2982 826 vectes
3012 775 3069 826 et
3099 774 3461 842 apparerent
3491 767 3838 823 summitates

2208 881 2238 910 «
2279 876 2489 916 eorum
2541 860 2683 916 foris
2733 859 3143 915 sanctuarium
3191 863 3329 914 ante
3373 857 3712 925 oraculum,
3739 872 3838 912 non

2209 971 2238 999 «
2280 949 2655 1022 apparebant
2677 948 2831 1004 ultra
2863 949 3247 1012 extrinsecus.
3277 947 3421 1020 quia
3440 953 3496 1003 et
3527 945 3840 1002 fueruntibi

2208 1055 2237 1083 «
2279 1049 2469 1106 usque
2498 1034 2558 1088 in
2609 1039 2962 1106 praesentem
3013 1033 3192 1088 diem.
3229 1037 3290 1086 ln
3331 1048 3472 1087 arca
3499 1036 3705 1087 autem
3740 1045 3843 1084 non

2209 1144 2239 1172 «
2279 1128 2405 1178 erat
2435 1122 2600 1178 aliud
2629 1123 2742 1178 nisi
2774 1122 2911 1178 duae
2934 1121 3155 1178 tabulae
3186 1121 3438 1194 lapideae
3468 1136 3629 1193 quas
3656 1134 3843 1192 posue-

2209 1234 2237 1263 «
2279 1217 2370 1268 rat
2390 1212 2450 1267 in
2474 1228 2545 1268 ea
2571 1215 2799 1284 Moyses
2824 1213 2884 1266 in
2916 1211 3131 1277 Horeb,
3155 1210 3402 1283 quando
3423 1208 3655 1282 pepigit
3676 1207 3844 1264 foedus

2208 1322 2236 1349 «
2279 1300 2570 1356 Dominus
2610 1316 2750 1356 cum
2801 1298 2938 1355 ﬁliis
2977 1298 3145 1365 Irae],
3178 1315 3318 1354 cum
3343 1297 3766 1368 egrederentur
3785 1295 3845 1351 de

2209 1412 2236 1438 ‹‹
2283 1394 2436 1446 terra
2467 1389 2722 1462 Egypti,
2759 1412 2786 1438 ››
2817 1396 2926 1445 etc.
2961 1389 3134 1454 Quod
3165 1388 3325 1444 illata
3351 1403 3493 1444 arca
3547 1387 3611 1442 in
3655 1388 3846 1442 Sancta

2207 1484 2552 1536 sanctorum
2585 1479 2840 1547 ducitur,
2873 1495 3133 1552 cumque
3180 1478 3514 1534 eminerent
3566 1481 3776 1545 vectes,
3802 1480 3844 1530 et

2206 1574 2566 1642 apparerent
2593 1569 2967 1624 summitates
2999 1583 3210 1624 eorum
3257 1567 3398 1623 foris
3427 1565 3843 1632 sanctuarium,

2205 1674 2328 1714 non
2359 1659 2734 1730 apparebant
2762 1657 2916 1714 ultra
2937 1657 3322 1723 extrinsecus,
3346 1657 3462 1712 hoc
3493 1655 3844 1712 manifestius

435 1751 652 1802 servat.
679 1745 909 1802 Perﬁcit
932 1763 1074 1802 vero
1119 1763 1297 1803 omne
1327 1764 1484 1821 opus
1517 1747 1724 1822 templi
1753 1749 1864 1817 sui,
1896 1753 1953 1804 et
1979 1749 2095 1805 hoc
2135 1772 2176 1826 Β
2205 1747 2266 1803 in
2298 1747 2800 1820 Paralipomenon
2832 1746 3137 1803 volumine
3167 1745 3446 1802 scribitur
3473 1746 3568 1816 (II
3594 1747 3738 1801 Par.
3765 1748 3841 1810 v):

435 1834 797 1890 dedicationi
824 1840 1034 1907 aptum
1077 1837 1291 1906 reddit,
1335 1854 1474 1893 cum
1525 1837 1847 1894 translatos
1879 1837 1953 1892 de
1979 1837 2094 1893 hac

433 1923 554 1978 vita
599 1923 816 1979 electos
872 1941 1014 1980 suos
1063 1930 1352 1981 aeternum
1383 1925 1655 1998 perducit
1705 1925 1785 1982 ad
1813 1941 2090 1993 regnum,

431 2011 598 2084 quod
622 2012 776 2067 bene
805 2013 1174 2082 signiﬁcatur
1199 2014 1380 2070 etiam
1411 2014 1471 2070 in
1498 2031 1570 2071 eo
1611 2015 1779 2089 quod
1806 2015 2090 2088 templum

431 2107 690 2174 quatuor
716 2102 891 2157 annis
923 2101 1283 2158 aediﬁcatum
1311 2109 1416 2171 est,
1441 2109 1653 2160 octavo
1675 2110 1876 2161 autem
1905 2104 2092 2177 perfe-

431 2194 592 2246 ctum
622 2207 693 2246 ac
745 2191 1088 2247 dedicatum
1141 2197 1248 2261 est,
1283 2198 1513 2265 septem
1562 2209 1827 2267 namque
1877 2194 2090 2249 diebus

431 2296 610 2336 omne
634 2281 749 2336 hoc
781 2285 1018 2353 tempus
1043 2281 1314 2338 volvitur.
1338 2285 1558 2340 Octava
1587 2289 1675 2339 est
1703 2284 1852 2350 dies,
1885 2288 1972 2338 est
1997 2283 2091 2353 ju-

434 2371 571 2426 dicii
593 2376 649 2426 et
669 2371 1116 2427 resurrectionis
1146 2372 1356 2427 futurae
1389 2392 1400 2428 :
1425 2373 1499 2428 de
1553 2390 1677 2446 qua
1707 2373 1925 2445 psalmi
1956 2389 2087 2428 sex-

432 2464 524 2515 tus
547 2465 601 2516 et
629 2460 985 2516 undecimus
1007 2461 1282 2516 attitulati
1316 2466 1474 2517 sunt.
1499 2461 1604 2516 Cui
1648 2461 1916 2517 videlicet
1946 2467 2089 2516 tem-

429 2550 562 2622 pori
593 2551 871 2606 convenit
901 2555 1038 2622 apte
1068 2551 1234 2622 quod
1267 2551 1568 2623 sequitur:
1597 2573 1625 2602 ‹
1650 2555 1715 2606 Et
1737 2551 1934 2607 intulit
1952 2567 2086 2623 quae

427 2639 899 2695 sanctiﬁcaverat
922 2639 1108 2695 David
1138 2644 1307 2712 pater
1339 2657 1502 2707 suus,
1534 2646 1871 2710 argentum,
1904 2645 1959 2695 et
1986 2655 2090 2694 au—

427 2744 565 2784 rum
595 2733 653 2784 et
682 2744 844 2796 vasa,
877 2728 1263 2800 reposuitque
1294 2728 1354 2783 in
1398 2729 1689 2785 thesauris
1727 2729 1948 2784 domus
1979 2730 2090 2786 Do-

433 2817 602 2872 mini.
626 2840 653 2866 »
671 2823 998 2887 Argentum
1029 2833 1297 2889 namque
1324 2818 1403 2874 ad
1432 2818 1686 2874 nitorem
1716 2817 2086 2891 eloquentiae,

429 2922 646 2962 aurum
677 2905 756 2962 ad
787 2905 1172 2978 splendorem
1199 2906 1522 2979 sapientiae.
1565 2909 1716 2963 Vasa
1741 2906 2092 2976 generaliter

429 2994 508 3050 ad
533 2994 885 3051 rationalem
913 2995 1588 3068 pertinentcreaturam.
1625 2995 2089 3068 Sanctiﬁcatque

429 3084 639 3156 David,
685 3088 858 3157 pater
914 3083 1274 3156 Salomonis,
1327 3089 1682 3156 argentum;
1735 3101 1875 3141 cum
1931 3087 2087 3140 Deus

425 3176 592 3229 Pater
639 3173 990 3246 eloquentes
1045 3190 1324 3246 quosque
1369 3176 1558 3244 gratia
1591 3175 1684 3229 sui
1733 3173 1982 3246 Spiritus
2011 3173 2089 3229 ad

424 3261 799 3333 loquendum
829 3262 1085 3317 verbum
1136 3262 1436 3332 Evangelii
1468 3261 1780 3319 confortat.
1819 3262 2088 3318 Sanctiﬁ-

427 3355 522 3404 cat
549 3365 788 3419 aurum,
821 3367 962 3405 cum
994 3351 1252 3407 naturali
1282 3352 1526 3420 ingenio
1559 3352 1825 3424 perditos
1855 3369 1966 3408 suo
1997 3368 2089 3407 re-

426 3437 600 3509 plens
621 3438 844 3509 Spiritu
871 3438 952 3493 ad
981 3440 1490 3496 considerandum
1521 3441 1580 3495 in
1605 3440 1734 3511 lege
1766 3457 1876 3497 sua
1906 3441 2089 3497 mira-

426 3524 573 3580 bilia
619 3524 933 3580 illuminat.
966 3527 1306 3584 Sanctiﬁcat
1333 3532 1388 3583 et
1427 3545 1600 3596 vasa,
1635 3546 1775 3585 cum
1803 3530 2088 3586 omnibus

429 3613 781 3684 generaliter
804 3613 1077 3670 Ecclesia:
1108 3615 1243 3670 ﬁliis
1275 3616 1548 3685 ejusdem
1599 3617 1848 3689 Spiritus
1900 3618 2092 3686 gratia

426 3702 696 3774 largitur,
731 3708 910 3776 [quae]
947 3703 1022 3758 ad
1043 3704 1312 3759 amanda
1337 3704 1492 3772 illos,
1511 3711 1570 3761 et
1597 3705 1942 3777 appetenda
1963 3722 2092 3778 per-

425 3797 620 3866 petum
653 3792 860 3848 salutis
889 3791 1092 3867 [dona]
1124 3792 1481 3850 inﬂammat.
1514 3797 1633 3850 Hoc
1656 3798 1860 3850 autem
1883 3810 2092 3864 argen-

426 3885 575 3951 tum,
603 3882 717 3938 hoc
748 3898 991 3949 aurum,
1022 3882 1152 3938 haec
1197 3882 1567 3939 sanctiﬁcata
1607 3899 1756 3938 vasa
1807 3883 2090 3940 Salomon

425 3969 601 4025 infert
645 3970 705 4024 in
738 3971 1032 4043 templum
1089 3987 1229 4027 cum
1284 3972 1574 4028 Dominus
1614 3975 1819 4028 noster
1845 3976 2088 4046 peracto

426 4057 747 4112 universali
763 4059 990 4128 judicio
1011 4075 1226 4114 omnes
1249 4059 1488 4124 electos,
1510 4066 1565 4116 et
1585 4059 1904 4117 doctorum
1927 4061 2089 4117 vide-

425 4145 580 4211 licet,
613 4149 670 4200 et
697 4149 1049 4201 caeterorum
1097 4147 1366 4203 fidelium
1412 4153 1656 4217 coetum,
1685 4149 1745 4205 in
1795 4149 2088 4221 gaudium

425 4232 596 4301 regni
625 4232 876 4288 caelestis
904 4233 1244 4291 introducit.
1270 4237 1639 4310 Reponitque
1700 4254 1848 4295 vasa
1871 4239 2089 4294 diversi

427 4321 683 4391 generis,
717 4325 999 4390 argentea
1045 4322 1166 4378 sive
1196 4339 1379 4381 aurea
1408 4326 1468 4382 in
1517 4327 1810 4383 thesauris
1863 4327 2085 4383 domus

427 4409 683 4479 Domini,
699 4411 947 4482 quando
963 4427 1066 4466 eos
1085 4413 1189 4484 qui
1204 4415 1582 4471 multitudine
1601 4416 1936 4472 dulcedinis
1957 4417 2087 4487 ejus

425 4497 539 4553 frui
591 4499 914 4556 meruerint
964 4499 1279 4557 abscondit
1303 4502 1366 4557 in
1418 4503 1627 4559 abdito
1673 4503 1875 4560 vultus
1905 4503 2018 4568 sui,
2050 4520 2087 4560 a

425 4587 881 4645 conturbatione
923 4589 1263 4646 hominum.
1297 4594 1362 4647 Et
1391 4596 1528 4664 apte
1583 4592 1754 4648 multi
1806 4597 1946 4649 sunt
1969 4593 2090 4648 the-

424 4678 604 4746 sauri,
638 4679 699 4734 in
752 4679 976 4752 quibus
1001 4696 1152 4736 vasa
1182 4680 1487 4738 electionis
1518 4682 1948 4751 reconduntur,
1981 4683 2087 4739 sed

422 4784 546 4825 una
565 4767 785 4826 domus
802 4769 1038 4826 Domini
1060 4771 1120 4826 in
1141 4786 1266 4843 qua
1284 4771 1446 4828 idem
1468 4775 1608 4828 sunt
1639 4771 1780 4828 facti
1800 4771 2083 4840 thesauri,

422 4858 567 4930 quia
596 4863 652 4914 et
700 4875 824 4915 una
855 4859 1116 4917 Ecclesia
1161 4859 1222 4914 in
1271 4877 1396 4933 qua
1444 4876 1659 4917 omnes
1705 4859 2088 4917 continentur

425 4947 613 5015 electi,
634 4948 1078 5019 quantumlibet
1108 4950 1334 5007 meritis
1363 4951 1602 5007 distent.
1627 4952 1700 5007 Et
1719 4967 1844 5007 una
1872 4966 1943 5006 ac
1961 4966 2086 5008 non

424 5034 662 5090 diversa
679 5041 768 5093 est
796 5038 990 5109 patria
1017 5038 1118 5094 illa
1150 5038 1576 5112 cmlestis,quze
1608 5040 1804 5096 electis
1834 5040 2084 5112 promit-

425 5125 563 5182 titur
590 5125 891 5195 omnibus,
923 5129 1205 5200 quamvis
1237 5129 1390 5186 sicut
1418 5129 1588 5186 stella
1629 5146 1665 5185 a
1695 5129 1864 5186 stella
1889 5129 2085 5186 differt

421 5213 483 5271 in
515 5214 802 5279 claritate,
842 5215 922 5272 ita
980 5222 1037 5273 et
1060 5220 1416 5276 resurrectio
1462 5225 1862 5276 mortuorum.
1911 5218 2086 5285 Quod

422 5310 625 5363 utrum
646 5305 837 5378 judex
851 5306 979 5378 ipse
1007 5322 1077 5362 ac
1104 5307 1451 5364 distributor
1472 5310 1860 5381 praemiorum
1884 5309 2082 5364 Domi-

421 5410 558 5464 nus,
591 5411 716 5452 una
739 5397 1030 5452 sententia
1060 5397 1510 5467 demonstravit,
1531 5416 1670 5455 cum
1700 5399 1806 5458 ait:
1835 5422 1863 5448 «
1888 5403 1950 5454 In
1973 5399 2082 5454 do-

424 5498 525 5539 mo
541 5485 732 5540 Patris
763 5486 878 5542 mei
909 5485 1259 5542 mansiones
1285 5487 1487 5544 multae
1509 5493 1648 5544 sunt
1675 5489 2030 5560 (Joan.x1v).
2053 5507 2079 5536 ι

1029 5631 1251 5685 CAPUT
1301 5633 1437 5687 Vlll.

500 5773 528 5798 ‹‹
561 5753 627 5809 Et
653 5749 1331 5812 intuleruntsacerdotes
1355 5771 1560 5814 arcam
1579 5757 1818 5814 foederis
1840 5756 2077 5813 Domini

2121 3125 2162 3181 C

2115 4475 2160 4527 D

2207 1861 2236 1887 ‹‹
2268 1839 2560 1906 Vectium,
2583 1837 2796 1910 inquit,
2824 1837 3046 1910 quibus
3083 1836 3409 1909 portabant
3451 1851 3687 1902 arcam,
3724 1833 3844 1907 quia

2203 1925 2518 1998 paululum
2533 1925 2832 1995 longiores
2851 1925 3242 1998 erant,capita
3256 1924 3708 1998 parebantante
3734 1939 3842 1979 ora-

2205 2015 2466 2070 culum.»
2494 2015 2547 2069 Si
2575 2030 2714 2070 vero
2735 2013 2870 2086 quis
2891 2013 3205 2086 paululum
3236 2013 3442 2069 fuisset
3472 2013 3840 2073 extrinsecus,

2205 2119 2306 2159 eos
2335 2103 2535 2158 videre
2567 2118 2688 2158 non
2738 2107 2992 2175 poterat.
3053 2102 3159 2158 Ubi
3192 2101 3556 2172 notandum,
3590 2102 3733 2174 quia
3759 2099 3843 2156 etsi

2202 2193 2460 2248 vectium
2485 2192 2682 2265 capita
2710 2192 3134 2248 accedentibus
3163 2191 3414 2264 propius
3431 2208 3502 2247 ac
3524 2190 3841 2262 diligentius

2203 2282 2575 2338 intuentibus
2625 2282 2920 2353 parebant
2955 2287 3091 2337 ante
3142 2281 3479 2350 oraculum,
3509 2298 3638 2338 non
3669 2287 3842 2337 tamen

2203 2372 2556 2428 eminerent.
2592 2372 2741 2437 Quia
2771 2371 3058 2426 nimirum
3086 2387 3331 2427 necesse
3380 2375 3508 2426 erat
3562 2375 3625 2426 ut
3664 2370 3841 2426 clauso

2204 2460 2449 2516 oraculo
2481 2466 2538 2516 et
2565 2476 2839 2533 appenso
2891 2466 3028 2516 ante
3077 2460 3231 2516 ostia
3277 2460 3432 2528 velo,
3465 2460 3584 2533 ipsi
3623 2475 3840 2533 quoque

2205 2554 2403 2604 vectes
2433 2549 2534 2604 toti
2567 2566 2704 2604 cum
2736 2565 2876 2604 arca
2899 2554 2956 2605 et
2979 2549 3290 2604 cherubim
3314 2549 3841 2606 abducerenturin-

2207 2638 2414 2692 terius:
2443 2637 2609 2709 quod
2634 2637 2761 2693 ﬁeri
2788 2653 2910 2693 non
2939 2641 3192 2709 poterat,
3211 2637 3256 2692 si
3289 2637 3704 2710 prominentes
3725 2636 3840 2691 ulte

2205 2726 2330 2780 rius
2381 2731 2576 2780 vectes
2625 2725 3012 2797 producentis
3040 2725 3119 2781 ad
3148 2725 3564 2782 claudendum
3594 2724 3752 2781 ostiis
3778 2723 3843 2778 lo—

2207 2829 2342 2868 cum
2397 2829 2521 2868 non
2573 2814 2802 2869 darent.
2865 2817 3130 2879 Quorum
3196 2813 3562 2886 positionem
3609 2814 3840 2870 vectium

2207 2902 2530 2975 Scriptura,
2549 2918 2671 2958 non
2704 2902 2830 2957 sine
2851 2919 3056 2972 causa,
3081 2902 3186 2958 sed
3213 2903 3407 2973 magis
3437 2903 3658 2959 intuitu
3675 2917 3842 2958 sacra-

2201 2992 2388 3048 menti
2441 2997 2563 3048 tam
2618 2991 2932 3062 diligenter
2986 2992 3266 3065 expedire
3321 2994 3574 3049 curavit.
3627 2993 3842 3050 Constat

2202 3081 2363 3138 enim
2387 3081 2530 3153 quia
2556 3081 2776 3137 domus
2798 3081 3002 3154 templi
3024 3081 3278 3137 exterior
3297 3082 3773 3154 peregrinantem
3793 3078 3840 3133 in

2203 3171 2369 3226 terris
2389 3169 2732 3238 Ecclesiam,
2750 3172 2966 3227 Sancta
2986 3175 3186 3226 autem
3205 3176 3552 3226 sanctorum
3571 3173 3838 3228 internam

2203 3275 2479 3333 superna:
2509 3259 2715 3331 patriae
2767 3259 3105 3316 felicitatem
3135 3259 3474 3330 designant.
3510 3264 3655 3316 Item
3703 3257 3840 3314 illata

2200 3348 2261 3404 in
2297 3352 2512 3406 Sancta
2542 3353 2888 3404 sanctorum
2911 3365 3071 3417 arca,
3105 3353 3488 3421 assumptam
3516 3348 3726 3406 Christi
3751 3347 3838 3402 hu-

2202 3438 2606 3505 militatem,et
2636 3437 2790 3493 intra
2809 3437 3009 3493 velum
3039 3437 3218 3508 regiae
3249 3437 3503 3493 caelestis
3528 3437 3835 3494 inductam.

2199 3529 2408 3584 Vectes
2439 3543 2582 3583 vero
2615 3526 2836 3599 quibus
2868 3527 3080 3582 eadem
3113 3542 3254 3582 arca
3307 3525 3685 3599 portabatur,
3713 3540 3838 3599 prm-

2199 3618 2494 3673 dicatores
2544 3617 2713 3672 verbi
2765 3617 2891 3688 (per
2937 3632 3092 3689 quos
3145 3616 3273 3688 ipse
3317 3615 3553 3672 mundo
3587 3614 3836 3683 innotuit)

2198 3707 2395 3780 typice
2449 3708 2744 3762 nuntiant.
2803 3710 2937 3762 Erat
2984 3712 3182 3762 autem
3216 3706 3278 3761 in
3309 3722 3451 3762 arca
3499 3722 3658 3763 urna
3681 3719 3837 3762 aurea

2198 3795 2428 3852 habens
2464 3812 2710 3866 manna,
2760 3797 2904 3868 quia
2952 3795 3015 3850 in
3063 3795 3308 3851 homine
3355 3795 3590 3852 Christo
3635 3794 3837 3851 habitat

2197 3887 2395 3941 omnis
2426 3884 2736 3957 plenitudo
2757 3884 3085 3940 divinitatis
3115 3883 3520 3957 corporaliter.
3537 3887 3675 3941 Erat
3693 3883 3837 3952 virga

2197 3975 2400 4030 Aaron
2430 3989 2565 4045 quae
2595 3974 2794 4029 excisa
2822 3973 3026 4029 denuo
3055 3973 3358 4037 ﬂoruerat,
3397 3973 3543 4046 quia
3599 3974 3838 4046 potestas

2197 4061 2394 4118 omnis
2421 4061 2732 4132 judicandi
2764 4077 2946 4134 penes
2973 4077 3114 4118 eum
3143 4066 3251 4126 est,
3285 4062 3458 4133 cujus
3481 4057 3837 4133 judiciumin

2196 4151 2530 4207 humilitate
2547 4150 2850 4223 passionis
2865 4149 3182 4206 videbatur
3197 4166 3325 4206 esse
3341 4150 3671 4207 sublatum.
3685 4149 3838 4205 Erant

2197 4244 2255 4297 et
2284 4239 2502 4296 tabulae
2549 4239 2907 4304 testamenti,
2939 4239 3086 4312 quia
3135 4239 3197 4294 in
3236 4239 3338 4295 illo
3367 4262 3396 4289 ‹‹
3429 4245 3574 4295 sunt
3601 4232 3838 4295 thesauri

2198 4329 2505 4402 sapientiae
2533 4328 3038 4399 absconditi(Col.
3065 4333 3146 4396 ιι).
3172 4351 3201 4379 ››
3223 4328 3630 4385 Adhaerebant
3657 4327 3707 4384 ei
3727 4339 3838 4381 vec-

2199 4423 2284 4475 tes
2313 4418 2534 4490 quibus
2557 4418 2930 4491 portabatur,
2957 4417 3102 4491 quia
3125 4418 3401 4474 doctores
3421 4418 3523 4490 qui
3545 4415 3836 4490 quondam

2196 4507 2548 4564 laborarunt
2575 4507 2637 4562 in
2665 4507 2849 4562 verbo
2877 4507 3106 4570 Christi,
3131 4523 3294 4563 nunc
3317 4507 3597 4581 prmsenﬁ
3628 4505 3834 4562 visione

2197 4597 2583 4666 congaudent
2607 4595 2808 4667 gloriae
2830 4595 3063 4653 Christi.
3090 4596 3263 4661 Quod
3279 4597 3440 4652 enim
3467 4612 3626 4652 unus
3648 4605 3834 4650 eorum

2195 4685 2270 4740 de
2302 4701 2364 4740 se
2393 4685 2542 4741 dixit
2572 4704 2584 4740 :
2618 4708 2645 4734 «
2677 4686 2855 4758 cupio
2885 4684 3135 4741 dissolvi
3164 4691 3222 4740 et
3268 4701 3408 4740 cum
3455 4684 3682 4741 Christo
3723 4693 3832 4736 esse

2195 4774 2490 4845 (Philipp.
2517 4775 2578 4845 ι),
2612 4795 2640 4823 ››
2671 4774 2747 4829 de
2774 4773 3058 4829 omnibus
3109 4773 3312 4846 utique
3358 4774 3450 4829 sui
3489 4773 3686 4846 operis
3713 4784 3834 4826 con-

2195 4862 2456 4918 sortibus
2470 4862 2924 4932 intelligendum
2943 4862 3196 4935 reliquit.
3210 4862 3601 4935 Apparebant
3614 4855 3834 4918 summi-

2193 4955 2345 5008 tates
2375 4952 2634 5008 vectium
2690 4952 2833 5008 foris
2885 4955 3022 5008 ante
3053 4951 3390 5018 oraculum,
3420 4967 3545 5008 non
3596 4961 3831 5020 semper,

2193 5041 2298 5097 sed
2322 5058 2461 5097 cum
2486 5042 2640 5097 ostia
2671 5041 2944 5111 ejusdem
2970 5041 3196 5096 oraculi
3219 5040 3434 5113 aperiri
3463 5038 3830 5109 contingeret.

2192 5134 2393 5202 Neque
2411 5131 2525 5186 hoc
2537 5130 2842 5200 omnibus,
2855 5130 2958 5186 sed
2979 5130 3072 5185 his
3093 5129 3478 5186 solummodo
3489 5129 3594 5202 qui
3606 5125 3831 5202 propius

2191 5219 2544 5276 accedentes
2565 5218 2846 5275 attentius
2867 5235 2937 5276 ea
2957 5235 3095 5291 quae
3115 5218 3276 5276 intus
3304 5223 3475 5275 erant
3499 5213 3832 5288 satagebant

2191 5296 2423 5365 intueri.
2455 5311 2594 5381 Ipsa
2619 5313 2820 5365 autem
2854 5324 2996 5365 arca
3019 5307 3217 5381 qualis
3249 5312 3305 5364 et
3351 5307 3663 5380 quomodo
3693 5302 3831 5360 esset

2191 5399 2404 5470 posita,
2430 5397 2573 5454 solis
2602 5397 2685 5453 eis
2710 5397 2816 5470 qui
2845 5397 3159 5454 oraculum
3186 5397 3526 5466 intrassent,
3563 5395 3755 5452 videre
3779 5390 3831 5445 li-

2191 5487 2383 5544 cebat.
2399 5488 2550 5553 Quia
2571 5487 2771 5543 nullus
2790 5492 3139 5543 sanctorum
3157 5487 3220 5543 in
3239 5489 3352 5544 hac
3375 5487 3577 5544 adhuc
3602 5486 3718 5542 vita
3740 5495 3829 5554 p0-

2191 5577 2337 5632 situs
2371 5577 2603 5633 tametsi
2633 5577 2694 5632 in
2743 5577 3055 5633 altitudine
3087 5593 3149 5633 se
3175 5578 3394 5634 mentis
3421 5576 3711 5641 attollens,
3735 5566 3824 5626 sed

2191 5666 2300 5720 soli
2322 5666 2477 5721 illius
2503 5667 2710 5738 patria:
2739 5666 2895 5722 cives
2920 5666 3174 5736 gloriam
3201 5667 3349 5723 inibi
3378 5666 3469 5722 sui
3499 5665 3828 5735 Redempto-

2191 5753 2272 5810 ris
2300 5755 2474 5826 plene
2506 5759 2882 5816 contuentur.
2915 5759 3064 5814 Sunt
3103 5760 3161 5814 et
3187 5761 3382 5814 vectes
3423 5773 3561 5814 cum
3615 5766 3750 5812 arca
3773 5749 3825 5804 in
