3940 6408
93 305 190 358 457

1028 306 1284 362 ENARR.
1316 307 1385 362 IN
1416 301 1667 360 LIBROS
1696 299 1957 357 REGUM.
1989 332 2058 346 -ο
2088 305 2158 363 IN
2180 306 2312 367 LIB.
2343 309 2436 368 ΙΙΙ.

3418 322 3526 378 458

95 425 329 482 oraculo
361 425 608 496 conditi,
640 426 784 500 quia
815 427 1155 484 absconditi
1177 434 1494 486 suntnunc
1519 427 1748 503 perfec-
1790 425 1840 479 A
1872 427 2032 484 enim
2066 447 2277 490 sumus
2326 435 2651 508 adjutores,
2710 437 2809 494 Dei
2841 438 3205 508 agricultura
3231 443 3392 517 estis,
3425 445 3528 502 Dei

95 516 131 571 ti
166 517 391 588 quique
423 515 610 584 electi,
644 516 747 588 qui
776 533 889 572 nos
933 524 1357 590 processerunt
1378 519 1455 576 de
1492 517 1746 583 mundo,

94 603 148 659 in
169 603 374 659 abdito
407 604 606 660 vultus
661 605 762 661 Dei
815 622 851 661 a
901 606 1360 664 conturbatione
1405 607 1745 664 hominum.

95 695 355 759 Quorum
405 697 612 749 tamen
655 694 1030 750 summitates
1088 696 1348 752 vectium
1376 700 1583 770 aperto
1622 710 1753 752 ora-

94 785 221 838 culo
239 783 332 838 his
363 785 471 856 qui
499 785 862 857 appropiant
900 784 1197 853 visuntur,
1232 802 1372 842 cum
1393 784 1752 859 perfectiori-

93 872 201 927 bus
224 872 574 946 quibusque
617 874 862 930 oculum
912 875 1003 930 sui
1029 875 1226 930 cordis
1255 880 1377 931 tota
1423 875 1752 932 intentione

92 961 567 1033 puriﬁcantibus.
601 962 804 1019 divina
836 964 1027 1032 gratia
1055 965 1283 1037 aliquid
1313 969 1648 1021 extremum
1678 962 1755 1018 de

93 1067 487 1125 supernorum
518 1053 741 1109 civium
763 1054 987 1124 gaudio
999 1054 1535 1128 contemplandum
1562 1053 1756 1110 dona-

93 1141 249 1207 verit,
277 1140 429 1213 quia
458 1141 749 1198 nimirum
802 1143 1231 1217 contemplatio
1273 1143 1368 1199 his
1412 1143 1519 1217 qui
1569 1143 1754 1216 paulo

93 1229 321 1299 longius
403 1232 761 1288 recesserint
835 1232 1085 1289 minime
1161 1232 1525 1289 conceditur.
1606 1232 1756 1298 Quia

91 1324 309 1392 quanto
337 1320 604 1376 exterius
634 1326 833 1378 mente
877 1338 1035 1392 vaga
1064 1327 1401 1392 remanent,
1443 1326 1610 1378 tanto
1641 1321 1752 1377 mi-

91 1424 201 1464 nus
228 1425 363 1481 quae
396 1409 522 1466 sint
549 1409 786 1467 interna
815 1412 1040 1480 gaudia
1069 1411 1296 1468 vident.

160 1521 185 1545 «
219 1501 465 1555 Factum
500 1504 592 1556 est
622 1504 823 1556 autem
853 1517 992 1556 cum
1023 1501 1289 1557 exissent
1314 1499 1654 1556 sacerdotes
1676 1498 1752 1555 de

94 1610 120 1637 «
150 1590 513 1656 sanctuario,
548 1589 772 1646 nebula
804 1591 1076 1664 implevit
1105 1591 1358 1647 domum
1383 1590 1638 1658 Domini,
1697 1594 1754 1645 et

94 1701 120 1725 «
145 1695 262 1734 non
293 1684 579 1752 poterant
604 1680 948 1737 sacerdotes
975 1685 1130 1737 stare
1151 1685 1208 1738 et
1237 1680 1578 1737 ministrare
1617 1695 1753 1752 pro-

1867 517 2185 578 aediﬁcatio
2215 524 2358 581 estis
2385 527 2606 599 (Ibid.),
2650 546 2680 579 ιο
2711 532 2821 583 etc.
2857 528 3037 598 Igitur
3084 530 3211 603 ipse
3270 534 3530 590 sanctiﬁ-

1860 611 1958 662 cat
1987 626 2166 668 suum
2203 615 2505 688 templum
2537 616 2716 690 quasi
2753 618 2910 673 Deus
2939 623 2997 674 et
3043 621 3332 678 Dominus
3359 623 3530 682 inha-

1858 693 2112 756 bitando
2131 717 2244 759 nos
2275 710 2477 762 autem
2511 706 2679 778 digni
2709 707 3094 765 habitationis
3125 711 3256 782 ejus
3285 729 3528 771 conser-

1859 788 2084 845 vando.
2104 792 2410 865 Sequitur:

1935 897 1962 925 «
1994 877 2057 932 In
2078 879 2174 936 die
2203 880 2306 938 illa
2329 883 2726 941 sanctiﬁcavit
2743 901 2844 942 rex
2875 887 3146 944 medium
3178 890 3330 961 atrii,
3355 891 3523 964 quod

1865 986 1894 1015 «
1919 971 2044 1022 erat
2073 974 2211 1025 ante
2240 971 2494 1029 domum
2527 974 2782 1030 Domini.
2807 975 2965 1032 Fecit
2991 977 3217 1052 quippe
3246 979 3330 1036 ibi
3359 980 3524 1038 holo-

1864 1061 2188 1113 «caustum
2207 1064 2264 1116 et
2305 1061 2669 1118 sacriﬁcium
2715 1069 2771 1120 et
2814 1064 3059 1138 adipem
3103 1067 3519 1141 paciﬁcorum,

1866 1165 1896 1194 «
1927 1145 2072 1217 quia
2100 1147 2284 1206 altare
2313 1167 2538 1207 aereum
2553 1152 2721 1224 quod
2750 1159 2878 1209 erat
2906 1170 3109 1211 coram
3126 1157 3379 1214 Domino
3409 1159 3522 1215 mi-

1866 1257 1894 1285 «
1926 1251 2042 1290 nus
2069 1243 2214 1308 erat,
2246 1244 2302 1295 et
2331 1256 2547 1314 capere
2579 1257 2702 1298 non
2733 1248 2968 1315 poterat
2994 1245 3420 1304 holocaustum
3463 1252 3524 1304 et

1864 1347 1892 1375 «
1923 1326 2284 1385 sacriﬁcium
2311 1335 2368 1386 et
2398 1330 2641 1404 adipem
2674 1332 3091 1405 paciﬁcorum.
3125 1356 3154 1385 »
3189 1336 3343 1402 Quid
3374 1353 3518 1408 ergo

1861 1419 1949 1471 est
1997 1417 2164 1488 quod
2231 1419 2538 1491 Salomon,
2595 1421 2994 1479 sanctiﬁcavit
3045 1424 3314 1480 medium
3365 1426 3518 1495 atrii,

1862 1505 2118 1562 offerens
2148 1508 2230 1564 ibi
2259 1509 2681 1568 holocaustum
2705 1517 2760 1568 et
2775 1513 3172 1570 sacriﬁcium:
3206 1520 3525 1589 propterea

1861 1595 1966 1667 qui
1997 1595 2181 1653 altare
2204 1613 2440 1655 aeneum
2469 1601 2634 1673 quod
2661 1601 2836 1672 juxta
2865 1603 3355 1661 constitutionem
3373 1605 3524 1676 legis

1861 1689 1998 1741 ante
2028 1685 2186 1742 fores
2211 1688 2415 1761 templi
2444 1690 2729 1761 positum,
2765 1696 2908 1760 erat,
2923 1707 3048 1748 non
3069 1698 3303 1766 poterat
3332 1699 3523 1751 totum

92 1791 116 1816 «
147 1772 273 1839 pter
299 1767 616 1826 nebulam.
651 1769 1010 1842 Impleverat
1060 1769 1222 1826 enim
1271 1769 1461 1839 gloria
1515 1768 1748 1825 Domini
1776 1783 1821 1840 Β
1862 1789 2097 1847 capere,
2128 1775 2242 1832 nisi
2265 1777 2430 1850 quod
2453 1779 2720 1835 Christus
2749 1797 2823 1837 ea
2851 1797 2989 1854 quas
3020 1781 3079 1838 in
3109 1782 3242 1853 lege
3275 1787 3525 1856 propter

93 1857 393 1914 «domum
425 1859 737 1926 Domini,»
770 1864 826 1915 et
853 1859 1105 1932 reliqua.
1141 1859 1315 1926 Quod
1332 1864 1535 1916 autem
1562 1858 1749 1915 nebu-

89 1945 142 2002 la
167 1947 430 2022 implevit
449 1948 709 2005 domum
739 1949 996 2022 Domini,
1022 1953 1078 2005 et
1097 1964 1222 2005 non
1250 1953 1530 2023 poterant
1557 1964 1749 2005 sacer-

91 2035 249 2092 dotes
277 2041 440 2094 stare
491 2042 552 2094 et
607 2037 943 2094 ministrare
1001 2042 1250 2111 propter
1276 2037 1591 2100 nebulam,
1620 2037 1748 2094 haec

91 2127 367 2183 sententia
399 2126 703 2200 superbos
730 2127 1075 2184 Judteorum
1101 2127 1416 2201 pontifices
1444 2143 1515 2183 ac
1545 2127 1750 2183 docto-

91 2231 175 2270 res
201 2215 486 2287 insinuat,
518 2217 624 2290 qui
645 2216 794 2273 dum
820 2216 1141 2273 nativitatis
1169 2216 1384 2272 Christi
1410 2232 1750 2272 sacramen-

92 2308 146 2358 ta
172 2304 532 2375 investigare
589 2305 952 2378 despiciunt.
990 2305 1265 2362 debitum
1302 2305 1443 2361 ﬁdei
1486 2321 1610 2360 suae
1643 2305 1750 2361 mi-

92 2393 388 2451 nisterium
413 2411 526 2468 per
555 2395 773 2451 erroris
799 2395 1090 2451 nebulam
1116 2394 1527 2468 perdiderunt.
1555 2399 1639 2451 lta
1656 2404 1753 2450 eo‘

93 2499 215 2540 rum
244 2488 476 2540 mentes
505 2483 876 2541 inﬁdelitatis
896 2483 1090 2554 caligo
1117 2483 1385 2557 replevit,
1420 2488 1484 2539 ut
1513 2483 1750 2553 exigen-

92 2570 236 2627 tibus
273 2573 537 2646 propriis
567 2572 795 2628 meritis
822 2589 947 2629 non
977 2577 1316 2644 agnoscant
1367 2572 1594 2628 cultum
1627 2589 1748 2628 cre-

94 2659 357 2718 dulitatis.
390 2661 624 2718 Nebula
653 2678 796 2733 ergo
841 2663 1252 2735 Synagogam,
1282 2661 1344 2718 id
1373 2666 1464 2718 est
1493 2662 1747 2718 domum

97 2749 312 2806 Domini
342 2750 638 2824 implevit,
680 2756 737 2807 et
765 2751 1106 2808 sacerdotes
1157 2755 1402 2825 propter
1457 2751 1747 2807 nebulam

95 2839 411 2897 ministrare
432 2855 560 2896 non
591 2844 887 2913 poterant,
917 2840 1062 2914 quia
1088 2840 1237 2896 dum
1267 2841 1328 2896 in
1368 2843 1746 2897 Testamento

95 2929 266 2985 Veteri
295 2945 511 2986 sensus
534 2929 823 3002 mysticos
851 2929 1058 2986 litterae
1087 2929 1386 2986 velamine
1407 2933 1742 3002 coopertos,

95 3016 231 3074 inter
253 3019 548 3075 obscuras
567 3018 1009 3090 ﬁallegoriarum
1041 3019 1328 3090 caligines
1380 3018 1740 3090 investigare

1859 1862 2268 1922 inﬁrmitatem
2305 1867 2437 1937 ejus
2491 1868 2696 1941 perﬁci
2728 1885 2852 1926 non
2897 1875 3196 1943 poterant,
3251 1889 3416 1929 nunc
3457 1873 3524 1928 in

1862 1953 2127 2010 Ecclesia
2164 1955 2456 2013 catholica
2511 1957 2765 2030 pleniter
2814 1959 2982 2028 gerit.
3040 1961 3172 2032 Ipse
3220 1966 3309 2017 est
3361 1961 3523 2018 enim

1859 2037 2078 2094 atrium
2099 2039 2320 2095 domus
2355 2041 2594 2097 Domini
2625 2059 2638 2098 :
2667 2059 2774 2115 per
2802 2044 3004 2116 ipsum
3019 2043 3329 2113 ingressus
3358 2050 3524 2118 patet

1857 2127 1920 2182 in
1945 2127 2130 2184 domo
2163 2129 2395 2185 Domini
2427 2129 2489 2185 in
2526 2131 2857 2188 Jerusalem
2887 2132 3163 2189 videlicet
3192 2132 3515 2190 ccelestem.

1860 2217 2010 2282 Quia
2049 2233 2191 2287 ergo
2217 2218 2576 2276 holocausta
2605 2225 2664 2276 et
2691 2221 2986 2278 sacriﬁcia
3013 2222 3221 2278 omnia
3245 2222 3307 2278 in
3351 2222 3521 2280 altari

1860 2307 2058 2380 typico
2086 2307 2315 2365 Veteris
2346 2309 2712 2367 Testamenti
2743 2327 2866 2367 non
2897 2315 3174 2384 poterant
3198 2313 3420 2382 oﬂerri,
3448 2329 3520 2370 eo

1856 2396 2024 2470 quod
2053 2397 2261 2455 omnia
2288 2398 2369 2455 ibi
2400 2399 2728 2470 ﬁguraliter
2757 2400 3005 2468 ﬁebant,
3055 2417 3158 2457 rex
3205 2407 3412 2458 noster
3465 2408 3523 2460 et

1857 2486 2140 2543 sacerdos
2170 2490 2357 2544 erexit
2396 2488 2581 2545 altare
2610 2489 2753 2545 ﬁdei
2783 2491 2845 2545 in
2883 2489 3144 2547 Ecclesia
3203 2491 3517 2560 catholica,

1854 2575 1916 2630 in
1938 2591 2060 2647 quo
2088 2575 2340 2648 pinguia
2360 2576 2714 2634 holocausta
2735 2582 2791 2634 et
2812 2578 3106 2635 sacriﬁcia
3124 2579 3522 2652 acceptabilia

1854 2664 2122 2736 quotidie
2150 2666 2489 2738 spiritaliter
2507 2668 2628 2723 Deo
2659 2667 3010 2724 offeruntur.
3061 2668 3209 2724 Hinc
3237 2673 3326 2724 est
3352 2670 3522 2742 quod

1859 2753 2146 2809 Dominus
2172 2755 2506 2827 reprobans
2535 2760 2708 2812 vetus
2726 2756 3085 2812 sacriﬁcium
3117 2773 3225 2829 per
3252 2759 3520 2830 Prophe-

1855 2846 1980 2898 tam
2010 2843 2127 2900 ait:
2191 2867 2220 2894 «
2254 2844 2613 2901 Holocausla
2642 2850 2700 2902 et
2729 2845 3088 2916 sanguinem
3135 2845 3520 2904 victimarum

1854 2931 2022 2988 nolui
2049 2934 2222 3003 (Psal
2251 2951 2444 3002 xxxnx,
2479 2935 2659 2991 Hebr.
2695 2937 2774 3005 ι).
2801 2957 2829 2984 ››
2873 2938 2940 2991 Et
2967 2935 3110 2991 item
3138 2935 3199 2990 in
3229 2936 3516 2993 Psalmis:

1855 3043 1882 3070 ‹‹
1919 3021 2286 3079 Sacriﬁcium
2350 3023 2548 3080 laudis
2627 3023 3050 3080 honoriﬁcabit
3096 3041 3240 3080 me:
3302 3031 3360 3082 et
3405 3027 3520 3083 illic

95 3104 429 3180 despiciunt,
462 3107 742 3164 debitum
793 3108 936 3164 ﬁdei
979 3125 1104 3164 suae
1152 3108 1572 3207 ministerium,
1606 3123 1742 3180 pro-
1780 3152 1822 3208 Β
1851 3110 1980 3181 iter,
2055 3128 2180 3206 quo
2257 3112 2576 3169 ostendam
2655 3112 2740 3169 illi
2822 3112 3081 3170 salutare
3164 3115 3268 3170 Dei
3327 3116 3515 3187 (Psal.

93 3200 212 3268 pter
236 3197 521 3254 nebulam
553 3196 965 3270 perdiderunt.
999 3197 1228 3263 Quibus
1264 3202 1321 3253 et
1363 3201 1506 3253 tunc
1552 3197 1614 3253 in
1641 3211 1742 3252 ne-

95 3282 224 3341 bula
241 3284 527 3343 doctrinae
557 3303 701 3354 suae,
730 3301 942 3344 vocem
976 3286 1266 3342 Dominus
1305 3285 1567 3359 protulit,
1601 3302 1741 3341 cum

96 3372 161 3430 de
188 3391 246 3430 se
273 3376 451 3432 etiam
500 3380 713 3449 aperta
747 3375 1029 3432 narravit.
1080 3375 1233 3441 Quid
1263 3379 1351 3431 est
1375 3375 1537 3431 enim
1570 3390 1742 3448 aper-

93 3463 195 3519 tius
217 3481 399 3539 quam
418 3490 446 3517 ‹‹
473 3469 599 3536 Ego
619 3469 677 3522 et
703 3469 868 3523 Pater
883 3481 1074 3522 unum
1105 3481 1320 3520 sumus
1339 3464 1616 3534 (Joan.x)
1647 3465 1676 3520 ?
1710 3484 1739 3514 »

95 3554 228 3618 Quid
239 3557 497 3628 apertius
513 3571 705 3629 quam
720 3577 748 3605 «
764 3559 912 3612 Ante
928 3555 1235 3612 Abraham
1248 3570 1360 3624 ego
1373 3570 1509 3610 sum
1535 3555 1738 3623 (Joan.

95 3643 348 3710 v1u)?Sed
367 3645 516 3718 quia
549 3644 894 3701 auditorum
917 3648 1148 3700 mentes
1164 3643 1527 3700 inﬁdelitatis
1544 3643 1739 3713 caligo

95 3734 496 3806 compleverat,
531 3735 708 3808 quasi
737 3735 1028 3792 emissum
1070 3733 1215 3791 solis
1243 3733 1484 3789 radium
1515 3732 1741 3789 nebula

95 3821 426 3895 iuterjacens
453 3824 892 3882 abscondebat.
926 3847 954 3875 «
990 3827 1056 3881 Et
1102 3823 1538 3880 dedicaverunt
1596 3828 1738 3879 tem-

96 3912 247 3984 plum
280 3915 534 3978 Domini,
583 3930 688 3970 rex
742 3919 799 3970 et
826 3913 930 3970 ﬁlii
963 3913 1165 3970 Israel.
1195 3935 1224 3964 »
1264 3913 1581 3987 Templum
1627 3914 1737 3968 Do-

97 4002 224 4058 mini
255 4009 458 4062 sancta
497 4009 596 4061 est
649 4002 938 4070 Ecclosia,
986 4003 1142 4060 sicut
1187 4019 1376 4075 supra
1429 4008 1739 4059 ostensum

97 4097 211 4148 est:
257 4093 411 4151 hanc
456 4093 760 4151 dedicavit
801 4109 904 4149 rex
951 4092 1241 4160 Christus,
1293 4092 1542 4165 quando
1602 4108 1738 4148 eam

99 4184 364 4251 sanguine
393 4201 508 4242 suo
541 4183 877 4255 mundayit,
926 4187 984 4239 et
1025 4182 1278 4256 Spiritus
1321 4182 1511 4238 sancti
1543 4181 1737 4251 gratia

99 4272 482 4344 sanctiﬁcavit,
516 4289 589 4329 ac
611 4271 866 4328 diversis
895 4272 1182 4327 virtutum
1223 4270 1401 4327 donis
1448 4271 1734 4343 multipli-

98 4361 251 4416 cavit.
280 4362 442 4419 Hanc
465 4361 754 4418 dedicant
777 4365 836 4418 et
858 4360 964 4416 ﬁlii
1009 4359 1192 4416 Israel
1219 4375 1445 4425 secum,
1483 4360 1733 4432 quando

98 4452 487 4526 unusquisque
517 4450 810 4518 ﬁdelium,
844 4449 1181 4507 secundum
1213 4449 1323 4505 sibi
1354 4449 1585 4505 donum
1619 4449 1735 4505 col-

97 4534 264 4594 latum
294 4556 330 4597 a
356 4541 497 4609 Deo,
526 4541 713 4598 verbo
734 4538 1178 4613 praedicationis
1205 4543 1262 4594 et
1281 4538 1565 4594 virtutum
1595 4555 1736 4611 ope-

97 4625 244 4684 ribus
269 4631 575 4702 proximos
601 4645 747 4686 suos
769 4644 1172 4702 quoscunque
1191 4627 1350 4684 valet
1378 4628 1456 4684 ad
1486 4628 1735 4685 meliora

100 4719 148 4770 et
165 4719 500 4788 perfectiora
520 4723 884 4786 convertere,
908 4718 1145 4788 satagit.
1177 4739 1206 4766 ‹‹
1230 4716 1551 4791 Templum
1573 4718 1732 4774 enim

103 4805 332 4874 Domini,
365 4811 445 4867 ait
467 4809 810 4884 Apostolus,
871 4813 1152 4865 sanctum
1204 4811 1316 4874 est,
1373 4807 1540 4882 quod
1591 4809 1732 4864 estis

101 4907 195 4950 vos
220 4898 274 4967 (Ι
291 4899 424 4957 Cor.
474 4901 585 4972 iu).
621 4923 648 4950 »
673 4898 787 4956 Sed
817 4899 975 4956 hanc
1020 4897 1577 4966 sanctiﬁcationem,
1629 4913 1734 4954 rex

104 4988 152 5038 et
174 4988 444 5060 populus,
477 4993 661 5062 caput
684 4992 742 5045 et
788 4987 1085 5055 membra,
1113 5003 1238 5044 non
1269 4987 1576 5060 aequaliter
1596 5003 1731 5059 per-

104 5071 304 5142 ﬁciunt,
328 5078 470 5150 quia
499 5078 575 5134 de
625 5077 859 5135 Christo
885 5079 1146 5134 Joannes
1176 5075 1289 5132 ait:
1323 5097 1352 5126 «
1377 5079 1454 5133 De
1483 5075 1733 5149 plenitu-

105 5159 224 5219 dine
250 5165 376 5237 ejus
401 5183 515 5224 nos
547 5182 764 5225 omnos
790 5167 1159 5240 accepimus,
1210 5169 1268 5222 et
1319 5165 1574 5235 gratiam
1622 5181 1734 5238 pro

107 5253 271 5318 gratia
295 5256 492 5327 (Joan.
530 5258 593 5329 1).
627 5280 656 5308 »
676 5257 823 5314 Hinc
853 5255 1072 5314 Paulus
1097 5255 1274 5312 dicit:
1303 5277 1332 5304 «
1375 5258 1579 5327 Itaque
1631 5270 1733 5311 ne-

105 5352 208 5411 que
234 5344 328 5415 qui
345 5345 592 5420 plantat,
625 5351 714 5404 est
741 5345 992 5420 aliquid,
1025 5359 1224 5418 neque
1249 5343 1356 5417 qui
1384 5343 1540 5414 rigat
1569 5362 1581 5411 ;
1625 5344 1734 5400 sed

107 5430 195 5499 qui
220 5432 643 5492 incrementum
669 5434 792 5502 dat,
825 5435 976 5492 deus
1007 5433 1381 5506 (ICor.111).»
1415 5432 1529 5490 Sed
1545 5448 1734 5506 quan-

108 5517 218 5576 tum
241 5523 427 5582 valeat
440 5525 703 5582 hominis
720 5523 1044 5596 dedicatio,
1061 5522 1387 5597 praedictus
1411 5521 1735 5595 Apostolus

111 5606 510 5684 subsequenter
528 5615 773 5689 exponit
798 5614 1007 5671 dicens
1033 5632 1047 5670 :
1082 5635 1111 5664 «
1143 5611 1253 5679 Qui
1269 5610 1502 5686 plantat
1531 5615 1733 5668 autem

112 5697 161 5748 et
179 5697 315 5767 rigat
331 5718 519 5760 unum
546 5708 701 5761 sunt.
732 5702 1162 5777 Unusquisque
1193 5705 1395 5758 autem
1425 5699 1734 5774 propriam

111 5789 417 5850 mercedem
445 5793 716 5867 accipiet,
741 5792 1084 5850 secundum
1105 5807 1286 5850 suum
1310 5789 1608 5847 laborem.
1633 5789 1736 5847 Dei

504 5884 748 5941 Punor.
791 5881 929 5941 CXV

1849 3201 2031 3263 xux).
2060 3201 2090 3249 '»

1923 3288 2133 3345 «Fecit
2182 3304 2326 3360 ergo
2382 3289 2668 3347 Salomon
2724 3290 3104 3348 festivitatem
3149 3291 3214 3348 in
3243 3296 3515 3364 tempore

1852 3401 1879 3429 ‹‹
1912 3379 2013 3435 illo
2043 3378 2365 3447 celebrem,
2391 3384 2449 3436 et
2478 3381 2678 3437 omnis
2709 3381 2890 3437 Israel
2924 3398 3064 3438 cum
3091 3397 3163 3438 eo
3193 3381 3515 3439 multitudo

1851 3492 1880 3520 «
1905 3485 2129 3540 magna
2157 3469 2236 3526 ab
2265 3469 2510 3526 introitu
2535 3471 2744 3527 Emath
2783 3488 2977 3544 usque
2998 3472 3076 3528 ad
3098 3472 3296 3528 rivum
3329 3474 3515 3546 Egy-

1850 3583 1880 3611 α
1911 3561 1996 3632 pti
2029 3576 2236 3616 coram
2277 3560 2530 3616 Domino
2564 3564 2681 3618 Deo
2729 3566 2958 3617 nostro.
2988 3585 3017 3613 ››
3050 3562 3224 3628 Quod
3277 3561 3514 3629 dicitur,

1847 3649 2438 3722 quiafecitSalomon
2471 3650 2856 3708 festivitatem
2881 3651 3199 3719 celebrem,
3235 3656 3290 3708 et
3316 3653 3514 3708 omnis

1848 3739 2026 3796 Israel
2047 3756 2187 3795 cum
2220 3756 2290 3796 eo
2317 3739 2638 3796 multitudo
2670 3753 2896 3811 magna
2915 3740 2994 3797 ab
3024 3740 3268 3798 introitu
3299 3741 3513 3797 Emath

1847 3845 2040 3901 usque
2090 3829 2168 3885 ad
2197 3829 2392 3885 rivum
2433 3830 2669 3901 Egypti
2697 3845 2902 3886 coram
2935 3831 3226 3886 Domino:
3261 3845 3368 3902 per
3419 3828 3511 3886 in-

1847 3918 2091 3974 troitum
2124 3919 2356 3987 Emath,
2385 3917 2912 3991 septentrionalem
2971 3924 3138 3975 terrae
3192 3919 3511 3992 repromis-

1848 4007 2033 4063 sionis
2052 4006 2299 4080 plagam
2332 4024 2438 4080 per
2467 4007 2667 4064 rivum
2711 4008 2837 4064 sive
2897 4012 3224 4064 torrentem
3271 4007 3510 4081 Egypti

1847 4107 2052 4148 coram
2087 4092 2340 4148 Domino
2372 4109 2384 4148 :
2419 4097 2485 4148 ut
2529 4092 2716 4148 verba
2747 4092 2983 4149 dierum
3034 4093 3372 4160 nominant,
3405 4093 3511 4149 de-

1846 4181 2042 4249 signat
2073 4179 2421 4236 australem.
2457 4181 2537 4237 De
2568 4182 2791 4254 quibus
2821 4181 3027 4255 aliqua
3056 4182 3234 4239 latius
3273 4198 3347 4238 ex
3381 4198 3510 4239 ver-

1843 4269 1937 4325 bis
1968 4271 2160 4325 sancti
2192 4270 2542 4343 Hieronymi
2600 4288 2826 4344 ponere
2876 4275 3114 4342 gratum
3173 4276 3322 4346 puto
3378 4288 3508 4328 esse

1842 4358 2068 4416 lectori.
2118 4359 2415 4433 Scriptum
2455 4366 2543 4417 est
2568 4361 2630 4416 in
2659 4361 2814 4418 libro
2870 4379 3266 4420 numerorum
3299 4364 3504 4431 (Num.

1841 4450 2055 4518 xxxw),
2087 4449 2148 4504 in
2174 4449 2507 4521 quoomnis
2539 4455 2694 4506 terra
2720 4451 3206 4522 repromissionis
3227 4467 3335 4525 per
3353 4467 3507 4524 qua-

1847 4543 1980 4596 tuor
2010 4539 2222 4611 plagas
2249 4539 2417 4595 brevi
2450 4555 2726 4596 sermone
2757 4540 3044 4596 dividitur
3075 4559 3090 4595 :
3137 4541 3283 4596 Pars
3329 4540 3507 4595 meri-

1842 4629 2025 4685 diana
2045 4628 2288 4701 incipiet
2316 4645 2352 4685 a
2376 4629 2696 4686 solitudine
2718 4630 2818 4685 Sin
2840 4646 2976 4702 quae
2991 4634 3084 4688 est
3100 4631 3274 4700 juxta
3294 4629 3503 4698 Edom,

1841 4721 1898 4774 et
1923 4717 2169 4775 habebit
2189 4718 2476 4774 terminos
2505 4722 2716 4774 contra
2746 4718 3038 4774 orientem
3065 4733 3231 4773 mare
3254 4716 3508 4772 salsissi-

1840 4823 2034 4873 mum,
2055 4807 2160 4878 qui
2176 4805 2385 4862 circuit
2404 4805 2733 4862 australem
2760 4805 3008 4878 plagam
3034 4821 3142 4878 per
3182 4821 3508 4862 ascensum

1842 4895 2196 4968 scorpionis,
2223 4894 2305 4951 ita
2331 4898 2394 4950 ut
2424 4899 2734 4950 transeant
2756 4895 2816 4950 in
2839 4895 3038 4955 Senna
3072 4898 3129 4950 et
3153 4894 3511 4966 proveniant

1840 4984 1904 5040 in
1932 4983 2245 5040 meridiem
2267 4999 2460 5056 usque
2484 4981 2563 5038 ad
2595 4982 2997 5051 Cadesbarne,
3021 4983 3185 5040 unde
3206 4982 3511 5054 egredien-

1843 5078 1938 5130 tur
1959 5072 2221 5129 conﬁnia
2243 5071 2324 5128 ad
2342 5071 2549 5128 villam
2569 5072 2816 5129 nomine
2837 5071 3021 5138 Adar,
3049 5077 3108 5130 et
3134 5072 3383 5130 tendent
3409 5091 3510 5130 us-

1841 5179 1960 5238 que
1982 5163 2061 5221 ad
2077 5166 2402 5219 Asemona.
2433 5161 2662 5236 lbitque
2685 5179 2793 5236 per
2831 5178 3052 5236 gyrum
3095 5163 3386 5220 terminus
3429 5163 3510 5220 ab

1843 5257 2147 5310 Asemona
2171 5269 2364 5327 usque
2381 5252 2461 5310 ad
2480 5257 2803 5310 torrentem
2820 5253 3087 5327 Egypti,
3103 5259 3159 5310 et
3179 5253 3365 5310 maris
3393 5255 3510 5310 Ma-

1844 5344 1947 5414 gni
1966 5344 2160 5400 littore
2184 5343 2445 5400 ﬁnietur.
2473 5346 2581 5400 Pro
2606 5360 2729 5417 quo
2757 5343 2821 5400 in
2851 5342 3063 5400 ultima
3092 5343 3324 5400 visione
3368 5358 3510 5415 pro-

1844 5435 2038 5507 phetie
2066 5433 2382 5491 Ezechielis
2403 5433 2488 5490 ita
2514 5433 2731 5494 dicitur
2763 5451 2776 5489 :
2803 5456 2830 5483 «
2857 5433 3038 5504 Plaga
3059 5437 3261 5490 autem
3285 5436 3514 5490 austra-

1842 5523 1914 5580 lis
1949 5523 2284 5580 meridiana
2306 5539 2342 5579 a
2371 5523 2649 5591 Thamar,
2671 5540 2864 5598 usque
2889 5524 2968 5580 ad
2998 5539 3191 5596 aquas
3223 5523 3515 5582 Mariboth

1845 5611 2084 5680 (Ezech.
2104 5612 2320 5681 x1.v111).
2344 5629 2374 5663 ›
2398 5616 2601 5682 Aquas
2624 5613 2938 5682 Mariboth,
2963 5611 3025 5668 id
3055 5619 3144 5668 est
3174 5612 3514 5671 contradic-

1845 5699 2046 5758 tionis.
2078 5699 2268 5757 Gades
2301 5715 2545 5772 quoque
2577 5704 2633 5756 et
2654 5704 2946 5758 torrentes
3000 5719 3188 5775 usque
3217 5705 3296 5760 ad
3348 5717 3516 5760 mare

1853 5792 2155 5859 Magnum,
2188 5787 2356 5860 quod
2386 5786 2686 5856 Signiﬁcat
2712 5788 3071 5846 latissimam
3131 5791 3518 5849 solitudinem

3134 5880 3196 5935 l5
