3940 6416
476 291 583 345 659

1505 287 1951 346 ANGELOMINI
1974 255 2435 347 Luxovmnsis
2473 294 2786 351 MONACHI
3769 306 3854 359 tot)

477 412 599 483 Sin,
624 426 763 485 quae
785 416 878 469 est
899 413 1064 484 justa
1087 412 1295 469 Edom.
1332 417 1397 470 Et
1424 413 1485 469 in
1518 414 1669 469 mari
1702 412 1900 470 Rubro
1929 412 2130 468 termi-
2161 414 2209 467 A
2240 429 2376 469 rum
2434 416 2743 489 appellant
2797 418 3006 473 maria.
3072 422 3136 474 Et
3166 419 3430 489 tendent,
3462 420 3667 494 inquit.
3696 440 3856 497 usque

475 518 626 561 num
655 502 991 572 circumire,
1025 506 1085 559 et
1105 518 1211 575 per
1239 519 1558 559 ascensum
1576 504 1904 576 scorpionis
1923 505 2130 559 etSen-

475 607 557 649 na
602 596 658 649 et
682 591 1065 648 Cadesbarne
1089 596 1149 649 et
1172 592 1389 648 atrium
1418 593 1543 648 sive
1568 592 1773 648 villam
1806 592 1979 654 Adar,
2014 595 2070 646 et
2095 606 2132 647 a

475 684 735 739 Semona
761 681 1070 754 pervenire
1122 698 1317 754 usque
1376 682 1452 738 ad
1509 686 1831 738 torrentem
1864 681 2126 753 IEgypti,

474 771 577 845 qui
597 772 771 843 juxta
794 770 1006 828 urbem
1036 771 1465 828 Rinocoruram
1494 772 1644 833 mari
1682 771 1894 828 inﬂuit.
1913 771 2018 826 Hic
2034 786 2130 825 ve-

470 878 539 918 ro
559 860 846 918 terminus
882 860 1081 934 plagae,
1103 862 1377 919 australis
1397 862 1623 935 incipit,
1650 879 1685 919 a
1707 862 1971 917 Thamar
1991 877 2126 932 quae

471 949 615 1008 urbs
644 950 708 1007 in
766 949 1086 1007 solitudine
1136 955 1243 1017 est,
1293 967 1482 1023 quam
1514 955 1571 1007 et
1618 950 1903 1006 Salomon
1964 948 2127 1004 miris

470 1040 754 1114 operibus
778 1040 1083 1106 exstruxit,
1116 1044 1173 1096 et
1208 1041 1388 1096 hodie
1410 1040 1668 1097 Palmira
1699 1044 2082 1111 nuncupatur
2111 1056 2125 1107 ;

470 1130 881 1203 Hebraicoque
909 1146 1189 1186 sermone
1218 1131 1480 1186 Thamar
1507 1130 1741 1193 dicitur,
1764 1147 1900 1201 quae
1928 1130 1989 1184 in
2020 1128 2127 1184 lin-

470 1236 591 1291 gua
626 1224 838 1277 nostra
864 1218 1135 1292 palmam
1196 1224 1392 1286 sonat,
1426 1235 1615 1290 usque
1648 1217 1726 1275 ad
1766 1234 1957 1289 aquas
1987 1234 2126 1273 con-

471 1308 840 1367 tradictionis
893 1307 1083 1363 Cades
1133 1323 1320 1379 quam
1352 1308 1412 1363 in
1440 1308 1671 1363 deserto
1716 1323 1844 1361 esse
1870 1322 1986 1362 non
2021 1306 2126 1361 du-

467 1399 640 1455 bium
664 1402 772 1464 est,
799 1402 857 1452 et
875 1400 1106 1453 torrens
1123 1396 1466 1465 ingrediens
1496 1413 1658 1453 mare
1683 1400 1981 1463 Magnum,
2013 1398 2125 1451 hoc

469 1486 637 1561 quod
664 1486 908 1558 Egypti
934 1484 1380 1558 Palaestinasque
1402 1486 1786 1559 prietenditur
1808 1486 2122 1541 littoribus.

473 1575 751 1648 Sequitur
797 1574 857 1631 in
880 1575 1034 1631 libro
1063 1578 1457 1631 Numerorum
1485 1593 1497 1630 :
1533 1597 1560 1624 «
1595 1575 1771 1643 Plaga
1792 1579 1993 1630 autem
2024 1592 2123 1630 oc-

471 1664 808 1731 cidentalis,
840 1681 876 1721 a
900 1665 1054 1721 mari
1081 1668 1294 1734 Magno
1320 1665 1544 1737 incipit,
1577 1671 1634 1720 et
1656 1666 1784 1736 ipso
1818 1666 1932 1720 ﬁne
1966 1665 2123 1720 clau-

2238 504 2563 562 Jordanem
2603 512 2658 562 et
2700 508 2779 563 ad
2838 507 3112 563 ultimum
3167 508 3521 566 claudentur
3575 513 3738 581 mari,
3783 516 3856 569 vel

2239 594 2483 661 Mortuo,
2518 595 2631 664 vel,
2659 602 2722 651 ut
2749 595 2849 651 alii
2880 601 3110 668 putant,
3145 597 3353 668 lingua
3393 599 3574 655 maris
3606 602 3787 665 Rubri,
3808 602 3856 658 in

2237 683 2409 751 cujus
2435 682 2623 739 littore
2654 684 2825 739 Abila
2841 686 3032 756 posita
3055 691 3162 741 est.

2317 770 2483 834 Quod
2512 776 2713 828 autem
2749 773 3014 844 sequitur
3043 775 3102 828 in
3134 774 3286 830 libro
3312 776 3735 847 Regum,quod
3750 794 3858 850 sep—

2238 860 2356 912 tem
2379 858 2592 914 diebus
2622 866 2677 915 et
2708 866 2936 932 septem
2968 862 3203 929 diebus,
3234 863 3293 918 id
3326 869 3415 921 est
3437 864 3858 935 quatuordecim

2237 945 2472 1014 diebus,
2524 950 2810 1020 praedicta
2862 950 3145 1006 festivitas
3196 968 3231 1007 a
3268 952 3587 1008 Salomone
3644 958 3698 1009 et
3743 954 3857 1008 ﬁliis

2238 1036 2413 1090 Israel
2442 1036 2859 1105 celebraretur,
2892 1039 3023 1094 etin
3053 1040 3147 1095 die
3166 1046 3420 1112 poctavo
3451 1041 3673 1100 dimisit
3696 1058 3860 1115 popu-

2234 1120 2324 1177 los
2352 1141 2364 1190 ;
2392 1124 2750 1181 intuendum
2793 1132 2878 1181 est
2910 1128 3219 1199 quomodo
3270 1128 3329 1184 in
3387 1130 3596 1185 Verbis
3650 1131 3860 1185 dierum

2235 1211 2309 1266 de
2348 1213 2557 1268 eadem
2588 1230 2650 1269 re
2669 1216 2955 1285 scriptum
2988 1218 3078 1272 sit.
3117 1218 3266 1272 Fecit
3296 1234 3440 1286 ergo
3469 1218 3859 1277 5010100111οε-

2238 1299 2522 1356 tivitatem
2555 1302 2614 1356 iu
2648 1308 2915 1374 tempore
2947 1304 3048 1360 illo
3081 1311 3309 1377 septem
3334 1308 3570 1370 diebus,
3602 1312 3657 1363 et
3683 1307 3857 1362 omnis

2238 1390 2416 1445 Israel
2442 1408 2695 1459 01111100,
2733 1394 2988 1448 Ecclesia
3033 1411 3261 1463 magna
3309 1396 3482 1452 valde
3525 1396 3600 1452 ab
3644 1397 3860 1453 introitu

2244 1481 2455 1536 Emath
2496 1499 2690 1554 usque
2719 1484 2799 1538 ad
2862 1490 3178 1539 torrentem
3217 1487 3471 1558 Aigypti,
3500 1486 3744 1558 fecitque
3784 1485 3860 1538 die

2244 1574 2455 1626 octavo
2483 1572 2789 1628 collectam
2830 1589 2901 1627 eo
2946 1574 3109 1645 quod
3141 1574 3477 1631 dedicasset
3526 1575 3704 1631 altare
3753 1590 3862 1645 sep~

2233 1662 2357 1713 tem
2385 1660 2618 1726 diebus,
2680 1667 2737 1716 et
2795 1662 3232 1718 solemnitatem
3281 1664 3641 1720 celebrasset
3674 1663 3861 1719 diebus

470 1754 650 1824 ditur,
674 1773 704 1808 ›
730 1754 847 1810 hoc
881 1759 968 1811 est
999 1771 1036 1811 ο,
1062 1756 1215 1811 mari
1246 1771 1436 1826 usque
1467 1754 1545 1810 ad
1584 1771 1771 1823 mare,
1828 1771 1863 1809 ει
1898 1760 2120 1810 tonen-
2153 1765 2193 1822 Β
2236 1754 2483 1819 septem.
2539 1751 2719 1814 Igitur
2746 1751 3032 1806 vicesimo
3092 1753 3259 1807 tertio
3289 1754 3508 1809 mentis
3540 1752 3766 1826 septimi
3793 1752 3861 1806 di-

454 1847 524 1899 te
551 1843 824 1899 videlicet
844 1844 1149 1913 Binocore,
1190 1844 1294 1915 qui
1322 1844 1380 1899 in
1413 1860 1575 1899 mare
1606 1843 1798 1899 inﬂuit
1826 1860 2013 1915 usque
2044 1844 2121 1900 ad

468 1949 607 1989 eum
628 1932 829 1988 locum
862 1932 964 1987 ubi
989 1937 1077 1989 est
1107 1934 1319 1988 Emath
1345 1932 1485 1987 urbs
1507 1933 1709 2004 Syriae,
1732 1933 1905 2003 cujus
1926 1933 1986 1987 in
2007 1934 2121 1988 hac

467 2022 650 2093 plaga
679 2025 736 2076 et
769 2036 991 2078 nomen
1023 2022 1267 2095 ponitur
1295 2023 1353 2076 in
1386 2022 1679 2077 Ezechiele
1714 2039 1726 2077 :
1761 2045 1787 2070 «ι
1824 2026 1888 2076 Ε1
1943 2022 2125 2093 plaga

463 2111 783 2184 (inquiens)
814 2126 976 2166 mare
1006 2114 1285 2181 Magnum
1317 2129 1351 2166 a
1384 2111 1645 2165 conﬁnio
1677 2128 1782 2183 per
1805 2112 2123 2179 directum,

463 2200 658 2256 donec
682 2200 889 2256 venias
917 2200 1184 2267 Emath,»
1215 2216 1350 2272 quae
1375 2216 1535 2255 nunc
1578 2201 1908 2271 Epiphania
1933 2201 2123 2256 nomi-

461 2295 660 2361 natur,
689 2290 769 2345 ab
798 2290 1089 2346 Antiocho
1115 2289 1537 2345 crudeli~simo
1591 2294 1982 2360 tyrannorum
2017 2306 2121 2345 no-

461 2379 623 2435 mine
648 2383 1036 2434 commutato.
1065 2381 1210 2433 Nam
1237 2383 1704 2444 cognomentum
1750 2377 1961 2433 habuit
1994 2377 2121 2448 Epi-

461 2468 713 2541 phanes.
746 2469 929 2522 Porro
961 2466 1039 2521 ad
1066 2466 1591 2538 septentrionalem
1623 2466 1859 2537 (inquit)
1891 2471 2121 2537 partem

460 2572 498 2614 a
524 2557 679 2613 mari
707 2559 919 2625 Magno
967 2556 1203 2611 termini
1249 2554 1533 2627 incipient
1588 2555 1993 2625 pervenientes
2026 2572 2122 2610 us-

460 2660 580 2720 que
608 2644 688 2701 ad
709 2648 976 2700 montem
1003 2643 1382 2708 altissimum,
1413 2660 1535 2714 quo
1563 2644 1803 2699 veniens
1826 2644 1881 2699 in
1910 2646 2118 2699 Emath

461 2749 655 2806 usque
687 2732 767 2788 ad
796 2732 1083 2789 terminos
1108 2731 1373 2797 sedebat,
1406 2732 1591 2786 11111111(
1602 2749 1697 2803 [ue
1726 2732 1988 2787 conﬁnia
2019 2750 2117 2787 us-

460 2838 581 2896 que
598 2821 677 2878 ad
704 2822 1018 2894 Sephrona
1046 2824 1105 2877 et
1130 2820 1335 2876 villam
1366 2824 1550 2881 Euan.
1582 2821 1637 2874 hi
1670 2826 1844 2877 erunt
1883 2822 2118 2877 termini

459 2911 522 2968 in
551 2915 720 2984 parte
750 2909 1070 2984 aquilonis.
1098 2910 1307 2966 Dicunt
1338 2910 1558 2965 Hebreri
1594 2911 2117 2979 septentrionalem

458 3000 708 3075 plagam
746 2999 1007 3071 incipere
1040 3014 1076 3055 a
1104 2998 1258 3055 mari
1292 3002 1522 3065 Magno,
1555 3000 1719 3070 quod
1768 2999 2115 3067 Palaestinae,

456 3090 751 3147 Phoenicis
778 3094 836 3145 et
864 3088 1045 3162 Syrias
1074 3106 1210 3162 quae
1233 3089 1565 3160 appellatur
1600 3089 1747 3155 (Lele,
1783 3088 2115 3161 Ciliciaeque
2151 3115 2191 3166 ο

455 3178 847 3253 praetenditur
871 3178 1189 3245 littoribus,
1223 3184 1279 3233 et
1308 3194 1416 3250 per
1448 3182 1766 3249 .Egryptum
1826 3179 2011 3233 tendit
2036 3177 2115 3235 ad

454 3268 732 3341 Libyam.
760 3267 933 3332 Quod
962 3272 1166 3323 autem
1194 3267 1441 3323 dicitur:
1478 3268 1889 3339 pervenientes
1914 3268 2113 3323 termi-

454 3373 570 3415 nos
609 3373 803 3430 usque
833 3356 914 3412 ad
951 3361 1219 3412 montem
1271 3357 1649 3423 altissimum,
1696 3358 1976 3414 eumdem
2014 3361 2117 3416 Ile-

454 3445 603 3503 1111111
650 3450 966 3502 autumant
1006 3445 1102 3501 vel
1150 3450 1382 3501 Imaum
1441 3453 1707 3501 montem
1754 3446 2110 3515 signiﬁcare,

454 3534 549 3591 vel
576 3537 865 3591 Taurum:
889 3533 1056 3606 quod
1084 3534 1258 3590 nobis
1289 3535 1521 3590 videtur
1548 3535 1758 3590 verius.
1797 3535 2109 3607 lbuntque,

453 3623 665 3696 inquit,
698 3623 960 3679 conﬁnia
990 3638 1181 3694 usque
1208 3623 1286 3679 ad
1320 3623 1650 3694 Sephrona,
1676 3640 1862 3694 quam
1885 3624 2113 3680 Hebraei

450 3711 631 3769 hodie
681 3712 989 3784 Zephuim,
1044 3712 1338 3784 oppidum
1394 3711 1628 3775 Cilicize,
1667 3717 1902 3766 vocant.
1937 3712 2110 3777 Quod

452 3808 654 3858 autem
692 3802 995 3874 sequitur:
1039 3804 1105 3857 Et
1161 3801 1359 3856 villam
1395 3802 1583 3869 Euan,
1627 3816 1735 3871 pro
1765 3817 1887 3872 quo
1918 3800 1979 3855 in
2002 3802 2110 3857 He-

450 3891 612 3949 brmo
643 3892 931 3963 scriptum
958 3895 1046 3947 est
1071 3892 1426 3955 Aserenam,
1469 3888 1631 3960 quod
1689 3888 2110 3961 interpretatur

448 3983 673 4037 atrium
704 3982 915 4051 fontis,
947 3980 1241 4036 terminus
1284 3981 1377 4034 est
1425 3978 1721 4034 Damasci.
1771 3978 1935 4035 Unde
1961 3979 2106 4035 dici-

450 4072 544 4123 tur
568 4069 630 4124 in
661 4068 991 4124 Ezechiele:
1028 4071 1093 4123 Et
1119 4068 1227 4122 erit
1247 4066 1535 4122 terminus
1566 4082 1601 4121 a
1632 4066 1782 4122 mari
1812 4083 2001 4139 usque
2027 4068 2108 4124 ad

447 4158 668 4213 atrium
690 4160 877 4221 Euan,
896 4158 1015 4213 sive
1040 4156 1206 4211 Aser.
1251 4158 1419 4210 Euan
1442 4156 1730 4211 terminus
1749 4158 2027 4213 Damasci
2048 4162 2106 4215 et

444 4245 524 4302 ab
540 4244 821 4318 aquilone
849 4245 928 4301 ad
958 4244 1303 4317 aquilonem
1325 4244 1507 4316 plaga
1528 4246 2004 4318 septentrionalis
2028 4248 2102 4304 de

444 4332 585 4389 villa
614 4335 779 4389 Euan
836 4333 1160 4404 Sephama,
1193 4334 1249 4387 et
1273 4331 1348 4387 de
1380 4334 1682 4405 Sephama
1730 4334 2102 4392 descendent

444 4420 681 4478 termini
701 4420 761 4475 in
793 4420 975 4476 Rebla
995 4424 1205 4476 contra
1223 4420 1469 4476 fontem.
1496 4422 1636 4477 Inde
1662 4423 1931 4493 pervenit
1961 4439 2100 4479 con-

442 4514 534 4566 tra
558 4510 848 4566 orientem
868 4510 947 4566 ad
966 4524 1131 4565 mare
1157 4511 1533 4577 Genezareth,
1558 4516 1615 4565 et
1636 4510 1882 4566 tendent
1906 4528 2097 4583 usque

440 4596 770 4656 Iordanem
801 4604 859 4657 et
899 4599 978 4655 ad
1039 4599 1317 4655 ultimum
1367 4598 1697 4655 salsissimo
1745 4599 2099 4657 claudentur

438 4689 613 4747 mari.
639 4694 683 4744 Α
705 4688 825 4745 ﬁne
855 4688 1034 4759 Igitur
1059 4687 1540 4761 septentrionalis
1592 4687 1806 4761 plagae,
1842 4689 1957 4744 hoc
1989 4694 2094 4759 est,

436 4779 588 4835 atrio
615 4781 782 4835 Enan
808 4778 1063 4834 tendunt
1075 4777 1226 4834 ﬁnes
1249 4794 1441 4851 usque
1458 4777 1537 4833 ad
1561 4778 1883 4849 Sephama,
1907 4795 2095 4850 quam

434 4868 667 4924 Hebrmi
697 4867 1062 4941 Aphamiam
1086 4868 1426 4923 nominant.
1443 4871 1512 4922 Et
1540 4866 1615 4921 de
1643 4866 1941 4938 Aphamia
1956 4867 2095 4923 des-

435 4957 708 5013 cendunt
736 4956 969 5014 termini
994 4957 1054 5013 in
1078 4956 1344 5023 Reblata,
1395 4972 1532 5028 quae
1562 4971 1724 5010 nunc
1753 4955 1937 5026 Syriae
1988 4973 2094 5014 vo-

439 5048 610 5100 catur
636 5045 970 5101 Antiochia.
1004 5047 1072 5100 Et
1101 5050 1166 5100 ut
1185 5044 1339 5099 scias
1362 5042 1544 5099 Rebla
1565 5043 1723 5098 hanc
1755 5044 2093 5112 signiﬁcare

431 5132 670 5199 urbem,
700 5148 837 5205 quae
861 5150 1022 5189 nunc
1069 5135 1131 5188 in
1157 5133 1329 5203 Syria
1365 5131 1529 5186 Celes
1570 5131 1950 5190 nobilissima
1980 5139 2088 5206 est,

427 5222 737 5294 sequitur:
772 5224 992 5279 Contra
1036 5221 1286 5291 fontem,
1313 5219 1410 5275 cui
1436 5220 1746 5292 proprium
1773 5226 1862 5278 est
1904 5223 2089 5294 signi-

423 5310 595 5367 ﬁcari
623 5311 935 5384 Daphnem
969 5327 983 5378 ;
1017 5308 1092 5364 de
1148 5323 1273 5379 quo
1329 5306 1491 5363 fonte
1545 5309 1893 5380 supradicta
1945 5312 2090 5370 urbs

424 5399 602 5471 aquis
686 5397 1226 5456 abundantlssimis
1310 5395 1544 5453 fruitur.
1631 5399 1795 5472 Inde,
1870 5401 2084 5473 inquit,

422 5488 776 5556 pervenient
806 5485 1044 5544 termini
1091 5488 1300 5541 contra
1328 5484 1616 5543 orientem
1646 5488 1724 5544 ad
1768 5506 1936 5546 mare
1984 5492 2089 5547 Ge-

421 5577 720 5642 nezareth,
774 5576 835 5630 id
900 5579 989 5630 est
1045 5572 1125 5628 ad
1177 5577 1456 5644 stagnum
1522 5577 1866 5635 Tiberiadis.
1930 5582 2084 5637 Mare

2233 1838 2392 1894 misit
2418 1839 2675 1910 populos
2709 1840 2783 1895 ad
2818 1840 3205 1896 tabernacula
3228 1858 3358 1904 sua,
3423 1842 3531 1898 sed
3587 1848 3728 1916 puto
3756 1856 3860 1896 non

2233 1926 2393 1981 aliud
2417 1927 2509 1982 hic
2531 1928 2679 1983 velle
2707 1928 2953 1997 intelligi
2988 1930 3103 1984 nisi
3155 1931 3319 2002 quod
3371 1932 3619 2004 expletis
3669 1930 3857 1987 diebus

2235 2021 2461 2087 septem
2521 2017 2912 2073 dedicationis
2946 2020 3170 2091 templi,
3210 2021 3519 2076 subsecuti
3576 2026 3709 2077 sunt
3755 2020 3859 2074 dies

2234 2107 2625 2177 scenopegiee,
2658 2123 2791 2179 quae
2825 2124 2859 2163 a
2883 2107 3119 2164 decimo
3149 2110 3360 2181 quinto
3391 2112 3485 2165 die
3509 2109 3730 2165 mensis
3757 2124 3862 2179 sep-

2232 2194 2358 2249 timi
2391 2196 2723 2250 secundum
2754 2196 2947 2265 legem
2974 2198 3437 2269 inchoabantur,
3479 2206 3539 2255 et
3566 2201 3625 2255 in
3655 2200 3745 2254 die
3790 2196 3858 2251 vi-

2231 2283 2461 2352 gecimo
2494 2286 3222 2344 secundomﬁniebantur.
3254 2288 3528 2361 Utrisque
3553 2304 3693 2357 ergo
3716 2286 3850 2341 festi-

2228 2372 2510 2428 vitatibus
2530 2375 2635 2429 rite
2666 2376 2939 2446 peractis,
2972 2382 3027 2430 et
3052 2378 3547 2449 seenopegiarum
3566 2382 3767 2433 octava
3782 2375 3856 2429 die

2232 2458 2419 2530 ﬁnita,
2463 2462 2691 2518 dimisit
2716 2480 2818 2518 rex
2860 2464 3141 2521 Salomon
3176 2467 3431 2537 populos
3462 2467 3543 2523 ad
3575 2482 3700 2530 sua,
3732 2489 3755 2512 ‹‹
3785 2463 3858 2517 lae-

2240 2555 2431 2606 tantes
2459 2558 2637 2623 atque
2678 2554 3007 2621 gaudentes
3047 2571 3229 2626 super
3280 2556 3442 2612 bona
3479 2572 3618 2628 quae
3671 2554 3857 2609 fecerat

2226 2638 2517 2693 Dominus
2536 2641 2717 2695 David
2746 2646 2801 2696 et
2833 2640 3137 2697 Salomoni
3168 2648 3224 2698 et
3255 2644 3429 2699 Israel
3461 2643 3688 2716 populo
3710 2656 3854 2695 suo.»

2228 2727 2331 2782 Cui
2358 2728 2559 2782 sensui
2590 2729 2823 2783 videtur
2851 2730 3150 2802 Josephus
3178 2730 3497 2802 suffragari
3532 2732 3614 2789 ita
3644 2731 3849 2786 dicens:

2228 2815 2455 2871 Dimisit
2483 2832 2624 2885 ergo
2658 2818 2938 2873 Salomon
2958 2819 3302 2885 Ecclesiam,
3320 2837 3460 2876 011111
3482 2818 3767 2877 sacriﬁcia
3785 2832 3857 2871 00-

2227 2903 2519 2961 lebrasset
2567 2922 2676 2978 pro
2708 2924 2768 2962 se
2817 2912 2875 2962 et
2905 2924 3015 2979 pro
3042 2909 3338 2964 universis
3387 2910 3667 2978 Hebraeis,
3696 2906 3753 2963 id
3782 2909 3856 2960 est
3906 2974 3907 2981 γ

2226 2993 2446 3049 vitulos
2505 2996 2750 3066 quidem
2785 2997 2992 3066 viginti
3040 2998 3216 3060 duos,
3253 3016 3392 3054 oves
3419 3006 3625 3055 autem
3677 2993 3858 3065 viginti

2224 3088 2485 3146 centum,
2521 3088 2680 3140 Tunc
2703 3086 2860 3140 enim
2886 3087 3050 3158 prius
3077 3087 3137 3142 in
3160 3088 3382 3159 templo
3414 3088 3704 3143 sacriﬁcia
3725 3084 3852 3141 cele-

2221 3171 2394 3227 brata
2420 3178 2576 3241 sunt,
2609 3180 2666 3229 et
2708 3175 2768 3229 in
2824 3191 2897 3230 eo
2939 3175 3163 3247 epulati
3194 3180 3332 3231 sunt
3378 3192 3595 3233 omnes
3649 3169 3853 3229 Hebrai

2222 3277 2359 3315 cum
2392 3263 2679 3317 uxoribus
2707 3264 2829 3318 suis
2856 3270 2911 3318 et
2934 3264 3091 3319 ﬁliis.
3134 3265 3383 3337 Insuper
3408 3266 3591 3322 etiam
3620 3271 3673 3321 et
3722 3260 3853 3318 festi-

2221 3351 2461 3407 vitatem
2505 3369 2640 3424 quae
2708 3358 2957 3410 vocatur
3020 3356 3402 3427 scenopegia,
3472 3356 3699 3412 faciens
3738 3355 3854 3407 ante

2222 3441 2515 3513 templum
2539 3442 2695 3499 clare
2723 3443 2901 3499 nimis
2930 3444 3322 3514 etmagniﬁce
3350 3444 3570 3501 diebus
3598 3448 3853 3518 quatuor-

2218 3528 2435 3591 decim,
2466 3536 2523 3585 et
2542 3548 2644 3587 rex
2670 3549 2809 3587 cum
2825 3533 2989 3587 omni
3016 3533 3242 3605 populo
3266 3550 3378 3589 suo
3421 3535 3645 3607 pariter
3672 3529 3852 3604 epula-

2220 3621 2312 3671 tus
2333 3622 2439 3674 est.
2464 3619 2732 3691 Cumque
2766 3621 2891 3675 haec
2917 3620 3167 3676 fuissent
3203 3621 3566 3678 sufﬁcienter
3594 3618 3848 3680 exhibita,

2218 3704 2485 3777 nihilque
2517 3707 2749 3763 deesset
2776 3709 2931 3764 circa
2986 3710 3224 3781 pietatis
3284 3710 3499 3766 divinae
3558 3710 3847 3769 culturam,

2216 3793 2448 3849 dimissi
2477 3810 2513 3850 a
2545 3812 2681 3864 rege
2700 3797 2917 3867 singuli
2940 3798 3017 3853 ad
3040 3800 3283 3870 propria
3303 3804 3668 3869 remearunt,
3695 3809 3850 3867 agell-

2216 3885 2301 3936 tes
2318 3883 2540 3951 gratias
2559 3901 2618 3938 rc
2626 3886 2679 3953 gi
2690 3929 2700 3951 ,
2711 3891 2951 3959 propter
2966 3887 3403 3958 providentiam
3427 3905 3619 3962 quam
3632 3882 3852 3944 habuis-

2220 3974 2307 4024 set
2334 3976 2391 4025 et
2417 3988 2601 4043 opera
2632 3990 2767 4047 quae
2799 3973 3048 4044 fecisset,
3083 3981 3139 4031 et
3162 3981 3402 4033 orantes
3452 3979 3664 4043 Deum,
3690 3979 3752 4030 ut
3780 3970 3850 4026 eis

2214 4074 2421 4127 regem
2453 4061 2747 4133 praeberet
2801 4062 3078 4133 longaevo
3136 4070 3402 4139 tempore
3462 4067 3846 4123 Salomonem.

2210 4148 2485 4215 Agebant
2531 4166 2671 4206 cum
2717 4152 2941 4221 gaudio
2988 4158 3347 4210 revertentes
3404 4155 3754 4219 sublimiter,
3806 4150 3852 4202 et

2212 4251 2349 4291 cum
2371 4237 2760 4295 delectatione
2790 4241 3054 4312 hymnos
3076 4235 3489 4309 décantantes,
3521 4245 3606 4301 ita
3626 4242 3766 4299 utin
3791 4249 3851 4292 ea

2203 4326 2577 4395 jucunditate
2601 4328 2946 4385 sinelabore
2961 4330 3041 4387 ad
3066 4332 3312 4404 propria
3336 4336 3696 4390 remearent.
3720 4332 3851 4401 Mys-

2209 4414 2317 4469 tice
2334 4421 2533 4472 autem
2555 4417 2669 4479 hoc
2690 4419 2857 4490 quod
2877 4419 3161 4475 Salomon
3187 4422 3485 4495 completo
3507 4438 3687 4495 opere
3717 4424 3844 4475 tem-

2205 4501 2286 4574 pli
2317 4502 2691 4560 festivitatem
2739 4506 3034 4564 celebrem
3091 4508 3247 4577 fecit,
3298 4510 3450 4567 sicut
3494 4506 3849 4585 quibusdam

2206 4591 2457 4663 videtur,
2476 4598 2533 4649 et
2553 4597 2749 4651 omnis
2782 4597 2959 4653 Israel
2989 4614 3128 4654 cum
3158 4614 3230 4655 eo
3261 4600 3582 4657 multitudo
3638 4608 3848 4666 magna

2205 4679 2283 4735 ab
2302 4680 2544 4738 introitu
2576 4685 2785 4740 Emath
2809 4702 3001 4758 usque
3019 4686 3099 4743 ad
3127 4688 3325 4744 rivum
3357 4689 3605 4764 [Egypti
3659 4697 3847 4744 coram

2206 4767 2459 4824 Domino
2492 4773 2629 4841 Deo,
2654 4771 2952 4842 signiﬁcat
2971 4773 3275 4832 internum
3303 4778 3596 4849 gaudium
3631 4776 3845 4832 sancto-

2200 4867 2547 4938 rum,quod
2576 4884 2715 4924 cum
2760 4885 2899 4939 rege
2949 4888 3059 4928 suo
3090 4872 3319 4930 Christo
3373 4891 3517 4931 vero
3576 4870 3843 4931 videlicet

2201 4955 2474 5026 paciﬁco,
2499 4959 2921 5029 perpetualiter
2947 4960 3192 5030 habent;
3224 4978 3462 5020 necnon
3484 4969 3542 5020 et
3565 4964 3701 5019 loca
3719 4960 3842 5032 ipsa

2199 5044 2422 5115 quibus
2460 5048 2689 5103 termini
2710 5053 2879 5105 terrae
2915 5050 3096 5106 Israel
3145 5052 3426 5125 descripti
3456 5060 3620 5115 sunt,
3642 5048 3846 5108 Emath

2199 5132 2471 5190 videlicet
2493 5139 2549 5191 et
2574 5136 2734 5191 rivus
2785 5138 3050 5210 zEgypti,
3103 5140 3244 5196 huic
3276 5139 3704 5211 signiﬁcationi
3731 5149 3844 5194 non

2198 5222 2634 5292 contradicunt,
2695 5227 2907 5283 Emath
2954 5228 3117 5285 enim
3168 5229 3593 5302 interpretatur
3621 5223 3848 5286 Domini

2196 5313 2415 5369 veritas
2440 5332 2452 5381 ;
2485 5319 2542 5370 et
2569 5315 2881 5386 perrivum
2905 5317 3028 5374 sive
3058 5322 3387 5377 torrentem
3406 5320 3646 5392 (Egypti
3670 5330 3842 5391 quem

2198 5401 2408 5457 melius
2432 5403 2755 5474 intelligere
2770 5422 3120 5478 possumus,
3139 5425 3327 5481 quam
3352 5414 3843 5478 111011οω1οωρο-

2192 5490 2380 5547 ralem
2409 5493 2554 5565 quia
2605 5494 2760 5550 hanc
2808 5495 2870 5550 in
2910 5496 3192 5569 Egypto,
3247 5499 3306 5554 id
3340 5504 3431 5556 est
3476 5500 3539 5555 in
3592 5493 3841 5554 tenebris

2191 5580 2362 5637 istius
2379 5583 2586 5638 mundi
2615 5585 2966 5653 consistens,
2987 5587 3187 5643 nullus
3211 5590 3462 5646 evadere
3481 5592 3697 5662 potest,
3719 5589 3841 5641 Pro.

421 5664 625 5718 autem
651 5664 887 5729 dicitur,
924 5679 1063 5718 cum
1113 5662 1334 5720 habeat
1382 5665 1589 5722 dulces
1643 5683 1858 5740 aquas,
1909 5668 2084 5738 juxta
2188 5670 2712 5742 phetaattestante,
2745 5675 2849 5745 qui
2870 5675 2977 5731 ait:
3001 5699 3027 5725 ‹‹
3056 5677 3196 5741 Quis
3216 5684 3304 5733 est
3325 5679 3511 5735 homo
3541 5677 3649 5749 qui
3681 5672 3833 5733 vivit,

420 5749 693 5833 111οωοω
717 5752 1178 5825 Scripturarum,
1200 5769 1336 5826 quae
1356 5756 1857 5826 congregationes
1885 5772 2076 5831 aqua-

2189 5763 2251 5816 et
2276 5775 2402 5817 non
2433 5761 2654 5821 videbit
2674 5768 2932 5825 mortem
2955 5766 3127 5835 (Psal
3173 5769 3444 5840 Lxxxmi)
3466 5768 3542 5823 7»
3578 5764 3743 5825 Unde
3769 5760 3836 5819 de
