3940 6436
88 321 189 376 m
1082 319 1334 374 ENARR.
1377 317 1448 374 IN
1488 314 1737 373 LIBROS
1774 313 2033 372 areum.
2073 344 2146 356 -
2183 318 2252 373 IN
2293 317 2424 374 LIB.
2468 318 2563 375 III.
3440 329 3547 385 «2

92 442 228 514 ipso
259 439 582 498 Mediatore
616 440 719 496 Dei
758 445 815 496 et
842 440 1182 507 hominum,
1215 442 1277 497 in
1317 440 1556 514 psalmo
1587 439 1774 513 scrip-
1806 442 1853 494 A
1886 437 2001 494 hoc
2040 456 2263 497 nomen
2308 443 2627 513 displicere
2664 443 2977 515 signiﬁcet,
3019 460 3146 503 non
3184 446 3550 525 invenimus,

92 534 224 586 tum
272 534 364 586 est
404 546 417 584 ε
467 553 493 582 κ
550 532 627 586 De
673 533 930 585 torrente
974 530 1035 585 in
1082 530 1181 585 via
1223 530 1405 597 bibet,
1458 534 1779 602 prOpterea
1888 530 2007 586 nisi
2036 530 2185 588 forte
2235 550 2343 606 per
2379 534 2638 592 ironiam
2681 536 2912 593 dictum
2954 536 3029 593 sit
3062 538 3242 611 quasi
3283 554 3552 610 germen,

93 617 392 675 exaltabit
430 622 614 691 caput
646 619 831 689 (Psal.
880 619 1008 689 crx).
1046 640 1073 669 »
1122 619 1382 676 Torrens
1428 619 1537 675 fuit
1575 618 1781 675 turbu-
1890 635 2029 675 cum
2059 621 2494 693 plenitudinem
2525 628 2833 683 fructuum
2866 640 2993 682 non
3018 626 3275 685 afferret.

93 711 263 768 lenta
324 711 675 768 Iudaeorum
729 713 1088 784 persecutio,
1154 712 1231 768 de
1293 728 1418 785 qua
1481 711 1778 766 Dominus
1963 730 1991 757 «
2033 709 2362 768 zEdiﬁcavit
2402 729 2546 783 ergo
2593 714 2880 771 Salomon
2927 716 3110 772 Gazer
3158 720 3218 773 et
3260 716 3559 775 Bathoron

100 800 374 857 Christus
420 800 574 857 bibit
625 800 689 856 in
738 801 856 871 via,
905 801 967 857 in
1018 806 1107 857 est
1150 800 1213 856 in
1266 801 1382 857 hac
1427 801 1570 870 vita,
1630 799 1783 855 dum
1894 818 1922 847 «
1961 797 2305 857 inferiorem
2333 807 2390 858 et
2416 802 2681 872 Baalath,
2705 808 2763 861 et
2790 803 3201 862 Palmiramin
3234 808 3390 864 terra
3418 805 3559 863 soli-

101 905 362 963 corpore
407 889 667 962 pertulit.
719 890 832 946 Sed
884 890 1033 945 dum
1077 890 1139 946 in
1186 890 1282 947 via
1330 890 1569 960 dicitur,
1612 888 1786 944 labor
1895 908 1925 937 ‹‹
1967 887 2210 944 tudinis.
2246 893 2309 947 Et
2336 907 2549 948 omnes
2581 892 2765 958 vicos,
2796 892 2901 966 qui
2931 893 3011 950 ad
3042 910 3107 949 se
3156 894 3559 967 pertinebant,

102 979 378 1035 iinterius
407 979 760 1040 ostenditur.
792 984 849 1035 et
873 979 1287 1035 velocissimus
1318 978 1607 1035 transitus
1629 976 1786 1033 Indi-
1898 994 1928 1028 ‹
1967 980 2024 1031 et
2051 977 2154 1049 qui
2192 983 2363 1035 erant
2401 980 2635 1054 absque
2664 998 2841 1039 muro
2867 982 3145 1053 munivit,
3174 1005 3204 1034 ››
3234 988 3349 1041 etc.
3377 983 3563 1040 Urbes

106 1074 283 1125 catur
312 1086 422 1142 per
448 1085 638 1142 quam
687 1069 1035 1125 itinerantes
1079 1069 1218 1124 vehi
1266 1069 1461 1125 solent
1495 1069 1571 1124 ad
1604 1067 1788 1123 aliam
1895 1059 2036 1120 vero
2097 1081 2252 1138 quas
2298 1068 2631 1127 aediﬁcasse
2684 1070 2970 1128 Salomon
3022 1072 3258 1145 dicitur,
3313 1074 3431 1130 hoc
3476 1076 3567 1132 est

108 1158 497 1214 mansionem
530 1175 542 1213 :
580 1157 811 1213 Christo
839 1159 999 1214 enim
1028 1162 1273 1231 propter
1300 1157 1577 1228 gloriosas
1611 1155 1789 1212 meri-
1898 1153 2084 1222 Melle,
2135 1160 2193 1212 et
2247 1173 2493 1214 murum
2537 1160 2891 1231 Jerusalem,
2936 1161 3121 1217 Heser
3155 1162 3470 1234 Mageddo,
3508 1164 3567 1219 et

107 1251 242 1303 tum
267 1247 594 1320 passionis,
632 1268 661 1298 α
684 1247 894 1303 datum
918 1253 1274 1313 estnomen,
1314 1246 1483 1320 quod
1504 1250 1591 1302 est
1612 1260 1794 1318 super
1901 1244 2101 1309 Gazer,
2160 1246 2474 1318 Bethoron,
2525 1248 2797 1320 Baalath,
2847 1254 2906 1306 et
2945 1249 3291 1315 Palmiram,
3343 1254 3566 1309 sancta:

107 1353 298 1393 omne
322 1352 571 1403 nomen,
605 1342 668 1392 ut
709 1336 766 1391 in
808 1337 1054 1392 nomine
1086 1337 1216 1408 ejus
1251 1352 1433 1392 omne
1465 1351 1624 1405 genu
1659 1334 1794 1390 ﬂec-
1903 1331 2173 1388 Ecclesiae
2211 1334 2493 1392 decorem
2519 1336 2861 1408 signiﬁcant
2900 1357 2915 1394 :
2956 1355 3145 1412 quam
3184 1355 3358 1396 verus
3400 1340 3568 1397 Salo-

110 1430 297 1489 tatur,
376 1425 730 1493 ccelestium,
809 1425 1209 1493 terrestrium,
1287 1429 1346 1482 et
1416 1424 1792 1480 infernorum
1904 1438 2048 1477 mon
2074 1422 2136 1478 in
2156 1424 2536 1495 jucunditate
2564 1427 2735 1498 regni
2774 1427 2866 1483 sui
2893 1427 2975 1484 ad
2997 1427 3243 1485 laudem
3271 1433 3329 1485 et
3348 1430 3571 1503 sempi-

108 1516 308 1585 (Phil.
332 1518 417 1587 II).
447 1537 476 1565 »
501 1514 709 1571 Omnis
737 1530 879 1584 ergo
910 1513 1089 1570 Israel
1113 1530 1149 1570 a
1169 1514 1300 1570 rivo
1332 1513 1571 1586 Egypti
1597 1526 1794 1584 usque
1904 1515 2135 1569 ternam
2154 1513 2417 1571 laetitiam
2437 1516 2549 1572 sibi
2565 1517 3354 1591 preparavit.lnterpretetur
3369 1523 3573 1576 autem

112 1603 353 1669 Emath,
412 1602 634 1659 festum
695 1603 928 1659 celebre
981 1620 1118 1659 cum
1176 1603 1495 1659 Salomone
1547 1601 1793 1665 faciunt,
1906 1600 2071 1657 Mello
2093 1602 2485 1673 adimpletio:
2512 1607 2709 1668 Hezer,
2740 1611 3080 1676 separatus,
3105 1605 3203 1663 vel
3235 1607 3576 1677 sanctiﬁca-

110 1692 373 1767 quando
404 1692 593 1749 sancti
628 1696 767 1765 post
798 1690 983 1748 ﬁnem
1017 1692 1329 1765 praesentis
1353 1692 1486 1747 vitae
1511 1688 1800 1746 veraciter
1909 1695 2021 1745 tus.
2056 1691 2366 1761 Mageddo,
2410 1696 2789 1752 etenaculum
2818 1697 2990 1766 ejus:
3032 1697 3237 1767 Gazer,
3264 1697 3574 1766 praescisio

111 1782 359 1839 aeternis
392 1780 631 1852 gaudiis
662 1797 800 1837 cum
838 1781 1092 1837 Domino
1122 1780 1355 1837 Christo
1384 1779 1795 1853 perfruuntur.
1830 1799 1871 1853 Β
1907 1778 1996 1835 vel
2027 1780 2242 1837 divisio
2269 1798 2291 1837 ,ο
2320 1783 2638 1857 Bethoron,
2662 1785 2872 1842 domus
2892 1786 3208 1854 montium,
3230 1789 3287 1841 et
3306 1785 3576 1855 Baalath,

117 1870 301 1938 Quod
361 1875 566 1931 autem
618 1875 853 1943 septem
910 1868 1125 1926 diebus
1184 1874 1240 1927 et
1298 1874 1530 1942 septem
1582 1866 1797 1924 diebus
1910 1869 2233 1926 ascendens
2253 1870 2693 1944 interpretatur.
2723 1875 2944 1931 Sancta
2971 1889 3117 1945 ergo
3142 1873 3580 1948 Ecclesia,ips-a

119 1960 414 2016 eamdem
469 1958 848 2016 festivitatem
888 1958 1293 2027 celebrabant,
1326 1959 1649 2030 signiﬁcari
1698 1977 1802 2032 po-
1911 1958 2119 2015 civitas
2148 1959 2251 2015 Dei
2281 1960 2398 2017 vivi
2437 1965 2547 2033 est,
2588 1962 2692 2019 ubi
2735 1962 3020 2036 impletur
3047 1963 3316 2036 quotidie
3343 1964 3448 2022 Dei
3474 1980 3581 2022 vo-

122 2054 243 2107 test
281 2047 450 2121 quod
492 2048 661 2105 electi
702 2064 808 2122 per
852 2047 1262 2121 septiformem
1309 2048 1558 2121 Spiritus
1609 2051 1803 2106 sancti

124 2139 391 2209 gratiam
411 2136 757 2205 illuminati,
781 2137 965 2193 modo
990 2137 1050 2193 in
1066 2136 1181 2194 hac
1202 2137 1321 2194 vita
1353 2145 1509 2211 (quae
1534 2143 1805 2211 septena-

123 2228 219 2284 rio
253 2242 513 2283 numero
555 2226 790 2283 dierum
831 2226 1125 2299 discurrit)
1172 2226 1437 2297 gaudent
1470 2227 1533 2282 in
1579 2244 1709 2301 spe,
1749 2232 1807 2284 et

124 2322 278 2373 tunc
300 2316 364 2373 in
396 2315 651 2372 sabbato
681 2332 845 2385 vero,
877 2304 991 2371 hoc
1023 2320 1112 2372 est
1144 2316 1205 2372 in
1236 2315 1436 2373 futura
1461 2315 1804 2373 animarum

123 2405 361 2478 requie,
392 2403 747 2476 gaudebunt
774 2405 835 2461 in
865 2404 1058 2478 ipsius
1096 2405 1358 2462 veritatis
1398 2406 1802 2480 perceptione.

127 2495 310 2562 Quod
358 2500 562 2552 autem
611 2495 900 2567 sequitur,
934 2495 994 2550 in
1036 2495 1132 2551 die
1163 2500 1375 2551 octavo
1418 2494 1807 2552 Salomonem

125 2584 437 2641 dimisisse
468 2584 766 2659 populum
796 2585 898 2657 qui
941 2583 1364 2640 benedicentes
1395 2586 1521 2654 regi
1560 2582 1810 2657 profecti

126 2680 277 2730 sunt
324 2673 546 2745 singuli
583 2690 645 2729 In
689 2672 1081 2731 tabernacula
1124 2689 1257 2739 sua,
1308 2672 1577 2729 laetantes
1627 2672 1810 2729 alacri

128 2761 319 2819 corde
347 2778 529 2835 super
560 2760 844 2818 omnibus
881 2760 1059 2817 bonis
1089 2778 1227 2835 quae
1266 2761 1486 2818 fecerat
1522 2762 1811 2818 Dominus

130 2850 326 2909 David
359 2867 530 2908 servo
575 2867 708 2922 suo,
740 2854 797 2907 et
842 2849 1021 2907 Israel
1050 2849 1278 2923 populo
1311 2867 1442 2918 suo,
1477 2849 1813 2921 signiﬁcare

130 2944 338 3016 potest
362 2936 549 2996 ﬁnem
568 2939 737 2996 istius
766 2939 913 3008 vitae,
938 2938 1043 3012 qui
1072 2940 1181 2995 erit
1209 2943 1346 3013 post
1376 2939 1813 2996 sabbatismum

132 3031 489 3088 animarum
521 3034 889 3095 sanctarum,
939 3045 1062 3102 quo
1108 3045 1271 3085 nunc
1316 3029 1638 3103 quiescunt
1677 3034 1815 3086 ante

132 3120 304 3175 diem
326 3118 561 3191 judicii.
602 3120 668 3176 In
715 3123 927 3175 octava
966 3122 1159 3189 (etate,
1192 3118 1307 3174 hoc
1351 3123 1439 3174 est
1484 3118 1546 3174 in
1591 3118 1687 3175 die
1731 3134 1818 3175 re-

137 3208 535 3264 surrectionis
587 3212 829 3264 sanctos
880 3211 1224 3280 recepturos
1273 3223 1529 3280 corpora
1574 3208 1818 3263 immor-

135 3297 309 3362 talia,
342 3301 400 3353 et
443 3297 505 3352 in
549 3296 972 3353 mansionibus
1017 3295 1361 3352 ccclestibus
1411 3311 1689 3369 quosque
1733 3312 1819 3352 se-

138 3385 421 3443 cundum
479 3385 832 3442 meritorum
885 3385 1205 3458 qualitates
1258 3384 1665 3448 collocandos,
1712 3383 1820 3441 ubi

138 3491 388 3549 semper
430 3473 614 3531 alacri
649 3474 829 3531 corde
874 3473 1167 3541 laetentur,
1211 3474 1541 3544 gaudentes
1585 3478 1642 3529 et
1691 3472 1819 3529 lau-

136 3565 361 3621 dantes
388 3567 577 3620 Deum
601 3580 784 3638 super
799 3563 1087 3619 omnibus
1107 3562 1304 3630 bonis,
1324 3577 1462 3635 quae
1481 3563 1540 3618 in
1566 3561 1820 3619 Domino

136 3654 386 3710 Christo
428 3656 599 3711 Pater
645 3652 1031 3726 omnipotens
1082 3651 1332 3708 contulit
1378 3652 1546 3707 omni
1591 3650 1821 3725 pOpulo

138 3743 518 3800 Christiano.

799 3900 1029 3955 CAPUT
1086 3901 1169 3954 IX.

218 4045 253 4080 ‹
293 4024 467 4081 Dedit
511 4040 618 4081 rex
659 4023 946 4082 Salomon
998 4024 1200 4080 Hiram
1246 4023 1460 4095 viginti
1490 4023 1717 4097 oppida
1763 4024 1826 4080 in

140 4140 173 4168 ‹‹
218 4120 381 4172 terra
419 4113 696 4171 Galilaeae.
744 4116 1157 4186 Egressusque
1206 4118 1295 4169 est
1339 4114 1536 4170 Hiram
1566 4113 1642 4169 de
1672 4116 1826 4186 Tyro

142 4229 174 4256 α
218 4208 289 4262 ut
313 4202 544 4260 videret
587 4202 814 4276 oppida
862 4219 1000 4276 quae
1050 4202 1300 4259 dederat
1341 4202 1395 4258 ei
1432 4201 1737 4269 Salomon,
1770 4205 1827 4258 et

144 4318 177 4347 κ
219 4309 348 4351 non
379 4292 739 4366 placuerunt
764 4292 837 4358 ei,
867 4297 925 4349 et
955 4292 1037 4348 ait
1064 4309 1077 4346 ε
1109 4292 1374 4347 Haaccine
1394 4296 1533 4347 sunt
1564 4291 1827 4348 civitates

140 4406 175 4433 ε(
221 4399 383 4457 quas
404 4381 623 4438 dedisti
644 4381 795 4437 mihi
810 4380 1031 4437 frater?
1054 4382 1122 4437 Et
1145 4380 1469 4455 appellavit
1483 4396 1584 4436 eas
1606 4385 1829 4436 terram

143 4496 179 4524 ‹‹
223 4470 461 4528 Chabul
485 4486 678 4545 usque
707 4469 769 4527 in
794 4469 957 4526 diem
988 4469 1168 4527 hanc.
1203 4493 1232 4521 »
1265 4471 1344 4525 De
1378 4469 1494 4526 hoc
1532 4469 1828 4542 Josephus

144 4565 363 4620 narrat
396 4579 410 4618 :
444 4559 693 4617 Multum
722 4576 941 4616 aurum
988 4564 1045 4615 et
1074 4564 1392 4629 argentum
1432 4558 1567 4631 Tyri
1606 4574 1712 4614 rex
1749 4556 1831 4615 ad

144 4650 481 4708 aediﬁcium
535 4648 805 4717 contulit,
856 4648 1107 4722 insuper
1152 4654 1208 4705 et
1252 4648 1417 4719 ligna
1460 4647 1726 4716 cedrina,
1774 4650 1832 4704 et

148 4739 535 4814 cypressina,
570 4754 757 4812 quem
800 4737 1086 4795 Salomon
1115 4740 1361 4811 qdoque
1400 4739 1641 4808 magnis
1671 4754 1831 4794 com-

148 4828 622 4904 pensationibus
650 4828 984 4894 redonavit,
1014 4828 1381 4900 mittensque
1411 4826 1463 4883 ei
1492 4843 1600 4901 per
1637 4842 1831 4884 annos

151 4917 432 4991 singulos
457 4917 743 4983 triticum,
767 4917 978 4973 vinum
1001 4921 1058 4972 et
1081 4915 1304 4987 oleum,
1323 4916 1546 4989 quibus
1565 4916 1830 4973 maxime

148 5009 343 5067 rebus
375 5007 472 5079 (eo
500 5005 669 5080 quod
698 5005 997 5063 habitaret
1039 5006 1102 5061 in
1144 5003 1347 5061 insula
1391 5004 1547 5062 sicut
1576 5004 1831 5078 predixi-

151 5098 325 5170 mus)
350 5095 685 5166 indigebat.
709 5096 799 5151 Ad
819 5096 949 5152 haec
972 5099 1178 5152 autem
1199 5098 1257 5151 et
1280 5094 1546 5151 civitates
1577 5093 1831 5150 Galilieas

148 5205 207 5246 re
222 5185 446 5259 gionis,
468 5184 679 5258 viginti
697 5201 975 5248 numero,
996 5201 1118 5241 non
1142 5184 1406 5258 procula
1427 5186 1579 5255 Tyro
1602 5182 1835 5255 positas

152 5274 547 5332 condonavit.
597 5275 759 5340 Quas
789 5274 938 5330 dum
988 5274 1297 5331 circuisset
1342 5278 1523 5345 atque
1567 5272 1836 5329 conside-

149 5368 371 5433 rasset,
395 5363 923 5438 displicuissetque
944 5363 998 5421 ei
1028 5364 1284 5432 donum,
1301 5363 1541 5420 mittens
1558 5361 1637 5418 ad
1667 5362 1835 5420 Salo-

153 5470 432 5523 monem,
465 5453 617 5511 dixit
647 5470 709 5510 se
739 5452 1081 5510 civitatibus
1126 5468 1250 5510 non
1280 5467 1474 5523 egere,
1507 5454 1565 5507 et
1592 5465 1667 5505 ex
1694 5452 1837 5506 tunc

154 5546 253 5602 hae
286 5543 609 5618 appellatae
635 5547 774 5600 sunt
795 5547 951 5600 terra
977 5543 1265 5601 Gabalon.
1294 5540 1526 5597 Etenim
1554 5539 1840 5611 interpre-

158 5640 352 5692 tatum
385 5633 600 5705 lingua
646 5633 969 5705 Phrenicia,
1010 5635 1327 5704 displicere
1365 5628 1680 5699 signiﬁcat.
1724 5626 1841 5683 Sed

159 5723 398 5781 Chabul
446 5724 623 5797 quasi
671 5738 913 5794 germen
962 5722 1404 5796 interpretatur,
1458 5722 1519 5775 ut
1567 5718 1631 5774 in
1684 5716 1838 5772 libro

162 5814 563 5873 Hebraeorum
577 5812 902 5872 nominum
920 5813 1286 5871 invenimus.
1302 5808 1620 5877 Quomodo
1637 5811 1842 5865 autem

1911 2046 2130 2102 luntas.
2167 2050 2300 2104 Haec
2327 2055 2609 2122 superato
2645 2051 2815 2108 omni
2844 2067 3044 2108 errore
3072 2050 3410 2108 inﬁdelium
3434 2067 3579 2109 san-

1914 2137 2172 2195 ctiﬁcata
2204 2142 2293 2195 est
2327 2138 2391 2195 in
2424 2138 2544 2195 ﬁde
2576 2145 2635 2196 et
2671 2140 2851 2198 bonis
2881 2141 3187 2215 operibus.
3225 2140 3310 2197 lbi
3336 2141 3580 2200 refectio

1912 2227 2199 2284 virtutum
2222 2232 2329 2296 est,
2352 2229 2481 2286 haec
2504 2230 2788 2287 discernit
2812 2231 3115 2288 mundum
3135 2231 3215 2288 ab
3235 2231 3579 2302 immundo,

1914 2314 2162 2371 virtutes
2211 2332 2247 2372 a
2296 2315 2468 2373 vitiis.
2518 2321 2586 2375 Et
2630 2318 2851 2375 domus
2895 2323 2985 2377 est
3027 2319 3350 2391 montium,
3391 2319 3455 2376 id
3491 2322 3586 2378 est

1915 2398 2206 2457 habitatio
2227 2406 2594 2460 sanctorum.
2620 2404 2688 2459 Et
2705 2403 2933 2460 fructus
2948 2403 3194 2476 justitiaa
3210 2404 3364 2461 sicut
3376 2404 3587 2478 palma

1917 2486 2160 2560 ﬂorens,
2183 2510 2213 2543 α
2235 2491 2511 2548 ascendit
2536 2493 2610 2549 de
2630 2498 2853 2550 virtute
2872 2494 2937 2549 in
2966 2494 3268 2563 virtutem,
3297 2497 3363 2551 ut
3384 2493 3589 2552 videat

1920 2578 2074 2634 Deus
2103 2581 2364 2636 Deorum
2408 2583 2474 2637 in
2519 2582 2667 2638 Sion
2707 2582 2896 2653 (Psal.
2940 2584 3197 2657 LXXXIII).
3232 2604 3261 2634 »
3302 2604 3332 2634 κ
3364 2584 3589 2641 Omnes

1917 2667 2084 2723 vicos
2131 2669 2237 2741 qui
2284 2669 2363 2725 ad
2393 2686 2454 2726 se
2484 2670 2868 2743 pertinebant
2903 2676 2962 2729 et
3001 2673 3109 2747 qui
3149 2676 3321 2730 erant
3355 2672 3590 2747 absque

1920 2772 2097 2812 muro
2144 2757 2401 2815 munivit
2456 2758 2764 2831 Salomon,
2814 2783 2844 2810 »
2892 2761 3038 2834 quia
3080 2761 3345 2818 Christus
3401 2765 3591 2818 cestus

1920 2847 2192 2904 ﬁdelium
2223 2865 2475 2906 suorum
2504 2850 2709 2921 gratiae
2740 2867 2865 2907 suas
2895 2851 3263 2925 protectione
3284 2851 3367 2909 ita
3388 2851 3591 2909 muni-

1922 2937 2026 3007 vit,
2057 2943 2124 2994 ut
2149 2938 2425 2994 hostibus
2458 2939 2826 3012 spiritalibus
2866 2940 3308 3015 insuperabiles
3350 2955 3593 3016 semper

1928 3026 2269 3083 existerent.

1999 3138 2027 3167 ‹‹
2070 3116 2425 3173 Universum
2450 3116 2748 3189 populum
2773 3117 2880 3190 qui
2900 3123 3276 3175 remanserat
3295 3118 3373 3175 de
3386 3120 3596 3175 Amor-

1929 3226 1956 3254 «
1996 3203 2198 3273 rhaeis,
2231 3209 2288 3260 et
2310 3204 2386 3260 de
2414 3206 2687 3276 Hethaais,
2713 3211 2771 3262 et
2801 3205 3144 3277 Pheresasis,
3172 3210 3231 3263 et
3256 3204 3510 3278 Hevieis,
3536 3208 3597 3264 et

1929 3318 1956 3347 α
1995 3295 2302 3363 Jebusaais,
2342 3294 2447 3368 qui
2485 3312 2608 3352 non
2641 3300 2781 3353 sunt
2818 3296 2893 3354 de
2930 3295 3070 3353 ﬁliis
3112 3296 3334 3366 Israel;
3372 3296 3596 3354 horum

1932 3408 1960 3436 «
1999 3384 2151 3441 ﬁlios
2171 3385 2276 3458 qui
2304 3390 2723 3443 remanserant
2748 3386 2811 3442 in
2833 3390 3007 3453 terra,
3036 3401 3194 3459 quos
3222 3386 3447 3443 scilicet
3468 3400 3597 3443 non

1932 3498 1961 3526 «
2001 3478 2280 3547 poterant
2315 3474 2419 3531 ﬁlii
2458 3473 2638 3531 Israel
2673 3475 3093 3546 exterminare,
3133 3474 3271 3533 fecit
3311 3473 3600 3533 Salomon

1931 3585 1960 3614 ‹‹
2000 3562 2345 3620 tributarios
2369 3579 2563 3636 usque
2599 3562 2664 3620 in
2701 3563 2863 3621 diem
2891 3564 3071 3621 hanc.
3101 3567 3184 3621 De
3220 3563 3359 3620 ﬁliis
3393 3568 3600 3622 autem

1932 3676 1961 3704 «
2002 3653 2179 3710 Israel
2237 3670 2362 3710 non
2419 3653 2728 3710 constituit
2784 3653 3072 3713 Salomon
3112 3654 3336 3712 servire
3373 3670 3592 3728 quem-

1934 3763 1964 3797 ‹
2003 3760 2211 3817 quam,
2245 3743 2351 3799 sed
2383 3747 2554 3800 erant
2586 3743 2691 3799 viri
2717 3742 3040 3800 bellatores
3067 3747 3126 3801 et
3160 3743 3419 3801 ministri
3445 3743 3600 3817 ejus,

1934 3858 1963 3886 ‹‹
2004 3839 2061 3890 et
2107 3833 2410 3907 principes
2472 3837 2531 3890 et
2579 3832 2764 3911 duces
2817 3837 2873 3891 et
2923 3832 3186 3907 priefecti
3227 3848 3538 3901 curruum,
3567 3852 3602 3886 ιο

1934 3927 1992 3980 et
2028 3922 2277 3995 reliqua.
2330 3921 2688 3979 Universum
2739 3922 3038 3996 populum
3081 3922 3191 3996 qui
3233 3937 3357 3978 non
3406 3920 3604 3980 fuerat

1934 4012 2009 4069 de
2054 4011 2194 4068 ﬁliis
2238 4010 2438 4079 Israel,
2482 4010 2619 4067 fecit
2662 4010 2953 4085 paciﬁcus
2994 4015 3198 4068 noster
3234 4009 3602 4080 tributarios,

1934 4119 2074 4158 cum
2113 4118 2215 4157 eos
2245 4101 2351 4173 qui
2379 4116 2503 4156 non
2533 4105 2673 4157 sunt
2698 4101 2761 4157 in
2790 4100 3055 4158 ﬁliorum
3087 4116 3368 4170 numero,
3398 4099 3506 4156 sed
3539 4100 3604 4158 in

1938 4191 2137 4248 servili
2166 4190 2507 4247 conditione
2532 4191 2733 4264 positi,
2764 4191 2828 4247 in
2855 4195 3148 4264 potestate
3176 4207 3288 4247 sua
3317 4190 3603 4257 continet,

1937 4285 1994 4337 et
2048 4279 2298 4350 singulis
2347 4280 2531 4335 utitur
2579 4279 2659 4336 ad
2715 4280 3030 4353 proprium
3083 4280 3414 4338 servitium.
3474 4280 3606 4336 Sive

1937 4371 2097 4427 enim
2134 4368 2350 4439 Judaei,
2390 4368 2515 4426 sive
2564 4369 2834 4442 gentiles,
2878 4370 3001 4428 sive
3039 4370 3317 4436 haeretici,
3366 4369 3431 4427 in
3473 4369 3606 4442 ejus

1938 4459 2349 4517 dominatione
2397 4459 2750 4528 consistunt,
2799 4459 2945 4533 quia
2995 4459 3126 4533 ipse
3182 4456 3627 4517 universorum'

1938 4549 2282 4606 dominator
2318 4553 2425 4620 est,
2471 4553 2528 4606 et
2563 4548 2648 4605 eis
2692 4548 2877 4605 utitur
2923 4548 3006 4606 ad
3048 4564 3224 4606 suam
3266 4547 3604 4619 utilitatem,

1936 4639 2000 4696 in
2038 4638 2211 4711 cujus
2238 4638 2612 4695 voluntatem
2647 4638 2929 4695 universa
2963 4642 3104 4694 sunt
3133 4636 3355 4710 posita,
3393 4639 3452 4691 et
3478 4650 3606 4692 non

1939 4732 2028 4784 est
2058 4728 2165 4801 qui
2205 4728 2392 4801 possit
2430 4727 2703 4782 resistere
2745 4725 3040 4783 voluntati
3083 4725 3237 4797 ejus.
3275 4722 3444 4779 Tales
3469 4721 3608 4779 licet

1937 4818 2000 4875 in
2045 4816 2250 4874 multis
2296 4815 2714 4879 adversentur,
2754 4818 2959 4871 tamen
3001 4812 3342 4886 frequenter
3393 4809 3606 4868 usibus

1940 4908 2207 4963 serviunt
2250 4902 2543 4970 Ecclesiae,
2587 4918 2729 4959 cum
2771 4902 2832 4958 in
2876 4899 3155 4974 praesenti
3197 4902 3469 4972 tempore
3504 4914 3609 4956 ne-

1940 4995 2201 5052 cessaria
2225 4994 2509 5071 tribuunt,
2533 4996 2591 5049 et
2617 4990 2695 5048 de
2712 4991 2895 5048 rebus
2917 4989 3043 5046 suis
3067 4988 3281 5047 solatia
3311 4987 3604 5063 praebent.

1941 5088 2021 5143 De
2042 5086 2178 5142 ﬁliis
2208 5088 2413 5143 autem
2443 5081 2645 5151 Israel,
2677 5083 2793 5138 hoc
2821 5085 2915 5138 est
2940 5080 3048 5154 qui
3075 5096 3201 5138 non
3239 5078 3472 5137 ancillis
3502 5078 3610 5138 ﬁlii

1944 5181 2104 5245 sunt,
2146 5174 2251 5232 sed
2292 5173 2518 5245 liberae,
2560 5188 2716 5247 quos
2752 5172 2882 5244 ipse
2927 5170 3109 5228 Filius
3155 5171 3258 5228 Dei
3309 5169 3610 5240 sanguine

1944 5282 2053 5323 suo
2074 5261 2368 5330 liberavit,
2391 5277 2515 5318 non
2539 5259 2841 5317 constituit
2866 5258 3153 5316 Salomon
3169 5264 3371 5316 noster
3387 5259 3610 5313 servire

1944 5354 2297 5430 quempiam
2319 5370 2332 5409 :
2351 5350 2496 5424 quia
2512 5350 2820 5407 neminem
2845 5349 3005 5421 cogit
3020 5349 3137 5407 ritu
3162 5346 3367 5419 gentili
3384 5345 3611 5418 vivere,

1945 5444 2250 5503 neminem
2302 5439 2694 5499 caeremonias
2746 5438 2960 5496 veteris
3020 5437 3169 5509 legis
3236 5435 3613 5510 temporibus

1948 5534 2093 5593 Novi
2155 5530 2517 5590 Testamenti
2575 5544 2857 5596 servare;
2914 5528 3021 5584 sed
3071 5527 3232 5584 viros
3290 5524 3611 5584 bellatores

1947 5641 2095 5691 esse,
2125 5623 2229 5696 qui
2255 5624 2463 5678 contra
2493 5618 2787 5691 spiritales
2813 5617 3111 5692 nequitias
3151 5621 3319 5674 scuto
3347 5615 3513 5687 ﬁdei,
3554 5618 3619 5674 et

1950 5712 2149 5785 gladio
2173 5710 2413 5785 spiritus
2440 5708 2742 5768 dimicent.
2764 5712 2821 5763 et
2840 5707 3144 5764 ministros
3167 5722 3309 5763 suos
3329 5704 3478 5779 ﬁeri,
3496 5704 3621 5761 hoc

1949 5807 2039 5860 est
2064 5800 2325 5876 spiritale
2353 5796 2716 5872 obsequium
2743 5796 2804 5853 in
2825 5797 3004 5855 bonis
3026 5795 3315 5871 operibus
3335 5793 3450 5853 sibi
3470 5809 3618 5868 prae-
