3940 6400
454 319 559 372 463

1542 304 1898 366 ANGELOMI
1939 305 2390 366 LUXOVIENSIS
2427 313 2768 369 MONACHI.

3766 315 3868 369 444

437 439 611 507 bere;
645 441 701 493 et
731 435 1028 509 principes
1071 437 1126 490 et
1167 433 1350 488 duces
1392 433 1630 502 scilicet,
1677 437 1743 488 ut
1783 430 1938 486 bene
1979 428 2092 484 sibi
2127 429 2471 490 Avirtutum
2495 437 2827 509 acquirere,
2853 437 2955 492 ubi
2985 441 3124 492 sunt
3147 437 3302 492 servi
3329 436 3530 492 Hiram
3553 435 3786 492 nautici
3812 440 3867 492 et

439 527 868 601 principentur,
901 529 955 579 et
987 522 1184 579 carnis
1224 521 1533 578 lasciviam
1583 522 1848 587 doment,
1883 519 2001 574 sive
2031 521 2096 575 ut

441 616 712 672 subditos
743 613 856 668 sibi
885 612 1036 668 bene
1063 617 1292 681 regant,
1325 615 1381 667 et
1401 611 1457 666 in
1488 611 1699 667 semita
1715 609 1958 682 justitiee
1986 608 2094 662 du-

437 709 596 761 cant.
624 702 792 768 Quod
823 705 1023 757 autem
1055 700 1360 772 sequitur:

508 797 757 849 «Erant
809 790 1108 863 principes
1169 806 1349 863 super
1405 790 1611 846 omnia
1677 805 1862 862 opera
1926 787 2092 845 Salo-

436 906 462 932 ‹‹
506 881 702 938 monis
755 878 1060 952 praepositi
1115 879 1424 951 quingenti
1479 877 1938 952 quinquaginta,
1988 877 2093 950 qui

433 994 459 1019 ‹‹
499 970 808 1026 habebant
845 968 1185 1038 subjectum
1230 967 1547 1039 populum,
1594 972 1650 1022 et
1683 967 1918 1022 statutis
1955 981 2093 1038 ope-

430 1082 457 1109 ‹‹
499 1059 664 1114 ribus
697 1057 1098 1130 imperabant.
1145 1079 1170 1103 ››
1213 1055 1366 1120 Quid
1402 1055 1700 1125 signiﬁcat
1741 1053 1877 1121 nisi,
1923 1053 2090 1126 quod

425 1147 487 1203 hi
529 1147 635 1220 qui
681 1145 930 1219 Spiritus
973 1143 1165 1199 sancti
1201 1144 1391 1214 gratia
1431 1144 1578 1214 legis
1624 1143 1861 1199 Domini
1905 1146 2089 1198 scien-

428 1236 572 1292 tiam
631 1235 857 1292 habere
922 1236 1247 1300 merentur,
1303 1244 1360 1288 et
1417 1233 1775 1304 semetipsos
1830 1236 1887 1288 et
1933 1231 2084 1287 alios

423 1325 578 1381 bene
634 1339 840 1392 regere
895 1326 1166 1395 possunt.
1224 1321 1735 1394 Quinquagesimo
1785 1337 1926 1390 ergo
1989 1320 2084 1376 die

423 1418 562 1486 post
602 1412 830 1486 pascha
875 1412 935 1466 in
979 1409 1158 1466 veteri
1200 1413 1598 1479 Testamento,
1636 1410 1729 1465 lex
1774 1409 1834 1465 in
1881 1413 2082 1466 monte

427 1502 567 1558 Sina
614 1499 833 1556 tributa
884 1503 990 1554 est.
1048 1501 1114 1554 Et
1163 1499 1225 1554 in
1283 1500 1450 1554 Novo
1511 1515 1692 1572 super
1747 1498 2078 1572 apostolos,

423 1595 480 1646 et
525 1606 628 1646 eos
678 1589 782 1662 qui
823 1605 963 1644 cum
1006 1587 1152 1661 ipsis
1204 1592 1395 1654 erant,
1455 1588 1704 1661 Spiritus
1743 1587 2081 1662 paracletus

419 1679 599 1734 venit.

494 1791 521 1819 ‹‹
565 1766 864 1824 Offerebat
901 1781 1144 1838 quoque
1174 1781 1277 1822 rex
1315 1765 1597 1822 Salomon
1634 1765 1822 1822 tribus
1848 1765 2076 1821 vicibus
2105 1775 2147 1828 Β

421 1880 450 1907 ‹‹
491 1873 600 1930 per
622 1871 819 1912 annos
848 1853 1115 1924 singulos
1142 1853 1495 1910 holocausta
1520 1859 1576 1911 et
1597 1855 1880 1926 paciﬁcas
1911 1855 2075 1910 victi-

419 1969 446 1998 «
489 1963 622 2002 mas
646 1961 826 2018 super
855 1944 1060 2011 altare,
1092 1943 1258 2016 quod
1289 1943 1688 2000 eediﬁcaverat
1716 1945 1990 2010 Domino,
2022 1950 2079 2002 et

417 2058 445 2087 «
487 2034 769 2092 adolebat
825 2033 1162 2106 thymiama
1207 2049 1412 2089 coram
1474 2033 1748 2089 Domino.
1806 2057 1833 2083 »
1898 2034 2078 2091 Offert

413 2140 656 2199 quoque
694 2122 980 2196 paciﬁcus
1019 2127 1222 2178 noster
1253 2122 1444 2179 tribus
1475 2123 1704 2179 vicibus
1745 2139 1853 2196 per
1879 2140 2073 2180 annos

413 2214 684 2285 singulos
743 2213 1098 2270 holocausta
1140 2212 1396 2268 Domino
1447 2213 1509 2268 in
1565 2213 1874 2283 membris,
1934 2230 2070 2270 cum

415 2321 524 2379 per
553 2308 775 2360 sancta:
805 2302 1099 2359 Trinitatis
1129 2301 1311 2359 ﬁdem
1351 2302 1611 2358 hostiam
1643 2303 2073 2376 acceptabilem

409 2394 648 2451 exhibet
679 2393 816 2448 Deo.
843 2392 1024 2449 Otfert
1052 2391 1212 2447 enim
1239 2391 1657 2464 unusquisque
1682 2391 1877 2448 ﬁdelis
1901 2392 2072 2448 holo-

409 2488 622 2540 causta
677 2483 950 2549 Domino,
1012 2497 1152 2537 cum
1209 2497 1428 2552 corpus
1485 2497 1663 2536 suum
1713 2481 2071 2552 castigando

407 2575 695 2635 macerat,
756 2574 810 2626 et
860 2573 987 2626 tota
1034 2569 1331 2625 desideria
1379 2569 1575 2626 carnis
1626 2569 1765 2638 igne
1817 2571 2068 2642 Spiritus

409 2660 599 2717 sancti
639 2674 992 2715 consumere
1022 2657 1279 2714 festinat.
1310 2657 1491 2714 Oﬁ‘ert
1518 2657 1803 2730 paciﬁcas
1845 2660 2070 2716 hostias

407 2765 547 2805 cum
604 2748 905 2804 bonorum
961 2762 1215 2819 operum
1272 2761 1494 2802 munus
1562 2746 1822 2804 exhibet.
1889 2748 2070 2806 Offert

403 2838 702 2904 victimas,
743 2853 881 2892 cum
931 2841 1071 2892 vota
1099 2835 1400 2892 labiorum
1451 2852 1698 2892 suorum
1731 2837 1792 2893 in
1821 2835 2066 2895 laudem

405 2927 640 2984 Domini
666 2925 966 2998 expendit.
991 2928 1056 2981 Et
1084 2925 1211 2980 haec
1242 2925 1448 2980 omnia
1477 2941 1657 2998 super
1687 2925 1872 2982 altare
1899 2927 2063 2999 quod

401 3017 798 3073 aediﬁcaverat
847 3015 1098 3071 Domino
1155 3014 1367 3070 offerre
1421 3014 1618 3081 debet,
1677 3015 1781 3088 qui
1837 3016 1898 3071 in
1957 3032 2064 3073 ara

2204 522 2374 591 gnari
2401 525 2583 581 maris
2613 542 2750 582 cum
2783 525 2964 581 servis
3010 525 3368 594 Salomonis,
3417 525 3568 582 dum
3619 524 3868 594 gentiles

2205 611 2477 668 saeculari
2524 614 2816 687 sapientia
2859 614 3094 684 eruditi,
3146 630 3285 670 cum
3315 614 3424 670 ‘his
3467 613 3574 686 qui
3624 613 3686 669 in
3736 613 3867 683 lege

2203 701 2384 772 Moysi
2423 703 2591 774 periti
2639 709 2775 758 sunt
2818 704 2878 758 in
2921 704 3145 759 unitate
3188 701 3324 758 fidei
3373 702 3699 758 sociantur.
3747 703 3866 757 Hos

2201 805 2344 860 ergo
2378 790 2661 847 Salomon
2697 797 2900 846 noster
2937 792 2999 847 in
3042 791 3245 864 Ophir,
3276 807 3413 864 quae
3439 791 3867 864 interpretatur

2200 879 2538 951 inﬁrmam,
2571 879 2764 946 mittit,
2803 884 2867 936 ut
2895 885 3206 952 sumptum
3236 879 3376 936 inde
3409 896 3626 936 aurum
3671 879 3752 936 ad
3802 896 3864 934 se

2199 967 2486 1034 deferant,
2512 985 2652 1024 cum
2677 968 2737 1024 in
2760 969 3005 1025 utilitate
3026 969 3231 1026 litterae
3257 985 3501 1025 sensum
3525 968 3863 1042 pretiosum

2197 1057 2380 1112 habet
2406 1073 2692 1130 quaerere.
2721 1061 2783 1113 Et
2804 1059 2888 1113 sic
2919 1064 3166 1132 accepta
3187 1074 3429 1114 summa
3454 1057 3864 1132 quadringen-

2196 1149 2392 1201 torum
2419 1146 2622 1217 viginti
2653 1147 3014 1203 talentorum
3050 1147 3182 1203 auri
3211 1147 3287 1202 ad
3318 1163 3520 1217 regem
3557 1145 3860 1214 deferunt,

2194 1250 2332 1289 cum
2366 1251 2612 1290 sensum
2643 1236 2972 1308 pretiosum
3010 1235 3270 1292 historiae
3307 1235 3623 1306 allegorice
3653 1241 3711 1291 et
3740 1240 3862 1292 tro-

2190 1321 2462 1394 pologice
2515 1329 2845 1397 exponunt,
2900 1330 3081 1398 atque
3134 1340 3452 1395 anagogen
3501 1324 3561 1380 in
3612 1324 3861 1380 duobus

2187 1412 2926 1478 Testamentisinveniunt,
2945 1420 3001 1470 et
3021 1430 3160 1469 eum
3193 1413 3494 1487 sapientiai
3515 1418 3572 1469 et
3600 1413 3860 1470 consilio

2188 1500 2394 1557 divino
2425 1502 2794 1558 ascribentes
2825 1503 3117 1559 tribuunt.
3364 1489 3392 1536 ι’

2869 1609 3104 1668 CAPUT
3166 1613 3207 1667 Χ

2265 1721 2293 1748 ‹‹
2337 1698 2448 1755 Sed
2479 1703 2536 1755 et
2559 1700 2767 1770 regina
2790 1700 2968 1768 Saba,
2992 1699 3197 1756 audita
3213 1697 3379 1757 fama
3399 1698 3760 1770 Salomonis,
3793 1699 3858 1755 in

2193 1808 2219 1834 ‹‹
2262 1785 2506 1842 nomine
2541 1787 2792 1858 Domini,
2817 1787 2978 1844 venit
3007 1793 3230 1844 tentare
3261 1803 3398 1844 eum
3427 1787 3485 1843 in
3515 1786 3854 1856 aenigmati-

2189 1897 2216 1924 α
2259 1874 2394 1932 bus.
2426 1879 2490 1930 Et
2514 1876 2785 1946 ingressa
2809 1876 3171 1932 Hierusalem
3195 1893 3333 1932 cum
3358 1875 3544 1932 multo
3562 1876 3857 1932 comitatu

2186 1987 2213 2016 ‹‹
2257 1971 2312 2022 et
2328 1966 2571 2032 divitiis,
2591 1966 2834 2023 camelis
2849 1967 3228 2041 portantibus
3244 1971 3536 2033 aromata,
3556 1971 3613 2022 et
3628 1981 3853 2022 aurum

2187 2077 2215 2104 «
2255 2055 2556 2111 inﬁnitum
2595 2056 2794 2127 nimis,
2828 2061 2884 2112 et
2914 2072 3190 2122 gemmas
3233 2056 3544 2129 pretiosas,
3576 2056 3742 2111 venit
3769 2055 3852 2111 ad

2183 2165 2212 2194 «ι
2256 2145 2659 2212 Salomonem,
2685 2151 2741 2201 et
2769 2145 2968 2202 locuta
2993 2151 3080 2201 est
3106 2145 3158 2201 ei
3189 2144 3468 2201 universa
3496 2161 3634 2217 quae
3655 2145 3848 2200 habe-

2183 2255 2210 2283 «
2253 2233 2355 2290 bat
2385 2234 2443 2290 in
2472 2234 2651 2290 corde
2682 2250 2811 2291 suo.
2856 2258 2882 2283 ››
2926 2234 3151 2304 Regina
3181 2239 3383 2290 autem
3414 2233 3607 2289 Austri
3639 2250 3778 2306 quae
3812 2251 3850 2291 a

2180 2321 2403 2378 ﬁnibus
2421 2325 2702 2379 extremis
2721 2324 2976 2379 excitata
2997 2324 3261 2390 veniens,
3280 2322 3617 2380 Salomonis
3633 2323 3848 2379 audire

2181 2413 2536 2486 sapientiam
2593 2414 2955 2486 concupivit,
3005 2414 3134 2485 jam
3194 2418 3334 2469 tunc
3387 2417 3707 2469 venturam
3769 2413 3846 2470 de

2179 2505 2455 2576 gentibus
2487 2505 2808 2561 Ecclesiam
2856 2505 3299 2560 desiderantem
3347 2503 3644 2561 Christum
3689 2505 3846 2575 ﬁgu-

2176 2595 2369 2662 rabat,
2420 2612 2557 2668 quae
2605 2595 2776 2667 juxta
2817 2595 3174 2668 Prophetam
3225 2595 3409 2666 (Psal.
3453 2596 3605 2666 xuv)
3656 2594 3847 2651 circu-

2176 2686 2460 2742 mamicta
2481 2692 2568 2742 est
2585 2687 2876 2742 varietate
2893 2688 2952 2741 in
2978 2686 3189 2741 vestitu
3215 2685 3526 2752 deaurato,
3551 2689 3608 2740 et
3629 2685 3845 2758 populi

2176 2775 2268 2830 sui
2311 2781 2367 2831 et
2412 2785 2676 2848 paternae
2728 2775 2948 2831 domus
3007 2774 3193 2830 oblita
3241 2774 3521 2831 currebat
3554 2775 3842 2832 barbara

2173 2870 2348 2936 gente
2379 2882 2500 2922 non
2533 2865 2758 2935 animo,
2813 2883 2947 2939 quae
2991 2865 3048 2920 in
3099 2870 3306 2938 aperto
3345 2865 3664 2938 peregrina
3703 2867 3835 2934 fuit,

2173 2955 2279 3012 sed
2322 2957 2382 3012 in
2419 2955 2552 3013 loco
2601 2957 2758 3013 culto
2803 2963 3148 3012 sanctorum
3188 2956 3314 3011 lieri
3363 2956 3508 3012 civis
3559 2955 3834 3028 optabat.

2173 3048 2337 3104 Unde
2384 3065 2503 3104 non
2553 3051 2755 3104 solum
2807 3047 3030 3103 caelesti
3075 3046 3324 3120 praemio
3377 3047 3833 3103 resurrectionis

399 3105 738 3209 Fordis_u_bi
785 3104 956 3161 decet
993 3104 1196 3209 ique?
1235 3103 1507 3209 ﬁmum”
1554 3120 1793 3209 Sefnper
1829 3105 2056 3209 ardef?’
2092 3129 2133 3182 C
2166 3135 2363 3205 beata,
2406 3103 2515 3194 sed
2553 3103 2752 3194 etiam,
2775 3103 3450 3209 potestate.apostolica,
3491 3135 3565 3191 de
3603 3137 3832 3192 Judaeis

394 3197 510 3253 hoc
539 3201 629 3252 est
657 3197 970 3252 flammam
1001 3195 1307 3251 charitatis
1337 3211 1575 3267 semper
1606 3195 1853 3263 fervere,
1885 3196 2058 3268 quid-

395 3287 540 3361 quid
571 3287 633 3342 in
664 3286 1043 3354 abstinentia,
1075 3285 1373 3358 quidquid
1402 3286 1462 3340 in
1492 3285 1656 3342 bona
1685 3287 2054 3358 operatione,

393 3377 692 3450 quidquid
736 3375 796 3431 in
850 3376 1176 3447 gratiarum
1221 3375 1474 3439 actione,
1520 3375 1790 3432 elaborat
1823 3377 2054 3448 justum

395 3469 506 3530 est,
541 3469 606 3520 ut
635 3468 823 3520 totum
850 3465 1142 3520 suavitate
1176 3465 1424 3536 Spiritus
1453 3465 1640 3521 sancti
1672 3466 1882 3522 offerat
1912 3469 2051 3523 Deo.

397 3555 610 3627 Sicque
632 3553 894 3610 adolehit
915 3554 1252 3626 thymiama
1278 3571 1480 3611 coram
1510 3556 1780 3624 Domino,
1805 3558 2052 3629 quando

392 3645 724 3702 orationem
754 3659 972 3718 puram
1002 3643 1064 3699 in
1091 3644 1287 3699 cordis
1319 3649 1542 3701 secreto
1568 3653 1871 3719 praeparat
1911 3650 2048 3716 Deo,

390 3738 447 3791 et
485 3751 556 3790 ea
601 3750 739 3807 quae
789 3737 930 3789 sunt
977 3734 1100 3789 Doo
1157 3731 1343 3803 digna
1398 3739 1453 3788 et
1499 3733 1718 3807 placita
1765 3737 2046 3808 postulat.

391 3827 681 3882 Caeterum
713 3823 815 3896 qui
856 3821 1200 3879 transitoria
1230 3822 1440 3894 poscit,
1478 3827 1535 3878 et
1564 3839 1700 3895 qua:
1731 3825 1808 3880 ad
1838 3824 2046 3881 luxum

387 3913 589 3970 saeculi
650 3913 973 3986 pertinent,
1042 3929 1165 3968 non
1227 3927 1433 3967 coram
1497 3912 1747 3969 Domino
1810 3914 2048 3971 adolere

387 4002 721 4072 thymiama
767 4001 1003 4066 dicitur,
1053 4001 1196 4073 quia
1234 4016 1356 4056 non
1401 4001 1462 4056 in
1492 4017 1647 4074 pura
1685 4003 2048 4060 conscientia

375 4105 556 4146 orare
578 4091 1024 4162 comprobatur.

457 4201 484 4227 ‹‹
527 4178 790 4233 Classem
831 4194 1075 4250 quoque
1108 4178 1241 4234 fecit
1274 4195 1378 4234 rex
1410 4179 1693 4237 Salomon
1731 4181 1792 4238 in
1835 4183 2045 4240 Asion-

2167 3225 2451 3282 adulteris
2464 3225 2830 3298 judicandis,
2859 3225 3046 3298 ipsius
3061 3223 3303 3296 judiciis
3325 3223 3510 3295 digna
3531 3230 3828 3292 censetur,

2164 3316 2308 3388 quia
2325 3316 2623 3371 Christum
2644 3316 2703 3371 in
2725 3315 3106 3372 Salomonem
3124 3313 3361 3379 mirata,
3377 3329 3586 3370 verum
3605 3313 3830 3383 regina:

2163 3404 2418 3461 caelestis
2442 3405 2723 3460 allectum
2750 3403 3012 3473 imagine
3031 3403 3285 3475 mystica
3315 3402 3590 3459 Ecclesiae
3622 3405 3827 3475 provi-

2161 3495 2356 3551 dentis
2404 3494 2772 3567 impleverat.
2828 3493 2969 3549 Hinc
3023 3493 3155 3566 ipsa
3208 3494 3415 3563 regina
3462 3492 3640 3560 Saba,
3696 3493 3826 3549 viso

2160 3583 2478 3640 Salomone
2499 3589 2556 3640 et
2575 3583 2761 3653 gloria
2781 3583 2931 3654 ejus,
2957 3588 3201 3655 stupens
3229 3599 3408 3656 super
3431 3581 3821 3655 prudentiam

2161 3669 2310 3739 ejus,
2339 3668 2488 3724 dixit
2517 3686 2530 3724 :

2231 3771 2257 3796 ‹‹
2301 3751 2484 3804 Verus
2499 3753 2588 3804 est
2603 3764 2799 3804 sermo
2816 3763 2996 3821 quem
3015 3746 3217 3803 audivi
3235 3747 3296 3803 in
3314 3752 3469 3804 terra
3487 3763 3625 3804 mea
3642 3764 3824 3820 super

2159 3857 2189 3891 ‹
2229 3838 2608 3894 sermonibus
2639 3837 2756 3893 tuis
2785 3843 2842 3894 et
2875 3854 3056 3910 super
3086 3837 3382 3910 sapientia
3422 3841 3542 3906 tua,
3589 3842 3649 3894 et
3696 3853 3819 3894 non

2159 3951 2186 3976 ‹‹
2229 3927 2547 3984 credebam
2580 3926 2964 3982 narrantibus
2993 3927 3156 3994 mihi,
3191 3927 3384 3982 donec
3414 3927 3547 3999 ipsa
3576 3927 3734 3991 veni,
3764 3932 3819 3983 et

2157 4040 2185 4067 ‹‹
2227 4016 2344 4073 vidi
2365 4016 2553 4072 oculis
2569 4017 2737 4083 meis,
2757 4021 2814 4072 et
2831 4015 3084 4089 probavi
3105 4016 3274 4089 quod
3289 4016 3489 4072 media
3504 4031 3648 4088 pars
3669 4017 3815 4072 mihi

2155 4129 2183 4156 «
2224 4106 2509 4163 nunciata
2553 4122 2675 4162 non
2719 4105 2912 4162 fuerit.
2945 4107 3127 4177 Major
3162 4111 3251 4161 est
3279 4105 3574 4180 sapientia
3603 4110 3728 4174 tua,
3761 4110 3816 4162 et

2153 4219 2181 4245 «
2224 4212 2408 4269 opera
2427 4201 2528 4252 tua
2541 4211 2725 4268 quam
2744 4211 2953 4252 rumor
2968 4211 3151 4268 quem
3169 4194 3390 4251 audivi.
3412 4218 3440 4244 υ
3460 4193 3634 4260 Quod
3657 4195 3812 4251 bene

385 4291 410 4317 α
456 4268 675 4357 Βδβθτνν
712 4284 847 4339 (lum
886 4268 1173 4357 estluxm
1217 4270 1464 4341 Haylam
1515 4271 1574 4326 ίη
1625 4271 1814 4329 littore
1856 4275 2041 4330 maris
2152 4268 2430 4344 convenit
2472 4290 2692 4341 sanctae
2735 4284 3004 4340 Ecclesiae
3047 4301 3208 4357 quae,
3251 4283 3470 4340 auditis
3505 4284 3812 4341 miraculis

382 4380 410 4406 ‹‹
453 4356 636 4412 Rubri
665 4356 725 4411 in
749 4361 902 4412 terra
946 4356 1209 4412 ldumea.
1244 4359 1510 4432 Misitque
1535 4361 1732 4416 Hiram
1764 4362 1823 4417 in
1848 4361 2037 4420 classe

2149 4374 2379 4442 Christi,
2425 4378 2752 4446 provocata
2795 4379 2883 4430 est
2925 4373 3004 4430 ad
3045 4374 3440 4447 quaerendum
3487 4389 3649 4429 eum.
3695 4373 3810 4430 Sed

379 4468 408 4496 ς(
448 4445 547 4501 illa
578 4462 781 4536 SBI‘VOS
812 4462 953 4536 SUOS
983 4446 1141 4501 Vil‘OS
1174 4448 1468 4515 nauticos,
1495 4454 1550 4505 et
1571 4459 1792 4518 gnaros
1822 4451 2031 4520 maris,
2065 4481 2109 4535 D
2147 4445 2472 4536 postquaﬁl
2512 4461 2589 4518 ad
2632 4461 2833 4534 ipsum
2873 4445 3142 4534 pel-vehit
3184 4478 3291 4534 per
3326 4460 3703 4534 baptismum
3753 4465 3812 4518 et

377 4558 405 4587 ‹‹
448 4551 586 4590 cum
633 4534 816 4590 servis
867 4535 1222 4592 Salomonis.
1276 4538 1385 4602 Qui
1441 4555 1577 4594 cum
1627 4539 1924 4596 venissent
1973 4541 2032 4598 in

373 4647 400 4673 ‹‹
445 4624 646 4689 Ophir,
679 4629 986 4697 sumptum
1018 4625 1156 4679 inde
1197 4642 1413 4681 aurum
1454 4627 2032 4698 quadringentorum

370 4735 399 4764 «
442 4713 647 4782 viginti
705 4713 1062 4770 talentorum
1113 4713 1453 4771 detulerunt
1500 4717 1577 4772 ad
1618 4733 1818 4786 regem
1870 4718 2032 4775 Salo-

369 4824 396 4852 ‹‹
439 4819 705 4859 monem.
750 4826 777 4854 »
823 4803 1198 4873 Asiongaber
1241 4803 1424 4860 fertur
1461 4823 1588 4861 esse
1627 4807 1824 4863 insula
1863 4807 2028 4864 haud

362 4891 574 4964 procul
637 4893 715 4948 ab
775 4892 966 4965 Hayla
1027 4893 1087 4947 in
1155 4893 1354 4949 Rubro
1419 4895 1592 4960 mari,
1656 4895 1759 4950 ubi
1822 4896 2027 4953 classis

357 4983 646 5054 Josaphat
692 4982 746 5037 vi
804 4984 1172 5056 tempestatis
1222 4983 1419 5040 attrita
1457 4989 1562 5040 est.
1611 4985 1795 5058 Ophir
1823 4992 2024 5042 autem

359 5086 583 5126 nomen
627 5072 948 5143 provinciae
990 5091 1064 5128 ex
1096 5073 1280 5146 Ophir
1309 5090 1432 5130 uno
1467 5073 1542 5130 de
1581 5077 1832 5148 posteiis
1873 5077 2025 5133 Eber

360 5159 758 5224 nominatam,
822 5177 894 5214 ex
959 5162 1132 5231 cujus
1195 5163 1374 5234 stirpe
1435 5164 1682 5220 veniens
1743 5182 1780 5221 a
1836 5166 2020 5223 ﬂuvio

356 5249 620 5320 Cophne,
667 5265 854 5320 usque
886 5248 963 5303 ad
993 5251 1298 5317 regionem
1340 5252 1542 5320 ludite,
1589 5270 1726 5326 quae
1768 5261 2020 5311 vocatur

356 5337 635 5405 Hieriam,
663 5337 966 5392 habitasse
989 5338 1342 5410 referuntur,
1376 5346 1440 5397 ut
1469 5342 1764 5416 Josephus
1785 5349 2010 5401 narrat.

355 5426 569 5481 Classis
600 5426 802 5496 itaque
831 5441 1019 5496 quam
1051 5427 1185 5484 fecit
1215 5429 1497 5487 Salomon
1524 5431 1582 5487 in
1614 5434 2009 5503 Asiongaber,

352 5527 488 5583 qum
514 5514 891 5580 festinantes,
925 5519 1028 5571 aut
1051 5518 1262 5586 fortes,
1292 5518 1413 5574 sive
1439 5521 1699 5579 viriliter
1729 5523 2012 5596 interpre-

347 5602 525 5669 tatur,
557 5614 680 5654 non
708 5599 886 5658 aliam
931 5619 1058 5660 esse
1095 5610 1240 5677 puto
1283 5623 1470 5678 quam
1517 5610 1836 5667 Ecclesiam
1868 5612 2009 5669 ﬁde-

343 5685 513 5755 lium,
554 5703 688 5759 quae
726 5689 788 5745 in
833 5692 985 5748 mari
1027 5692 1196 5748 istius
1239 5694 1451 5749 mundi
1495 5697 1690 5767 posita
1737 5699 2003 5758 studium

341 5775 636 5848 impendit
658 5778 970 5837 thesauros
1000 5781 1304 5853 sapientiae
1340 5787 1397 5838 et
1421 5784 1697 5850 scientia,
1731 5802 1999 5861 opesque

2144 4551 2351 4621 ﬁdem,
2388 4551 2776 4609 consideratis
2821 4555 3041 4608 sanctae
3084 4551 3397 4624 Scriptum
3426 4549 3809 4622 testimoniis,

2141 4639 2465 4697 divinitatis
2507 4641 2638 4711 ejus
2696 4641 3024 4716 potentiam
3072 4655 3429 4711 agnoscens,
3481 4655 3702 4712 parum
3750 4639 3807 4695 ei

2139 4729 2374 4786 videtur
2403 4745 2531 4784 esse
2553 4746 2731 4786 omne
2753 4729 2919 4803 quod
2946 4729 3057 4785 sibi
3084 4735 3261 4786 antea
3281 4729 3356 4784 de
3387 4745 3457 4784 eo
3489 4734 3806 4784 narratum

2137 4823 2245 4885 est,
2277 4819 2338 4874 in
2372 4819 2884 4892 comparationem
2924 4824 3219 4892 perceptu:
3256 4818 3479 4889 gratiae.
3532 4817 3701 4874 Unde
3747 4824 3807 4874 et

2137 4907 2497 4963 admirando
2527 4908 2586 4963 in
2617 4907 2860 4964 laudem
2888 4909 3018 4979 ejus
3047 4908 3326 4980 erumpit,
3359 4907 3568 4963 dicens
3602 4923 3615 4962 :

2207 5015 2235 5042 ‹‹
2276 4991 2439 5048 Beati
2468 4992 2577 5048 viri
2601 4992 2704 5062 tui,
2730 4999 2786 5048 et
2804 4992 2962 5048 beati
2985 4993 3140 5048 servi
3170 4993 3254 5049 tui
3275 4992 3378 5065 qui
3408 4997 3571 5048 stant
3589 5008 3799 5048 coram

2134 5103 2162 5130 ‹‹
2202 5085 2258 5138 te
2276 5099 2513 5155 semper
2534 5086 2589 5138 et
2610 5082 2862 5138 audiunt
2893 5081 3251 5154 sapientiam
3273 5087 3439 5138 tuam
3463 5082 3474 5137 !
3499 5081 3579 5137 Sit
3604 5081 3801 5138 Domi-

2132 5193 2159 5220 «
2203 5188 2317 5227 nus
2337 5175 2490 5227 Deus
2511 5175 2648 5227 tuus
2669 5170 3020 5227 benedictus
3042 5172 3137 5227 cui
3159 5169 3596 5244 complacuisti,
3612 5174 3671 5226 et
3690 5186 3799 5243 po-

2130 5282 2160 5309 u
2200 5261 2316 5317 suit
2336 5266 2390 5316 te
2408 5277 2588 5333 super
2603 5261 2887 5316 thronum
2909 5260 3110 5330 Israel,
3126 5277 3196 5318 eo
3214 5260 3379 5334 quod
3396 5259 3670 5315 dilexerit
3687 5262 3798 5316 Do-

2127 5371 2156 5398 «
2198 5349 2398 5405 minus
2431 5349 2609 5406 Israel
2638 5349 2699 5405 in
2726 5349 3179 5423 sempiternum,
3204 5354 3261 5406 et
3286 5348 3589 5406 constituit
3619 5354 3674 5404 te
3701 5365 3794 5404 re-

2126 5459 2154 5487 ‹‹
2195 5454 2352 5509 gem,
2378 5441 2442 5495 ut
2466 5438 2693 5495 faceres
2716 5439 3013 5510 judicium
3043 5439 3424 5511 etjustitiam.
3452 5461 3480 5489 »
3518 5438 3621 5493 His
3645 5455 3796 5512 quo-

2119 5543 2238 5600 que
2271 5527 2489 5584 similia
2517 5533 2572 5585 et
2589 5528 2909 5586 Psalmista
2934 5529 2996 5584 in
3017 5529 3317 5586 desiderio
3338 5527 3507 5598 regni
3531 5528 3792 5584 ccelestis

2118 5615 2516 5672 exardescens
2561 5633 2632 5673 ex
2677 5633 2939 5690 persona
2977 5634 3188 5674 eorum
3230 5617 3494 5690 protulit,
3536 5617 3787 5673 dicens:

2117 5726 2144 5752 ‹‹
2173 5707 2365 5770 Quam
2386 5706 2672 5762 amabilia
2689 5712 2827 5763 sunt
2850 5706 3242 5764 tabernacula
3259 5711 3380 5775 tua,
3395 5706 3651 5762 Domine
3676 5705 3790 5762 vir-

2119 5795 2339 5860 tutum,
2357 5794 2726 5867 concupiscit
2746 5799 2803 5852 et
2828 5795 3026 5853 deﬁcit
3045 5796 3252 5854 anima
3270 5811 3407 5854 mea
3427 5796 3488 5852 in
3510 5796 3667 5854 atria
3683 5797 3790 5852 Do-
