3940 6408
100 270 195 327 468

1015 268 1275 325 ENARR.
1317 268 1386 326 IN
1441 268 1688 326 LIBROS
1737 266 1998 324 REGUM.
2045 299 2105 308 ——
2161 271 2228 326 ΙΝ
2288 272 2414 326 LIB.
2480 269 2568 327 IlI.

3402 275 3506 330 466

100 392 257 451 mini.
300 391 414 448 Cor
460 406 665 447 meum
718 394 775 448 et
830 407 972 449 caro
1021 407 1159 450 mea
1203 392 1656 450 exsultaverunt
1685 390 1747 447 in
1783 393 1832 446 A
1865 391 1928 448 in
1953 392 2140 450 verbo
2169 398 2272 451 aut
2298 410 2501 468 opere,
2531 394 2739 452 omnia
2768 393 2830 451 in
2861 393 3115 464 gloriam
3141 395 3241 452 Dei
3270 395 3516 454 faciunt.

101 484 276 538 Deum
333 480 538 536 vivum
586 481 779 548 (Psal.
836 481 1091 550 Lxxxm).
1129 503 1156 530 »
1212 484 1279 537 Et
1323 481 1508 554 paulo
1561 483 1744 553 post:

101 595 125 621 α
157 569 327 636 Beati,
359 567 460 638 ait,
492 568 598 642 qui
627 567 904 626 habitant
930 569 991 625 in
1017 568 1204 626 domo
1226 574 1348 640 tua,
1378 569 1438 626 in
1459 567 1750 626 saculum

99 657 288 715 saculi
314 656 655 714 laudabunt
685 663 738 714 te
765 657 966 731 (Ibid).
1002 681 1030 708 »
1079 658 1166 714 Illi
1215 673 1356 715 vero
1399 657 1562 714 beati
1587 660 1748 725 sunt,

97 764 346 822 quorum
375 763 480 803 rex
511 752 599 804 est
627 747 916 815 Christus,
966 751 1024 804 et
1066 748 1211 821 quia
1253 753 1478 806 aterna
1520 746 1751 804 visione

97 838 218 910 ejus
241 836 466 910 perfrui
495 840 803 894 merentur
833 841 888 892 et
920 835 1177 907 gloriam
1207 838 1341 909 ejus
1357 851 1550 911 quam
1569 835 1753 894 habet

97 943 227 983 cum
253 929 420 982 Patre
453 930 512 982 et
534 925 755 999 Spiritu
786 930 994 983 sancto
1027 926 1398 1000 conspicere,
1422 930 1481 983 et
1513 927 1750 999 sapien-

98 1015 230 1072 tiam
256 1030 363 1089 per
387 1031 577 1088 quam
603 1015 733 1088 ipse
758 1014 1025 1070 mundus
1041 1014 1223 1072 corde
1244 1015 1529 1086 dignatur
1557 1031 1620 1071 se
1651 1029 1748 1070 os-

97 1105 346 1176 tendere,
377 1105 803 1179 perpetualiter
831 1104 1140 1178 percipere
1169 1104 1470 1162 latantur.
1532 1105 1746 1178 Sicque

94 1193 428 1268 probabunt
456 1210 664 1251 verum
693 1210 824 1250 esse
846 1194 962 1250 hoc
983 1194 1151 1268 quod
1178 1195 1471 1267 scriptum
1499 1210 1513 1250 :
1548 1216 1576 1243 ‹‹
1597 1193 1749 1258 Quia

93 1300 195 1340 nec
223 1283 432 1340 oculus
465 1283 633 1354 vidit,
668 1299 780 1339 nec
808 1283 972 1339 auris
997 1283 1248 1354 audivit,
1277 1299 1387 1340 nec
1416 1283 1478 1340 in
1510 1299 1612 1340 cor
1641 1282 1746 1338 ho-

93 1372 260 1429 minis
302 1372 575 1429 ascendit
615 1388 750 1446 quae
783 1373 1146 1446 praparavit
1177 1376 1331 1430 Deus
1360 1371 1746 1444 diligentibus

94 1478 150 1517 se
173 1463 229 1530 (Ι
251 1463 386 1518 Cor.
420 1462 504 1533 ll).
540 1485 568 1512 »

159 1574 186 1600 «
226 1553 344 1607 Rex
374 1556 579 1607 autem
611 1550 898 1608 Salomon
923 1550 1086 1607 dedit
1112 1551 1334 1623 reginae
1361 1549 1568 1608 omnia
1605 1565 1742 1622 qua

93 1662 119 1689 α
159 1639 339 1696 voluit
367 1646 426 1696 et
470 1640 674 1714 petivit
715 1639 795 1696 ab
844 1657 937 1711 eo,
996 1641 1256 1714 exceptis
1302 1641 1396 1696 his
1425 1656 1561 1713 qua
1587 1638 1742 1696 ultro

1865 483 1945 537 De
1969 481 2193 555 quibus
2221 500 2295 540 ex
2331 500 2591 558 persona
2638 483 2873 541 Domini
2908 500 3014 557 per
3041 484 3402 557 prophetam
3432 486 3520 542 di-

1863 570 2014 626 citur
2047 587 2060 625 :
2090 595 2116 621 «
2147 574 2338 645 Super
2375 590 2583 630 muros
2619 573 2951 630 Jerusalem
2979 573 3287 629 constituit
3317 581 3517 632 custo-

1861 659 1989 727 des,
2031 664 2155 718 tota
2202 661 2299 718 die
2349 667 2406 718 et
2452 666 2571 720 tota
2601 667 2775 720 nocte
2801 679 2925 720 non
2957 663 3240 719 tacebunt
3266 662 3518 721 laudare

1860 765 2083 806 nomen
2117 751 2354 808 Domini
2378 753 2514 824 (Isa.
2548 755 2702 823 an).
2733 770 2763 804 ›

1933 861 1961 889 ‹‹
2000 840 2152 896 Fecit
2186 857 2433 914 quoque
2466 841 2749 898 Salomon
2780 841 3042 897 ducenta
3068 845 3239 897 scuta
3259 841 3334 897 de
3365 857 3516 899 auro

1860 948 1888 978 ιι
1920 943 2094 1001 puro.
2115 931 2436 987 Sexcentos
2457 929 2588 986 auri
2618 929 2794 986 siclos
2824 931 2987 986 dedit
3016 931 3074 985 in
3098 930 3355 986 laminas
3381 946 3516 986 scu-

1862 1038 1889 1066 «
1922 1016 1962 1073 ti
1989 1017 2169 1074 unius
2198 1023 2256 1074 et
2283 1023 2578 1074 trecentas
2608 1019 2798 1092 peltas
2820 1036 2892 1074 ex
2915 1036 3064 1075 auro
3090 1019 3366 1091 probato.
3387 1023 3518 1075 Tre-

1858 1127 1886 1156 «
1917 1110 2103 1162 canta
2119 1107 2280 1163 enim
2307 1107 2488 1163 mina
2515 1108 2648 1163 auri
2681 1123 2865 1164 unam
2896 1109 3121 1180 peltam
3154 1109 3512 1176 vestiebant,

1859 1217 1887 1244 ‹‹
1915 1195 2234 1269 posuitque
2267 1212 2368 1252 eas
2398 1213 2502 1252 rex
2519 1197 2579 1252 in
2606 1196 2791 1253 domo
2813 1197 2975 1252 silva
3005 1197 3268 1252 Libani.»
3295 1198 3516 1252 aner-

1854 1283 1949 1340 bis
1977 1301 2223 1358 quoque
2254 1285 2487 1342 dierum
2511 1285 2594 1342 ita
2620 1285 2908 1359 scriptum
2931 1291 3020 1342 est
3052 1303 3064 1340 :
3104 1309 3131 1335 ‹‹
3159 1287 3310 1342 Fecit
3336 1286 3516 1357 igitur

1854 1390 1959 1430 rex
1990 1374 2276 1431 Salomon
2329 1374 2621 1431 ducentas
2660 1375 2866 1432 hastas
2912 1391 3128 1431 aureas
3159 1375 3233 1430 de
3275 1391 3516 1431 summa

1854 1467 2276 1520 sexcentarum
2306 1479 2654 1534 aureorum,
2714 1463 2819 1537 qui
2862 1464 2922 1519 in
2964 1463 3098 1520 altis
3131 1463 3380 1534 singulis
3415 1480 3512 1520 ex-

1852 1552 2296 1626 pendebantur.
2350 1556 2634 1610 Trecenta
2663 1569 2909 1626 quoque
2963 1559 3134 1610 scuta
3168 1568 3352 1609 aurea
3393 1557 3510 1608 tre-

1851 1646 2164 1698 centorum
2193 1658 2537 1709 aureorum,
2561 1642 2785 1714 quibus
2808 1642 3163 1713 tegebantur
3188 1646 3356 1697 scuta
3391 1642 3514 1696 sin-

92 1752 118 1780 ςι
155 1728 446 1786 obtulerat
465 1729 520 1785 ei
545 1745 793 1786 munere
815 1729 1000 1801 regio,
1037 1752 1064 1780 ››
1095 1729 1259 1786 idest
1279 1730 1425 1803 quia
1448 1727 1740 1802 paciﬁcus
1775 1763 1817 1816 Β
1850 1730 2012 1801 gula.
2047 1731 2370 1803 Posuitque
2402 1746 2475 1788 ea
2502 1745 2608 1786 rex
2635 1731 2696 1786 in
2727 1731 3161 1786 armentarium
3185 1729 3354 1802 quod
3383 1733 3516 1785 erat

91 1823 298 1887 noster,
322 1835 478 1875 vera
509 1819 754 1890 regina,
787 1819 1063 1875 Ecclesia
1085 1818 1358 1875 videlicet
1382 1817 1742 1888 sua,omnia

90 1924 214 1980 qua
247 1908 412 1981 petit,
439 1907 628 1964 dabit.
663 1909 741 1963 De
769 1923 894 1980 quo
927 1907 1217 1981 scriptum
1249 1913 1337 1964 est
1385 1925 1399 1963 :
1447 1930 1475 1959 «
1509 1906 1742 1962 Deside-

89 1996 232 2052 rium
261 1996 459 2053 cordis
489 1997 541 2068 ej
554 2013 621 2052 us
655 1997 906 2053 tribuisti
930 1998 1075 2066 ei,et
1105 1997 1410 2054 voluntate
1439 1995 1740 2052 labiorum

91 2087 208 2156 ejus
231 2102 353 2142 non
383 2085 678 2142 fraudasti
705 2102 841 2142 eam
869 2087 1044 2153 (Psal
1092 2086 1239 2158 ω.»
1273 2089 1338 2142 Et
1373 2086 1435 2142 in
1473 2089 1740 2154 Evange-

88 2173 159 2230 lio
193 2175 320 2248 ipse
345 2175 491 2232 dicit
537 2192 551 2230 :
610 2197 637 2223 ι(
694 2178 1082 2248 Quaeunque
1114 2175 1398 2248 petieritis
1427 2179 1657 2231 l'atrem
1677 2172 1740 2228 in

87 2264 318 2320 nomine
337 2279 501 2336 meo,
531 2263 702 2319 dabit
732 2263 904 2319 vobis
932 2266 1134 2334 (Joan.
1166 2265 1306 2334 xiv).
1329 2281 1359 2316 ι
1387 2267 1515 2320 Non
1543 2261 1741 2318 solum

88 2358 276 2411 autem
301 2369 376 2410 ea
403 2370 544 2427 qua
567 2353 845 2426 petimus,
878 2354 1004 2409 imo
1024 2354 1204 2410 etiam
1232 2353 1334 2410 illa
1361 2370 1498 2426 qua
1522 2352 1740 2408 huma-

88 2459 160 2498 na
186 2443 493 2515 fragilitas,
543 2448 646 2498 aut
676 2443 865 2500 nescit
894 2448 998 2500 aut
1026 2459 1148 2500 non
1180 2443 1493 2516 praesumit
1516 2446 1737 2515 petere,

89 2533 343 2603 gratuito
369 2549 621 2590 munere
642 2532 914 2604 largitur.

152 2645 178 2672 ‹‹
210 2623 488 2696 Fecitque
508 2638 613 2679 rex
633 2622 708 2680 de
737 2622 914 2694 lignis
935 2622 1158 2696 thyinis
1178 2622 1367 2678 fulcra
1387 2622 1608 2678 domus
1624 2621 1740 2676 Do-

90 2732 116 2764 ‹
144 2712 306 2782 mini,
337 2718 396 2770 et
433 2712 658 2769 domus
687 2712 865 2782 regia
895 2717 954 2768 et
977 2713 1236 2769 citharas
1267 2711 1552 2784 lyrasque
1593 2727 1738 2767 can-

90 2824 114 2850 «
143 2801 384 2860 toribus.
405 2806 536 2859 Non
557 2805 697 2858 sunt
728 2801 911 2858 allata
939 2801 1361 2873 hujuscemodi
1386 2800 1552 2870 ligna
1583 2800 1738 2872 thyi-

88 2913 112 2937 «
140 2907 233 2960 na,
264 2907 463 2965 neque
495 2892 625 2947 visa
655 2906 846 2964 usque
875 2889 936 2947 in
981 2895 1339 2964 prasentem
1369 2889 1551 2946 diem.
1588 2911 1616 2939 ››
1657 2891 1738 2945 De

87 2997 198 3052 quo
224 2981 525 3055 Iosephus
556 2980 639 3036 ita
663 2985 903 3037 narrat:
940 2979 1162 3036 Eodem
1191 2996 1332 3037 vero
1345 2984 1615 3052 tempore
1637 2979 1738 3034 de-

85 3069 176 3125 lati
203 3078 340 3127 sunt
369 3071 518 3141 regi,
565 3086 603 3126 a
638 3076 792 3126 terra
819 3085 957 3141 qua
983 3074 1236 3126 vocatur
1265 3084 1470 3132 aurea,
1500 3067 1736 3141 lapides

88 3160 332 3231 pretiosi,
367 3166 424 3215 et
469 3159 637 3229 ligna
668 3159 898 3231 thyina,
927 3157 1152 3232 quibus
1185 3174 1331 3214 usus
1356 3163 1444 3214 est
1473 3157 1552 3214 ad
1578 3156 1732 3214 forti-

90 3249 340 3305 tudinem
383 3247 593 3320 templi
623 3248 1040 3320 domuumque
1074 3247 1372 3318 regalium
1408 3251 1466 3303 et
1506 3246 1584 3303 ad
1614 3247 1736 3302 ins-

88 3343 368 3395 trumenta
399 3337 805 3407 musicorum,
832 3336 1089 3410 fecitque
1115 3336 1378 3392 citharas
1409 3341 1466 3392 et
1494 3335 1736 3407 nablas,

88 3432 142 3481 ut
165 3427 426 3484 dicerent
454 3427 762 3499 hymnum
781 3427 904 3482 Deo
923 3426 1136 3482 levita.
1173 3425 1456 3482 Omnium
1480 3441 1619 3481 vero
1644 3441 1738 3481 re-

82 3532 204 3572 rum
231 3533 364 3589 quae
387 3517 636 3572 fuerunt
660 3532 1030 3588 quocunque
1066 3519 1332 3588 tempore
1365 3515 1490 3584 regi
1516 3514 1736 3582 delata,

83 3621 145 3661 ea
171 3622 302 3678 qua
344 3606 446 3662 illo
499 3605 700 3662 delata
751 3610 910 3669 sunt,
971 3604 1454 3674 magnitudinem
1512 3609 1569 3659 et
1612 3605 1741 3676 pul-

78 3695 469 3752 chritudinem
525 3695 968 3768 praecellebant.
1025 3693 1232 3750 Nullus
1270 3693 1450 3763 igitur
1488 3693 1736 3749 arbitre-

83 3790 151 3838 tiu
171 3828 184 3853 ,
213 3785 358 3857 quia
395 3785 570 3854 ligna
613 3784 822 3856 thyina
849 3799 987 3856 qua
1013 3799 1176 3839 nunc
1204 3789 1450 3857 propter
1479 3783 1739 3855 pretium

79 3873 456 3930 vendentium
489 3874 579 3930 sic
608 3873 1009 3946 appellantur,
1052 3871 1166 3928 illis
1209 3872 1409 3928 vicina
1441 3871 1576 3928 sint.
1635 3871 1739 3928 Illa

81 3962 366 4034 siquidem
400 3963 638 4019 visione
676 3961 939 4018 rotunda
983 3961 1160 4035 quasi
1214 3960 1392 4034 pinea
1441 3965 1600 4026 sunt,
1632 3961 1740 4017 sed

82 4051 257 4108 multo
289 4053 652 4110 candidiora
671 4059 728 4108 et
758 4051 929 4108 valde
952 4051 1264 4122 fulgentia.
1285 4053 1404 4107 Hoc
1432 4055 1634 4106 autem
1654 4050 1742 4106 di-

80 4141 151 4207 xi,
182 4147 244 4196 ut
267 4143 472 4198 nullus
502 4148 786 4198 naturam
809 4157 964 4196 verae
993 4141 1216 4213 pignus
1248 4140 1574 4210 ignoraret.
1592 4141 1742 4196 Sunt

79 4230 246 4302 enim,
278 4232 430 4288 sicut
461 4231 526 4287 in
580 4230 901 4302 cujusdam
960 4229 1264 4286 volumine
1301 4228 1440 4299 legi,
1473 4228 1741 4302 imputri-

78 4317 210 4374 bilia
234 4325 288 4376 et
319 4320 598 4393 spinosa,
659 4319 720 4374 in
760 4318 1212 4374 similitudinem
1243 4317 1399 4374 alba
1440 4319 1653 4392 spina,
1684 4322 1742 4374 et

80 4422 259 4480 usque
289 4409 470 4466 hodie
501 4407 725 4464 Judais
750 4406 1078 4477 incognita.
1104 4408 1260 4463 Bene
1290 4413 1494 4463 autem
1524 4406 1740 4463 dicitur

1849 1819 2148 1876 consitum
2179 1835 2484 1878 nemore.»
2518 1823 2696 1878 Scuta
2727 1835 2870 1890 ergo
2902 1819 3080 1876 simul
3101 1825 3157 1876 et
3187 1821 3375 1876 hasta
3410 1835 3514 1876 au-

1849 1924 1964 1966 rea
1995 1910 2219 1982 quibus
2253 1910 2592 1976 utebantur,
2617 1909 2769 1965 sicut
2797 1909 2860 1965 in
2891 1909 3284 1982 sequentibus
3311 1915 3508 1964 osten-

1850 1998 2030 2069 ditur,
2075 1999 2261 2055 duces
2292 1999 2396 2072 qui
2426 1997 2812 2055 excubabant
2843 2003 2979 2054 ante
3027 1998 3248 2053 ostium
3284 1997 3506 2052 domus

1850 2087 2026 2158 regis,
2050 2087 2199 2160 quid
2228 2087 2568 2158 significant
2605 2087 2720 2143 nisi
2742 2091 3116 2144 armaturam
3149 2085 3498 2160 spiritalem,

1850 2193 2039 2250 quam
2068 2177 2294 2233 habent
2319 2175 2741 2249 praedicatores
2773 2175 2987 2243 sancti,
3029 2175 3133 2249 qui
3165 2174 3513 2232 custodiunt

1850 2266 2105 2322 domum
2133 2264 2387 2335 Domini,
2411 2269 2468 2321 et
2487 2265 2790 2322 excubant
2820 2265 2899 2321 ad
2928 2265 3081 2321 ostia
3109 2265 3263 2336 ejus,
3295 2269 3361 2320 ut
3389 2263 3511 2320 cal-

1850 2354 1988 2410 lidis
2021 2354 2477 2410 insidiatoribus
2503 2354 2909 2410 intercludant
2955 2354 3208 2420 aditum,
3242 2370 3318 2409 ne
3347 2353 3512 2409 deci-

1849 2443 2021 2518 piant
2039 2443 2410 2515 innocentes,
2434 2443 2509 2499 de
2538 2443 2762 2516 quibus
2783 2442 2841 2498 in
2873 2443 3116 2499 Cantico
3137 2442 3511 2499 canticorum

1851 2533 2139 2605 scriptum
2185 2537 2271 2588 est
2319 2549 2332 2588 :
2384 2554 2411 2582 u
2448 2532 2753 2588 Lectulum
2800 2531 3143 2590 Salomonis
3193 2532 3508 2602 sexaginta

1851 2623 2032 2680 fortes
2062 2623 2340 2679 ambiunt
2369 2638 2442 2679 ex
2465 2622 2808 2679 fortissimis
2829 2621 3042 2684 .lsrael.
3072 2639 3284 2678 omnes
3315 2627 3512 2677 tenen-

1851 2717 1938 2771 tes
1969 2712 2226 2784 gladios,
2255 2717 2311 2768 et
2336 2712 2416 2769 ad
2454 2711 2613 2768 bella
2631 2711 2962 2768 doctissimi
2991 2713 3192 2780 (Cant.
3220 2728 3338 2778 in,»
3365 2713 3514 2783 quia

1850 2806 1907 2857 et
1934 2805 2294 2874 praesentem
2326 2800 2600 2857 Ecclesia
2639 2801 2902 2874 quietem
2954 2817 3024 2857 ac
3053 2816 3269 2874 pacem
3298 2798 3514 2873 pradi-

1849 2895 2080 2946 catores
2111 2889 2302 2946 sancti
2347 2894 2558 2947 contra
2586 2889 3007 2946 haereticorum
3052 2895 3291 2946 tuentur
3320 2890 3514 2944 incur-

1850 2995 1974 3042 sus,
2007 2983 2066 3035 et
2113 2979 2412 3035 internam
2458 2978 2716 3035 caelestis
2757 2979 2964 3051 patria
2991 2979 3259 3052 requiem
3288 2976 3514 3050 perfec-

1852 3068 2028 3125 tiores
2085 3084 2328 3141 quoque
2376 3069 2500 3124 fixa
2545 3067 2872 3124 intentione
2911 3067 3319 3140 speculantur.
3354 3069 3512 3122 Bene

1849 3161 2054 3214 autem
2103 3156 2376 3212 iterando
2427 3156 2777 3228 adjungitur
2809 3173 2821 3209 :
2857 3179 2883 3205 ‹‹
2932 3159 3010 3211 Ex
3062 3155 3395 3211 fortissimis
3438 3158 3514 3208 ls-

1848 3245 1993 3302 rael.
2030 3268 2059 3296 »
2093 3245 2276 3300 Israel
2304 3246 2557 3318 quippe,
2590 3246 2684 3301 vir
2716 3246 2921 3301 videns
2952 3247 3140 3301 Deum
3162 3243 3516 3316 interpreta-

1847 3339 1963 3391 tur.
2007 3336 2229 3391 Omnes
2258 3333 2505 3406 quidem
2526 3333 2631 3407 qui
2653 3332 2732 3390 ad
2763 3333 2983 3389 divina
3009 3332 3256 3388 visionis
3288 3331 3514 3402 gaudia

1850 3424 2122 3491 tendunt,
2174 3429 2330 3480 recte
2363 3423 2542 3480 Israel
2570 3423 2816 3480 nomine
2865 3429 3206 3480 censentur.
3254 3422 3365 3478 Sed
3398 3421 3514 3476 for-

1850 3513 2085 3583 tissimi,
2121 3513 2335 3585 inquit,
2367 3512 2428 3568 in
2459 3512 2543 3568 eis
2587 3517 2727 3569 sunt
2754 3511 2956 3584 utique
2982 3512 3086 3578 illi,
3111 3511 3215 3584 qui
3248 3511 3366 3566 sive
3398 3526 3516 3566 cce-

1848 3601 2010 3657 lestis
2039 3601 2225 3656 domo
2250 3599 2676 3673 speculationis
2711 3600 3138 3670 sublimantur,
3171 3616 3277 3655 seu
3300 3598 3507 3672 pradi-

1849 3693 2102 3750 cationis
2124 3691 2521 3748 ministerium
2563 3692 2670 3748 rite
2692 3691 3111 3764 peragendum
3150 3691 3508 3762 suscipiunt.

1851 3781 1961 3848 Qui
2009 3787 2067 3838 et
2101 3787 2238 3854 apte
2265 3781 2656 3852 sexagenario
2711 3785 2852 3836 sunt
2892 3796 3148 3836 numero
3194 3778 3510 3849 designati,

1849 3871 1994 3943 quia
2020 3869 2166 3926 tales
2189 3869 2474 3925 nimirum
2499 3868 2816 3925 denarium
2845 3873 3079 3924 aeterna
3107 3865 3511 3924 retributionis

1848 3976 1960 4033 pro
1986 3959 2347 4032 perfectione
2369 3958 2546 4014 bona
2567 3957 2933 4029 operationis
2963 3960 3368 4029 exspectant,«
3385 3971 3510 4010 om-

1847 4068 1959 4108 nes
1993 4056 2259 4108 tenentes
2293 4050 2526 4121 gladios
2577 4056 2634 4105 et
2663 4049 2741 4106 ad
2771 4049 2928 4105 bella
2957 4049 3348 4116 doctissimi,»
3381 4047 3512 4104 illos

1851 4145 2120 4199 tenentes
2153 4140 2409 4210 gladios,
2441 4139 2517 4196 de
2559 4139 2784 4213 quibus
2815 4139 2957 4195 dicit
2978 4138 3310 4212 Apostolus
3339 4156 3351 4194 :
3385 4161 3409 4186 «
3450 4141 3513 4194 Et

1851 4231 2089 4302 galeam
2121 4230 2328 4286 salutis
2349 4230 2658 4302 assumite,
2687 4235 2745 4287 et
2772 4229 3043 4302 gladium
3071 4227 3512 4302 spiritus,quod

1851 4325 1940 4379 est
1962 4319 2218 4376 verbum
2245 4318 2346 4374 Dei
2384 4319 2627 4390 (Ep/ws.
2657 4321 2786 4391 vr).-
2826 4319 2909 4374 Ad
2933 4319 3032 4376 illa
3056 4318 3214 4374 bella
3244 4316 3512 4374 doctissi-

1853 4409 1955 4477 mi,
2004 4409 2079 4464 de
2123 4408 2347 4482 quibus
2394 4407 2554 4464 idem
2598 4408 2903 4475 admonet,
2931 4409 3182 4464 dicens:
3220 4431 3247 4456 ‹‹
3280 4406 3511 4464 lnduite

77 4499 232 4566 quod
255 4515 359 4554 rex
391 4498 683 4556 Salomon
711 4497 786 4553 de
807 4498 984 4567 lignis
1023 4497 1298 4569 pretiosis
1327 4497 1506 4552 nimis
1538 4496 1740 4552 fecerit
1772 4474 1816 4527 ί)
1851 4515 1960 4555 vos
1992 4503 2366 4555 armaturam
2397 4497 2518 4570 Dei,
2553 4503 2615 4554 ut
2641 4498 2890 4571 possitis
2923 4503 3077 4554 stare
3109 4497 3396 4553 adversus
3424 4495 3512 4550 in-

77 4583 254 4644 fulcra
280 4587 508 4644 domus
540 4586 780 4643 Domini
809 4591 867 4643 et
894 4585 1116 4642 domus
1145 4586 1344 4656 regia,
1390 4591 1448 4642 et
1477 4587 1737 4642 citharas

78 4671 346 4749 lyrasque
386 4674 740 4734 cantoribus
776 4694 790 4744 ;
845 4675 991 4748 quia
1030 4676 1303 4731 conditor
1343 4680 1544 4732 noster
1571 4675 1736 4746 ligna

79 4764 346 4834 pretiosa,
381 4765 502 4823 hoc
531 4770 621 4821 est
651 4764 929 4822 doctores
955 4770 1326 4834 sanctorum,
1359 4779 1622 4839 quorum
1653 4765 1735 4821 vi-

80 4867 169 4907 ror
195 4870 515 4928 nunquam
549 4853 840 4910 decrescit
869 4853 1032 4924 ﬁdei,
1073 4870 1184 4910 nec
1223 4855 1362 4911 folia
1408 4855 1733 4912 verborum

79 4939 352 5000 decidunt
385 4963 400 5012 ;
435 4945 548 5000 sed
580 4944 683 5016 qui
702 4943 962 5000 fructum
994 4943 1297 5000 bonorum
1325 4961 1577 5018 Operum
1604 4944 1735 5001 red-

79 5029 220 5088 dunt
242 5035 622 5106 temporibus
649 5034 793 5099 suis,
825 5033 904 5088 ad
935 5033 1250 5088 munimen
1283 5034 1504 5090 domus
1535 5033 1637 5090 Dei
1677 5039 1736 5090 et

79 5119 286 5177 domus
317 5124 520 5195 regia,
551 5124 666 5178 hoc
697 5129 784 5178 vast
803 5122 883 5178 ad
909 5123 1428 5179 confirmationem
1461 5123 1732 5179 Ecclesia

80 5225 192 5264 sua
221 5216 411 5284 ponit,
460 5218 526 5268 ut
554 5228 766 5268 eorum
798 5211 1066 5284 undique
1092 5211 1315 5268 vallata
1357 5212 1644 5268 doctrinis
1677 5217 1734 5269 et

79 5301 375 5374 exemplis,
415 5302 660 5357 ruinam
686 5317 896 5357 eorum
919 5301 1213 5356 scelerum
1235 5316 1357 5356 non
1381 5300 1733 5356 sentiat.Ta-

83 5387 273 5461 lesque
303 5392 413 5448 viri
454 5390 672 5448 merito
718 5397 782 5448 ut
811 5391 1053 5448 cithara
1094 5396 1150 5447 et
1190 5390 1337 5463 lyra
1369 5390 1447 5446 ad
1477 5389 1732 5446 laudan-

83 5475 215 5533 dum
238 5481 566 5537 Dominum
598 5480 872 5537 fabricati
921 5481 1225 5550 dicuntur,
1253 5481 1546 5552 quoniam
1567 5497 1731 5554 qua-

85 5583 304 5641 cunque
332 5571 583 5627 fecerint
611 5571 1150 5644 prosperabuntur,
1182 5575 1240 5626 et
1266 5569 1511 5626 laudem
1539 5571 1733 5628 Domi-

86 5655 141 5708 ni
170 5657 310 5715 inter
334 5662 598 5718 adversa
627 5665 685 5716 et
732 5677 1045 5734 prospera,
1078 5662 1281 5731 corde,
1310 5677 1435 5731 ore,
1469 5661 1647 5717 simul
1677 5669 1734 5720 et

88 5759 251 5816 opere
279 5752 670 5822 pronuntiare
701 5766 823 5810 non
852 5757 1108 5809 cessant.
1127 5752 1191 5809 Hi
1221 5751 1518 5826 quidquid
1544 5758 1736 5822 agunt

1850 4588 2033 4645 sidias
2062 4587 2291 4644 diaboli
2325 4605 2338 4656 ;
2373 4587 2520 4661 quia
2544 4603 2668 4644 non
2706 4592 2796 4644 est
2839 4587 3011 4642 nobis
3045 4585 3382 4642 colluctatio
3413 4582 3511 4638 ad-

1847 4695 2057 4734 versus
2085 4693 2331 4734 carnem
2359 4683 2418 4734 et
2438 4678 2820 4749 sanguinem,
2852 4676 2956 4732 sed
2978 4676 3269 4731 adversus
3295 4671 3512 4744 princi-

1845 4783 1954 4841 pes
2002 4771 2058 4823 et
2086 4769 2410 4840 potestates
2440 4766 2596 4837 (1b.),
2652 4771 2763 4822 etc.
2823 4769 2890 4821 Et
2945 4770 3100 4820 recte
3152 4758 3506 4824 doctissimi,

1844 4857 1988 4930 quia
2034 4855 2302 4913 bellandi
2333 4869 2558 4925 magna
2587 4860 2711 4910 arte
2754 4853 3046 4922 indigent,
3077 4851 3180 4923 qui
3213 4864 3391 4905 carne
3422 4849 3509 4903 in-

1845 4947 2014 5013 clusi,
2042 4946 2104 5002 in
2134 4945 2304 5001 terris
2332 4944 2530 5018 pesiti,
2567 4949 2775 5000 contra
2815 4940 3100 5016 spiritalia
3126 4938 3406 5012 nequitia
3445 4937 3507 4995 in

1847 5036 2189 5092 coelestibus
2239 5038 2487 5091 certant.
2543 5037 2755 5102 Magna
2782 5037 2929 5102 arte,
2984 5031 3106 5086 imo
3151 5045 3377 5100 magna
3409 5029 3509 5086 Dei

1846 5125 2039 5198 gratia
2116 5124 2405 5195 indigent,
2480 5139 2619 5179 cum
2683 5127 2892 5178 contra
2939 5120 3373 5190 archangelum
3426 5125 3510 5176 tot

1845 5214 2112 5272 millibus
2169 5228 2470 5268 annorum
2525 5213 2601 5268 ad
2644 5211 2821 5268 bella
2867 5211 3274 5277 exercitatum,
3308 5209 3507 5265 carnis

1845 5302 2138 5372 fragilitas
2186 5305 2438 5374 pugnat.
2480 5305 2652 5358 Recte
2701 5317 2844 5372 ergo
2882 5301 3154 5358 ducenta
3199 5299 3388 5354 hasta
3432 5296 3509 5352 de

1847 5408 2092 5449 summa
2132 5397 2554 5446 sexcentorum
2609 5391 2890 5447 siclorum
2936 5390 3106 5448 facta
3165 5391 3322 5453 sunt,
3363 5386 3509 5459 quia

1847 5483 2160 5554 utriusque
2215 5482 2574 5538 Testamenti
2605 5481 2880 5538 doctrina
2909 5487 2965 5538 et
3012 5480 3358 5554 operatione
3381 5493 3507 5551 per-

1845 5571 1979 5627 fecti
2011 5587 2140 5627 esse
2172 5575 2528 5641 noscuntur,
2558 5588 2697 5626 cum
2725 5570 3021 5643 quidquid
3069 5585 3345 5626 sermone
3400 5568 3510 5624 do-

1845 5660 2076 5716 cuerint
2151 5659 2329 5716 bonis
2395 5659 2684 5732 exemplis
2755 5660 3184 5732 probaverunt.
3267 5661 3512 5715 Necnon

1855 5753 1918 5806 et
1943 5749 2204 5806 ducenta
2253 5753 2424 5806 scuta
2459 5765 2720 5822 quorum
2770 5749 3007 5821 singula
3042 5749 3293 5816 trecenti
3341 5763 3514 5824 aures
