3940 6432
391 272 498 328 4⁸7

1487 276 1844 332 ANGELOMI
1882 272 2344 335 LUXOVIENSIS
2380 281 2717 338 MONACHI.

3731 286 3844 340 ωε

396 394 752 465 vestiebant,
801 395 1126 468 perfectam
1171 396 1355 453 ﬁdem
1420 414 1630 453 eorum
1691 398 2052 469 signiﬁcant,
2095 402 2144 457 Α
2174 402 2269 457 vel
2309 405 2699 460 residentium
2757 409 2814 460 et
2865 404 3375 461 discumbentium
3427 405 3487 461 in
3551 407 3848 461 convivio

397 500 589 557 quam
615 484 678 540 in
706 489 925 541 sanctae
955 484 1249 539 Trinitatis
1301 486 1676 545 confessione
1720 487 2047 543 habebant.

399 572 557 628 Bene
586 588 730 642 ergo
759 572 1036 627 custodes
1065 571 1286 627 domus
1317 573 1416 629 Dei
1447 575 1655 630 hastas
1684 580 1741 630 et
1770 580 1938 630 scuta
1951 591 2058 631 au-

398 676 504 717 rea
520 664 779 734 portant,
807 660 956 732 quia
984 660 1170 716 sancti
1197 662 1752 736 praedicatores,qui
1778 669 1919 719 sunt
1950 667 2054 719 Ec-

402 748 592 805 clesia:
614 753 833 804 sanctae
879 749 1183 819 custodes,
1218 750 1479 806 claritate
1511 767 1787 824 supernas
1820 755 2057 825 sapien-

397 838 493 893 tiai
524 836 925 909 splendentes,
956 841 1013 893 et
1030 838 1355 894 verborum
1376 840 1594 911 jaculis
1614 841 1889 897 inimicos
1916 858 2054 897 con-

400 926 652 993 fodiunt,
696 930 756 982 et
782 931 952 982 scuto
998 928 1152 984 sacri
1181 928 1322 985 ﬁdei
1349 930 1463 985 tela
1494 930 1847 1002 nequissimi
1878 931 2056 1000 ignea

398 1014 751 1087 repellentes
779 1015 1185 1087 exstinguunt.
1228 1018 1402 1083 Quod
1430 1024 1633 1074 autem
1659 1020 1756 1089 adj
1768 1019 2009 1089 ungitur
2038 1036 2051 1073 :

400 1121 431 1157 ‹
459 1102 664 1159 Posuit
694 1120 766 1160 ea
792 1119 898 1159 rex
924 1104 988 1159 in
1016 1104 1201 1162 domo
1232 1105 1392 1162 silvae
1426 1106 1650 1174 Libani,
1687 1131 1717 1157 »
1747 1114 1885 1180 apte
1915 1108 2054 1163 huic

398 1191 687 1264 mysterio
732 1192 1029 1263 congruit.
1073 1194 1229 1260 Quid
1285 1210 1427 1265 ergo
1473 1196 1621 1252 silva
1664 1196 1893 1264 Libani,
1942 1196 2056 1251 nisi

399 1282 669 1351 gentium
720 1281 1043 1339 Ecclesiam
1091 1283 1407 1354 signiﬁcat,
1455 1302 1589 1358 quas
1641 1285 1718 1341 de
1766 1284 1924 1341 fastu
1956 1302 2057 1340 su-

398 1371 622 1443 perbiae
652 1371 910 1441 abscisa,
940 1372 1003 1427 in
1044 1372 1270 1429 fabrica
1316 1374 1536 1430 domus
1568 1376 1667 1431 Dei
1698 1376 2056 1431 convenien-

401 1464 491 1516 ter
528 1465 771 1533 aptatur
798 1461 825 1516 ‘I
884 1460 1049 1517 Unde
1099 1467 1156 1518 et
1209 1479 1317 1535 per
1364 1464 1741 1520 Psalmistam
1799 1465 2050 1521 dicitur:

403 1552 552 1606 Ecce
589 1550 934 1607 audivimus
974 1567 1112 1609 eam
1154 1552 1215 1607 in
1246 1554 1525 1625 Ephrata,
1556 1554 1891 1610 invenimus
1920 1571 2057 1611 eam

400 1640 465 1696 in
494 1640 726 1713 campis
756 1641 916 1697 silvae
946 1642 1137 1714 (Psal.
1171 1644 1382 1714 cxxxi),
1410 1665 1438 1693 »
1479 1648 1589 1700 etc.

2170 507 2423 563 corpora
2452 493 2619 560 ferat,
2654 494 2746 549 vel
2788 495 2984 566 ipsum
3027 493 3102 548 de
3141 493 3274 550 loco
3305 494 3381 550 ad
3404 493 3610 550 locum
3647 495 3851 552 soleat

2166 595 2275 651 pro
2325 583 2609 654 temporis
2658 582 3104 654 opportunitate
3144 582 3535 638 circumferri.
3570 582 3689 638 Cui
3719 600 3848 638 me

2164 668 2274 723 rito
2306 676 2512 726 sancta
2544 671 2799 726 Ecclesia
2822 675 3229 743 comparatur,
3248 686 3384 743 quae
3407 671 3738 728 credentes
3765 672 3850 728 ad

2164 761 2397 814 aeternre
2446 760 2575 816 vitae
2626 759 3011 815 refectionem
3059 760 3523 831 praedicatorum
3575 776 3846 817 suorum

2164 848 2446 919 mysterio
2478 849 2834 904 circumfert.
2873 848 3181 904 Ferculum
3201 849 3403 921 itaque
3429 849 3589 919 regis
3617 853 3842 919 nostri,

2165 942 2373 993 sancta
2418 938 2676 993 Ecclesia
2705 943 2817 1003 est,
2848 954 2984 1010 quae
3016 938 3091 993 de
3134 937 3387 993 fortibus
3414 937 3845 1010 praedicatori-

2161 1024 2277 1079 bus
2297 1026 2471 1098 quasi
2495 1026 2672 1096 lignis
2706 1026 2984 1095 cedrinis,
3010 1025 3391 1099 imputribilis
3413 1027 3733 1083 mentibus
3754 1030 3850 1084 est

2164 1120 2520 1172 constructa.
2551 1118 2694 1181 Quae
2736 1121 2891 1171 recte
2940 1115 3231 1171 ferculum
3258 1115 3493 1186 dicitur,
3525 1117 3681 1190 quia
3706 1117 3846 1190 ipse

2163 1201 2274 1257 fert
2301 1204 2567 1275 quotidie
2608 1204 2941 1261 animasad
2968 1210 3259 1259 aeternum
3289 1205 3640 1260 convivium
3676 1208 3850 1261 Con-

2164 1290 2368 1345 ditoris
2408 1292 2518 1347 sui.
2576 1294 2682 1348 Cui
2720 1292 2943 1348 ferculo
2984 1292 3282 1348 columnae
3325 1297 3624 1363 argenteae
3656 1293 3849 1350 factm

2164 1384 2322 1449 sunt,
2367 1396 2502 1452 quae
2548 1382 2971 1454 praedicatores
3020 1382 3214 1437 sancti
3268 1381 3491 1455 eloquii
3541 1382 3684 1438 luce
3714 1399 3849 1438 res-

2162 1469 2467 1541 plendent.
2496 1474 2595 1525 Est
2629 1476 2832 1527 autem
2864 1470 3159 1527 columnis
3185 1472 3481 1542 argenteis
3513 1472 3849 1528 reclinato-

2162 1557 2318 1612 rium
2350 1573 2622 1625 aureum,
2651 1560 2795 1632 quia
2823 1575 2931 1633 per
2952 1561 3066 1617 hoc
3097 1560 3264 1632 quod
3296 1576 3332 1615 a
3361 1561 3584 1616 sanctis
3615 1562 3850 1633 praedi-

2163 1646 2466 1702 catoribus
2491 1647 2687 1703 lucide
2717 1649 2950 1719 dicitur,
2981 1654 3210 1704 mentes
3232 1649 3607 1705 audientium
3636 1649 3852 1721 fulgo-

474 1751 504 1781 «
534 1730 695 1787 Fecit
738 1746 882 1800 ergo
935 1746 1039 1787 rex
1097 1731 1381 1789 Salomon
1436 1733 1719 1789 thronum
1770 1732 1845 1789 de
1875 1733 2055 1789 ebore
2081 1751 2128 1806 Β
2163 1751 2226 1791 re
2258 1736 2536 1792 claritatis
2568 1737 2811 1804 intimae,
2831 1738 2891 1793 in
2921 1753 3045 1810 qua
3075 1737 3454 1805 reclinentur,
3486 1739 3847 1795 inveniunt.

402 1840 434 1869 «
463 1820 755 1899 grandem
789 1824 883 1888 ;et
911 1821 1143 1877 vestivit
1170 1837 1311 1877 eum
1337 1838 1486 1878 auro
1530 1822 1690 1878 fulvo
1720 1823 1920 1890 nimis,
1953 1822 2058 1895 qui

403 1930 434 1957 «
460 1908 727 1964 habebat
754 1924 859 1964 sex
887 1910 1132 1979 gradus.
1168 1913 1236 1966 Et
1260 1912 1576 1967 summitas
1624 1912 1820 1967 throni
1850 1918 2058 1968 rotun-

399 2017 429 2047 «
461 1997 542 2053 da
570 2004 698 2053 erat
734 1997 796 2052 in
826 2003 993 2070 parte
1032 1999 1367 2070 posteriori,
1414 2006 1471 2056 et
1500 2001 1636 2056 duae
1666 2017 1887 2056 manus
1919 2001 2058 2057 hinc

398 2106 426 2135 ‹‹
455 2090 636 2158 atque
661 2085 802 2142 inde
830 2090 1097 2143 tenentes
1128 2088 1331 2158 sedile,
1350 2093 1407 2145 et
1425 2090 1548 2145 duo
1578 2089 1782 2146 leones
1817 2090 2061 2146 stabant

398 2174 622 2245 «juxta
670 2190 892 2232 manus
925 2176 1193 2246 singulas
1250 2195 1264 2233 :
1325 2182 1382 2233 et
1433 2178 1754 2234 duodecim
1796 2178 2059 2235 leunculi

397 2284 427 2314 «
453 2266 678 2319 stantes
709 2279 1004 2337 supersex
1018 2264 1243 2335 gradus
1268 2266 1409 2322 hinc
1421 2272 1601 2340 atque
1619 2267 2057 2323 inde.»Solium

396 2366 540 2421 ergo
559 2352 727 2424 quod
744 2368 849 2408 rex
877 2353 1161 2409 Salomon
1186 2354 1341 2422 fecit,
1371 2355 1525 2411 bene
1557 2355 1815 2411 Ecclesia
1847 2360 2060 2411 sancta

395 2439 761 2511 intelligitur,
781 2441 844 2497 in
873 2457 999 2514 qua
1026 2442 1314 2514 paciﬁcus
1350 2448 1557 2500 noster
1586 2459 1872 2513 regnans,
1897 2444 2060 2515 judi-

398 2530 493 2587 cia
521 2545 633 2587 sua
655 2530 851 2588 facere
879 2531 1270 2601 dignoscitur,
1301 2533 1447 2605 quia
1468 2533 1672 2590 anima
1721 2557 1747 2583 ‹‹
1777 2534 1940 2605 justi,
1974 2550 2063 2589 se-

398 2619 507 2675 des
536 2624 626 2675 est
666 2619 994 2693 sapientia.
1030 2642 1059 2671 »
1084 2625 1147 2677 Et
1164 2622 1317 2677 bene
1346 2622 1422 2677 de
1448 2622 1629 2677 ebore
1659 2622 1806 2678 illud
1835 2623 2061 2679 factum

401 2724 532 2763 esse
551 2714 944 2777 memoratur,
989 2711 1159 2783 quod
1179 2727 1302 2766 non
1333 2712 1411 2767 ad
1442 2711 1604 2766 solas
1635 2712 1869 2767 divitias
1898 2712 2065 2767 intel-

400 2796 663 2866 ligamus
714 2801 1007 2869 aptatum,
1067 2800 1173 2855 sed
1228 2799 1520 2872 quoniam
1565 2800 1856 2872 elephans
1886 2802 2059 2870 cujus

401 2885 534 2941 hmo
558 2901 697 2941 ossa
726 2890 866 2941 sunt
886 2886 1085 2943 nimiae
1115 2888 1400 2943 castitatis
1438 2889 1741 2959 asseritur,
1773 2889 1877 2961 qui
1905 2890 2059 2944 inter

402 2973 825 3047 quadrupedia
854 2980 910 3031 et
948 2992 1128 3033 sensu
1157 2977 1485 3050 plurimum
1522 2977 1701 3043 valet,
1732 2984 1788 3032 et
1837 2983 2058 3050 tempe-

2165 1825 2310 1880 Item
2368 1826 2813 1882 reclinatorium
2863 1826 2923 1881 in
2984 1827 3205 1883 ferculo
3257 1827 3412 1896 fecit,
3455 1843 3595 1883 cum
3654 1844 3846 1901 spem

2164 1914 2469 1982 perpetuae
2526 1910 2743 1982 quietis
2792 1910 3071 1966 fidelibus
3122 1911 3400 1984 promisit
3451 1928 3465 1965 :
3517 1934 3545 1961 «
3599 1912 3840 1979 Tollite,

2166 2000 2377 2071 inqmt,
2405 2000 2624 2070 jugum
2653 2016 2858 2055 meum
2891 2015 3073 2072 super
3110 2015 3238 2067 vos,
3283 2005 3341 2055 et
3385 2000 3595 2057 discite
3627 2016 3665 2057 a
3713 2017 3842 2072 me,

2166 2088 2309 2159 quia
2336 2087 2492 2142 mitis
2532 2104 2689 2155 sum,
2731 2092 2788 2143 et
2845 2088 3089 2143 humilis
3150 2089 3349 2156 corde,
3403 2093 3460 2144 et
3516 2089 3846 2145 invenietis

2166 2175 2434 2247 requiem
2484 2176 2807 2231 animabus
2856 2176 3064 2231 vestris
3113 2176 3354 2247 (Matth.
3389 2178 3491 2248 xi).
3526 2199 3555 2226 κ
3615 2180 3688 2233 Et
3714 2178 3842 2233 hoc

2164 2264 2609 2320 reclinatorium
2660 2264 2794 2320 fecit
2838 2280 3111 2333 aureum,
3156 2266 3301 2338 quia
3347 2266 3619 2339 requiem
3648 2266 3841 2323 nobis

2167 2359 2453 2411 mternam
2511 2355 2732 2410 divinae
2786 2371 2908 2410 suae
2965 2356 3212 2411 visionis
3276 2355 3466 2424 gloria
3511 2372 3843 2413 coruscam

2165 2445 2545 2516 praeparavit.
2580 2448 2646 2500 Et
2673 2460 2794 2500 non
2825 2445 2942 2500 nisi
2984 2460 3325 2517 purpureus
3365 2445 3445 2501 ad
3473 2446 3589 2501 hoc
3618 2446 3827 2502 fercu-

2167 2532 2294 2588 lum
2318 2549 2603 2589 ascensus
2640 2534 2959 2600 invenitur,
2993 2534 3137 2607 quia
3165 2534 3370 2590 nullus
3400 2535 3731 2591 Ecclesium
3752 2536 3847 2591 ni-

2170 2623 2217 2677 si
2263 2623 2652 2677 sacramentis
2700 2623 3020 2678 Dominicae
3070 2624 3370 2696 passionis
3422 2624 3717 2691 imbutus,
3751 2624 3843 2680 in-

2170 2710 2451 2780 greditur.
2488 2710 2652 2765 Unde
2694 2711 2822 2782 ipse
2881 2712 2961 2766 ait
3011 2728 3024 2766 :
3073 2733 3100 2761 ‹‹
3158 2711 3276 2766 Nisi
3322 2711 3844 2768 manducaveritis

2169 2814 2416 2854 carnem
2477 2799 2598 2854 Filii
2647 2799 2928 2868 hominis,
2985 2805 3042 2855 et
3082 2800 3351 2855 biberitis
3408 2801 3540 2871 ejus
3589 2801 3843 2871 sangui-

2172 2904 2336 2958 nem,
2367 2903 2491 2943 non
2514 2887 2811 2943 habebitis
2841 2889 3030 2944 vitam
3053 2890 3114 2944 in
3144 2890 3336 2945 vobis.
3368 2890 3480 2955 Qui
3504 2890 3845 2946 mandueat

2170 2987 2372 3027 meam
2399 2988 2643 3028 carnem
2693 2978 2746 3028 et
2796 2973 2948 3028 bibit
2996 2989 3199 3029 meum
3257 2976 3621 3043 sanguinem
3651 2974 3843 3031 habet

401 3066 604 3120 ranter
648 3067 932 3121 miscetur
974 3065 1209 3122 feminae
1241 3083 1385 3135 suae,
1418 3071 1475 3121 et
1504 3068 1761 3137 conjuge
1796 3066 2063 3122 secunda
2093 3106 2133 3161 Ο
2172 3062 2353 3118 vitam
2383 3066 2690 3128 aeternam,
2722 3065 2779 3117 et
2817 3077 2929 3131 ego
2959 3063 3331 3119 resuscitabo
3373 3079 3512 3119 eum
3544 3064 3605 3118 in
3631 3065 3840 3119 novis-

399 3167 525 3208 non
570 3154 769 3211 utitur.
804 3154 927 3211 Hoc
952 3155 1187 3228 pudicis
1218 3154 1541 3212 animabus
1586 3156 1864 3212 decenter
1895 3160 2066 3229 apta-

400 3244 529 3297 tam
556 3246 663 3313 est,
695 3243 841 3316 quia
873 3243 987 3300 illze
1018 3245 1168 3300 ebur
1194 3244 1378 3301 fuisse
1404 3249 1755 3316 noscuntur,
1783 3261 1919 3317 quae
1959 3260 2067 3317 per

407 3330 739 3387 castitatem
782 3333 992 3388 Christi
1044 3333 1278 3389 Domini
1306 3339 1608 3407 praecepta
1659 3340 1875 3389 secutae
1905 3338 2061 3389 sunt.

407 3417 576 3473 Hanc
602 3420 842 3477 vestivit
869 3437 1017 3477 auro
1053 3421 1217 3477 fulvo
1246 3418 1447 3491 nimis,
1501 3423 1647 3494 quia
1676 3422 2066 3494 splendorem

410 3503 614 3575 gloria:
643 3522 770 3562 suae
800 3524 873 3565 ea
912 3509 1301 3565 inclarescere
1326 3510 1481 3578 fecit,
1510 3526 1649 3566 cum
1674 3526 1781 3583 per
1812 3512 1985 3581 signa
2013 3514 2070 3566 et

410 3594 706 3652 miracula
742 3598 1073 3669 majestatis
1118 3615 1242 3654 suae
1280 3600 1610 3672 potentiam
1639 3601 1916 3656 ostendit.
1956 3601 2070 3655 Ha-

410 3682 597 3740 bebat
636 3689 840 3741 autem
872 3687 1123 3743 thronus
1175 3687 1285 3743 iste
1315 3703 1417 3742 sex
1469 3688 1713 3757 gradus.
1770 3688 1925 3754 Quid
1962 3704 2072 3760 per

413 3773 721 3830 senarium
767 3790 1113 3847 numerum,
1143 3776 1257 3831 nisi
1302 3776 1604 3832 bonorum
1643 3791 1895 3849 operum
1938 3793 2068 3849 per-

412 3861 588 3918 fectio
633 3863 1026 3934 designantur
1054 3865 1083 3921 ?
1130 3885 1161 3919 ‹
1195 3867 1305 3925 Sex
1344 3864 1560 3921 diebus
1589 3866 1833 3937 perfecit
1859 3866 2071 3921 mundi

414 3955 716 4020 ornatum,
749 3958 806 4009 et
856 3954 1113 4027 septimo
1163 3954 1452 4027 requievit
1502 3953 1580 4009 ab
1634 3954 1916 4026 operibus
1949 3954 2090 4010 suis.

416 4036 586 4107 (Gen.
620 4045 683 4107 ι).
704 4060 735 4093 ›
773 4042 1082 4115 Siquidem
1110 4050 1168 4099 et
1199 4042 1469 4098 senarius
1499 4042 1729 4115 primus
1755 4048 1845 4098 est
1865 4059 2074 4098 nume-

416 4138 541 4188 rus,
569 4128 675 4199 qui
721 4130 844 4185 suis
872 4131 1145 4203 partibus
1175 4131 1472 4203 perfectus
1519 4148 1647 4187 esse
1679 4131 2068 4201 dignoscitur.

418 4212 610 4271 Habet
628 4216 789 4272 enim
818 4219 1198 4276 medietatem
1227 4220 1358 4285 tria,
1403 4220 1636 4277 tertiam
1663 4226 1894 4293 partem
1924 4221 2071 4284 duo,

421 4308 651 4360 sextam
680 4322 871 4363 unum
904 4325 918 4363 :
943 4324 1132 4366 unum
1149 4326 1311 4377 vero,
1342 4310 1488 4375 duo,
1521 4315 1578 4367 et
1599 4311 1730 4375 tria,
1761 4327 1868 4366 sex
1896 4311 2068 4366 ﬁunt.

420 4391 606 4461 Igitur
644 4395 790 4467 quia
830 4400 887 4453 et
916 4413 1023 4453 sex
1063 4399 1339 4455 aetatibus
1386 4400 1652 4454 mundus
1706 4404 1962 4466 constat,
2012 4402 2072 4453 in

420 4482 644 4555 quibus
671 4484 807 4542 licet
834 4489 1071 4559 operari
1094 4488 1369 4561 quisquis
1399 4488 1477 4545 ad
1504 4488 1801 4543 caelestem
1820 4488 2074 4560 patriam

418 4574 727 4646 pervenire
758 4575 1077 4648 desiderat,
1106 4577 1284 4634 bonis
1315 4576 1600 4650 operibus
1625 4576 1945 4632 ascendere
1968 4576 2077 4631 fes-

420 4662 582 4731 tinet,
612 4663 758 4736 quia
776 4665 890 4721 nisi
917 4665 1095 4723 bonis
1125 4666 1358 4722 actibus
1386 4665 1769 4735 ascendatur,
1802 4664 1941 4720 illuc
1971 4665 2078 4720 mi-

417 4751 582 4809 nime
609 4755 978 4827 pervenitur.
1030 4776 1061 4805 «
1110 4759 1178 4812 Et
1220 4756 1539 4812 summitas
1576 4755 1775 4811 throni
1816 4754 2077 4813 rotunda

418 4846 546 4898 erat
580 4842 643 4899 in
686 4848 853 4917 parte
883 4845 1216 4918 posteriori.
1255 4868 1284 4896 ››
1324 4844 1479 4911 Quid
1533 4845 1695 4899 enim
1742 4844 2077 4901 rotunditas

419 4931 619 4988 throni
642 4933 705 4990 in
747 4939 916 5006 parte
958 4934 1294 5008 posteriori,
1326 4934 1441 4989 nisi
1470 4934 1739 5005 requiem
1766 4938 2074 5004 aeternam,

420 5034 559 5090 quas
587 5026 725 5092 post
749 5023 908 5089 hanc
936 5024 1122 5081 vitam
1153 5024 1376 5080 sanctis
1412 5022 1614 5078 futura
1641 5026 1747 5088 est,
1778 5021 2078 5091 signiﬁca-

420 5116 515 5164 tur
543 5109 574 5163 ?
603 5109 707 5166 ubi
734 5112 1008 5185 quisquis
1043 5114 1141 5169 hic
1178 5113 1333 5169 bene
1360 5112 1599 5169 laborat
1628 5112 1903 5167 mercede
1933 5126 2078 5184 opeq

419 5197 502 5254 ris
552 5196 649 5253 sui
688 5207 1125 5270 renumeratus,
1180 5201 1430 5274 perenni
1482 5201 1680 5273 quiete
1720 5200 2076 5273 perfruetur.

421 5286 590 5344 Unde
619 5291 677 5344 et
702 5287 764 5344 in
794 5290 1038 5346 cantico
1076 5290 1451 5346 canticorum
1484 5290 1560 5346 de
1594 5290 1710 5346 hoc
1739 5290 1873 5362 ipso
1917 5289 2081 5346 thro-

418 5386 502 5427 no
532 5372 648 5429 sub
678 5373 794 5431 alio
821 5374 1098 5448 exemplo
1124 5379 1654 5442 commemoratur,
1682 5374 1787 5429 ubi
1815 5373 2031 5430 dicitur
2062 5394 2077 5434 :

422 5479 452 5507 «
479 5461 794 5519 Ferculum
825 5462 961 5520 fecit
986 5463 1100 5520 sibi
1136 5478 1243 5519 rex
1274 5462 1559 5520 Salomon
1586 5462 1661 5519 de
1686 5462 1867 5532 lignis
1908 5464 2079 5521 Liba-

421 5546 507 5614 ni,
538 5547 850 5608 columnas
882 5554 1012 5624 ejus
1055 5553 1193 5609 fecit
1231 5558 1565 5623 argenteas.
1611 5553 2078 5609 Reclinatorium

426 5648 699 5706 aureum,
750 5654 1075 5698 ascensum
1116 5658 1514 5714 purpureum,
1548 5642 1748 5698 media
1790 5642 2077 5699 charitate

423 5724 748 5783 constravit
769 5728 1113 5804 (Cant.m).»
1140 5729 1450 5789 Ferculum
1476 5730 1617 5789 inde
1630 5731 1877 5800 dictum,
1899 5730 2070 5804 quod

2172 3151 2909 3221 modie(Joan.vr).»Media
2923 3151 3213 3209 charitate
3240 3152 3570 3208 constravit
3586 3157 3840 3225 propter

2174 3240 2331 3295 ﬁlias
2345 3239 2695 3307 Jerusalem,
2717 3255 2788 3296 ea
2800 3239 2933 3312 ipsa
2950 3240 3225 3299 videlicet
3240 3240 3548 3311 charitate,
3566 3241 3713 3313 quia
3726 3258 3841 3314 pro

2174 3329 2352 3385 nobis
2375 3344 2592 3401 passus
2623 3329 3018 3399 est.Majorem
3049 3330 3211 3385 enim
3234 3330 3348 3385 hac
3364 3331 3719 3386 charitatem
3736 3346 3841 3385 ne-

2173 3433 2276 3473 mo
2293 3418 2495 3485 habet,
2530 3422 2595 3473 ut
2622 3417 2890 3473 animam
2915 3434 3090 3473 suam
3106 3424 3294 3491 ponat
3314 3419 3452 3491 quis
3465 3434 3577 3491 pro
3599 3418 3836 3475 amicis.

2176 3510 2243 3562 Et
2286 3507 2400 3562 hoc
2427 3522 2499 3561 ex
2529 3505 2695 3578 quod
2734 3506 2968 3562 addidit
3014 3514 3257 3580 propter
3283 3507 3437 3563 tilias
3483 3507 3835 3574 Jerusalem,

2175 3597 2234 3652 id
2284 3601 2373 3652 est
2418 3601 2663 3669 propter
2712 3596 2947 3651 animas
2991 3596 3321 3652 caelestium
3376 3597 3676 3653 desiderio
3728 3597 3841 3653 ila-

2176 3691 2435 3755 grantes.
2485 3687 2721 3750 Quanto
2755 3686 2914 3741 enim
2965 3686 3263 3756 majorem
3289 3688 3445 3744 Deus
3485 3686 3839 3743 charitatem

2179 3790 2355 3830 suam
2399 3774 2575 3831 nobis
2621 3789 2731 3847 pro
2787 3775 2962 3830 nobis
3027 3775 3311 3847 patiendo
3365 3774 3834 3841 commendavit,

2177 3866 2341 3918 tanto
2370 3862 2572 3935 plures
2623 3863 2702 3918 ad
2752 3879 2815 3918 se
2864 3863 3321 3921 reclamandum
3364 3879 3476 3936 pro
3515 3880 3579 3920 se
3609 3864 3840 3936 patien-

2178 3951 2326 4006 dum
2347 3951 2638 4007 accendit.
2672 3974 2699 4002 ‹‹
2721 3951 2936 4007 Εῐὼιω
2961 3968 3180 4008 manus
3208 3952 3349 4008 hinc
3375 3958 3558 4024 atque
3584 3952 3724 4008 inde
3753 3956 3840 4012 to-

2179 4046 2387 4097 nentes
2413 4041 2811 4107 sedile.nQuid
2838 4058 2981 4111 ergo
3004 4042 3139 4097 duae
3170 4058 3393 4099 manus
3408 4046 3676 4098 tenentes
3688 4043 3841 4098 sedi-

2178 4129 2598 4187 le.Salomonis
2623 4132 3099 4201 signiﬁcant,nisi
3132 4130 3343 4187 solatia
3371 4131 3591 4186 divina:
3610 4134 3835 4201 gratim,

2178 4236 2313 4291 quae
2343 4224 2615 4275 sanctam
2646 4220 2968 4275 Ecclesium
3009 4219 3087 4275 ad
3128 4220 3357 4276 caeleste
3404 4236 3664 4288 regnum
3703 4236 3840 4293 pro-

2179 4309 2406 4363 vehunt
2432 4308 2460 4365 Ῡ
2489 4310 2573 4378 ,Ει
2601 4308 2729 4363 haec
2755 4315 2889 4380 apte
2929 4324 3037 4381 per
3060 4308 3363 4364 binarium
3389 4324 3713 4365 numerum
3738 4308 3841 4364 de-

2182 4398 2401 4470 scripta
2459 4403 2619 4467 sunt,
2672 4398 2815 4470 quia
2864 4398 2924 4452 in
2984 4405 3236 4470 utroque
3293 4400 3671 4453 Testamento
3723 4398 3838 4455 hoc

2180 4487 2562 4560 praedicatur,
2588 4488 2701 4542 hoc
2736 4503 2999 4543 maxime
3029 4486 3510 4554 commendatur,
3542 4486 3688 4559 quia
3712 4501 3839 4543 non

2181 4577 2292 4631 nisi
2324 4593 2429 4648 per
2458 4576 2732 4632 divinum
2777 4577 3146 4647 adjutorium
3174 4576 3419 4649 aliquod
3450 4576 3594 4632 boni
3628 4577 3835 4649 perﬁci

2180 4671 2392 4737 potest.
2428 4665 2594 4721 Unde
2632 4664 2764 4736 ipsa
2790 4666 3011 4721 Veritas
3039 4664 3181 4721 dicit
3226 4682 3239 4719 :
3301 4688 3331 4715 ‹‹
3387 4666 3521 4722 Sine
3546 4681 3645 4721 me
3690 4665 3838 4721 nihil

2180 4754 2427 4827 potestis
2474 4754 2668 4810 facere
2718 4757 2917 4822 (Joan.
2966 4761 3089 4821 xv).
3123 4775 3252 4809 »,-
3308 4776 3336 4805 «
3370 4758 3436 4809 Et
3477 4754 3602 4810 duo
3634 4753 3835 4810 leones

2183 4843 2425 4898 stabant
2448 4844 2621 4913 juxta
2662 4860 2877 4899 manus
2902 4843 3186 4914 singulas.
3224 4864 3253 4891 »
3306 4842 3458 4909 Quid
3480 4858 3587 4914 per
3614 4842 3835 4907 leones,

2183 4931 2301 4985 nisi
2324 4932 2529 4986 Patres
2569 4932 2882 5003 utriusque
2927 4930 3286 4986 Testamenti
3330 4930 3689 5002 ﬁgurantur,
3735 4931 3837 5003 qui

2184 5035 2291 5091 per
2316 5018 2722 5075 fortitudinem
2754 5020 2936 5074 animi
2965 5025 3021 5075 et
3051 5019 3164 5075 sibi
3185 5023 3241 5074 et
3272 5018 3401 5073 aliis
3429 5017 3650 5074 donari
3688 5018 3835 5074 bene

2185 5108 2571 5163 didicerunt?
2604 5111 2731 5163 Duo
2759 5123 2902 5177 ergo
2914 5108 3118 5163 leones
3137 5108 3309 5179 juxta
3329 5122 3548 5161 manus
3580 5106 3831 5172 stabant,

2186 5198 2330 5271 quia
2357 5197 2419 5252 in
2455 5196 2585 5266 lege
2629 5200 2688 5252 et
2725 5196 2785 5251 in
2842 5196 3164 5265 Evangelio
3211 5195 3399 5251 sancti
3439 5196 3644 5251 Patres
3673 5194 3836 5267 quid-

2186 5288 2335 5362 quid
2358 5287 2503 5343 boni
2534 5288 2819 5354 fecerunt,
2853 5302 2975 5343 non
3029 5285 3160 5353 sibi,
3205 5286 3310 5341 sed
3359 5287 3475 5339 Deo
3520 5284 3837 5356 deputave-

2187 5382 2346 5434 runt.
2381 5377 2546 5433 Unde
2585 5380 2643 5432 et
2671 5375 2982 5431 Psalmista
3011 5375 3155 5430 dicit
3195 5392 3207 5429 :
3261 5398 3289 5425 ‹‹
3338 5378 3466 5430 Non
3496 5373 3696 5440 nobis,
3730 5376 3835 5431 Do-

2188 5466 2370 5531 mine,
2403 5479 2526 5519 non
2552 5464 2749 5531 nobis,
2784 5463 2889 5518 sed
2919 5463 3150 5518 nomini
3182 5469 3284 5518 tuo
3313 5462 3393 5517 da
3431 5460 3709 5529 gloriam.
3741 5463 3839 5517 Su.

2188 5570 2296 5626 per
2326 5552 2735 5608 misericordia
2764 5558 2868 5607 tua
2892 5556 2948 5606 et
2978 5552 3221 5608 veritate
3253 5556 3355 5607 tua
3374 5551 3565 5617 (Psal.
3599 5552 3775 5619 0x111);
3809 5574 3835 5598 »

2190 5648 2246 5698 et
2277 5642 2599 5714 Apostolus
2641 5659 2654 5697 :
2698 5663 2727 5690 «
2756 5640 2973 5711 Gratia,
3018 5640 3232 5712 inquit,
3284 5638 3387 5694 Dei
3416 5654 3558 5693 sum
3587 5637 3649 5693 id
3679 5639 3837 5711 quod

2203 5747 2339 5789 sum
2374 5732 2434 5802 (Ι
2459 5731 2594 5788 Cor.
2625 5730 2739 5801 xv).
2773 5751 2802 5780 »
2858 5733 2926 5788 Et
2964 5729 3108 5787 item
3150 5744 3162 5784 :
3215 5750 3244 5779 «
3293 5726 3406 5795 Qui
3446 5725 3737 5798 gloriatur
3780 5727 3838 5791 in
