3940 6414
99 277 199 331 469

1067 275 1326 329 ENARR.
1370 276 1438 330 IN
1481 271 1727 330 LIBROS
1766 271 2027 329 REGUM.
2070 305 2137 314 —
2177 277 2247 331 ΙΝ
2290 274 2422 332 LIB.
2474 276 2567 330 Ill.

3432 276 3541 333 470

102 394 342 452 Domino
370 395 657 464 glorietur
690 396 781 465 (ΙΙ
808 396 943 452 Cor.
982 398 1065 467 x).
1100 419 1130 447 ››
1178 430 1246 437 —-
1273 421 1298 445 ‹‹
1333 398 1401 453 Et
1430 396 1751 453 duodecim
1797 398 1846 453 Α
1877 419 1905 445 ‹‹
1946 412 2116 463 reges
2172 402 2344 454 terra
2402 399 2618 455 divitiis
2668 404 2725 457 et
2780 400 3094 475 sapientia,
3144 404 3202 458 et
3252 400 3539 457 universa

100 484 349 543 leunculi
382 489 609 540 stantes
641 501 823 557 super
852 486 1081 554 gradus
1114 503 1215 541 sex
1271 487 1412 541 hinc
1458 491 1637 559 atque
1670 487 1758 540 in-

100 574 188 630 de.
226 596 252 622 ιο
281 572 435 638 Quid
458 589 565 645 per
590 573 913 630 duodecim
945 574 1279 642 leunculos,
1312 575 1429 630 nisi
1474 574 1762 647 pradica-

104 669 288 720 torum
309 662 463 718 ordo
494 663 596 735 qui
625 663 1024 736 apostolicam
1073 664 1411 720 doctrinam
1471 663 1760 736 sequitur,

102 752 479 823 signiﬁcatur.
509 753 573 808 Hi
602 768 748 822 ergo
770 769 955 825 supra
995 770 1098 810 sex
1127 754 1351 825 gradus
1408 754 1547 808 hinc
1580 758 1761 825 atque

102 842 233 899 inde
263 845 441 912 stant,
466 842 613 913 quia
641 842 947 898 bonorum
978 858 1229 915 operum
1263 859 1505 913 gressus
1536 842 1674 898 hinc
1706 846 1763 898 et

102 932 254 993 inde,
287 931 411 987 suis
442 930 731 987 doctrinis
765 937 947 1005 atque
1005 933 1294 1006 exemplis
1352 934 1584 988 munire
1642 948 1763 986 cer-

104 1024 240 1089 tant,
267 1036 340 1076 ne
362 1018 531 1093 prius
559 1019 733 1076 labor
758 1020 911 1076 bene
931 1020 1345 1093 incipientium
1367 1020 1427 1076 in
1448 1019 1765 1093 operando

100 1108 339 1178 vacillet,
372 1108 479 1165 sed
510 1109 928 1165 rectitudinem
972 1109 1200 1165 habeat
1244 1110 1306 1165 in
1338 1125 1546 1181 gressu
1576 1109 1761 1165 virtu-

100 1205 239 1256 tum.
273 1199 415 1255 Hinc
448 1198 740 1271 scriptum
764 1202 858 1255 est
882 1215 895 1253 :
922 1219 951 1252 ‹
984 1199 1284 1255 Fortitudo
1315 1198 1764 1255 etdecorindu-

103 1292 361 1343 mentum
392 1288 546 1359 ejus,
568 1292 623 1343 et
656 1287 875 1343 ridebit
893 1288 953 1343 in
980 1287 1075 1342 die
1102 1288 1458 1343 novissimo.
1486 1290 1765 1343 Surrexe~

103 1381 233 1431 runt
261 1376 363 1431 ﬁlii
412 1377 544 1447 ejus
590 1380 646 1432 et
674 1376 1154 1449 pradicaverunt
1210 1376 1643 1444 beatissimam,
1675 1376 1765 1431 vir

101 1466 222 1536 ejus
247 1470 301 1521 et
329 1464 605 1521 laudabit
633 1481 791 1521 eam.
826 1466 1015 1521 Multa
1067 1466 1203 1521 ﬁlia
1236 1468 1756 1536 congregaverunt

100 1554 347 1622 divitias,
374 1559 438 1609 tu
465 1569 856 1626 supergressa
879 1570 944 1610 es
966 1555 1277 1611 universas
1297 1556 1503 1624 (Prov.
1530 1554 1708 1625 χχχι).
1726 1572 1756 1606 ›

105 1643 371 1715 Sequitur
402 1659 416 1697 :

1875 508 1901 535 «
1946 490 2101 542 terra
2132 488 2518 543 desiderabat
2552 490 2745 546 videre
2794 490 3027 547 vultum
3081 489 3438 556 Salomonis,
3472 492 3540 545 ut

1875 598 1902 627 ‹‹
1945 576 2178 633 audiret
2208 578 2565 649 sapientiam
2598 580 2747 651 ejus,
2772 597 2961 654 quam
2992 580 3243 637 dederat
3289 583 3446 637 Deus
3474 579 3538 635 in

1874 687 1902 719 «
1945 684 2048 722 cor
2085 668 2232 738 ejus.
2261 671 2326 723 Et
2352 668 2569 737 singuli
2604 670 2958 727 deferebant
2986 672 3041 727 ei
3062 686 3337 738 munera,
3388 684 3539 726 vasa

1874 779 1899 806 «
1944 763 2227 825 argentea
2258 764 2313 814 et
2345 774 2550 827 aurea,
2584 764 2777 816 vestes
2811 766 2869 817 et
2897 776 3068 818 arma
3092 760 3326 828 bellica,
3359 763 3470 816 etc.
3508 781 3537 810 η

1875 849 2027 902 Bene
2055 861 2196 915 ergo
2224 847 2451 903 dictum
2482 854 2590 916 est,
2623 849 2789 921 quod
2820 871 2848 899 ‹‹
2871 849 3297 920 magniﬁcatus
3323 848 3398 904 sit
3432 864 3538 905 rex

1875 935 2161 991 Salomon
2189 952 2373 1008 super
2403 953 2615 993 omnes
2641 954 2811 1007 reges
2844 943 3031 1008 terra,
3074 961 3103 990 »
3134 938 3280 1013 quia
3326 938 3536 1011 paciﬁ-

1872 1041 1976 1080 cus
2018 1032 2219 1082 noster
2250 1043 2432 1099 super
2452 1043 2699 1084 omnem
2725 1029 3139 1086 celsitudinem
3164 1034 3533 1095 sanctorum,

1871 1113 1976 1186 qui
2030 1129 2201 1183 reges
2248 1132 2387 1169 vere
2440 1114 2742 1183 dicuntur,
2799 1117 3110 1183 exaltatur,
3165 1121 3221 1175 et
3250 1116 3453 1174 nullus
3482 1116 3535 1173 ei

1872 1204 2173 1275 coaquari
2195 1209 2406 1276 potest.
2435 1206 2734 1270 Quoniam
2758 1208 2892 1279 quis
2923 1209 2985 1263 in
3010 1207 3277 1263 nubibus
3331 1222 3535 1280 aqua-

1869 1293 2030 1348 bitur
2060 1294 2332 1363 Domino,
2363 1299 2467 1350 aut
2496 1294 2632 1367 quis
2657 1295 2865 1351 similis
2895 1297 3005 1352 erit
3031 1298 3149 1353 Deo
3178 1295 3333 1352 inter
3375 1295 3535 1352 ﬁlios

1872 1383 1971 1439 Dei
2001 1383 2029 1439 ?
2074 1387 2228 1439 Deus
2267 1385 2373 1457 qui
2404 1384 2772 1454 gloriﬁcatur
2809 1385 2868 1442 in
2903 1386 3158 1442 consilio
3188 1390 3536 1442 sanctorum

1872 1488 2130 1542 magnus
2162 1478 2218 1529 et
2237 1475 2598 1530 metuendus
2623 1491 2804 1548 super
2823 1491 3036 1532 omnes
3062 1475 3165 1549 qui
3195 1475 3257 1530 in
3287 1475 3538 1531 circuitu

1870 1564 2001 1634 ejus
2029 1568 2187 1620 sunt.
2218 1566 2283 1620 Et
2311 1564 2453 1620 item
2485 1581 2497 1619 ε
2529 1587 2555 1613 ‹‹
2605 1567 2855 1635 Magnus
2887 1565 3176 1622 Dominus
3231 1569 3434 1621 noster
3480 1567 3539 1621 et

1872 1668 2096 1723 magna
2126 1653 2312 1709 virtus
2338 1655 2487 1725 ejus,
2520 1658 2578 1710 et
2604 1654 2911 1727 sapientia
2950 1655 3082 1725 ejus
3140 1669 3263 1710 non
3292 1658 3384 1710 est
3429 1668 3541 1709 nu-

166 1756 191 1783 «
235 1732 346 1789 Sed
377 1737 437 1788 et
465 1732 673 1788 omnia
702 1748 853 1789 vasa
883 1733 959 1789 de
988 1733 1211 1805 quibus
1243 1732 1495 1805 potabat
1528 1748 1633 1789 rex
1662 1735 1765 1790 83.-
1793 1757 1833 1813 3
1871 1759 2097 1798 merus.
2131 1763 2159 1792 n
2193 1743 2357 1799 Unde
2384 1748 2439 1799 et
2468 1743 2731 1800 Joannes
2761 1744 2904 1801 dicit
2940 1761 2954 1801 :
2979 1767 3006 1793 ‹‹
3044 1746 3111 1801 Et
3129 1743 3393 1800 vidimus
3415 1742 3538 1814 glo-

103 1846 127 1871 «
165 1821 363 1878 lomon
389 1828 563 1877 erant
599 1838 802 1890 aurea,
832 1827 888 1878 et
922 1824 1202 1878 universa
1241 1822 1510 1894 supellex
1539 1822 1761 1877 domus

107 1928 131 1963 ι
166 1912 349 1967 saltus
389 1910 607 1968 Libani
655 1911 731 1966 de
783 1928 931 1968 auro
961 1912 1285 1984 purissimo
1315 1929 1327 1967 :
1363 1927 1484 1966 non
1516 1917 1642 1967 erat
1668 1929 1760 1968 ar-

106 2024 128 2048 «
169 2006 434 2071 gentum,
467 2015 579 2056 nec
602 2000 857 2071 alicujus
886 2001 1056 2073 pretii
1086 2000 1414 2073 putabatur
1439 2000 1499 2056 in
1545 1999 1758 2055 diebus

106 2106 133 2141 ‹
173 2088 528 2144 Salomonis.
571 2109 599 2140 ιι
643 2088 860 2145 Omnia
917 2105 1062 2143 vasa
1118 2103 1259 2160 qua
1306 2087 1540 2159 paciﬁci
1571 2088 1759 2144 nostri

104 2176 425 2232 ministerio
458 2174 812 2246 funguntur,
876 2191 1062 2231 aurea
1114 2176 1266 2231 ﬁunt
1301 2193 1313 2230 :
1356 2176 1502 2248 quia
1545 2190 1758 2230 omnes

102 2263 306 2320 anima
337 2268 690 2320 sanctorum
715 2279 853 2336 qua
881 2267 1020 2319 sunt
1048 2279 1199 2319 vasa
1226 2263 1347 2332 Dei,
1380 2267 1444 2318 ut
1467 2262 1756 2319 voluntati

100 2353 431 2410 deserviant
458 2353 673 2409 divina
706 2353 1006 2425 spendore
1040 2354 1351 2426 sapientia
1382 2359 1437 2408 et
1490 2352 1755 2409 dilectio-

99 2445 182 2498 nis
210 2445 486 2514 nitentes,
516 2444 822 2501 continent
851 2449 1062 2514 potum
1090 2445 1195 2516 qui
1220 2447 1355 2499 vita
1379 2448 1485 2509 est,
1517 2449 1574 2499 et
1596 2444 1669 2499 sit
1694 2444 1757 2498 in

100 2533 173 2588 eis
200 2532 331 2589 fons
363 2550 542 2607 aqua
569 2533 838 2589 salientis
853 2535 915 2588 in
942 2533 1126 2589 vitam
1157 2539 1466 2589 aternam.
1501 2537 1614 2589 Nec
1646 2533 1755 2589 ali-

98 2625 259 2694 cujus
279 2624 451 2697 pretii
517 2629 835 2692 argentum
891 2623 1220 2696 putabatur
1263 2623 1323 2679 in
1351 2623 1567 2679 diebus
1598 2624 1758 2679 Salo-

97 2714 299 2779 monis,
330 2714 477 2785 quia
506 2712 843 2768 secundum
890 2712 1247 2785 Apostolum
1279 2730 1292 2768 :
1329 2735 1356 2763 «
1392 2715 1519 2768 Non
1578 2716 1666 2767 est
1693 2711 1754 2768 in

98 2818 360 2859 sermone
388 2802 647 2858 verbum
680 2802 797 2869 Dei,
826 2802 930 2857 sed
953 2802 1012 2857 in
1042 2802 1256 2859 virtute
1281 2803 1339 2872 (Ι
1367 2804 1507 2857 Cor.
1542 2803 1756 2873 IV).»—

99 2915 123 2943 α
162 2895 222 2948 Et
248 2892 598 2966 pradicatio
627 2892 930 2962 Evangelii
982 2890 1105 2948 non
1138 2893 1198 2947 in
1249 2891 1755 2964 persuasibilibus

96 2982 363 3039 humana
385 2981 700 3053 sapientia
730 2981 926 3036 verbis
952 2982 1241 3049 consistit,
1278 2980 1384 3037 sed
1441 2981 1502 3036 in
1550 2985 1753 3036 osten-

97 3070 247 3127 sione
278 3071 524 3144 spiritus
559 3075 617 3125 et
661 3069 915 3139 virtutis,
957 3074 1021 3126 ut
1077 3070 1229 3125 ﬁdes
1284 3074 1491 3125 nostra
1520 3085 1645 3125 non
1679 3069 1753 3125 sit

96 3160 148 3215 in
176 3160 461 3233 sapientia
492 3159 833 3223 hominum,
871 3159 977 3215 sed
1004 3160 1064 3215 in
1094 3160 1310 3216 virtute
1367 3159 1465 3215 Dei
1495 3160 1553 3230 (Ι
1607 3159 1745 3216 Cor.

96 3254 165 3319 ιι).
197 3271 223 3298 »ι
277 3250 441 3307 Unde
508 3249 645 3321 ipsa
697 3249 921 3304 Veritas
978 3250 1108 3305 ait:
1149 3272 1177 3299 «
1212 3251 1344 3305 Non
1399 3249 1599 3304 omnis
1644 3248 1753 3320 qui

94 3334 218 3392 dicit
246 3338 409 3403 mihi,
441 3337 718 3404 Domine,
772 3337 1041 3407 Domine,
1089 3337 1333 3392 intrabit
1380 3337 1440 3392 in
1492 3351 1747 3404 regnum

94 3426 361 3482 calorum
400 3426 645 3498 (Matth.
678 3427 803 3497 v11),
826 3444 855 3479 »
889 3431 1000 3487 etc,
1037 3430 1102 3481 Et
1130 3427 1272 3483 item
1303 3443 1316 3481 :
1348 3447 1376 3475 ιι
1413 3426 1523 3491 Qui
1564 3424 1749 3480 solve-

92 3514 154 3569 rit
180 3530 361 3571 unum
387 3516 463 3571 de
499 3514 804 3571 mandatis
824 3516 951 3572 istis
972 3515 1262 3581 minimis,
1288 3519 1346 3571 et
1366 3514 1637 3569 docuerit
1662 3514 1749 3569 sic

89 3602 363 3673 homines,
390 3605 684 3661 minimus
715 3605 1032 3661 vocabitur
1058 3604 1118 3659 in
1170 3619 1423 3674 regnum
1453 3602 1747 3660 calorum

87 3692 311 3761 (Μαιτιι.
344 3698 425 3767 v).
456 3717 489 3745 ι»
618 3754 627 3762 λ

153 3804 178 3829 «
219 3783 577 3841 Deterebant
602 3798 746 3854 ergo
778 3782 1084 3840 Salomoni
1134 3797 1352 3838 aurum
1385 3781 1461 3837 de
1506 3781 1745 3837 Tharsis

90 3892 114 3917 α
152 3876 203 3927 et
228 3877 569 3943 argentum,
602 3872 813 3929 dentes
842 3871 1324 3944 elephantorum,
1350 3875 1405 3927 et
1439 3870 1665 3940 simias,
1686 3874 1744 3927 et

94 3980 112 4010 ι
150 3976 351 4032 pavos.
388 3986 416 4013 ››
449 3962 608 4029 Quid
637 3978 856 4018 aurum
882 3966 1278 4030 argentumve
1300 3960 1613 4031 signiﬁcet,
1636 3976 1743 4016 no-

89 4051 201 4106 tum
237 4056 341 4107 est.
370 4053 669 4109 Caterum
700 4051 910 4107 dentes
969 4050 1433 4123 elephantorum
1481 4054 1743 4123 possunt

88 4138 361 4209 doctores,
395 4143 582 4199 fortes
612 4146 857 4215 propter
902 4141 1157 4197 nitorem
1216 4142 1547 4211 sapientia,
1588 4140 1739 4196 desi-

88 4230 258 4297 gnari.
286 4234 362 4287 De
391 4232 620 4305 quibus
652 4247 892 4304 sponsa
922 4231 1141 4287 dicitur
1173 4248 1186 4284 :
1217 4253 1243 4278 ‹‹
1274 4230 1507 4286 Collum
1563 4234 1737 4285 tuum

88 4317 222 4373 sicut
243 4320 412 4375 turris
435 4321 710 4377 eburnea
738 4338 749 4387 ;
781 4342 809 4369 ››
842 4335 950 4392 per
979 4319 1186 4374 simias
1213 4334 1357 4373 vero
1410 4316 1516 4390 qui
1568 4323 1740 4373 actus

85 4404 366 4465 humanos
397 4408 623 4465 imitari
651 4408 951 4473 videntur,
982 4408 1088 4463 sed
1131 4406 1457 4463 bestialiter
1502 4405 1735 4473 vivunt,

1869 1833 2022 1888 riam
2044 1834 2198 1903 ejus,
2227 1832 2480 1903 gloriam
2501 1835 2681 1906 quasi
2708 1834 2996 1906 unigeniti
3013 1850 3050 1891 a
3069 1837 3257 1901 Patre,
3285 1834 3535 1907 plenum

1870 1923 2058 1991 gratia
2086 1930 2142 1978 et
2164 1925 2404 1979 veritate
2438 1926 2631 1994 (Joan.
2662 1925 2720 1996 ι).
2755 1947 2783 1974 ››
2817 1928 2882 1981 Et
2911 1925 3193 1981 universa
3220 1929 3377 1981 terra
3428 1924 3535 1980 de.

1872 2011 2094 2067 siderat
2122 2012 2323 2067 videre
2354 2012 2586 2067 vultum
2613 2013 2770 2083 regis
2811 2014 3018 2081 nostri,
3056 2013 3201 2086 quia
3257 2013 3535 2071 universa

1872 2101 2129 2156 Ecclesia
2160 2107 2507 2157 sanctorum
2558 2102 2673 2157 hoc
2726 2102 3114 2159 solummodo
3162 2101 3408 2175 appetit,
3467 2105 3534 2159 ut

1869 2189 1947 2247 ad
1995 2196 2388 2262 conspectum
2444 2191 2646 2260 gloria
2700 2192 2831 2262 ejus
2863 2191 3194 2265 perveniat.
3251 2193 3401 2247 Cum
3423 2206 3535 2265 per

1866 2280 2224 2352 prophetam
2246 2279 2462 2335 dicitur
2484 2298 2496 2335 :
2523 2302 2551 2330 ‹‹
2575 2279 2699 2337 Tibi
2722 2280 2871 2336 dixit
2896 2297 3000 2337 cor
3026 2296 3253 2351 meum,
3278 2280 3531 2354 quasivi

1866 2369 2096 2424 vultum
2130 2374 2319 2437 tuum,
2354 2368 2582 2425 vultum
2610 2374 2802 2436 tuum,
2837 2370 3109 2441 Domine,
3135 2371 3464 2444 requiram.
3500 2392 3531 2421 ››

1867 2461 1933 2514 Et
1963 2458 2105 2514 alibi
2138 2475 2151 2513 :
2187 2481 2213 2507 «
2252 2459 2412 2515 Sicut
2442 2475 2678 2525 cervus,
2710 2460 2926 2533 inquit,
2954 2460 3259 2517 desiderat
3287 2460 3367 2517 ad
3396 2460 3528 2517 fon-

1864 2552 1950 2603 tes
1981 2564 2302 2620 aquarum,
2332 2548 2415 2603 ita
2445 2548 2744 2605 desiderat
2772 2550 2975 2606 anima
2998 2565 3137 2607 mea
3166 2550 3245 2607 ad
3270 2555 3346 2617 te,
3374 2550 3531 2606 Deus

1864 2638 2052 2708 (Psal.
2086 2640 2223 2708 xu).
2258 2660 2286 2687 »
2316 2640 2378 2693 Et
2409 2638 2631 2707 singuli
2656 2638 2933 2695 deferunt
2961 2640 3013 2695 ei
3066 2655 3341 2709 munera,
3374 2638 3525 2695 dum

1866 2728 2283 2800 unusquisque
2312 2728 2651 2783 secundum
2671 2728 2733 2783 id
2759 2728 2925 2801 quod
2954 2729 3112 2785 viros
3145 2728 3259 2785 sibi
3312 2743 3532 2802 suppe-

1865 2820 2015 2884 tunt,
2048 2817 2108 2871 in
2140 2816 2325 2872 verbo
2353 2833 2459 2872 seu
2484 2815 2677 2885 factis,
2712 2818 3077 2892 obsequium
3108 2818 3353 2875 student
3379 2834 3529 2892 pra-

1864 2908 2020 2961 stare
2061 2905 2202 2961 Deo.

2429 3050 2628 3106 CAPP.
2661 3053 2725 3107 XI
2751 3053 2809 3107 et
2834 3049 2951 3105 XII.

1933 3176 1960 3204 ‹‹
2004 3157 2122 3209 Rex
2144 3158 2343 3210 autem
2371 3155 2657 3212 Salomon
2683 3156 2910 3213 amavit
2936 3155 3220 3212 mulieres
3246 3155 3524 3227 alienige-

1861 3265 1889 3291 «
1930 3259 2040 3298 nas
2074 3243 2315 3313 multas,
2344 3244 2528 3300 ﬁliam
2559 3260 2804 3317 quoque
2836 3245 3186 3314 Pharaonis,
3213 3249 3272 3301 et
3310 3246 3528 3303 Moabi-

1858 3354 1885 3381 ‹‹
1929 3331 2085 3387 tidas
2110 3337 2168 3388 et
2193 3334 2650 3399 Ammonitidas,
2695 3334 3019 3404 Idumaas,
3050 3338 3107 3390 et
3138 3334 3431 3403 Sidonias,
3465 3340 3524 3391 et

1858 3444 1885 3471 ‹‹
1931 3422 2204 3477 Hethaas
2235 3422 2309 3477 de
2337 3423 2613 3493 gentibus
2645 3438 2825 3495 super
2844 3423 3069 3496 quibus
3124 3423 3274 3479 dixit
3326 3424 3523 3481 Domi-

1858 3533 1887 3560 ‹‹
1929 3527 2043 3565 nus
2063 3511 2197 3566 ﬁliis
2220 3511 2404 3566 Israel
2436 3529 2449 3566 :
2480 3516 2607 3567 Non
2632 3512 3043 3581 ingrediemini
3076 3512 3156 3569 ad
3177 3529 3297 3581 eas,
3323 3529 3520 3587 neque

1858 3624 1885 3650 α
1928 3600 2003 3655 de
2059 3600 2173 3655 illis
2224 3601 2634 3669 ingrediantur
2681 3602 2759 3658 ad
2799 3607 3051 3673 vestras,
3083 3624 3112 3652 η
3170 3606 3227 3659 et
3263 3602 3515 3675 reliqua.

1852 3691 1986 3744 Jam
2016 3705 2197 3762 porro
2227 3690 2302 3746 de
2333 3691 2561 3746 caeteris
2617 3690 2902 3763 operibus
2960 3691 3317 3755 Salomonis,
3368 3691 3518 3764 quid

1853 3778 2075 3847 dicam,
2108 3795 2291 3851 quem
2322 3780 2707 3836 vehementer
2735 3780 2932 3851 arguit
2960 3784 3165 3836 sancta
3188 3780 3513 3853 Scriptura,

1852 3873 2035 3940 atque
2064 3868 2448 3941 condemnat,
2508 3870 2773 3942 nihilque
2824 3869 2900 3925 de
2957 3869 3309 3942 pauitantia
3358 3869 3511 3942 ejus,

1849 3958 1945 4013 vel
1970 3958 2044 4013 de
2075 3958 2449 4028 indulgentia
2479 3959 2579 4014 Dei
2609 3959 2862 4015 omnino
2892 3962 3349 4026 commemorat,
3400 3975 3515 4016 nec

1849 4062 2099 4119 prorsus
2147 4048 2422 4119 occurrit,
2480 4049 2629 4122 quid
2680 4050 2758 4105 ad
2814 4048 3071 4106 salutem
3114 4048 3175 4105 in
3226 4049 3515 4125 allegoria

1850 4136 1994 4193 boni
2025 4137 2317 4203 signiﬁcet
2334 4138 2463 4195 hac
2483 4143 2591 4210 est,
2608 4138 2811 4195 ﬂenda
2830 4154 3057 4209 vorago
3080 4138 3509 4197 subversionis.

1849 4226 1967 4282 Nisi
2000 4226 2147 4282 forte
2197 4227 2359 4285 dicat
2407 4229 2544 4300 quis
2600 4229 2881 4285 mulieres
2934 4228 3326 4301 alienigenas,
3356 4243 3510 4302 qua-

1847 4331 1983 4371 rum
2009 4331 2215 4372 amore
2244 4322 2567 4386 exarserat,
2595 4318 2934 4389 signiﬁcare
2963 4318 3245 4376 ecclesias
3290 4318 3509 4376 electas

1848 4421 1921 4461 ex
1952 4405 2249 4475 gentibus.
2282 4410 2482 4464 Posset
2519 4407 2634 4464 hoc
2664 4408 2917 4465 fortasse
2946 4425 3069 4465 non
3124 4409 3387 4466 absurde
3426 4410 3513 4466 in-
3580 4468 3600 4487 ,

86 4508 176 4550 eos
203 4499 304 4570 qui
328 4498 406 4554 ad
440 4499 629 4554 ﬁdem
659 4513 734 4554 ex
770 4467 1047 4567 gentibus
1094 4496 1363 4566 veniunt,
1419 4495 1525 4568 qui
1550 4467 1737 4551 ﬁdem
1770 4467 1817 4522 Β
1847 4467 2047 4565 tenigi,
2078 4495 2125 4550 si
2155 4495 2268 4551 illa
2298 4502 2542 4570 propter
2564 4498 2950 4556 Salomonem
2981 4499 3326 4556 desererent
3362 4499 3511 4557 deos

89 4587 269 4642 tenere
299 4588 599 4655 videntur,
632 4592 689 4644 et
717 4588 1003 4660 operibus
1026 4587 1208 4641 ﬁdem
1232 4590 1476 4655 negant.
1500 4588 1606 4640 Per
1632 4601 1738 4657 pa-

86 4687 181 4727 vos
207 4677 430 4750 quippe
456 4693 726 4751 quorum
755 4692 898 4732 caro
928 4676 975 4731 si
999 4676 1220 4732 siccata
1245 4674 1439 4737 fuerit,
1468 4674 1738 4748 imputri-

85 4759 203 4818 bilis
218 4781 570 4837 permanere
581 4792 591 4817 (
604 4765 926 4838 licitur,qui
938 4780 1276 4838 pennarum
1295 4764 1739 4837 pulchritudine

86 4854 415 4916 vestiuntur.
461 4855 760 4928 perfectos
803 4854 942 4924 igne
975 4853 1373 4910 tribulationis
1428 4854 1736 4919 decoctos,

87 4940 223 4997 adeo
242 4948 306 5000 ut
324 4945 506 5000 variis
569 4944 886 4999 virtutibus
918 4943 1295 5009 decorentur,
1341 4948 1399 4997 et
1426 4943 1737 5015 incorrup-

87 5030 287 5086 tionem
317 5034 458 5090 tidei
488 5049 563 5089 ac
593 5033 810 5088 mentis
840 5034 1151 5089 retineant.
1178 5034 1544 5103 Quanquam
1575 5032 1622 5086 si
1654 5031 1733 5087 ad

88 5118 324 5187 virgines
354 5123 560 5179 referri
590 5122 794 5187 velint,
842 5122 1113 5193 accipere
1144 5136 1471 5194 possumus
1523 5121 1616 5175 ha
1656 5121 1732 5176 de

85 5206 298 5266 Tharsis
330 5212 557 5269 fortiter
586 5217 918 5268 conservet.
954 5212 1126 5277 Quod
1171 5215 1373 5266 autem
1405 5209 1683 5265 subditur
1714 5226 1728 5265 :

89 5316 112 5342 κ
132 5298 245 5354 Non
273 5306 362 5358 est
389 5302 623 5359 factum
658 5301 771 5357 tale
799 5317 957 5375 opus
1007 5302 1068 5357 in
1101 5300 1394 5356 universis
1442 5298 1665 5367 regnis.
1697 5322 1726 5350 ι

86 5390 214 5457 Apte
240 5396 440 5449 sancta
484 5391 747 5448 Ecclesia
804 5392 1104 5460 convenit,
1162 5390 1237 5446 de
1266 5404 1391 5461 qua
1437 5389 1727 5462 scriptum

86 5478 178 5533 est.
204 5478 469 5537 videlicet
496 5483 576 5536 de
610 5481 783 5537 salsis
809 5481 1156 5553 amarisque
1206 5478 1487 5534 ﬂuctibus
1544 5478 1725 5549 hujus

90 5568 267 5624 seaculi
296 5572 369 5626 ad
402 5571 794 5628 Salomonem
822 5576 1097 5627 nostrum
1124 5569 1492 5625 deferuntur.
1541 5568 1722 5625 Thar-

90 5653 158 5706 sis
181 5659 495 5731 exploratio
518 5661 727 5732 gaudii
756 5661 972 5718 dicitur
997 5678 1010 5716 :

152 5765 179 5793 α
214 5748 617 5823 Magniﬁcatus
655 5752 747 5809 est
782 5764 886 5809 rex
946 5749 1231 5810 Salomon
1276 5763 1458 5823 super
1509 5762 1723 5807 omnes

1845 4600 2010 4643 suos.
2041 4591 2098 4642 et
2127 4586 2388 4643 colerent
2418 4589 2604 4643 Deum
2635 4589 2785 4659 ejus.
2819 4590 2969 4645 Cum
2999 4603 3143 4645 vero
3172 4589 3302 4661 ipse
3328 4602 3509 4660 prop-

1844 4679 1932 4731 ter
1960 4675 2091 4732 illas
2115 4676 2364 4733 oﬁendit
2395 4680 2582 4733 Deum
2595 4694 2795 4745 suum,
2819 4681 2877 4733 et
2895 4677 3077 4734 coluit
3096 4678 3246 4733 deos
3272 4691 3504 4745 earum,

1843 4780 1968 4821 non
2000 4770 2087 4821 est
2141 4765 2289 4838 quid
2342 4765 2482 4821 inde
2512 4765 2657 4822 boni
2682 4766 3006 4838 conjectari
3032 4766 3239 4840 possit.
3280 4768 3394 4821 Nec
3422 4768 3508 4821 ta-

1845 4870 1987 4909 men
2013 4854 2160 4910 nihil
2192 4854 2447 4912 arbitror
2466 4854 2824 4924 signiﬁcare,
2849 4855 2957 4909 sed
2973 4853 3226 4923 malum,
3253 4853 3406 4910 sicut
3428 4852 3504 4912 de

1844 4961 2027 5000 uxore
2058 4943 2420 5016 ﬁliabusque
2453 4946 2557 4999 Lot
2596 4944 2885 4999 diximus-
2936 4946 3198 5015 Apparet
3249 4942 3410 4999 enim
3440 4943 3503 5000 in

1841 5049 2103 5106 persona
2135 5033 2474 5098 Salomonis
2507 5033 2659 5089 mira
2688 5031 3036 5089 excellentia
3078 5036 3136 5089 et
3181 5032 3336 5091 mira
3362 5033 3504 5091 sub-

1841 5123 2080 5179 mersio.
2116 5123 2291 5189 Quod
2320 5123 2498 5193 igitur
2524 5123 2587 5179 in
2613 5122 2711 5179 illo
2731 5122 2978 5179 diversis
3010 5116 3383 5199 temporibus
3404 5141 3500 5183 ex-

1841 5214 2000 5283 stitit,
2019 5213 2185 5285 prius
2205 5213 2437 5269 bonum
2457 5217 2517 5270 et
2537 5212 2832 5286 posterius
2872 5214 3106 5271 malum
3132 5234 3146 5283 ;
3184 5215 3300 5272 hoc
3315 5216 3376 5271 in
3395 5216 3499 5271 Ec-

1840 5302 2019 5359 clesia
2039 5302 2101 5357 in
2122 5303 2233 5357 isto
2249 5301 2449 5359 adhuc
2485 5302 2706 5359 saculo
2723 5301 2902 5359 simul
2946 5319 3070 5360 uno
3114 5308 3382 5377 tempore
3398 5319 3497 5360 os-

1842 5390 2116 5447 tenditur.
2143 5394 2289 5447 Nam
2306 5390 2472 5447 bona
2486 5391 2663 5460 illius,
2681 5391 2878 5447 bonos
2895 5391 3199 5448 Ecclesia:
3216 5390 3376 5448 mala
3390 5407 3496 5448 au-

1835 5483 1956 5537 tem
1969 5479 2146 5543 illius,
2162 5479 2357 5535 malos
2373 5480 2644 5537 Ecclesia
2662 5479 2999 5550 signiﬁcare
3010 5484 3179 5553 puto,
3200 5484 3493 5555 tanquam

1831 5569 1891 5625 in
1908 5569 2131 5626 unitate
2150 5568 2308 5625 illius
2329 5583 2503 5625 area.
2520 5569 2681 5627 Sicut
2693 5570 2756 5626 in
2775 5568 2878 5627 illo
2892 5585 3016 5627 uno
3034 5569 3280 5627 homine
3297 5570 3492 5628 bonos

1831 5658 1895 5715 in
1916 5659 2141 5727 granis,
2197 5657 2391 5714 malos
2437 5659 2500 5715 in
2525 5658 2754 5732 paleis:
2787 5663 2892 5716 aut
2919 5660 2982 5717 in
3039 5660 3264 5718 unitate
3310 5660 3490 5717 unius

1830 5748 2066 5822 segetis,
2086 5748 2283 5809 bonos
2310 5748 2375 5808 in
2399 5749 2610 5826 tritico,
2635 5747 2826 5809 malos
2856 5750 2920 5809 in
2949 5749 3211 5809 zizaniis.
