3940 6418
378 253 484 313 471

1503 243 1862 305 ANGELOMI
1902 243 2348 304 LUXOVIENSIS
2386 249 2700 308 MONACHI

3720 246 3842 302 572

453 400 485 429 «
527 381 772 436 Factum
828 381 916 432 est
943 375 1119 445 igitur
1146 375 1208 430 in
1255 379 1524 447 tempore
1579 371 1701 440 illo,
1759 375 1823 424 ut
1875 371 2039 424 Jero-
2075 375 2121 426 Α
2152 371 2565 430 celsitudinem
2581 369 3841 444 tenduntperfectionis,eliguntjuvenum

383 487 414 524 ‹
455 467 642 524 boam
673 466 1052 535 egrederetur
1089 464 1162 518 de
1191 463 1538 528 Jerusalem,
1567 465 1624 516 et
1649 458 1874 515 invenit
1902 473 2041 512 eum

385 579 412 607 α
456 556 642 612 Ahias
675 553 944 612 Silonites
991 553 1286 624 propheta
1336 551 1398 606 in
1435 551 1555 620 via,
1587 553 1830 621 opertus
1859 545 2041 620 pallio

385 667 414 696 κ
456 660 636 701 novo.
672 646 848 698 Erant
878 645 1077 697 autem
1109 640 1231 696 duo
1265 644 1498 696 tantum
1525 639 1586 694 in
1617 653 1785 707 agro.
1819 639 2043 707 Appre-

385 757 414 785 ι(
455 733 846 802 hendensque
912 729 1061 784 Ahia
1108 729 1358 801 pallium
1409 745 1587 783 suum
1640 742 1867 782 novum
1920 740 2044 797 quo

387 843 417 876 ι
454 824 696 894 opertus
724 818 937 888 fuerat,
970 817 1142 873 scidit
1189 818 1250 874 in
1281 817 1604 874 duodecim
1649 822 1848 889 partes
1879 820 1936 869 et
1964 814 2046 868 ait

383 931 413 961 κ
455 909 534 965 ad
571 907 893 963 Jeroboam
929 924 942 961 :
977 907 1136 963 Tolle
1167 907 1273 962 tibi
1307 906 1517 962 decem
1549 905 1856 960 scissuras.
1909 904 2045 956 Haec

382 1017 412 1052 ‹
451 997 612 1054 enim
643 995 785 1051 dicit
817 996 1108 1052 Dominus
1141 998 1292 1052 Deus
1327 996 1505 1050 Israel
1539 1014 1552 1050 :
1581 997 1726 1049 Ecce
1757 1009 1868 1062 ego
1899 991 2047 1046 scin-

381 1110 408 1137 ‹‹
452 1087 598 1143 dam
636 1101 894 1155 regnum
924 1085 998 1140 de
1027 1102 1214 1141 manu
1243 1084 1604 1153 Salomonis,
1637 1089 1694 1138 et
1721 1082 1882 1137 dabo
1942 1079 2045 1134 tibi

380 1198 409 1227 «
449 1175 661 1232 decem
692 1174 901 1230 tribus.
956 1175 1140 1230 Porro
1197 1190 1318 1230 una
1369 1174 1555 1229 tribus
1609 1170 1945 1227 remanebit
1993 1169 2046 1224 ei

381 1284 412 1319 ‹
450 1268 697 1338 propter
726 1279 969 1318 servum
993 1279 1199 1318 meum
1229 1262 1438 1328 David,
1473 1262 1523 1316 ei
1559 1259 1920 1316 Hierusalem
1963 1257 2044 1312 ci-

381 1376 426 1405 «ν
451 1353 696 1410 vitatem
717 1367 906 1424 quam
928 1351 1075 1422 elegi
1095 1369 1166 1406 ex
1191 1351 1474 1406 omnibus
1491 1350 1767 1405 tribubus
1794 1346 1991 1414 Israel,
2016 1367 2044 1394 »

380 1445 493 1500 etc.
528 1441 680 1496 Illud
705 1440 872 1512 quod
893 1445 1032 1512 post
1060 1443 1316 1496 mortem
1347 1438 1684 1496 Salomonis
1716 1437 1924 1492 decem
1948 1437 2044 1490 tri-

382 1531 500 1587 bus
527 1546 564 1586 a
590 1529 774 1584 domo
807 1528 1016 1596 David,
1049 1534 1107 1584 et
1153 1545 1190 1585 a
1222 1528 1444 1600 templo
1494 1531 1783 1598 separatae
1825 1529 1960 1578 sunt
1990 1528 2048 1578 et

383 1618 522 1674 dum
542 1616 779 1684 relictae,
809 1617 951 1673 satis
999 1617 1222 1674 indicat
1269 1617 1433 1690 quod
1466 1616 1540 1672 de
1575 1622 1694 1672 tota
1721 1615 1822 1670 illa
1871 1617 2044 1682 gente

383 1706 703 1780 Apostolus
736 1705 818 1761 ait
845 1723 858 1760 :
894 1728 922 1755 ‹‹
951 1705 1232 1778 Reliquiae
1263 1710 1506 1778 propter
1537 1704 1876 1760 electionem
1909 1717 2043 1771 gra-
2077 1726 2116 1779 Β

390 1795 485 1852 tias
508 1794 686 1851 salvae
717 1794 886 1850 facta:
923 1799 1062 1850 sunt
1091 1796 1280 1866 (Rom.
1335 1795 1434 1863 ix).
1477 1815 1495 1846 ι
1529 1792 1847 1850 Jeroboam
1904 1806 2044 1845 vero

384 1883 491 1957 qui
515 1883 726 1940 decem
751 1883 939 1938 tribus
977 1899 1015 1938 a
1058 1883 1242 1938 domo
1296 1883 1484 1939 David
1533 1887 1589 1938 et
1618 1898 1655 1937 a
1693 1879 1914 1953 templo
1945 1878 2043 1933 Dei

386 1988 679 2044 separans
709 1971 786 2027 ad
808 1970 1209 2027 idololatriam
1241 1971 1542 2044 perduxit,
1575 1971 1872 2040 signiﬁcat
1927 1969 2044 2023 htB-

384 2060 597 2116 reticos
627 2059 731 2133 qui
761 2059 1202 2115 dissensionem
1233 2066 1459 2127 amant,
1501 2065 1558 2116 et
1586 2059 1874 2114 unitatem
1904 2055 2044 2111 ﬁdei

385 2148 690 2206 catholicae
719 2149 1051 2204 hmresibus
1085 2148 1385 2218 scindunt,
1419 2165 1490 2204 ac
1524 2149 1608 2204 sic
1667 2147 1850 2203 cultui
1879 2145 2045 2201 mali-

385 2253 644 2310 gnorum
699 2238 1018 2310 spirituum
1065 2237 1502 2311 subsequentes
1560 2237 1825 2293 tradunt.
1861 2240 2042 2291 Inter-

391 2331 660 2400 pretatur
687 2327 1026 2395 Jeroboam,
1060 2326 1403 2397 dijudicans
1444 2327 1762 2399 populum.
1810 2329 1958 2381 Nam
1986 2329 2046 2380 et

385 2415 649 2472 haeretici
675 2414 1008 2486 dijudicare
1036 2415 1332 2488 populum
1366 2414 1660 2486 videntur,
1720 2430 1853 2471 cum
1882 2430 2042 2469 erro-

387 2505 467 2563 ris
498 2504 591 2560 sui
615 2520 941 2577 sequacem
966 2504 1210 2560 faciunt.
1244 2504 1347 2559 Cui
1370 2504 1455 2559 rei
1502 2504 1653 2560 bene
1683 2504 2046 2559 conveniunt

385 2593 574 2650 verba
591 2593 899 2668 prophetae
930 2592 1095 2647 Ahiae
1125 2591 1402 2659 Silonitis,
1431 2593 1536 2665 qui
1565 2592 1788 2648 missus
1828 2598 1916 2648 est
1965 2593 2045 2649 ad

389 2680 716 2738 Jeroboam
754 2681 836 2736 ita
870 2679 1077 2735 dicens
1113 2697 1127 2734 :

463 2789 492 2819 «
534 2766 700 2824 Tolle
728 2767 832 2823 tibi
856 2765 1067 2823 decem
1087 2767 1398 2824 scissuras.
1431 2769 1565 2824 Haec
1590 2769 1751 2825 enim
1773 2769 1914 2825 dicit
1942 2773 2046 2825 Do-

399 2878 429 2906 «
470 2855 672 2912 minus
713 2856 864 2911 Deus
899 2855 1114 2912 Israel:
1142 2859 1287 2912 Ecce
1321 2873 1433 2928 ego
1477 2857 1751 2914 scindam
1791 2873 2045 2928 regnum

391 2966 421 2995 κ
463 2943 820 3012 Salomonis,
850 2949 907 3000 et
930 2944 1091 3000 dabo
1124 2945 1227 3000 tibi
1248 2945 1458 3002 decem
1492 2946 1701 3002 tribus.
1723 2950 1902 3003 Porro
1928 2964 2047 3003 una

391 3052 424 3088 ‹
462 3032 800 3089 remanebit
824 3033 876 3088 ei
903 3038 1147 3106 propter
1173 3051 1410 3090 servum
1432 3051 1636 3090 meum
1662 3035 1869 3103 David,
1890 3039 2047 3092 etJe-

390 3143 420 3172 ‹‹
461 3122 725 3178 rusalem
748 3121 1045 3178 civitatem
1071 3139 1259 3195 quam
1290 3123 1438 3194 elegi
1451 3141 1525 3180 ex
1543 3125 1827 3180 omnibus
1861 3125 2045 3180 tribu-

390 3234 418 3262 «
458 3210 576 3266 bus
591 3210 791 3267 Israel.
820 3231 844 3260 ι
872 3211 1086 3267 Decem
1109 3211 1270 3268 enim
1293 3213 1588 3270 scissuras
1609 3214 1927 3270 Jeroboam
1945 3231 2044 3270 ac-

390 3299 568 3372 cepit,
585 3315 726 3354 cum
745 3298 894 3369 legis
910 3305 1208 3372 praecepta
1222 3301 1508 3358 violanda
1529 3303 1831 3376 corripuit.
1848 3306 1914 3358 Et
1926 3319 2047 3359 una

389 3387 584 3443 tribus
613 3403 754 3442 cum
775 3387 981 3442 sobole
1010 3388 1200 3444 David
1224 3391 1531 3460 remansit,
1555 3390 1703 3446 dum
1732 3407 1860 3447 sors
1899 3392 2048 3447 elec-

390 3479 591 3531 torum
607 3475 782 3544 juxta
801 3475 1070 3546 Apostoli
1088 3476 1448 3545 doctrinam,
1464 3479 1526 3534 in
1548 3480 1756 3550 regula
1775 3479 1917 3536 fidei
1953 3497 2046 3536 ca-

391 3561 624 3626 tholicae
644 3561 953 3618 remansit.
981 3585 1007 3612 σι
1037 3563 1186 3628 Quia
1208 3581 1366 3620 unus
1389 3567 1701 3638 Dominus,
1726 3584 1848 3624 una
1874 3569 2044 3639 ﬁdes,

391 3666 584 3706 unum
604 3654 661 3706 et
680 3649 988 3722 baptisma
1012 3651 1252 3722 (Ephes.
1277 3659 1378 3721 IV).
1405 3678 1433 3705 κ
1458 3657 1722 3728 Denique
1752 3657 2043 3720 Roboam,

390 3739 550 3796 ﬁlius
583 3739 922 3796 Salomonis
953 3741 1078 3811 (III
1091 3742 1234 3812 Reg.
1269 3747 1410 3811 xw),
1434 3745 1540 3816 qui
1582 3744 1707 3800 utili
1741 3746 2046 3802 seniorum

391 3828 640 3885 consilio
673 3828 901 3899 relicto,
942 3828 1416 3888 adolescentium
1450 3833 1768 3899 consilium
1809 3840 2048 3890 secutus

391 3922 502 3980 est,
521 3917 658 3974 licet
686 3918 762 3974 de
785 3918 970 3974 domo
1001 3919 1189 3976 David
1210 3921 1405 3988 fuerit,
1452 3927 1654 3978 tamen
1676 3924 1739 3978 in
1768 3923 1866 3979 via
1919 3925 2049 3994 ejus

389 4022 516 4062 non
526 4007 943 4085 gradiebatur.
966 4010 1120 4065 Fecit
1133 4010 1294 4066 enim
1315 4013 1344 4064 J
1353 4011 1504 4067 udas
1527 4012 1854 4085 (Scriptura
1879 4016 2047 4084 teste)

394 4095 458 4150 in
487 4081 601 4149 illis
627 4094 840 4150 diebus
871 4096 1102 4152 malum
1128 4113 1335 4154 coram
1364 4081 1640 4172 Domino,
1671 4081 1727 4157 et
1781 4081 2047 4158 irritaves

389 4186 530 4238 runt
553 4197 694 4238 eum
716 4198 896 4254 super
925 4184 1210 4240 omnibus
1239 4200 1376 4258 quae
1411 4187 1674 4247 fecerant
1702 4196 1901 4262 patres
1954 4206 2048 4246 eo-

391 4287 530 4327 rum
558 4270 620 4325 in
645 4271 904 4342 peccatis
937 4272 1062 4327 suis
1089 4289 1227 4345 quae
1256 4285 1674 4348 peccaverant.
1709 4279 2049 4336 Ediﬁcave—

391 4362 532 4414 runt
555 4363 758 4413 autem
779 4363 837 4413 et
856 4360 968 4432 ipsi
987 4360 1101 4416 sibi
1123 4377 1259 4420 aras
1284 4369 1342 4421 et
1367 4370 1591 4424 statuas
1613 4367 1849 4424 etlucos
1867 4383 2048 4440 super

337 4439 352 4452 ’
390 4461 637 4503 omnem
675 4445 888 4503 collem
920 4449 1243 4520 excelsum,
1277 4458 1334 4509 et
1361 4455 1564 4511 subter
1590 4473 1836 4512 omnem
1866 4430 2043 4512 arbo-
2079 4430 2122 4483 θ

389 4549 519 4590 rem
545 4534 919 4592 frondosam.
938 4537 1052 4594 Sed
1079 4543 1135 4594 et
1155 4540 1482 4599 effeminati
1513 4544 1752 4600 fuerunt
1779 4545 1840 4601 in
1869 4550 2041 4612 terra,

388 4623 775 4696 feceruntque
800 4641 1012 4682 omnes
1042 4627 1520 4688 abominationes
1547 4635 1840 4704 gentium,
1885 4651 2042 4707 quas

387 4712 607 4769 attrivit
627 4713 917 4770 Dominus
940 4721 1077 4773 ante
1106 4717 1322 4776 faciem
1347 4720 1611 4778 ﬁliorum
1643 4723 1838 4780 Israel.
1858 4724 2044 4794 Signi-

385 4800 526 4858 ﬁcat
554 4802 735 4873 igitur
758 4803 955 4861 malos
978 4811 1236 4863 rectores
1270 4809 1334 4865 in
1360 4811 1640 4883 Ecclesia,
1671 4814 1777 4886 qui
1798 4815 2044 4870 terrenis

387 4889 814 4962 cupiditatibus
846 4893 1050 4965 dediti,
1073 4897 1386 4969 negligunt
1415 4917 1624 4958 curam
1649 4901 1875 4958 habere
1909 4903 2046 4958 sub-

385 4975 648 5034 ditorum
663 4984 720 5034 et
734 4979 1097 5039 delectantes
1111 4984 1170 5040 in
1184 4987 1562 5044 multitudine
1579 4989 1690 5045 sibi
1709 4990 2044 5063 obsequen-

385 5063 560 5132 tium,
586 5081 697 5121 nec
719 5073 922 5125 tamen
949 5073 1311 5144 condignam
1335 5077 1561 5134 habent
1581 5077 2042 5135 sollicitudinem

385 5151 499 5207 sibi
525 5155 1010 5216 commissorum.
1070 5165 1490 5235 Interpretatur
1528 5172 1730 5222 autem
1775 5167 2045 5224 Boboam

386 5243 646 5299 latitudo
671 5248 904 5315 populi.
940 5251 1008 5304 Et
1033 5248 1188 5306 bene
1217 5253 1470 5311 latitudo
1499 5256 1706 5329 populi
1742 5257 2045 5313 nominari

379 5338 635 5402 possunt
668 5334 774 5405 qui
806 5334 989 5393 latam
1023 5343 1081 5394 et
1109 5342 1443 5412 spatiosam
1480 5345 1642 5399 viam
1679 5345 2042 5416 gradientes,

379 5433 486 5489 per
500 5437 690 5492 quam
708 5424 881 5479 multi
903 5426 1224 5485 vaduntad
1239 5438 1516 5500 mortem,
1538 5438 1861 5503 angustam
1879 5433 2042 5488 viam

379 5520 516 5576 quae
564 5523 902 5578 paucorum
949 5519 1057 5586 est,
1105 5524 1162 5574 et
1201 5520 1282 5575 ad
1321 5525 1609 5577 aeternam
1652 5522 1834 5578 vitam
1879 5522 2046 5577 ducit

379 5592 621 5662 (Μαιεή.
647 5598 772 5667 V11),
802 5600 1034 5669 ingredi
1063 5605 1420 5666 detrectant:
1446 5610 1648 5666 relicto
1675 5626 1792 5681 que
1810 5617 2044 5665 sancto-

377 5694 516 5737 rum
536 5683 777 5766 Patrum
795 5689 1065 5760 consilio,
1089 5711 1354 5769 quorum
1385 5697 1545 5758 dicta
1569 5703 1627 5761 et
1651 5697 1928 5780 exempla
1959 5699 2041 5758 ad

2151 461 2565 534 obtemperare
2586 461 3048 535 praeceptis.hoc
3060 465 3168 531 est,
3189 475 3401 517 eorum
3418 458 3518 532 qui
3533 457 3844 530 juvenili-

2151 549 2265 604 bus
2287 550 2596 607 desideriis
2619 549 2946 623 mancipati
2980 548 3265 606 laudibus
3285 548 3508 621 iniquis
3521 551 3581 603 et
3603 545 3843 602 adula-

2151 637 2416 694 tionibus
2439 656 2541 695 eos
2563 642 2835 708 gravant,
2861 642 2918 694 et
2934 637 3080 694 ﬁtin
3103 638 3187 694 eis
3229 637 3398 710 quod
3427 652 3536 709 per
3557 635 3846 708 prophe-

2153 731 2275 782 tam
2297 727 2510 784 dicitur
2542 746 2554 783 :
2581 751 2608 778 «
2635 726 2836 793 Qualis
2857 725 3141 799 populus,
3160 725 3292 782 talis
3313 730 3405 780 est
3427 730 3485 781 et
3506 723 3841 780 sacerdos.

2155 816 2374 872 Omnes
2400 817 2560 872 enim
2589 832 2625 872 a
2647 815 2899 871 minimo
2924 831 3116 887 usque
3137 814 3212 870 ad
3243 813 3582 870 maximum
3614 812 3844 869 avari-

2153 904 2247 959 tiae
2279 905 2538 968 student,
2571 910 2626 960 et
2650 904 2791 960 czeci
2835 904 3008 959 caecis
3066 903 3353 960 ducatum
3385 903 3740 975 praebentes
3774 902 3845 956 in

2153 993 2388 1048 foveam
2419 993 2768 1066 perditionis
2809 993 3032 1066 pariter
3073 992 3300 1048 cadunt
3328 991 3474 1062 (Jer.
3527 1007 3601 1046 v1.
3635 991 3841 1045 Matt.

2152 1083 2271 1152 xv).
2305 1102 2333 1130 »
2363 1081 2590 1147 Quibus
2648 1080 3051 1136 comminatur
3107 1079 3404 1152 sapientia
3445 1077 3548 1134 Dei
3607 1077 3843 1133 dicens

2156 1171 2340 1237 (Eccl.
2373 1170 2431 1240 x)
2457 1188 2469 1224 :
2497 1192 2523 1218 ‹‹
2561 1172 2653 1225 Vae
2686 1169 2788 1224 tibi
2816 1174 2970 1224 terra
2985 1168 3159 1239 cujus
3179 1184 3284 1224 rex
3314 1183 3464 1240 puer
3489 1171 3599 1236 est,
3631 1171 3698 1222 et
3733 1182 3848 1222 cu-

2149 1260 2248 1331 jus
2277 1262 2578 1333 princ1pes
2609 1260 2952 1316 comedunt.
2981 1282 3009 1309 ι»
3040 1258 3454 1315 Etecontrario
3481 1257 3556 1312 de
3582 1261 3846 1312 sancto-

2154 1365 2289 1404 rum
2316 1351 2564 1423 populo,
2589 1355 2647 1405 et
2674 1365 2812 1420 rege
2837 1365 3049 1404 eorum
3080 1347 3308 1405 Christo
3337 1347 3650 1404 laudando
3684 1345 3845 1400 sub-

2155 1439 2442 1510 sequitur,
2461 1439 2669 1493 dicens
2704 1455 2717 1493 :
2749 1461 2776 1486 ‹‹
2803 1441 2984 1494 Beata
3011 1442 3168 1492 terra
3192 1437 3366 1507 cujus
3398 1440 3486 1492 est
3510 1452 3614 1492 rex
3637 1434 3843 1490 nobi-

2154 1525 2244 1596 lis,
2273 1527 2443 1597 etcuj
2457 1544 2522 1581 us
2554 1526 2855 1598 principes
2888 1529 3210 1580 vescuntur
3257 1524 3320 1579 in
3351 1529 3621 1596 tempore
3682 1539 3842 1587 suo,

2153 1615 2298 1686 quia
2318 1616 2523 1672 omnia
2545 1631 2921 1688 quaecunque
2952 1614 3198 1669 fecerint
3216 1612 3774 1685 prosperabuntur.
3807 1633 3840 1659 ››

2779 1703 3009 1760 CAPUT
3052 1707 3187 1758 Xlll.

2225 1816 2251 1841 ‹‹
2296 1797 2440 1849 Ecce
2483 1793 2569 1850 vir
2600 1794 2700 1850 Dei
2728 1793 2888 1849 venit
2915 1792 2990 1848 de
3019 1795 3042 1848 J
3054 1792 3172 1848 uda
3209 1791 3272 1847 in
3303 1806 3581 1848 sermone
3609 1789 3841 1846 Domi-

2155 1905 2184 1931 »
2223 1882 2283 1937 ni
2316 1883 2376 1936 in
2407 1883 2620 1948 Bethel,
2668 1881 2989 1938 Jeroboam
3038 1885 3229 1936 stante
3286 1895 3468 1952 super
3519 1879 3734 1946 altare,
3773 1885 3843 1935 et

2155 1993 2183 2020 ‹‹
2226 1972 2362 2026 thus
2414 1972 2692 2042 jaciente.
2753 1974 2817 2026 Et
2863 1969 3220 2026 exclamavit
3270 1973 3478 2024 contra
3529 1967 3726 2024 altare
3763 1969 3836 2023 in

2153 2081 2181 2108 «
2224 2075 2498 2116 sermone
2527 2059 2780 2127 Domini,
2814 2065 2869 2115 et
2897 2058 2980 2114 ait
3007 2077 3018 2113 :
3054 2057 3268 2124 Altare,
3298 2057 3505 2126 altare,
3534 2057 3666 2112 hac
3725 2055 3831 2112 di-

2154 2171 2180 2198 ‹‹
2225 2148 2301 2204 cit
2334 2149 2620 2205 Dominus
2649 2165 2662 2204 :
2697 2151 2842 2204 Ecce
2871 2147 3030 2203 ﬁlius
3056 2151 3335 2203 nascetur
3358 2145 3594 2202 Domini
3625 2146 3834 2202 David

2155 2261 2183 2287 «
2221 2238 2411 2294 Josias
2435 2238 2700 2301 nomine,
2733 2243 2790 2292 et
2818 2235 3159 2292 immolabit
3179 2250 3360 2308 super
3391 2239 3445 2290 te
3471 2233 3836 2290 sacerdotes

2155 2350 2182 2376 ‹‹
2225 2326 2619 2397 excelsorum,
2663 2325 2768 2399 qui
2808 2327 3060 2381 nuncin
3093 2330 3147 2381 te
3201 2324 3378 2380 thura
3419 2323 3832 2392 succendunt,

2156 2440 2184 2467 (ι
2223 2422 2280 2473 et
2309 2432 2452 2473 ossa
2476 2416 2797 2472 hominum
2828 2415 3108 2471 incendet
3128 2429 3307 2487 super
3326 2418 3402 2477 te,
3426 2434 3455 2462 ››
3477 2419 3535 2469 et
3559 2412 3831 2486 reliqua.

2153 2507 2333 2577 Igitur
2361 2506 2657 2578 propheta
2686 2503 2790 2576 qui
2817 2520 2853 2560 a
2883 2506 3001 2560 Deo
3031 2503 3256 2558 missus
3279 2502 3471 2558 fuerat
3496 2502 3559 2557 in
3595 2502 3830 2568 Bethel,

2154 2601 2219 2650 ut
2245 2595 2580 2667 increparet
2625 2593 2948 2649 Jeroboam
3007 2608 3188 2665 super
3229 2591 3574 2648 idololatria
3626 2607 3830 2664 quam

2155 2685 2354 2755 gessit,
2383 2689 2441 2740 et
2470 2699 2507 2739 a
2535 2683 2686 2740 falso
2718 2683 3012 2756 propheta
3043 2681 3347 2743 seductus,
3368 2680 3630 2736 comedit
3655 2680 3745 2736 ibi
3767 2687 3833 2736 et

2157 2773 2304 2828 bibit
2360 2777 2570 2828 contra
2620 2779 2989 2845 praeceptum
3049 2770 3304 2841 Domini,
3343 2775 3403 2825 et
3432 2775 3756 2842 prapterea
3786 2786 3830 2826 a

2153 2861 2324 2918 leone
2351 2861 2413 2917 in
2443 2861 2540 2916 via
2562 2861 2795 2916 occisus
2820 2865 2910 2916 est
2941 2877 2953 2914 :
2977 2860 3127 2932 quid
3151 2859 3452 2929 signiﬁcat
3478 2859 3592 2913 nisi
3621 2858 3732 2930 qui
3757 2858 3828 2914 in

2155 2949 2459 3024 prosperis
2489 2949 2756 3006 elevatur
2781 2949 2961 3004 corde
2994 2950 3019 3004 Υ
3047 2947 3130 3004 ita
3155 2953 3218 3004 ut
3247 2952 3548 3020 praecepta
3577 2948 3823 3003 Domini

2155 3043 2501 3096 contemnat
2529 3054 2566 3094 a
2595 3061 2621 3087 «
2656 3037 2828 3094 leone
2860 3037 2964 3110 qui
3001 3036 3209 3092 circuit
3237 3035 3480 3106 rugiens
3535 3051 3823 3107 quaerens

2154 3144 2339 3201 quem
2367 3127 2609 3183 devoret
2635 3128 2686 3198 (Ι
2740 3127 2906 3183 Pelr.
2941 3126 3045 3197 v.),
3078 3147 3106 3174 »
3165 3124 3343 3180 dente
3400 3124 3823 3196 persuasionis

2154 3217 2434 3286 malignae
2460 3215 2740 3286 laniatus,
2769 3232 2876 3289 per
2901 3229 3268 3271 consensum
3292 3215 3516 3286 peccati
3540 3213 3821 3268 interﬁci-

2155 3314 2286 3364 tur:
2319 3323 2388 3362 ac
2418 3322 2526 3379 per
2554 3306 2668 3361 hoc
2699 3306 3112 3362 necessarium
3141 3308 3230 3359 est
3257 3319 3497 3374 semper
3538 3319 3813 3374 quaerere

2155 3395 2447 3451 auxilium
2476 3394 2903 3466 omnipotentis
2936 3392 3057 3462 Dei,
3083 3397 3264 3464 atque
3283 3391 3694 3447 defensionem
3725 3391 3819 3465 ip-

2156 3484 2300 3551 sius,
2331 3499 2405 3539 ex
2437 3487 2557 3539 toto
2587 3481 2766 3538 corde
2819 3497 3060 3554 sperare
3117 3481 3179 3536 in
3211 3479 3619 3536 misericordia
3659 3481 3812 3551 ejus.

2158 3573 2310 3639 Quid
2335 3572 2496 3628 enim
2525 3575 2615 3627 est
2643 3571 2849 3640 homo,
2882 3569 3203 3640 cujuslibet
3233 3570 3306 3624 sit
3337 3569 3551 3632 meriti,
3585 3569 3636 3624 si
3667 3572 3820 3626 Con-

2157 3662 2362 3716 ditoris
2400 3660 2491 3715 sui
2517 3660 2882 3732 protectione
2929 3658 3239 3714 deseratur
3263 3659 3290 3714 ?
3351 3658 3502 3723 Quia
3527 3658 3818 3714 nimirum

2157 3749 2443 3822 protectio
2499 3748 2700 3804 minus
2751 3747 3093 3803 necessaria
3143 3746 3421 3813 creditur,
3478 3747 3525 3802 si
3578 3763 3818 3819 semper

2156 3838 2451 3894 habeatur
2484 3853 2495 3888 :
2533 3836 2637 3891 sed
2664 3836 2879 3892 utiliter
2908 3836 3265 3909 plerumque
3317 3835 3708 3905 subtrahitur,
3753 3842 3814 3891 ut

2159 3925 2510 3998 sibimetipsi
2537 3926 2744 3992 homo,
2797 3941 2983 3997 quam
3025 3924 3154 3979 sine
3183 3923 3284 3979 illa
3342 3923 3490 3978 nihil
3533 3923 3660 3990 scit,
3721 3940 3814 3980 os-

2159 4015 2454 4072 tendatur.
2504 4017 2708 4071 Manus
2755 4015 2933 4084 igitur
2991 4013 3089 4068 Dei
3120 4013 3450 4085 aliquando
3476 4028 3590 4068 nos
3637 4012 3813 4067 nobis

2156 4120 2264 4177 per
2291 4103 2546 4159 adversa
2582 4103 2866 4173 insinuat,
2897 4118 3033 4174 quae
3064 4102 3397 4157 nescientes
3429 4116 3542 4156 nos
3564 4102 3626 4156 in
3647 4117 3812 4173 pros-

2156 4193 2314 4266 peris
2351 4197 2568 4265 portat,
2600 4191 2744 4263 quia
2772 4191 3034 4246 destituti
3063 4191 3212 4246 dum
3234 4190 3447 4246 cadere
3468 4190 3806 4262 incipimus,

2157 4287 2214 4338 et
2244 4287 2443 4338 tamen
2466 4281 2656 4352 adjuti
2685 4281 3030 4349 retinemur,
3062 4285 3119 4335 et
3145 4279 3420 4334 doctrina
3446 4279 3529 4347 ﬁt,
3555 4278 3721 4350 quod
3748 4280 3809 4333 in

2154 4369 2332 4443 lapsu
2362 4369 2733 4442 trepidamus
2786 4375 2841 4424 et
2871 4368 3145 4423 custodia
3201 4367 3367 4440 quod
3405 4367 3468 4422 in
3499 4373 3654 4423 statu
3683 4383 3810 4439 per—

2155 4475 2496 4515 manemus.
2526 4462 2710 4514 Nemo
2729 4473 2872 4527 ergo
2904 4473 2965 4512 se
2997 4457 3250 4528 alicujus
3282 4456 3508 4511 virtutis
3541 4455 3806 4524 aestimet,

2155 4549 2335 4605 etiam
2365 4564 2504 4603 cum
2525 4546 2673 4618 quid
2695 4546 2919 4601 fortiter
2940 4547 3176 4618 poterit,
3207 4545 3352 4618 quia
3377 4545 3426 4600 si
3451 4544 3656 4600 divina
3671 4559 3808 4600 eum

2153 4636 2441 4711 protectio
2491 4635 2746 4706 deserat,
2802 4634 2885 4688 ibi
2934 4639 3176 4706 repente
3219 4633 3511 4689 enerviter
3541 4633 3809 4688 obruitur

2156 4726 2260 4782 ubi
2307 4740 2370 4780 se
2428 4723 2691 4779 valenter
2739 4730 2892 4779 stare
2943 4723 3246 4792 gloriatur.
3301 4722 3454 4784 Quid
3519 4726 3608 4776 est
3651 4721 3807 4776 enim

2153 4813 2322 4889 quod
2361 4813 2449 4868 vir
2497 4813 2595 4867 Dei
2639 4817 2847 4868 contra
2878 4811 3061 4867 altare
3093 4811 3295 4866 Bethel
3336 4811 3416 4866 ad
3445 4810 3805 4882 prophetau-

2155 4903 2304 4958 dum
2333 4901 2613 4964 directus,
2641 4905 2935 4972 praesente
2965 4915 3125 4966 rege,
3155 4900 3572 4955 auctoritatem
3610 4898 3805 4953 libera:

2155 4991 2319 5047 vocis
2351 4990 2632 5059 exercuit,
2690 4989 3086 5060 ejusdemque
3124 4989 3278 5058 regis
3324 4993 3638 5043 extensum
3681 4991 3807 5043 bra-

2157 5081 2361 5136 chium
2405 5080 2466 5135 in
2522 5079 2718 5149 rigore
2777 5077 3128 5136 mirabiliter
3185 5077 3683 5156 astrinxitnquod
3729 5084 3805 5132 ta—

2156 5186 2296 5225 men
2329 5185 2471 5224 mox
2501 5167 2962 5223 misericorditer
3018 5166 3197 5222 saluti
3248 5165 3525 5234 restituit,
3549 5166 3718 5235 cujus
3748 5166 3805 5220 in

2156 5259 2340 5314 domo
2394 5257 2679 5313 invitatus
2730 5254 3046 5311 comedere
3093 5255 3304 5322 noluit,
3333 5255 3479 5327 quia
3526 5269 3602 5308 ne
3631 5254 3806 5310 invia

2157 5347 2514 5413 comederet,
2547 5344 2965 5418 prohibitionis
2994 5344 3319 5400 DOIDlDiCtE
3360 5347 3664 5415 praecepta
3691 5359 3804 5398 ser-

2162 5436 2334 5490 vavit.
2379 5435 2490 5500 Qui
2519 5440 2720 5490 tamen
2742 5436 2802 5488 in
2825 5433 3040 5488 eadem
3070 5434 3164 5487 via
3194 5437 3252 5487 et
3277 5431 3565 5486 seductus
3621 5447 3806 5487 come-

2156 5523 2243 5579 dit
2271 5528 2328 5578 et
2354 5527 2566 5595 pastus
2617 5522 2855 5578 interiit.
2913 5522 3042 5586 Qua
3070 5521 3133 5575 in
3162 5536 3225 5575 re
3251 5518 3402 5591 quid
3441 5518 3644 5575 subtili
3677 5536 3806 5575 con-

2158 5611 2515 5667 sideratione
2563 5610 2920 5680 colligimus,
2971 5608 3120 5680 quid
3166 5609 3254 5678 (ut
3280 5609 3362 5662 ita
3393 5607 3665 5677 dixerim)
3698 5608 3807 5663 for-

2157 5700 2454 5756 mandum
2482 5699 2884 5773 suspicamur,
2911 5696 3029 5754 nisi
3057 5695 3226 5772 quod
3245 5695 3495 5754 forsitan
3522 5695 3689 5767 apud
3719 5713 3806 5755 se-
