3940 6412
97 287 195 342 673
1057 282 1312 338 ENARR.
1355 282 1424 337 IN
1464 275 1653 335 LIBRC

1057 282 1312 338 ENARR.
1355 282 1424 337 IN
1464 275 1714 335 LIBROS
1752 275 2011 336 REGUM.
2061 311 2122 324 -ι
2162 282 2234 339 IN
2273 284 2405 339 LIB.
2449 284 2539 338 III.

3420 287 3527 342 474

99 407 419 481 metipsum
447 404 684 469 tacitus,
734 408 792 462 et
837 421 950 478 pro
974 405 1293 479 praeceptis
1323 403 1646 462 Dominicis
1674 417 1762 458 re-
1791 406 1837 460 Α
1870 403 1948 460 cit
1971 421 2070 462 rex
2100 423 2320 478 aeneos,
2353 411 2409 464 et
2440 407 2826 465 tradiditillos
2853 407 3230 482 principibus
3247 409 3534 466 scutario-

100 513 231 569 gem
269 512 333 552 se
376 495 812 566 contempsisse
843 494 1150 564 gloriatus,
1208 495 1287 552 ab
1331 495 1566 551 interna
1619 507 1762 548 mox

101 584 391 644 soliditate
419 588 749 657 quassatus
779 588 890 650 est,
939 589 998 641 et
1029 584 1169 640 inde
1196 583 1249 640 ei
1277 584 1339 640 in
1369 598 1551 656 opere
1583 580 1764 654 culpa

101 674 412 748 subripuit,
444 672 607 729 unde
652 672 766 728 sibi
810 673 1001 743 gloria
1053 673 1115 729 in
1173 673 1353 730 corde
1403 670 1762 744 subrepsit?

100 770 160 822 ut
183 764 489 838 prophetae
527 761 664 818 falsi
704 762 901 818 verbis
942 762 1230 836 deceptus
1288 761 1564 827 disceret,
1615 759 1763 832 quia

101 869 482 927 nequaquam
511 852 773 925 propriae
814 852 1180 908 fortitudinis
1228 852 1424 919 fuerit,
1475 850 1643 924 quod
1683 847 1764 905 ad

102 945 251 1016 regis
280 942 466 999 verba
501 941 829 998 restitisset.
882 942 1040 997 Bene
1092 947 1294 998 autem
1355 946 1413 998 et
1465 941 1596 1012 ejus
1658 954 1762 994 ore

104 1032 302 1090 mortis
359 1030 719 1087 sententiam
780 1031 1032 1104 accepit,
1089 1032 1265 1102 cujus
1321 1028 1668 1086 seductione
1727 1042 1764 1082 a

105 1123 230 1179 vitm
257 1119 575 1194 praeceptis
604 1118 887 1182 deviavit,
933 1125 998 1176 ut
1027 1120 1166 1176 inde
1192 1135 1442 1193 pinnam
1475 1117 1766 1175 veraciter

106 1214 375 1282 sumeret,
403 1208 566 1264 unde
595 1207 839 1281 culpam
868 1209 1240 1280 negligenter
1268 1208 1632 1266 admisisset.
1663 1205 1765 1262 Hic

104 1305 295 1356 autem
327 1297 642 1353 manifeste
671 1296 1027 1368 ostenditur,
1079 1297 1248 1370 quod
1291 1300 1608 1370 peccatum
1637 1295 1764 1351 ino-

104 1387 412 1444 bedientite
433 1387 496 1442 in
520 1386 658 1458 ipsa
678 1384 856 1442 fuerit
881 1391 1073 1442 morte
1102 1387 1394 1457 laxatum,
1425 1385 1572 1459 quia
1600 1383 1760 1440 idem

103 1478 191 1534 leo
240 1477 345 1550 qui
401 1476 702 1532 viventem
768 1476 1159 1549 prtesumpsit
1214 1476 1508 1543 occidere,
1579 1489 1764 1531 ausus

105 1567 440 1636 contingere
470 1581 594 1622 non
632 1568 724 1620 est
766 1565 1056 1622 occisum.
1106 1565 1218 1632 Qui
1265 1565 1427 1621 enim
1470 1561 1764 1621 occidenti

105 1655 305 1711 habuit
331 1657 716 1728 potestatem,
748 1653 825 1709 de
855 1653 1038 1712 occisi
1067 1653 1364 1710 cadavere
1404 1650 1762 1710 comedendi

1869 509 2026 562 rum,
2054 496 2158 568 qui
2178 497 2599 554 custodiebant
2628 497 2991 553 vestibulum
3035 497 3261 571 palatii.
3292 518 3321 546 ››
3381 497 3535 563 Quid

1872 599 2014 654 ergo
2039 601 2148 657 per
2171 585 2432 656 ﬁguram
2454 587 2569 643 hoc
2590 586 2874 653 insinuat,
2891 586 3058 659 quod
3075 590 3319 660 propter
3335 601 3538 659 pecca-

1871 675 2001 728 tum
2033 674 2305 732 Roboam
2336 677 2512 733 Sesac
2539 691 2644 732 rex
2673 675 2910 748 Egypti
2934 675 3008 731 de
3058 675 3242 731 domo
3297 675 3536 731 Domini

1872 764 2186 820 thesauros
2219 765 2482 834 abstulit,
2513 769 2570 823 et
2595 766 2911 821 thesauros
2936 765 3158 836 regios,
3204 764 3316 820 nisi
3369 765 3536 838 quod

1871 853 2015 909 mali
2037 859 2292 910 rectores
2323 859 2569 928 propter
2627 854 3052 924 negligentiam
3108 869 3284 910 suam
3331 869 3535 924 regem

1871 944 2126 1017 Egypti,
2159 944 2274 1000 boc
2297 950 2402 1013 est,
2427 945 2762 1018 principem
2795 944 3180 1001 tenebrarum
3210 943 3272 1000 in
3301 946 3536 1001 Jerusa-

1874 1035 1993 1087 lem
2023 1034 2290 1106 typicam
2309 1038 2663 1106 provocant,
2686 1034 2746 1088 in
2778 1033 3100 1089 Ecclesiam
3125 1033 3401 1090 videlicet
3423 1032 3537 1089 sibi

1873 1122 2265 1178 commissam
2300 1140 2312 1178 :
2353 1122 2457 1177 ubi
2481 1109 2594 1196 ipsi
2623 1123 2701 1178 ad
2733 1126 2970 1196 tempus
2997 1123 3300 1179 dominari
3329 1122 3534 1178 viden-

1873 1215 1988 1279 tur,
2020 1211 2123 1283 qui
2154 1212 2474 1268 thesauros
2500 1212 2722 1267 domus
2749 1211 2982 1275 Domini
3009 1216 3066 1267 et
3086 1211 3402 1268 thesauros
3449 1227 3538 1268 re-

1873 1301 2002 1371 gios
2015 1300 2228 1371 aufert,
2243 1317 2382 1356 cum
2396 1301 2704 1356 scientiam
2724 1304 3070 1356 sanctarum
3093 1300 3534 1372 Scripturarum

1873 1389 2052 1444 simul
2077 1395 2134 1445 et
2162 1405 2348 1462 opera
2377 1389 2660 1446 virtutum
2686 1389 2765 1445 ab
2803 1389 3057 1445 incautis
3115 1393 3173 1444 et
3217 1388 3536 1444 desidiosis

1872 1477 2211 1536 abstrahit?
2241 1481 2418 1534 Sesac
2447 1495 2590 1550 ergo
2625 1479 2832 1549 byssus
2863 1479 3048 1534 cilicii
3095 1477 3218 1533 sive
3243 1478 3536 1547 gaudium.

1872 1567 2058 1623 cilicii
2077 1567 2516 1639 interpretatur.
2551 1571 2617 1623 Et
2635 1567 2780 1640 quia
2804 1567 3029 1640 byssus
3057 1565 3442 1622 subtilitatem
3465 1564 3540 1621 si-

1874 1655 2140 1726 gniﬁcat,
2193 1655 2452 1711 cilicium
2499 1672 2662 1723 vero,
2721 1654 2890 1728 quod
2937 1653 3012 1709 de
3047 1668 3369 1726 caprarum
3400 1652 3538 1708 setis

103 1745 396 1801 licentiam
424 1759 552 1801 non
581 1745 830 1816 accepit.
891 1744 1038 1810 Quia
1086 1744 1136 1800 is
1184 1745 1280 1800 cui
1328 1743 1509 1816 culpa
1537 1743 1600 1799 in
1638 1743 1760 1797 vita
1791 1765 1836 1819 Β
1875 1744 2208 1812 conﬁcitur,
2241 1750 2508 1818 peccata,
2540 1745 2688 1818 quid
2741 1743 2954 1800 melius
3007 1743 3070 1799 in
3125 1743 3314 1816 bysso
3344 1741 3534 1810 cilicii,

106 1835 268 1892 fuerit
283 1835 517 1908 punita,
540 1838 669 1890 erat
684 1834 814 1906 jam
829 1833 1030 1904 justus
1052 1849 1127 1890 ex
1148 1838 1362 1890 morte.
1388 1835 1450 1888 In
1471 1833 1586 1888 hoc
1603 1832 1761 1888 facto

105 1923 448 1992 ostenditur,
481 1921 652 1996 quod
695 1937 878 1978 nemo
923 1938 986 1978 se
1025 1923 1281 1994 alicujus
1331 1922 1567 1978 virtutis
1609 1919 1764 1977 aesti-

105 2028 260 2069 mare
287 2011 488 2078 debet,
521 2011 701 2067 etiam
732 2027 872 2067 cum
897 2011 1047 2084 quid
1076 2011 1301 2068 fortiter
1330 2011 1510 2082 (sicut
1537 2010 1766 2068 dictum

107 2105 206 2173 est)
229 2101 464 2174 poterit.
511 2105 626 2156 lste
669 2100 832 2156 enim
875 2100 1022 2173 quia
1071 2100 1390 2174 praeceptis
1441 2100 1766 2156 Dominicis

105 2206 297 2261 regem
321 2191 763 2262 contempsisse
793 2189 1082 2260 gloriatus
1104 2191 1346 2256 corruit,
1397 2194 1463 2246 ut
1508 2190 1768 2264 prophe-

106 2286 173 2336 tae
199 2280 330 2337 falsi
353 2279 561 2336 verbis
609 2279 900 2352 deceptus
938 2279 1212 2349 disceret,
1251 2279 1398 2352 quia
1443 2295 1568 2336 non
1623 2295 1766 2353 pro-

105 2369 239 2442 priae
266 2368 631 2426 fortitudinis
660 2367 837 2424 fuerit
861 2368 1030 2441 quod
1058 2368 1186 2439 regi
1215 2367 1549 2425 restitisset.

740 2511 972 2567 CAPUT
1007 2514 1119 2568 XIV

170 2659 197 2686 ‹‹
229 2637 293 2692 In
315 2635 535 2709 quinto
562 2639 766 2691 autem
796 2650 960 2692 anno
979 2635 1150 2706 regni
1172 2635 1472 2706 Roboam,
1497 2637 1769 2693 ascendit

110 2747 135 2774 «
167 2726 338 2782 Sesac
367 2739 476 2780 rex
504 2724 753 2796 IEgypti
790 2724 852 2780 in
881 2724 1234 2792 Jerusalem,
1273 2724 1405 2781 tulit
1451 2725 1767 2781 thesauros

108 2835 134 2862 α
161 2813 372 2870 domus
405 2813 666 2875 Domini,
698 2817 757 2869 et
785 2812 1102 2870 thesauros
1141 2813 1341 2884 regios
1383 2817 1442 2870 et
1481 2813 1766 2871 universa

109 2925 134 2953 ‹‹
163 2903 420 2976 diripuit.
460 2904 642 2959 Scuta
680 2918 927 2976 quoque
957 2919 1141 2960 aurea
1180 2919 1317 2976 quae
1349 2904 1570 2960 fecerat
1601 2902 1766 2961 Salo-

85 3015 133 3067 ,‹‹
162 3008 321 3060 ιιιοιι,
351 3008 465 3065 pro
496 2991 720 3064 quibus
768 2991 905 3049 fecit
958 2992 1230 3049 Roboam
1270 2997 1441 3049 scuta
1484 3009 1662 3060 aerea,
1711 2997 1769 3050 et

110 3080 397 3138 «tradidit
435 3097 512 3138 ea
553 3081 616 3137 in
662 3096 915 3137 manum
962 3081 1188 3137 ducum
1229 3081 1651 3152 scutariorum,
1710 3086 1768 3138 et
1801 3123 1841 3179 Ο

109 3188 132 3214 α
161 3182 364 3223 eorum
381 3166 491 3239 qui
513 3165 900 3222 excubabant
919 3171 1056 3223 ante
1078 3166 1301 3223 ostium
1321 3165 1544 3223 domus
1567 3167 1763 3237 Regis.

109 3256 427 3329 «Cumque
457 3255 874 3326 ingrederetur
925 3270 1029 3310 rex
1079 3255 1140 3311 in
1191 3255 1446 3311 domum
1506 3255 1764 3326 Domini,

110 3367 134 3393 «
164 3344 482 3418 portabant
512 3359 586 3401 ea
609 3343 716 3417 qui
735 3343 1047 3416 praeeundi
1072 3343 1384 3400 habebant
1403 3343 1692 3411 ofﬁcium,
1711 3348 1770 3400 et

110 3453 136 3486 ‹
165 3440 365 3506 postea
385 3433 782 3507 reportabant
808 3433 887 3488 ad
907 3433 1450 3489 armamentarium
1481 3434 1768 3490 scutario-

111 3545 135 3571 «
162 3539 311 3594 rum,
345 3544 374 3573 ››
403 3528 462 3579 et
491 3522 744 3595 reliqua.
775 3523 856 3578 De
879 3538 1004 3595 quo
1025 3538 1166 3592 rege
1196 3523 1257 3579 in
1281 3522 1436 3579 libro
1463 3523 1768 3597 Paralipo-

110 3627 318 3668 menon
349 3612 592 3684 plenius
633 3615 932 3674 narratur,
993 3611 1098 3668 ubi
1155 3611 1271 3668 hoc
1323 3611 1509 3667 modo
1552 3611 1770 3682 legitur

107 3701 167 3773 (ll
193 3702 332 3758 Par.
365 3703 470 3774 xu)
497 3719 511 3756 :
543 3724 573 3752 ‹‹
601 3705 774 3756 Αιιιιο
799 3706 1002 3757 autem
1029 3701 1242 3773 quinto
1267 3700 1438 3770 regni
1468 3702 1764 3769 Roboam,

109 3790 365 3846 ascendit
392 3793 578 3847 Sesac
607 3805 712 3846 rex
741 3789 988 3862 IEgypti
1007 3790 1068 3844 in
1093 3789 1444 3860 Jerusalem,
1467 3789 1613 3862 quia
1636 3806 1772 3864 pec-

109 3884 382 3936 caverunt
417 3879 700 3948 Domino,
750 3894 891 3934 cum
935 3878 1096 3934 mille
1151 3878 1426 3935 ducentis
1466 3879 1766 3948 curribus,

111 3972 160 4022 et
183 3969 493 4038 sexaginta
525 3966 795 4023 millibus
823 3967 1115 4039 equitum.
1144 3970 1260 4022 Nec
1308 3971 1436 4024 erat
1477 3983 1770 4023 numerus

112 4055 262 4127 vulgi
289 4057 395 4130 qui
423 4061 676 4114 venerat
699 4072 841 4112 cum
870 4071 942 4111 eo
972 4071 1046 4111 ex
1074 4059 1351 4128 Egypto,
1404 4057 1616 4129 Libyes
1663 4057 1774 4112 sci-

112 4143 235 4202 licet
283 4153 340 4202 et
386 4145 746 4217 'l‘rogloditae
808 4144 1134 4217 (Ethiopes,
1179 4145 1454 4218 cepitque
1505 4146 1772 4202 civitates

114 4234 537 4292 munitissimas
570 4235 634 4290 in
664 4234 842 4303 Juda,
890 4238 948 4290 et
982 4235 1141 4290 venit
1182 4246 1371 4307 usque
1409 4236 1768 4292 Jerusalem.

116 4322 363 4380 Semeias
429 4329 638 4381 autem
709 4323 1007 4396 propheta
1051 4322 1362 4393 ingressus
1402 4327 1492 4379 est
1537 4323 1616 4380 ad
1663 4327 1772 4380 Ro-

113 4408 285 4468 boam
331 4418 389 4470 et
439 4411 746 4486 principes
809 4411 984 4482 Juda,
1047 4411 1153 4484 qui
1227 4411 1574 4482 congregati
1651 4412 1773 4469 fue-

115 4505 238 4556 rant
289 4501 348 4557 in
393 4475 733 4558 Jerusalem
781 4475 1085 4570 fugientes
1132 4475 1644 4574 Sesac,'dixitque
1694 4503 1773 4558 ad
1808 4475 1850 4528 θ

116 4602 250 4644 eos:
312 4592 445 4646 Haec
505 4590 652 4646 dicit
706 4591 1044 4646 Dominus:
1106 4592 1221 4646 Vos
1288 4587 1609 4660 reliquistis
1652 4603 1770 4656 me,

119 4681 168 4730 et
217 4693 324 4748 ego
372 4678 594 4752 reliqui
642 4695 750 4734 vos
802 4680 864 4734 in
924 4695 1112 4735 manu
1169 4682 1364 4736 Sesac.
1424 4681 1774 4735 Consterna-

120 4764 264 4837 tique
294 4768 598 4841 principes
635 4767 821 4824 Israel
857 4773 915 4825 et
941 4784 1048 4824 rex
1077 4768 1395 4825 dixerunt:
1436 4770 1638 4824 Justus
1687 4771 1776 4823 est

119 4853 411 4912 Dominus.
441 4858 718 4930 Cumque
754 4857 1002 4914 vidisset
1048 4858 1336 4913 Dominus
1374 4857 1542 4930 quod
1579 4856 1774 4912 humi-

120 4939 231 4998 liati
259 4950 477 5014 essent,
507 4945 704 5002 factus
728 4951 818 5002 est
847 4960 1045 5002 sermo
1079 4945 1310 5002 Domini
1340 4947 1419 5002 ad
1453 4945 1771 5011 Semeiam,

122 5029 347 5091 dicens:
431 5035 588 5101 Quia
674 5035 971 5092 humiliati
1030 5040 1190 5103 sunt,
1242 5050 1366 5092 non
1422 5034 1773 5106 disperdam

124 5133 254 5175 eos:
328 5123 617 5197 daboque
691 5124 778 5180 eis
835 5123 1171 5198 pauxillum
1228 5123 1464 5191 auxilii,
1525 5127 1583 5179 et
1649 5139 1774 5178 non

126 5208 344 5268 stillabit
404 5213 576 5269 furor
635 5228 808 5270 meus
863 5229 1048 5287 super
1100 5211 1428 5268 Jerusalem
1482 5227 1591 5284 per
1645 5227 1774 5267 ma-

126 5310 259 5354 num
307 5301 502 5359 Sesac.
557 5304 982 5359 Verumtamen
1031 5302 1085 5357 ei
1137 5301 1395 5357 servient
1460 5305 1525 5356 ut
1585 5300 1778 5356 sciant

128 5383 454 5448 distantiam
509 5391 814 5447 servitutis
869 5408 1044 5462 meae,
1107 5395 1166 5448 et
1238 5389 1531 5445 servitutis
1606 5389 1775 5458 regni

131 5475 420 5534 terrarum.
478 5480 742 5536 Recessit
782 5481 986 5553 itaque
1039 5481 1216 5536 Sesac
1257 5493 1362 5534 rex
1411 5477 1658 5549 rEgypti
1697 5477 1774 5531 ab

131 5560 440 5625 Jerusalem
496 5568 753 5626 sublatis
801 5570 1097 5626 thesauris
1153 5568 1374 5624 domus
1433 5566 1668 5622 Domini
1721 5573 1778 5622 et

134 5647 330 5710 domus
369 5657 553 5729 regis,
594 5659 922 5732 omniaque
975 5675 1182 5714 secum
1233 5657 1380 5725 tulit,
1427 5661 1484 5712 et
1533 5656 1778 5728 clypeos

137 5751 328 5801 aureos
380 5764 541 5822 quos
603 5747 820 5807 fecerat
875 5749 1183 5818 Salomon,
1245 5761 1357 5820 pro
1412 5745 1636 5819 quibus
1692 5745 1776 5803 fe-

1874 1849 2064 1907 quam
2094 1835 2352 1890 versutia
2382 1833 2610 1890 fraudis
2633 1833 2966 1898 diabolicae,
3015 1833 3076 1888 in
3141 1830 3539 1904 persuasione

1876 1927 2260 1994 peccatorum
2291 1922 2479 1996 accipi
2508 1927 2701 1995 potest
2720 1922 2748 1976 ‘2
2777 1923 2954 1977 Sesac
2981 1920 3142 1976 enim
3157 1919 3541 1992 Jerosolymi-

1874 2015 2049 2068 tanas
2079 2028 2227 2084 opes
2258 2011 2468 2080 aufert,
2502 2028 2642 2068 cum
2672 2010 2955 2067 diabolus
2983 2009 3088 2082 qui
3113 2009 3328 2065 callide
3383 2008 3541 2064 deci-

1875 2099 1981 2172 pit,
2007 2105 2065 2156 et
2089 2101 2312 2169 gaudet
2339 2101 2399 2156 in
2423 2099 2803 2156 multitudine
2823 2102 3212 2171 peccatorum
3234 2096 3541 2152 ecclesias-

1874 2188 2024 2244 ticos
2051 2205 2326 2262 quosque
2358 2206 2394 2246 a
2424 2189 2670 2244 scientia
2691 2185 3003 2260 spirituali,
3038 2192 3097 2242 et
3132 2201 3313 2258 opere
3357 2187 3540 2240 virtu-

1875 2281 2005 2334 tum
2031 2277 2361 2351 depraadat,
2395 2293 2618 2351 eosque
2642 2277 2748 2350 qui
2768 2275 3132 2332 videbantur
3159 2274 3221 2330 in
3278 2272 3541 2329 Ecclesia

1875 2366 2077 2422 decori
2106 2383 2256 2434 esse,
2288 2366 2577 2440 spoliatos
2609 2381 2812 2420 secum
2842 2364 2906 2420 in
2944 2363 3298 2420 barathrum
3346 2361 3542 2435 perdi-

1875 2454 2054 2510 tionis
2082 2471 2204 2510 suae
2226 2455 2537 2524 demergit,
2561 2468 2800 2509 necnon
2822 2457 2879 2508 et
2897 2451 3047 2507 illud
3065 2450 3234 2524 quod
3252 2449 3415 2507 idem
3435 2464 3540 2504 rex

1875 2548 2044 2600 scuta
2073 2561 2257 2600 aurea
2285 2561 2421 2617 quae
2450 2543 2668 2600 fecerat
2695 2559 2799 2598 rex
2828 2541 3114 2598 Salomon
3143 2539 3387 2596 abstulit
3429 2553 3541 2611 pro

1873 2633 2096 2708 quibus
2123 2633 2258 2689 fecit
2288 2649 2391 2689 rex
2418 2632 2688 2688 Roboam
2721 2636 2891 2687 scuta
2918 2645 3076 2686 aerea
3104 2633 3160 2684 et
3179 2626 3423 2684 tradidit
3461 2620 3542 2682 ea

1875 2726 1936 2779 in
1968 2739 2159 2779 manu
2189 2724 2416 2778 ducum
2440 2721 2860 2788 scutariorum,
2881 2720 2960 2776 ad
2982 2717 3267 2775 eumdem
3296 2731 3541 2772 sensum

1874 2812 2133 2886 respicit.
2162 2811 2448 2868 Salomon
2479 2811 2640 2866 enim
2663 2813 2833 2866 scuta
2853 2823 3038 2866 aurea
3055 2805 3322 2863 condens
3343 2809 3544 2862 custo-

1874 2903 2055 2958 dibus
2080 2902 2302 2958 domus
2333 2917 2457 2956 suae
2483 2900 2668 2969 dedit,
2730 2915 2870 2955 cum
2928 2897 3293 2969 Redemptor
3341 2898 3544 2951 noster

1875 2991 2248 3064 spiritualem
2281 2989 2593 3046 scientiam
2624 3004 2732 3061 per
2760 2988 2884 3044 duo
2907 2989 3263 3043 testamenta
3286 2983 3543 3040 doctori-

1873 3080 1990 3135 bus
2019 3078 2293 3135 Ecclesiae
2327 3078 2404 3135 ad
2435 3077 2723 3134 tuendam
2749 3075 2992 3148 plebem
3023 3090 3196 3130 suam
3238 3087 3543 3128 commen-

1874 3167 2059 3225 davit.
2094 3170 2255 3222 Hanc
2285 3166 2569 3238 antiquus
2586 3164 2774 3220 hostis
2799 3179 2904 3236 per
2924 3161 3220 3218 incuriam
3240 3163 3542 3214 rectorum

1876 3258 2187 3326 abstrahit,
2220 3257 2365 3328 quia
2403 3271 2542 3310 cum
2564 3253 2772 3310 intenti
2801 3257 2940 3308 sunt
2960 3251 3142 3307 rebus
3170 3249 3416 3306 terrenis
3433 3247 3542 3303 mi-

1877 3362 2116 3420 nusque
2152 3361 2362 3400 curam
2423 3344 2498 3399 de
2542 3341 2882 3399 coelestibus
2933 3339 3132 3396 ofﬁcio
3190 3337 3440 3411 pristino
3488 3341 3546 3392 et

1877 3435 2124 3492 scientia
2153 3433 2514 3501 denudatos,
2541 3431 2718 3504 quasi
2745 3431 2808 3486 in
2838 3429 3023 3485 domo
3053 3427 3299 3501 propria
3324 3424 3544 3499 opibus

1878 3524 2188 3597 spoliatos,
2211 3521 2544 3594 dereliquit.
2567 3519 2834 3591 Denique
2864 3518 3011 3574 tales
3043 3533 3182 3573 cum
3209 3530 3395 3572 sensu
3421 3513 3541 3588 spi-

1875 3613 2033 3671 ritali
2076 3612 2362 3686 privatos,
2415 3627 2476 3666 se
2527 3609 2922 3682 conspiciunt,
2979 3623 3085 3680 per
3137 3604 3544 3678 eloquentiam

1877 3704 2204 3760 verborum
2235 3702 2477 3774 copiam
2506 3703 2786 3773 quaerunt
2810 3701 3108 3771 quatenus
3129 3711 3340 3752 eorum
3371 3708 3547 3749 sono-

1877 3793 2068 3858 ritate,
2104 3792 2266 3847 velut
2286 3795 2595 3846 scutorum
2625 3803 2920 3844 aereorum
2950 3785 3251 3851 ﬁrmitate,
3275 3787 3546 3839 tutamen

1881 3887 2088 3938 contra
2116 3883 2318 3937 hostes
2346 3895 2458 3953 pro
2517 3877 2802 3948 subjectis
2861 3875 2975 3931 sibi
3033 3875 3364 3946 opponant.
3430 3869 3547 3926 Sed

1879 3975 2108 4044 quanto
2139 3987 2222 4025 aes
2245 3974 2332 4024 est
2353 3969 2524 4024 vilius
2554 3965 2798 4021 metallo
2819 3964 2972 4030 auri,
3004 3967 3172 4019 tanto
3200 3959 3444 4016 inferior
3456 3962 3547 4014 est

1879 4075 2042 4116 vana
2084 4057 2427 4132 eloquentia
2474 4071 2628 4111 vera:
2688 4052 3042 4126 eloquentia:
3100 4051 3318 4106 fructu.
3380 4047 3544 4104 Unde

1880 4162 1989 4221 per
2016 4147 2348 4219 quemdam
2385 4146 2718 4217 sapientem
2773 4142 2849 4197 de
2897 4139 3239 4213 eloquentia
3283 4137 3544 4192 dicitur:

1882 4259 1912 4287 ‹‹
1943 4236 2051 4293 Ubi
2082 4235 2346 4306 plurima
2361 4234 2562 4301 verba,
2596 4233 2679 4288 ibi
2704 4232 3046 4304 frequenter
3076 4233 3312 4300 egestas
3338 4227 3546 4295 (Prov.

1880 4328 2008 4397 xm)
2039 4342 2051 4380 :
2086 4348 2113 4375 »
2139 4327 2204 4380 Et
2233 4324 2292 4379 in
2323 4322 2574 4395 psalmis
2601 4323 2682 4377 ita
2707 4320 2925 4391 legitur
2975 4336 2988 4375 :
3053 4338 3083 4372 ‹
3114 4318 3209 4374 Vir
3236 4316 3549 4385 linguosus

1884 4437 1912 4464 ‹‹
1947 4430 2068 4470 non
2124 4413 2412 4482 dirigetur
2456 4427 2637 4484 super
2694 4415 2914 4465 terram
2941 4409 3132 4480 (Psal.
3181 4422 3303 4462 xm.
3343 4425 3364 4458 ι
3398 4407 3549 4460 Nam

1883 4505 1958 4561 de
2017 4503 2309 4577 sapientia
2364 4501 2445 4558 ita
2497 4501 2785 4573 scriptum
2833 4504 2940 4555 est.
3005 4521 3033 4548 «
3065 4496 3367 4571 Sapientia
3418 4510 3552 4568 pre-

1883 4594 2090 4651 tiosior
2133 4597 2221 4649 est
2271 4590 2501 4648 cunctis
2559 4589 2816 4663 opibus;
2877 4592 2934 4644 et
2977 4587 3185 4643 omnia
3247 4600 3384 4656 quae
3449 4583 3551 4638 de-

1883 4683 2241 4748 siderantur,
2295 4696 2418 4736 non
2477 4678 2680 4735 valent
2753 4678 2806 4732 ei
2859 4673 3218 4747 comparari.
3276 4670 3552 4740 Longitu-

1883 4772 1963 4828 do
2011 4771 2246 4826 dierum
2306 4770 2366 4822 in
2419 4767 2666 4823 dextera
2722 4765 2854 4836 ejus
2907 4768 2964 4818 et
3002 4763 3064 4817 in
3123 4760 3362 4816 sinistra
3392 4757 3550 4812 illius

1882 4859 2103 4916 divitiae
2158 4862 2216 4914 et
2266 4855 2458 4926 gloria
2535 4855 2740 4925 (Prov.
2800 4853 2937 4921 V111).
2976 4869 3002 4899 ι
3078 4849 3190 4916 Qui
3239 4862 3382 4902 vero
3441 4862 3550 4919 op-

1882 4953 2209 5022 portunam
2265 4944 2677 5000 defensionem
2756 4939 3026 4996 Ecclesiae
3085 4936 3210 4993 vult
3271 4935 3550 4991 exhibere

1883 5041 2093 5091 contra
2148 5033 2458 5089 haereticos
2518 5036 2576 5086 et
2627 5034 2836 5085 contra
2893 5041 3106 5082 omnes
3135 5023 3410 5080 inimicos
3461 5039 3554 5080 sa-

1882 5124 2139 5196 pientiae,
2202 5123 2403 5193 utique
2458 5117 2826 5176 adminiculo
2881 5116 2996 5171 hoc
3032 5114 3211 5170 debet
3239 5112 3549 5186 perﬁcere.

1885 5216 2000 5267 Nec
2026 5209 2368 5282 eloquentia
2393 5207 2621 5280 aliquid
2653 5206 2731 5260 ad
2761 5206 2876 5260 hoc
2908 5204 3036 5260 sine
3065 5202 3360 5275 sapientia
3418 5216 3553 5272 pro-

1885 5300 2026 5369 ﬁcit,
2058 5299 2179 5354 imo
2210 5296 2540 5369 plurimum
2571 5299 2764 5350 nocet.
2801 5297 2976 5352 Porro
3025 5291 3193 5364 quod
3233 5289 3448 5358 legitur
3489 5287 3553 5343 in

1887 5387 2297 5460 sequentibus,
2328 5384 2496 5457 quod
2527 5383 2754 5440 bellum
2783 5381 2956 5437 fuerit
2982 5381 3133 5436 inter
3174 5377 3445 5434 Roboam
3495 5381 3554 5432 et

1884 5477 2226 5537 Jeroboam,
2256 5480 2313 5530 et
2341 5479 2461 5528 Asa
2514 5488 2718 5542 regem
2768 5469 2943 5538 Juda,
2995 5473 3177 5539 atque
3230 5466 3422 5521 Baasa
3464 5481 3553 5521 re-

1888 5583 2024 5637 gem
2058 5563 2236 5620 lsrael
2266 5562 2494 5619 cunctis
2518 5561 2736 5616 diebus
2767 5574 2996 5619 eorum,
3031 5571 3154 5612 non
3167 5554 3331 5611 aliud
3364 5553 3550 5626 signi-

1887 5657 2067 5710 ticare
2098 5659 2264 5725 puto,
2299 5667 2483 5724 quam
2509 5647 2675 5722 quod
2721 5652 2930 5702 sancta
2991 5645 3252 5700 Ecclesia
3311 5660 3446 5716 quae
3489 5643 3551 5698 in

1887 5744 2113 5802 unitate
2143 5741 2284 5799 ﬁdei
2313 5739 2593 5817 persistit,
2615 5735 2844 5794 bellum
2873 5735 3098 5794 habeat
3126 5748 3366 5806 semper
3413 5746 3554 5789 cum
