3940 6436
132 303 234 358 ινη

1132 303 1389 361 ΕΝΑΒΒ.
1420 305 1491 361 1N
1534 302 1787 361 LIBROS
1815 301 2081 362 RBGUI.
2115 332 2185 349 --
2226 305 2297 363 IN
2332 304 2463 363 LIB.
2487 302 2560 359 ΙΙΙ

3452 307 3559 365 ωε

137 426 460 493 gnomento
490 422 690 492 Segub
721 423 940 482 amisit.
974 425 1149 491 Quod
1184 426 1266 483 ita
1296 426 1563 485 futurum
1609 429 1790 483 Iosue
1825 430 1874 485 Α
1906 430 1971 482 Et
2000 427 2153 484 sicut
2181 427 2612 487 Melchisedech
2641 427 2703 484 in
2734 427 3055 500 Scripturis
3080 428 3201 502 (qui
3232 429 3441 501 utique
3470 432 3559 502 ty-

139 529 274 571 cum
305 528 444 569 eam
472 513 842 571 destructam
872 514 1243 572 anathemati
1272 515 1532 572 traderet
1574 516 1796 588 impre-

139 601 332 660 cando
360 601 658 674 prtedixit.
689 624 716 651 «
744 602 1115 673 Maledictus,
1138 603 1441 676 inquiens,
1468 605 1559 661 vir
1585 620 1795 663 coram

138 690 411 761 Domino,
442 690 552 764 qui
582 690 959 749 suscitaverit
982 697 1043 748 et
1070 692 1455 751 aediﬁcaverit
1495 693 1795 751 civitatem

133 780 363 837 Jericho
391 782 535 850 (los.
565 781 665 849 v1).
688 802 716 832 ››
736 785 802 837 In
830 780 1235 853 primogenito
1256 799 1370 839 suo
1395 782 1797 841 fundamenta

134 870 288 927 illius
316 870 520 941 jaeiat,
550 874 608 925 et
625 869 687 927 in
711 870 1043 928 novissimo
1070 870 1399 929 liberorum
1437 876 1625 944 ponat
1654 887 1790 944 por-

136 963 225 1015 tas
250 959 406 1030 ejus.
439 959 594 1024 Quia
647 973 792 1016 vero
846 959 1017 1017 Ahiel
1060 960 1136 1017 de
1184 960 1383 1018 Bethel
1423 961 1726 1019 destructa
1756 977 1792 1018 a

131 1051 303 1105 losue
331 1052 516 1121 atque
546 1048 1054 1106 anathematizata
1068 1050 1303 1107 Jericho
1324 1050 1551 1107 mmnia
1568 1055 1795 1107 restau-

133 1142 239 1204 rat,
270 1153 411 1193 cum
439 1137 580 1210 quis
616 1152 830 1194 eorum
860 1137 966 1210 qui
995 1137 1057 1196 in
1103 1139 1362 1197 Ecclesia
1392 1139 1669 1197 habitum
1697 1155 1789 1195 re-

132 1226 364 1296 ligionis
394 1231 833 1299 assumpserat,
887 1227 969 1283 ad
1007 1228 1248 1297 agenda
1304 1229 1528 1286 scelera
1569 1246 1704 1302 quae
1735 1229 1791 1285 ei

134 1316 416 1372 Dominus
442 1318 614 1372 Jesus
642 1315 704 1373 in
753 1315 852 1372 die
896 1315 1281 1388 baptismatis
1314 1318 1787 1385 condonaverat,

129 1404 275 1461 redit
317 1422 332 1460 :
391 1420 671 1477 quasque
722 1406 852 1478 ipse
902 1406 1509 1464 anathematizaverat
1562 1406 1791 1465 diaboli

130 1509 405 1567 pompas.
443 1493 752 1551 luxuriose
779 1494 1042 1552 vivendo
1070 1496 1301 1568 repetit,
1347 1512 1487 1552 cum
1516 1512 1788 1553 errorum

131 1582 439 1653 dogmata,
466 1583 564 1641 vel
590 1583 901 1655 gentilium
923 1583 1188 1655 fabulas,
1214 1585 1450 1643 veritati
1469 1585 1789 1642 Ecclesias-

129 1671 252 1727 ticaa
290 1686 418 1744 qua
455 1671 728 1728 imbutus
758 1676 849 1729 est
875 1674 1052 1745 quasi
1093 1674 1171 1731 de
1223 1673 1422 1731 Bethel
1476 1675 1790 1746 egrediens

1902 532 2050 589 pum
2081 518 2267 586 gessit
2284 516 2624 588 Salvatoris)
2653 517 2825 588 origo
2856 522 3104 587 tacetur,
3130 517 3213 574 ita
3247 521 3304 575 et
3326 517 3560 585 Eliee,in

1901 604 2059 662 illius
2086 606 2251 664 enim
2295 606 2781 679 praeﬁguratione
2833 622 3025 677 genus
3057 606 3304 665 minime
3348 623 3560 665 narra-

1902 698 2017 761 tur,
2043 709 2185 753 cum
2211 695 2410 753 subito
2440 711 2666 753 nomen
2691 695 2851 753 illius
2887 695 3302 768 introducitur,
3336 712 3409 753 ex
3437 712 3563 770 qua

1902 783 2061 840 tribu
2089 783 2185 841 vel
2212 783 2447 841 familia
2476 789 2643 841 ortus
2669 784 2742 842 sit
2793 785 3044 842 minime
3072 785 3390 858 profertur.
3423 788 3561 843 Tor-

1902 889 2040 930 rens
2072 873 2254 931 Cison
2281 874 2388 946 qui
2418 878 2475 931 et
2502 875 2701 931 Carith
2716 875 3139 947 interpretatur
3172 876 3454 946 cognitio,
3487 875 3561 931 si-

1900 979 1973 1018 ve
2002 964 2281 1033 concisio,
2311 962 2409 1018 vel
2433 964 2667 1031 divisio,
2698 964 2863 1036 quod
2892 964 3142 1020 iudaice
3171 963 3400 1038 populo
3421 979 3562 1021 con-

1901 1064 2114 1119 gruere
2145 1050 2549 1108 certissimum
2574 1054 2683 1107 est.
2725 1056 2912 1109 Panes
2938 1068 3083 1110 vero
3135 1056 3191 1109 et
3220 1068 3431 1109 carnes
3487 1068 3560 1109 ex

1899 1138 2121 1211 quibus
2154 1140 2329 1208 Elias,
2380 1140 2862 1198 ministrantibus
2912 1141 3126 1209 corvis,
3184 1146 3397 1215 pastus
3447 1146 3558 1212 est,

1900 1244 2086 1300 Opera
2109 1229 2345 1301 pietatis
2368 1233 2425 1284 et
2452 1229 2838 1302 obsequium,
2869 1230 3037 1303 quod
3067 1231 3261 1288 eidem
3304 1231 3560 1288 Domino

1900 1332 1936 1373 a
1964 1316 2247 1375 ﬁdelibus
2277 1333 2349 1375 ex
2408 1318 2635 1391 populo
2673 1320 3020 1376 Judzeorum
3066 1320 3398 1376 exhibitum
3451 1324 3557 1387 est,

1899 1407 2325 1479 praeﬁgurasse
2354 1424 2478 1465 non
2510 1408 2768 1465 dubium
2810 1412 2923 1466 est.
2979 1409 3230 1466 Siccatio
3286 1409 3560 1466 torrentis

1899 1495 2289 1552 abolitionem
2346 1496 2647 1566 signiﬁcat
2708 1497 2881 1569 legis,
2940 1514 3149 1571 quam,
3206 1497 3560 1554 adveniente

1902 1583 2225 1654 Salvatore,
2254 1585 2314 1642 in
2346 1586 2692 1644 carnalibus
2723 1587 3242 1644 observationibus
3270 1586 3562 1643 defecisse

1900 1678 2131 1730 eertum
2156 1680 2264 1731 est.
2323 1675 2604 1733 Nonnulli
2653 1675 2861 1733 volunt
2889 1676 3059 1733 aliter
3095 1675 3363 1746 intelligi,
3395 1674 3561 1747 quod

131 1761 330 1817 ruinas
357 1760 597 1818 Jericho
643 1762 981 1819 resuscitat.
1030 1763 1351 1835 Meritoque
1396 1764 1531 1821 talis
1581 1779 1787 1820 coram
1818 1785 1861 1841 Β
1899 1762 2075 1819 nobis
2101 1763 2418 1823 dissonum
2448 1780 2580 1821 esse
2611 1764 2867 1831 videtur,
2898 1765 3264 1837 quibusdam
3293 1764 3353 1821 in
3391 1763 3558 1823 locis.

132 1849 376 1906 Domino
408 1849 796 1922 maledictus,
824 1856 883 1908 et
905 1851 1172 1924 primum
1202 1852 1466 1910 ﬁliorum
1498 1853 1559 1909 in
1574 1852 1789 1909 funda.

132 1939 283 1996 tione
320 1938 565 1997 nefarias
592 1939 868 2004 civitatis,
890 1945 948 1997 et
967 1941 1372 1999 novissimum
1396 1943 1456 2001 in
1478 1948 1789 2014 portarum

132 2028 423 2099 positione
449 2028 670 2087 amittit
694 2029 841 2101 quia
888 2034 944 2087 et
974 2029 1371 2089 fundamenta
1398 2030 1538 2087 ﬁdei
1569 2048 1606 2088 a
1661 2031 1792 2103 qui-

131 2116 241 2172 bus
260 2117 426 2175 bona
463 2117 720 2176 aediﬁcia
748 2119 1056 2189 inchoare,
1088 2124 1147 2176 et
1172 2119 1434 2178 claustra
1481 2120 1659 2177 bona:
1687 2135 1787 2179 ac-

132 2205 298 2263 tionis
322 2207 549 2279 quibus
579 2208 786 2280 perﬁci
828 2207 1145 2276 debuerat,
1175 2208 1390 2281 perdit.

733 2388 960 2445 CAPUT
1019 2389 1175 2446 XVII.

195 2585 223 2615 vt
249 2566 313 2621 Et
334 2564 487 2621 dixit
513 2564 667 2622 Elias
682 2564 991 2624 Chesbites
1013 2565 1089 2622 de
1104 2565 1546 2623 habitatoribus
1559 2566 1788 2623 Galaad

132 2674 157 2699 α
187 2653 260 2708 ad
289 2653 539 2710 Achab:
577 2654 735 2710 Vivit
762 2654 1052 2710 Dominus
1088 2655 1243 2711 Deus
1271 2655 1474 2722 Israel,
1517 2655 1578 2712 in
1609 2656 1784 2726 cujus

133 2763 158 2791 α
188 2748 515 2816 conspectu
548 2747 659 2810 sto,
692 2744 740 2799 si
764 2743 871 2800 erit
892 2744 1067 2803 annis
1097 2744 1189 2800 his
1216 2760 1313 2800 ros
1339 2749 1397 2800 et
1418 2744 1644 2817 pluvia,
1672 2744 1787 2800 nisi

133 2852 157 2878 α
184 2831 349 2901 juxta
375 2831 501 2889 oris
529 2832 648 2888 mei
678 2832 885 2889 verba.
918 2836 986 2889 Et
1014 2833 1241 2888 factum
1269 2839 1359 2889 est
1389 2833 1643 2889 verbum
1677 2834 1787 2889 Do-

135 2942 159 2969 α
189 2920 330 2976 mini
350 2921 429 2977 ad
453 2921 831 2988 eum,dicens
856 2922 1119 2978 :Recede
1144 2923 1284 2978 hinc
1313 2929 1373 2978 et
1395 2922 1552 2978 vade
1577 2928 1788 2978 contra

134 3030 159 3058 α
188 3009 561 3077 orientem,et
579 3010 885 3067 absconde
916 3016 969 3067 te
993 3012 1054 3067 in
1086 3016 1344 3068 torrente
1374 3012 1570 3069 Carith
1581 3012 1686 3084 qui
1704 3016 1792 3067 est

1898 1850 2302 1911 Abseonditus
2332 1860 2421 1909 est
2445 1854 2770 1925 (inquiunt)
2796 1853 2952 1910 Elias
2980 1858 3183 1911 noster
3210 1853 3271 1910 in
3304 1856 3562 1909 torrente

1900 1940 2119 2007 Carith,
2144 1941 2251 2013 qui
2279 1942 2700 2013 interpretatur
2731 1944 2959 2009 calvus,
2984 1946 3042 1998 et
3083 1942 3166 1998 ibi
3195 1941 3271 1999 de
3299 1946 3561 1999 torrente

1896 2028 2067 2096 bibit,
2091 2046 2231 2087 cum
2260 2031 2323 2086 in
2347 2031 2624 2087 calvariae
2649 2031 2805 2094 loco,
2826 2031 2929 2088 ubi
2954 2030 3311 2088 abscondita
3334 2036 3426 2087 est
3450 2030 3565 2086 vir-

1898 2122 1991 2172 tus
2024 2118 2223 2187 gloria;
2257 2119 2408 2189 eius,
2430 2119 2505 2175 de
2534 2124 2793 2176 torrente
2813 2119 3190 2175 mortalitatis
3209 2123 3426 2175 nostra;
3444 2119 3561 2175 Do-

1897 2206 2100 2263 minus
2135 2207 2417 2277 gustavit.
2446 2208 2615 2267 Corvi
2645 2212 2846 2265 autem
2876 2208 3209 2281 pascebant
3224 2207 3432 2277 Etiam,
3453 2208 3558 2263 de-

1897 2296 2152 2353 terentes
2177 2296 2230 2352 ei
2258 2313 2481 2369 panem
2512 2302 2569 2354 et
2590 2313 2803 2354 carnes
2826 2314 3007 2356 mane
3034 2302 3091 2353 ct
3117 2297 3375 2369 vesperi,
3416 2313 3558 2353 cum

1898 2385 2194 2454 gentilitas
2216 2385 2292 2442 de
2320 2386 2634 2456 nigredine
2664 2391 3048 2459 peccatorum
3080 2386 3343 2453 veniens,
3370 2385 3561 2443 Chris~

1897 2479 1957 2530 to
1990 2475 2242 2531 Domino
2271 2474 2525 2532 salutem
2553 2481 2823 2533 nostram
2849 2475 3149 2542 esurienti,
3170 2491 3395 2548 panem
3418 2473 3560 2531 ﬁdei

1898 2568 1955 2622 et
1980 2580 2151 2636 spem
2180 2565 2628 2622 resurrectionis
2658 2581 2766 2638 per
2790 2567 3044 2637 gratiam
3074 2566 3204 2637 ejus
3223 2564 3561 2622 illuminata

1898 2654 2091 2720 offert,
2129 2670 2309 2710 mane
2354 2653 2649 2721 videlicet,
2699 2654 3064 2724 evangelicae
3095 2653 3563 2727 praedicationis.

1899 2745 1968 2801 Et
1995 2742 2136 2801 item
2167 2758 2394 2815 panem
2441 2748 2500 2800 et
2526 2759 2742 2803 carnes
2772 2744 3007 2817 vesperi
3038 2743 3305 2801 similiter
3351 2742 3562 2812 defert,

1899 2845 2038 2891 cum
2065 2832 2347 2891 eamdem
2363 2831 2550 2889 ﬁdem
2572 2849 2766 2905 usque
2780 2833 2859 2889 ad
2883 2832 3068 2890 ﬁnem
3079 2832 3293 2890 mundi
3312 2846 3565 2889 servans

1898 2919 2462 2989 incontaminatam,
2518 2939 2662 2980 cum
2717 2923 2918 2980 carnis
2970 2923 3409 2980 resurrectione
3463 2935 3563 2976 ve-

1898 3009 2079 3067 nienti
2094 3011 2285 3082 judici
2304 3016 2682 3082 praesentem
2702 3015 2842 3070 Post
2858 3013 2985 3069 dies
3001 3016 3203 3069 autem
3221 3011 3567 3084 aliquantos

136 3120 159 3147 ει
182 3105 381 3156 contra
402 3100 733 3156 Jordanem
764 3105 820 3157 et
845 3101 931 3156 ibi
958 3101 1034 3156 de
1064 3105 1322 3157 torrente
1352 3101 1544 3171 bibes,
1563 3102 1788 3157 corvis-
1819 3140 1869 3199 Ο
1900 3121 1927 3148 α
1959 3099 2218 3156 siccatus
2240 3103 2332 3155 est
2362 3103 2618 3169 torrens,
2649 3119 2680 3155 ›
2726 3100 2875 3172 quia
2909 3104 3334 3157 consummato
3380 3114 3563 3155 cursu

135 3210 160 3236 κ
187 3203 299 3260 que
338 3188 601 3262 praecepi
632 3194 698 3245 ut
724 3194 980 3263 pascant
999 3195 1053 3246 te
1082 3190 1186 3247 ibi.
1215 3190 1372 3246 Abiit
1399 3206 1541 3260 ergo
1569 3195 1627 3246 et
1656 3190 1792 3246 fecit

137 3298 162 3325 «
185 3279 350 3346 juxta
376 3278 637 3334 verbum
667 3279 936 3335 Domini:
971 3296 1234 3352 cumque
1266 3279 1517 3335 abiisset
1546 3280 1699 3335 sedit
1726 3279 1787 3335 in

137 3388 163 3413 κ
191 3371 443 3424 torrente
477 3368 678 3429 Carith
710 3368 816 3440 qui
846 3373 938 3424 est
984 3374 1194 3425 contra
1236 3369 1583 3424 Jordanem.
1615 3368 1789 3425 Corvi

136 3476 161 3504 κ
190 3470 427 3529 quoque
460 3455 819 3513 deferebant
843 3458 899 3513 ei
939 3473 1164 3529 panem
1207 3462 1265 3514 et
1300 3473 1517 3514 carnes
1567 3474 1785 3513 mane:

136 3565 159 3592 ιι
190 3543 451 3602 similiter
472 3561 700 3619 panem
730 3550 789 3603 et
815 3562 1028 3603 carnes
1068 3547 1320 3620 vesperi,
1350 3551 1408 3602 et
1435 3546 1685 3604 bibebat
1711 3546 1788 3602 de

135 3652 160 3681 α
192 3638 464 3691 torrente.
486 3635 635 3691 Post
660 3634 789 3691 dies
811 3640 1014 3692 autem
1041 3636 1384 3709 aliquantos
1414 3636 1672 3692 siccatus
1701 3639 1791 3692 est

135 3743 160 3771 α
188 3725 431 3793 torrens,
464 3739 594 3780 non
622 3724 784 3780 enim
799 3723 1035 3797 pluerat
1056 3741 1239 3798 super
1265 3729 1508 3781 terram.
1539 3747 1567 3776 ι)
1594 3724 1789 3781 Prius-

133 3825 310 3881 quam
330 3812 658 3884 allogorice
684 3812 835 3885 quid
862 3813 978 3870 ista
1001 3814 1342 3884 signiﬁcent
1395 3814 1786 3881 disseramus,

132 3896 266 3956 libet
295 3901 599 3975 inquirere
632 3903 805 3974 juxta
836 3902 1259 3974 moralitatem,
1282 3903 1431 3976 quid
1486 3908 1574 3959 est
1620 3903 1789 3975 quod

134 3987 242 4043 ait:
274 4012 300 4042 α
336 3990 493 4048 Vivit
523 3990 815 4047 Dominus
863 3992 924 4048 in
975 3992 1149 4063 cujus
1205 3996 1539 4064 conspectu
1597 3997 1708 4049 sto.
1735 4013 1786 4073 _»

138 4075 442 4135 Sciendum
469 4084 566 4136 est
591 4080 758 4153 quod
790 4080 1033 4137 duobus
1062 4080 1262 4136 modis
1294 4080 1357 4137 in
1395 4086 1789 4154 conspectum

138 4164 359 4225 Domini
384 4171 689 4237 venimus,
721 4185 864 4225 cum
892 4169 955 4226 in
979 4173 1248 4226 extremo
1272 4169 1502 4240 judicio
1532 4175 1671 4227 ante
1686 4170 1788 4226 tri-

136 4252 307 4312 burial
330 4257 461 4328 ejus
489 4258 850 4314 assistimus.
878 4262 1027 4316 Nam
1048 4258 1282 4331 quoties
1306 4259 1638 4316 Conditoris
1655 4274 1792 4315 nos-

138 4342 203 4396 tri
227 4347 556 4416 potentiam
587 4347 665 4402 ad
688 4363 934 4403 sensum
961 4347 1328 4415 reducimus,
1346 4348 1518 4405 toties
1537 4348 1597 4404 in
1620 4363 1790 4404 cons~

139 4436 303 4501 pectu
322 4434 479 4493 illius
509 4436 941 4493 stamus.Unde
969 4441 1128 4493 recte
1156 4452 1319 4495 nunc
1347 4451 1454 4508 per
1473 4436 1668 4492 virum
1688 4436 1788 4492 Dei

140 4519 312 4577 Etiam
341 4523 595 4580 dicitur:
621 4526 809 4582 «Vivit
836 4526 1123 4582 Dominus
1143 4526 1298 4581 Deus
1329 4525 1514 4582 Israel
1528 4526 1591 4583 in
1613 4526 1787 4597 cujus

139 4618 449 4683 conspectu
479 4617 594 4670 sto.
648 4635 678 4665 ››
709 4614 811 4671 Hic
841 4615 1014 4686 cujus
1043 4615 1105 4671 in
1171 4619 1498 4687 conspectu
1552 4614 1790 4673 Domini

140 4700 246 4754 stat
260 4704 322 4756 ut
340 4699 596 4759 ﬁdeliter
614 4702 801 4771 vivat,
819 4703 936 4760 illic
954 4707 1022 4761 ut
1043 4705 1332 4761 veraciter
1348 4720 1637 4762 coronam
1654 4704 1789 4761 vitae

141 4788 627 4860 accipiat.Thesbi
655 4791 1011 4861 igiturunde
1042 4793 1198 4850 Elias
1214 4793 1516 4851 Thesbites
1548 4794 1784 4860 dicitur,

141 4873 332 4933 civitas
346 4879 774 4937 cstGalaaditis
800 4881 1384 4953 regionis.Ceeterum
1406 4883 1789 4955 spiritualiter

143 4962 283 5021 Elias
310 4968 532 5025 rectius
559 4969 662 5027 Dei
694 4970 834 5027 Filio
864 4971 1230 5028 assimilatus
1255 4980 1367 5036 est,
1389 4972 1485 5029 cui
1501 4977 1559 5029 et
1586 4977 1787 5029 aueto~

141 5051 269 5109 ritas
296 5061 352 5112 et
370 5073 595 5115 nomen
626 5060 747 5116 veri
770 5059 872 5115 Dei
900 5060 1177 5131 congruit
1198 5079 1212 5117 :
1234 5060 1387 5117 Elias
1399 5061 1561 5119 enim
1587 5062 1787 5117 Domi-

140 5154 244 5198 nus
267 5146 420 5202 Deus
448 5147 892 5221 interpretatur,
916 5151 1040 5206 sive
1067 5151 1247 5220 fortis
1270 5151 1447 5221 Deus,
1478 5150 1643 5222 quod
1675 5164 1785 5205 no-

142 5244 267 5288 men
297 5235 766 5296 substantialiter
793 5238 896 5295 Dei
946 5238 1088 5295 Filio
1148 5239 1320 5305 inest,
1368 5238 1782 5297 auctoritatem

147 5318 244 5374 sibi
266 5323 539 5382 videlicet
575 5325 833 5384 faciendi
877 5327 1028 5401 quid
1058 5327 1194 5386 velit
1222 5327 1571 5385 naturaliter
1598 5327 1789 5383 vindi-

144 5423 293 5465 cans.
326 5417 403 5470 De
453 5431 580 5487 quo
635 5432 745 5490 per
798 5416 1185 5474 Psalmistam
1237 5416 1488 5473 dicitur:
1536 5438 1565 5467 «
1600 5416 1788 5473 Fortis

145 5494 438 5571 Dominus,
469 5509 686 5578 potens
735 5506 797 5563 in
844 5505 1053 5579 prtelio
1084 5505 1294 5577 (Psal.,
1326 5509 1509 5573 χχιιι).
1548 5526 1577 5555 ››
1607 5505 1787 5562 Thes-

146 5584 282 5645 bites
310 5598 511 5650 autem
560 5596 875 5665 captivam
933 5596 1053 5652 sive
1108 5606 1451 5653 convertens
1504 5594 1787 5667 interpre-

149 5679 305 5749 tatur,
337 5690 491 5741 sicut
519 5690 575 5743 et
625 5686 700 5743 de
734 5687 989 5745 Domino
1050 5687 1338 5759 scriptum
1397 5689 1486 5741 est
1513 5702 1527 5741 :
1554 5707 1582 5735 «
1639 5687 1790 5742 Con-

149 5772 595 5853 verte,i)o:nine,
617 5776 1028 5850 captivitatem
1054 5780 1327 5836 nostram
1345 5775 1536 5845 (Psal.
1559 5779 1784 5843 mw.»

1898 3187 2210 3259 praesentis
2243 3188 2399 3258 vitai,
2424 3210 2452 3239 «ι
2485 3188 2775 3261 absorpta
2804 3190 2913 3245 erit
2951 3204 3121 3245 mors
3138 3188 3201 3244 in
3232 3186 3482 3244 victoria
3509 3186 3562 3257 (ι

1901 3278 2036 3335 Cor.
2081 3280 2147 3341 Ι).
2179 3298 2207 3326 ››
2240 3276 2423 3334 etiam
2455 3299 2482 3327 α
2511 3276 2666 3334 ultra
2693 3293 2860 3334 mors
2900 3292 3022 3333 non
3051 3276 3179 3343 erit,
3218 3289 3416 3347 neque
3440 3274 3565 3330 luc-

1898 3371 2219 3437 tus,ueque
2236 3369 2487 3432 clamor,
2510 3381 2647 3437 quae
2662 3366 2861 3438 prima
2870 3365 3147 3422 abierunt
3165 3364 3561 3435 (Apoc.xx1).s

1900 3457 2063 3511 Hanc
2093 3454 2312 3511 etenim
2342 3454 2799 3524 intelligentiam
2847 3454 3127 3527 prudenti
3153 3452 3359 3510 lectori
3388 3451 3564 3508 relin-

1897 3544 2164 3616 quimus,
2198 3543 2246 3601 si
2276 3544 2435 3603 hanc
2465 3544 2577 3601 sibi
2599 3543 2815 3615 eligere
2842 3543 3113 3610 voluerit,
3133 3558 3279 3615 quia
3296 3541 3562 3601 nobisde

1898 3648 2219 3691 corvorum
2243 3632 2543 3703 refragare
2571 3633 2806 3690 videtur
2832 3632 3150 3691 intellectu.

1971 3739 2004 3775 α
2028 3722 2243 3779 Factus
2265 3726 2355 3777 est
2382 3721 2562 3790 igitur
2587 3738 2786 3781 sermo
2805 3722 3041 3779 Domini
3070 3720 3150 3778 ad
3179 3737 3317 3778 eum
3331 3719 3561 3776 dicens:

1900 3832 1928 3860 «
1959 3813 2148 3880 Surge
2176 3816 2236 3867 et
2266 3809 2412 3867 vade
2443 3810 2505 3867 in
2529 3813 2777 3884 Sarepta
2809 3810 3187 3868 Sidoniorum
3203 3813 3260 3866 et
3286 3807 3563 3865 manebis

1901 3923 1929 3951 ‹‹
1962 3899 2065 3957 ibi.
2096 3900 2354 3972 Praecepi
2379 3899 2541 3956 enim
2556 3899 2640 3957 ibi
2659 3899 3122 3966 mulierividuaa,
3141 3902 3207 3953 ut
3226 3900 3561 3969 pascatte.»

1899 3990 2137 4046 Mittitur
2167 3988 2323 4045 Elias
2350 3989 2696 4061 pascendus
2720 3989 2799 4045 ad
2839 3987 3242 4056 alienigenam
3273 3985 3557 4042 viduam:

1899 4078 2028 4134 haec
2050 4078 2228 4146 igitur
2256 4077 2442 4134 vidua
2471 4078 2741 4148 gentium
2770 4077 3046 4147 designat
3076 4074 3561 4146 Ecclesiam,quie

1899 4182 1937 4223 a
1965 4182 2076 4223 suo
2107 4165 2332 4223 diutius
2384 4167 2702 4225 Conditore
2757 4167 3012 4231 deserta,
3063 4163 3360 4238 populum
3420 4161 3564 4220 ﬁdei

1899 4271 2077 4324 verae,
2110 4260 2168 4311 et
2191 4260 2364 4311 rectae
2395 4256 2661 4313 veritatis
2691 4256 2988 4327 nescium,
3016 4255 3197 4328 quasi
3228 4268 3561 4326 pauperem

1898 4345 2088 4402 ﬁlium
2124 4359 2314 4414 egena
2347 4344 2526 4417 stirpe
2555 4346 2876 4413 nutriebat,
2910 4346 2969 4402 id
3018 4350 3109 4402 est
3158 4344 3327 4400 verbi
3366 4343 3565 4398 fructu

1900 4451 1974 4491 ex
2003 4443 2174 4507 parte
2202 4434 2482 4508 docebat,
2500 4435 2694 4493 donec
2725 4435 3056 4494 adveniens
3083 4451 3281 4493 sermo
3308 4432 3565 4506 prophe-

1901 4524 2073 4591 ticus,
2106 4524 2211 4596 qui
2242 4524 2540 4581 exsiccato
2569 4524 2784 4583 vellere
2818 4525 3046 4583 lsraelis
3081 4526 3330 4597 (utpote
3356 4522 3565 4579 clausa

1901 4612 2035 4670 ccali
2060 4614 2271 4684 janua)
2319 4614 2767 4685 periclitabatur
2818 4614 2881 4671 in
2934 4615 3163 4683 iudica,
3212 4615 3565 4685 pasceretur

1898 4702 2002 4767 ibi,
2039 4702 2218 4758 simul
2253 4706 2311 4759 et
2358 4707 2650 4774 pasceret,
2678 4706 2734 4759 et
2762 4707 3041 4775 receptus
3068 4700 3345 4759 videlicet
3372 4715 3409 4755 a
3439 4713 3564 4753 cre-

1898 4791 2203 4858 dentibus,
2231 4795 2289 4847 et
2326 4790 2603 4848 reﬁciens
2660 4792 2791 4863 ipse
2822 4791 3152 4848 credentes.
3188 4787 3352 4843 Unde
3403 4785 3561 4842 bene

1897 4882 2026 4937 haec
2056 4879 2269 4937 eadem
2304 4878 2486 4935 vidua
2515 4879 2577 4934 in
2610 4881 2859 4949 Sarepta
2886 4878 3143 4934 Sidoniae
3173 4875 3389 4932 dicitur
3426 4890 3562 4931 esse

1895 4973 2150 5027 morata.
2185 4967 2433 5024 Sidonia
2462 4968 2689 5041 quippe
2719 4968 2957 5023 inutilis
2998 4966 3253 5032 venatio,
3311 4965 3562 5035 Sarepta

1895 5074 2039 5117 vero
2061 5058 2431 5126 incendium,
2453 5056 2547 5114 vel
2576 5057 2861 5127 angustia
2908 5058 3085 5127 panis
3116 5055 3555 5128 interpretatur,

1894 5146 2041 5219 quia
2072 5169 2096 5196 ιι
2140 5146 2244 5200 ubi
2298 5145 2629 5201 abundavit
2657 5149 2994 5217 peccatum,
3041 5143 3562 5216 superabundavit

1895 5240 1953 5295 et
1973 5234 2166 5305 gratia
2197 5237 2387 5303 (Rom.
2420 5236 2494 5306 v).
2533 5258 2562 5285 ››
2596 5234 2703 5291 Ubi
2728 5234 2912 5290 rebus
2939 5234 3325 5307 supervacuis
3348 5232 3556 5304 acqui-

1893 5323 2117 5387 rendis,
2151 5321 2328 5395 quasi
2357 5323 2701 5396 occupandi
2740 5338 2886 5380 cura
2938 5321 3425 5394 impendebatur,
3452 5318 3558 5376 ubi
3642 5356 3647 5361 ι

1896 5415 2042 5473 diras
2078 5412 2204 5471 sitis
2226 5412 2575 5469 incendium
2621 5411 2924 5485 panisque
2950 5408 3233 5482 spiritalis
3258 5412 3438 5466 antea
3458 5406 3561 5464 ﬁe-

1895 5501 2330 5572 batangustia,
2389 5501 2473 5557 ibi
2522 5501 2721 5558 farina
2775 5500 3099 5571 oleumque
3148 5513 3251 5555 ore
3299 5496 3558 5570 prophe-

1897 5594 2012 5651 tico
2053 5590 2444 5649 benedicitur.
2480 5613 2507 5641 κ
2567 5594 2710 5657 Quae
2762 5589 3005 5646 volebat
3051 5587 3177 5644 duo
3220 5587 3387 5656 ligna
3437 5584 3560 5643 col-

1895 5682 2079 5752 ligere
2103 5681 2393 5754 priusque
2423 5686 2774 5739 moreretur.
2810 5702 2839 5729 »
2883 5682 3011 5736 Non
3065 5676 3164 5734 hic
3222 5675 3351 5735 solo
3410 5674 3559 5745 ligni

1896 5770 2163 5844 nomine,
2208 5770 2317 5832 sed
2376 5770 2560 5831 etiam
2602 5784 2860 5830 numero
2922 5766 3251 5839 lignorum,
3313 5766 3558 5837 signum
