3940 6404
1947 197 1978 216 ο

375 275 481 331 479

1476 274 1833 332 ANGELOMI
1873 270 2332 329 LUXOVIENSIS
2370 274 2684 331 MONACHI
3685 278 3782 334 480

378 399 571 454 crucis
594 399 970 471 exprimitur,
994 415 1118 471 quo
1149 399 1324 456 nobis
1355 405 1442 456 est
1469 401 1646 474 panis
1691 400 1821 456 vitae
1873 415 2027 472 praa-
2070 403 2117 454 Α
2147 403 2316 454 ratur
2368 400 2595 456 malitia
2659 400 3030 466 Judaeorum,
3092 399 3198 454 sed
3254 399 3530 455 misertus
3583 403 3777 474 populi

377 492 626 560 paratus
658 493 914 545 aeternae.
948 489 1324 544 Benedicitur
1355 489 1546 545 farina
1573 491 1704 560 ejus
1729 494 1784 545 et
1813 488 2033 556 oleum,

377 577 494 633 hoc
532 581 640 645 est,
675 578 867 647 gratia
913 579 1183 648 corporis
1241 578 1533 634 Dominici
1583 584 1640 636 et
1695 577 2036 634 chrismatis

378 667 600 733 unctio,
655 665 773 721 sive
819 667 1047 723 fructus
1095 671 1150 723 et
1210 667 1478 724 hilaritas
1525 668 1849 734 charitatis,
1898 681 2036 740 quae

380 770 520 810 cum
546 754 933 826 impenditur,
965 771 1085 811 non
1114 755 1400 812 defecisse
1435 756 1683 812 dicitur:
1716 780 1744 807 «
1781 756 2035 812 Hilarem

380 844 541 898 enim
590 843 861 900 datorem
902 844 1093 914 diligit
1135 847 1288 900 Deus
1339 845 1426 915 (II
1452 847 1591 902 Cor.
1624 851 1723 912 ιχ).
1754 867 1782 894 ››
1842 845 2040 901 Vidua

380 936 582 987 autem
604 931 716 988 ista
745 949 933 1005 quam
961 933 1249 988 Dominus
1279 949 1404 989 non
1426 934 1732 1004 frumenti,
1765 933 1874 990 sed
1904 949 2036 989 ver-

378 1019 441 1075 bi
470 1035 626 1092 pane
653 1021 962 1093 pascebat,
987 1021 1200 1078 eadem
1234 1021 1367 1094 ipsa
1397 1027 1504 1090 est,
1539 1022 1613 1077 de
1661 1038 1786 1095 qua
1823 1021 2039 1077 dicitur

378 1107 438 1163 in
471 1108 760 1164 Psalmis:
805 1132 833 1160 ‹‹
884 1109 1137 1165 Viduam
1195 1110 1326 1180 ejus
1383 1109 1746 1166 benedicens
1790 1109 2038 1166 benedi-

379 1211 514 1251 cam
534 1198 658 1266 (Ps.
694 1213 882 1262 cxxxr,
914 1219 942 1245 η
975 1203 1032 1254 et
1060 1197 1313 1270 reliqua.
1361 1198 1526 1254 lllam
1559 1198 1798 1265 scilicet,
1819 1199 1894 1254 de
1915 1214 2039 1270 qua

377 1290 432 1340 et
455 1285 677 1340 Paulus
712 1285 792 1341 ait
821 1288 1012 1352 (Rom.
1044 1287 1183 1356 vn):
1218 1288 1444 1341 Mortuo
1477 1287 1622 1355 viro,
1657 1287 1880 1359 quibus
1936 1302 2038 1342 vo-

378 1373 458 1430 let
485 1375 710 1446 nuptiis
738 1374 926 1430 libera
957 1380 1063 1444 est,
1114 1375 1259 1447 quia
1302 1375 1612 1432 desinente
1655 1376 1800 1446 legis
1847 1376 2040 1432 littera

383 1463 578 1533 (cujus
609 1463 746 1518 ﬁnis
769 1463 1034 1519 Christus
1062 1466 1175 1534 est)
1197 1463 1276 1519 ad
1297 1464 1500 1534 gratia!
1523 1465 1858 1521 libertatem
1885 1469 2040 1519 tran-

385 1549 567 1605 situm
638 1550 889 1614 faciens,
949 1551 1208 1608 Ecclesia
1262 1553 1535 1609 videlicet
1580 1554 1656 1610 ad
1717 1553 2035 1622 Christum,

381 1638 557 1710 quasi
599 1639 785 1696 vidua
833 1639 981 1708 legis
1041 1640 1265 1712 nupsit.
1321 1641 1505 1711 Hujus
1548 1658 1710 1697 nunc
1768 1641 1825 1696 in
1877 1641 2038 1696 vasis

383 1726 583 1782 oleum
610 1729 813 1798 gratiae
843 1733 899 1783 et
923 1728 1354 1784 benedictionis
1411 1729 1603 1786 farina
1643 1746 1764 1786 non
1814 1729 2034 1796 deﬁcit,
2070 1753 2109 1806 Β

382 1816 444 1872 in
470 1816 756 1881 omnibus
779 1817 897 1872 fere
926 1817 1204 1887 gentibus
1254 1819 1411 1874 fame
1439 1826 1742 1887 manente,
1774 1836 2038 1892 quarum

383 1903 553 1959 cibus
587 1904 721 1959 vita:
775 1905 1034 1960 esuriem
1104 1921 1173 1960 ac
1232 1906 1370 1962 ﬁdei
1418 1907 1710 1963 Trinitatis
1749 1908 2037 1977 inediam,

382 2007 645 2062 congrue
668 1993 1074 2064 prtetiguravit
1110 1994 1211 2050 illa
1268 1995 1582 2068 quondam
1648 1997 1903 2054 triennio
1954 1998 2039 2053 fa-

381 2097 530 2137 mes.

453 2194 481 2221 ‹‹
509 2173 754 2227 Factum
783 2177 872 2228 est
899 2176 1102 2228 autem
1137 2179 1276 2246 post
1303 2173 1490 2230 verba
1541 2175 1690 2239 haec,
1742 2177 2041 2246 agrotavit

384 2282 412 2308 «
443 2259 602 2315 ﬁlius
648 2261 916 2316 mulieris
960 2261 1451 2328 matrisfamilias,
1503 2268 1560 2320 et
1607 2269 1734 2320 erat
1779 2264 2039 2335 languor

383 2371 411 2398 «
443 2349 572 2419 ejus
610 2348 992 2419 fortissimus,
1023 2349 1102 2406 ita
1135 2357 1199 2406 ut
1233 2366 1357 2406 non
1387 2357 1723 2409 remaneret
1746 2353 1807 2409 in
1835 2369 1908 2409 eo
1927 2355 2036 2410 ha-

383 2455 411 2483 ‹‹
441 2435 598 2490 litus.
635 2437 787 2493 Dixit
815 2453 959 2508 ergo
988 2438 1068 2494 ad
1101 2439 1324 2496 Eliam.‘
1346 2440 1497 2505 Quid
1528 2441 1675 2496 mihi
1706 2445 1764 2496 et
1794 2441 1917 2511 tibi,
1948 2441 2039 2497 vir

383 2545 411 2573 «
440 2524 583 2580 Dei?
634 2529 944 2595 Ingressus
977 2543 1039 2581 es
1079 2528 1156 2582 ad
1211 2544 1330 2594 me,
1381 2533 1447 2584 ut
1492 2534 2040 2585 rememorarentur

384 2631 414 2664 ‹
442 2611 783 2685 iniquitates
814 2631 986 2684 mere,
1038 2620 1095 2670 et
1140 2616 1501 2672 interﬁceres
1531 2617 1723 2673 ﬁlium
1783 2635 1987 2674 meum
2009 2619 2037 2674 ?

382 2720 412 2748 ‹‹
448 2701 512 2754 Et
559 2700 641 2756 ait
687 2701 764 2757 ad
795 2717 964 2757 eam:
998 2705 1082 2758 Da
1131 2703 1277 2758 mihi
1306 2703 1496 2760 ﬁlium
1544 2709 1736 2760 tuum.
1767 2705 2037 2779 Tulitque

383 2808 412 2836 «
446 2803 587 2843 eum
618 2789 692 2844 de
717 2790 852 2846 sinu
883 2790 1038 2846 illius
1077 2795 1134 2847 et
1157 2793 1413 2865 portavit
1440 2793 1498 2849 in
1526 2795 1908 2850 coenaeulum
1930 2795 2037 2851 ubi

385 2897 413 2926 ‹‹
445 2876 574 2948 ipse
600 2879 906 2946 manebat,
938 2884 995 2935 et
1043 2881 1243 2952 posuit
1273 2898 1455 2953 super
1501 2883 1721 2939 lectum
1767 2901 1970 2954 suum,
2006 2907 2035 2934 »

381 2969 440 3020 et
477 2965 724 3038 reliqua.
757 2968 855 3023 Hic
885 2974 1054 3024 actus
1089 2969 1243 3041 Eliae,
1271 2970 1346 3025 de
1379 2972 1662 3027 suscitato
1695 2977 1935 3028 mortuo
1964 2973 2035 3027 ﬁ-

385 3053 464 3109 lio
479 3055 908 3157 ‘viduae,.apud
936 3074 1122 3157 quam
1162 3059 1602 3157 hospitabatur,
1634 3067 1691 3117 et
1720 3063 1894 3133 cujus
1935 3063 2035 3118 be-
2067 3101 2108 3157 ο

380 3144 836 3203 nedixitfarinte
881 3153 939 3203 et
968 3149 1120 3216 oleo,
1161 3149 1314 3205 bene
1373 3151 1648 3222 exprimit
1691 3158 1891 3208 actum
1933 3156 2036 3208 Re-

379 3233 706 3307 demptoris
731 3237 936 3304 nostri,
970 3237 1030 3292 in
1057 3239 1486 3295 resurrectione
1507 3241 1715 3312 populi
1745 3241 1822 3295 ad
1854 3241 2036 3296 ﬁdem

381 3324 670 3378 conversi.
700 3327 842 3389 Quae
891 3327 1050 3382 enim
1108 3328 1236 3382 htec
1285 3328 1470 3383 vidua
1526 3329 1740 3385 melius
1792 3329 2036 3400 intelligi

379 3416 592 3483 potest,
628 3429 817 3484 quam
875 3417 1197 3486 Synagoga
1243 3417 1615 3484 Iudaeorum,
1671 3434 1808 3490 qua;
1849 3419 2036 3490 Moysi

380 3515 548 3555 more
575 3501 822 3557 viduata
850 3502 1039 3558 ﬁlium
1070 3505 1368 3562 nutriebat
1396 3507 1734 3578 parvulum,
1781 3507 1895 3562 hoc
1925 3512 2033 3576 est,

380 3589 675 3661 populum
705 3591 1008 3647 carnalem
1064 3594 1432 3650 Iudaeorum.
1487 3595 1586 3650 Hic
1640 3611 1783 3664 ergo
1823 3595 1902 3650 ad
1952 3596 2038 3651 in-

381 3692 660 3748 gressum
720 3679 875 3745 Elite,
909 3681 1023 3736 hoc
1068 3687 1172 3745 est,
1207 3682 1530 3738 Salvatoris
1561 3683 1743 3739 nostri
1771 3683 2036 3740 inﬁrma-

375 3767 574 3837 batur,
603 3769 746 3840 quia
777 3769 836 3824 in
865 3786 1003 3825 eum
1032 3786 1152 3825 non
1184 3771 1505 3837 credendo,
1541 3773 1643 3826 sed
1672 3772 2033 3844 spernendo,

375 3856 576 3912 valida
605 3857 770 3913 febre
796 3858 1160 3913 inﬁdelitatis
1187 3860 1517 3929 aegrotavit.
1555 3860 1718 3915 Unde
1752 3866 1808 3916 et
1847 3867 2036 3917 mater

376 3945 512 4018 ipsa
543 3947 972 4018 conquerenda
1005 3947 1080 4002 de
1129 3947 1472 4003 inﬁrmitate
1512 3949 1703 4020 pueri,
1760 3950 1836 4004 ad
1893 3965 2034 4022 pro-

377 4034 619 4106 phetam
649 4035 825 4090 dicit:
858 4057 885 4084 «
916 4033 1071 4100 Quid
1103 4035 1248 4089 mihi
1279 4040 1337 4090 et
1367 4035 1494 4105 tibi,
1515 4037 1606 4091 vir
1641 4038 1783 4093 Dei?
1809 4039 2033 4109 ingres-

379 4138 481 4176 sus
501 4137 566 4176 es
589 4122 667 4176 ad
693 4138 790 4176 me
821 4127 886 4176 ut
913 4127 1459 4178 rememorarentur
1488 4124 1829 4198 iniquitates
1861 4144 2030 4196 mete,

379 4213 435 4264 et
454 4209 816 4264 interﬁceres
846 4209 1036 4264 ﬁlium
1059 4225 1262 4264 meum
1280 4212 1308 4266 ?
1337 4230 1366 4263 ›
1392 4213 1538 4268 Cum
1578 4217 1900 4286 Synagoga
1927 4217 2032 4271 Ju-

377 4294 650 4350 daaorum
671 4295 746 4350 de
778 4296 1042 4352 adventu
1076 4297 1392 4354 Salvatoris
1423 4304 1826 4374 conqueritur,
1855 4303 2032 4376 quasi

377 4384 505 4455 ipse
536 4389 691 4439 esset
719 4401 905 4441 causa
932 4387 1353 4444 interfectionis
1379 4391 1587 4462 populi
1606 4392 1856 4448 Iudaici.
1888 4394 2030 4448 Hinc

377 4452 470 4528 e—st
492 4473 656 4544 quod
686 4474 947 4547 Caiphas
979 4477 1334 4549 conspirans
1360 4452 1434 4533 de
1463 4452 1623 4536 -nece
1675 4481 1910 4548 Christi,
1951 4482 2030 4537 ad
2062 4452 2105 4504 υ

377 4561 618 4616 turbam
649 4562 763 4618 ait:
818 4586 846 4611 ‹‹
899 4565 1145 4637 Expedit
1184 4567 1344 4622 enim
1396 4573 1460 4623 ut
1488 4585 1646 4624 unus
1678 4571 1862 4625 homo
1900 4587 2029 4625 mo-

375 4649 563 4706 riatur
592 4665 699 4722 pro
727 4652 975 4724 populo,
1009 4658 1066 4709 et
1103 4670 1226 4710 non
1255 4660 1378 4711 tota
1409 4672 1558 4725 gens
1605 4663 1828 4729 pereat:
1866 4659 1921 4715 Si
1950 4659 2034 4715 di-

376 4738 665 4795 mittimus
695 4757 832 4796 eum
869 4742 975 4809 sic,
1007 4759 1219 4799 omnes
1247 4745 1491 4801 credent
1537 4747 1598 4801 in
1624 4763 1785 4803 eum.
1838 4751 1902 4803 Et
1941 4765 2035 4804 ve-

374 4827 539 4884 nient
570 4830 822 4885 Romani
862 4835 919 4886 et
949 4831 1154 4887 tollent
1182 4840 1454 4889 nostrum
1485 4835 1685 4890 locum
1711 4842 1767 4890 et
1793 4841 2032 4906 gentem

375 4918 568 4983 (Joan.
597 4934 752 4983 xvm,
790 4921 892 4990 x1).
927 4942 954 4968 »
1000 4921 1113 4976 Sed
1144 4922 1296 4976 sicut
1325 4923 1618 4994 propheta
1669 4925 1788 4990 Dei,
1839 4925 2033 4980 verbis

374 5003 573 5059 viduae
611 5020 732 5060 non
775 5015 1196 5079 exasperatus:
1229 5011 1375 5081 quin
1414 5011 1612 5082 potius
1657 5013 1929 5068 misertus
1954 5018 2036 5070 ait

377 5091 456 5146 ad
483 5107 618 5147 eam
641 5109 654 5147 :

449 5202 478 5229 ‹‹
515 5182 599 5235 Da
628 5181 774 5236 mihi
804 5182 994 5239 ﬁlium
1021 5190 1225 5241 tuum:
1275 5187 1550 5260 Tulitque
1583 5205 1723 5245 eum
1779 5189 1854 5246 de
1899 5191 2033 5246 sinu

381 5287 401 5319 ι
439 5268 598 5324 illius
625 5275 682 5326 et
720 5273 979 5343 portavit
1016 5273 1075 5328 in
1105 5275 1478 5331 caenaculum
1508 5277 1612 5333 ubi
1649 5279 1776 5351 ipse
1824 5296 2032 5336 mane-

377 5377 406 5406 α
438 5356 562 5424 bat,
593 5364 651 5414 et
678 5361 878 5431 posuit
910 5378 1092 5433 super
1119 5362 1338 5419 lectum
1369 5381 1546 5421 suum
1567 5371 1624 5422 et
1642 5369 2031 5439 expanditse,

381 5467 409 5492 «
441 5449 622 5517 atque
650 5464 895 5504 mensus
916 5456 1006 5506 est
1034 5469 1215 5524 super
1262 5469 1516 5524 puerum
1558 5456 1746 5511 tribus
1778 5457 2031 5526 vicibus,

381 5552 410 5578 «
445 5531 844 5607 clamavitque
872 5537 952 5593 ad
985 5538 1306 5594 Dominum
1337 5545 1394 5595 et
1426 5541 1539 5597 ait:
1574 5545 1844 5611 Domine,
1880 5549 2032 5601 Deus

383 5640 411 5668 α
445 5635 640 5687 meus,
672 5630 1020 5688 revertatur,
1055 5629 1407 5693 oro,anima
1428 5633 1594 5701 pueri
1625 5632 1808 5703 hujus
1831 5635 1892 5689 in
1913 5635 2031 5689 vis-

385 5721 523 5764 cera
545 5708 694 5778 ejus.
726 5732 754 5760 »
778 5713 864 5769 Ita
892 5718 950 5770 et
977 5714 1339 5788 Redemptor
1367 5723 1568 5775 noster
1619 5736 1744 5777 non
1788 5737 2034 5796 exaspe-

2147 487 2460 558 credentis,
2505 489 2632 545 tulit
2663 505 2801 545 eum
2832 489 2907 544 de
2937 489 3072 544 sinu
3116 488 3343 554 matris,
3376 505 3514 544 cum
3542 506 3676 546 eum
3705 497 3783 548 tu-

2143 575 2208 631 lit
2236 575 2309 631 de
2339 577 2563 632 carnali
2593 576 2977 632 observantia
3000 576 3172 645 legis.
3209 599 3238 625 ‹‹
3267 577 3334 632 Et
3378 577 3579 649 posuit
3617 594 3782 651 super

2147 663 2367 720 lectum
2392 682 2591 732 suum,
2623 689 2650 714 »
2677 666 2792 721 hoc
2818 669 2926 727 est,
2957 664 3364 720 demonstavit
3391 663 3443 720 ei
3471 664 3650 722 vitam
3685 667 3784 723 ha-

2145 754 2288 810 bere
2318 754 2377 810 in
2404 760 2593 810 morte
2625 771 2752 811 sua.
2787 778 2814 804 ‹‹
2856 754 3273 827 Expanditque
3316 769 3378 809 se
3435 754 3622 809 tribus
3657 756 3784 812 vici-

2144 843 2280 906 bus,
2313 848 2492 916 atque
2508 859 2753 899 mensus
2769 849 2860 898 est
2890 858 3070 915 super
3088 858 3365 915 puerum.
3393 865 3420 891 ››
3444 846 3591 899 Cum
3621 844 3786 900 Trini-

2145 931 2280 986 tatis
2301 930 2484 986 ﬁdem
2514 931 2594 986 illi
2629 931 3014 1003 praedicando
3043 936 3101 986 et
3131 929 3409 986 faciendo
3435 930 3782 988 insinuabat.

2148 1023 2213 1074 Et
2231 1019 2500 1075 clamans
2527 1019 2605 1074 ad
2637 1020 2896 1086 Patrem,
2942 1019 3127 1074 dixit:
3173 1041 3200 1068 ‹‹
3235 1020 3427 1086 Pater,
3467 1019 3708 1089 ignosce
3732 1019 3788 1076 il-

2146 1108 2237 1173 lis,
2271 1109 2414 1180 quia
2461 1108 2736 1164 nesciunt
2764 1108 2913 1180 quid
2945 1107 3171 1164 faciunt
3200 1109 3368 1177 (Luc.
3397 1109 3582 1179 χχιιι).
3626 1130 3653 1159 ››
3685 1109 3788 1164 Eti-
3875 1137 3881 1144 -

2149 1202 2262 1252 tem
2291 1213 2303 1252 :
2338 1217 2367 1250 α
2400 1198 2596 1263 Pater,
2647 1197 2858 1269 inquit,
2886 1197 3146 1252 clariﬁca
3178 1196 3388 1252 Filium
3410 1201 3604 1263 tuum,
3625 1201 3688 1253 ut
3707 1197 3788 1253 Fi-

2145 1285 2258 1340 lius
2290 1290 2427 1341 tuus
2459 1285 2742 1342 clariﬁcet
2771 1291 2856 1341 te:
2897 1285 3058 1342 Sicut
3086 1284 3303 1341 dedisti
3341 1285 3395 1341 ei
3449 1291 3790 1357 potestatem

2147 1375 2344 1430 omnis
2368 1375 2587 1438 carnis,
2614 1380 2680 1430 ut
2703 1389 2884 1430 omne
2909 1373 3077 1446 quod
3107 1373 3327 1429 dedisti
3345 1373 3422 1443 ei,
3449 1374 3550 1431 det
3591 1374 3673 1430 eis
3711 1375 3789 1430 vi-

2148 1469 2268 1518 tam
2295 1470 2604 1519 aeternam.
2630 1466 2762 1518 Haec
2792 1468 2880 1518 est
2922 1467 3126 1518 autem
3156 1463 3277 1518 vita
3329 1467 3573 1531 aeterna,
3612 1467 3677 1518 ut
3704 1479 3790 1518 co-

2149 1557 2442 1620 gnoscant
2471 1557 2525 1608 te
2565 1551 2762 1607 solum
2787 1553 2975 1607 Deum
3005 1567 3238 1618 verum,
3272 1555 3330 1607 et
3357 1567 3542 1623 quem
3590 1551 3790 1607 misisti

2144 1644 2348 1696 Iesum
2371 1642 2671 1697 Christum
2712 1643 2907 1711 (Joan.
2934 1645 3100 1707 xvu).
3131 1662 3159 1690 ››

2221 1753 2248 1778 ‹‹
2287 1729 2611 1786 Exauditus
2641 1735 2731 1784 est
2763 1734 2965 1786 autem
2999 1729 3174 1797 Elias,
3207 1735 3265 1785 et
3292 1744 3536 1785 reversa
3563 1733 3653 1785 est
3680 1729 3796 1784 ani-

2149 1842 2176 1869 ‹‹
2214 1837 2312 1875 ma
2340 1821 2510 1893 pueri
2532 1820 2686 1876 intra
2715 1836 2854 1874 eum
2886 1824 2943 1875 et
2982 1819 3211 1875 revixit.
3244 1817 3526 1891 Tulitque
3557 1818 3720 1874 illum
3744 1823 3794 1874 et

2149 1910 2463 1965 «reddidit
2499 1909 2674 1965 matri
2701 1926 2846 1980 suae,
2896 1932 2923 1958 ι»
2956 1912 3106 1964 Cum
3134 1909 3424 1964 Dominus
3469 1911 3672 1964 noster
3699 1923 3794 1979 po-

2147 2021 2176 2047 «
2210 1999 2420 2071 pulum
2449 1999 2691 2054 salvans
2713 1997 3076 2066 credentem,
3105 1996 3277 2066 signa
3297 2002 3354 2052 et
3391 1995 3685 2052 miracula
3711 2011 3796 2051 os-

2149 2110 2176 2136 ‹‹
2205 2087 2486 2143 tendebat
2509 2086 2832 2142 incredulis
2843 2091 2903 2141 ut
2932 2090 3322 2155 agnoscerent
3348 2085 3626 2141 veraciter
3641 2083 3795 2141 illum

2144 2176 2364 2242 vivere,
2396 2176 2500 2248 qui
2532 2175 2718 2231 credit
2743 2175 2804 2230 in
2834 2175 3080 2230 nomine
3111 2174 3264 2244 ejus.
3304 2176 3368 2228 Et
3413 2173 3499 2229 sic
3552 2172 3793 2238 eveniet,

2146 2270 2210 2320 ut
2239 2265 2424 2320 verba
2463 2263 2728 2320 mulieris
2768 2263 3123 2320 admirantis
3151 2263 3226 2318 de
3260 2262 3549 2318 suscitato
3595 2277 3791 2334 puero,

2146 2353 2316 2426 plebs
2355 2353 2606 2409 Iudaica
2660 2354 2907 2408 veritate
2965 2356 3269 2424 superata,
3315 2351 3664 2424 przeclamet
3719 2348 3790 2406 ad

2145 2443 2443 2498 Christum
2467 2459 2535 2498 ac
2559 2442 2719 2499 dicat
2748 2459 2761 2497 :
2786 2445 2950 2498 Nunc
2975 2441 3036 2496 in
3065 2442 3177 2496 isto
3206 2439 3482 2510 cognovi,
3514 2438 3794 2512 quoniam

2146 2553 2173 2582 «
2207 2532 2297 2586 vir
2329 2531 2426 2587 Dei
2457 2547 2522 2586 es
2552 2535 2635 2598 tu,
2682 2536 2740 2587 et
2778 2529 3030 2586 verbum
3075 2529 3312 2586 Domini
3341 2529 3403 2584 in
3431 2543 3538 2584 ore
3569 2533 3669 2585 tuo
3710 2541 3795 2582 ve-

2147 2643 2174 2671 «
2203 2636 2339 2676 rum
2369 2624 2476 2677 est.
2513 2642 2541 2669 »

2745 2758 2970 2813 CAPUT
3009 2753 3204 2812 XVIII.

2219 2900 2249 2934 ‹
2285 2881 2424 2936 Post
2443 2880 2570 2935 dies
2596 2879 2818 2936 multos
2848 2880 3099 2936 verbum
3127 2878 3608 2935 Dominifactum
3620 2882 3706 2934 est
3725 2877 3793 2932 ad

2149 2993 2176 3019 ‹‹
2213 2969 2398 3024 Etiam
2427 2969 2486 3024 in
2513 2985 2674 3024 anno
2706 2971 2896 3036 tertio,
2919 2969 3159 3024 dicens:
3195 2967 3360 3025 Vade
3389 2972 3448 3024 et
3471 2965 3720 3024 ostende
3746 2971 3794 3022 te

2149 3080 2177 3111 α
2211 3058 2439 3121 Achab,
2473 3064 2536 3113 ut
2563 3059 2702 3113 dem
2748 3057 3014 3130 pluviam
3061 3073 3243 3130 super
3280 3056 3500 3112 faciem
3557 3061 3741 3113 terrea.
3768 3074 3792 3101 »

2147 3148 2291 3202 Tres
2317 3147 2459 3202 anni
2482 3147 2676 3213 famis,
2713 3146 3023 3202 scientiam
3067 3149 3288 3202 sanctae
3333 3145 3654 3215 Trinitatis,
3695 3159 3792 3217 po-

2146 3236 2290 3308 pulo
2319 3235 2669 3291 Judaeorum
2709 3235 2801 3290 vel
2830 3236 2890 3290 in
2924 3240 3044 3290 toto
3078 3233 3310 3290 mundo
3349 3233 3618 3290 defuisse
3659 3247 3793 3305 prte-

2146 3324 2512 3390 ﬁgurabant.
2546 3325 2657 3378 Sex
2684 3340 2824 3379 vero
2856 3339 3095 3379 menses
3125 3323 3204 3379 ad
3234 3339 3390 3395 opus
3413 3321 3650 3378 bonum
3678 3336 3794 3394 per-

2146 3413 2355 3482 tinent,
2383 3412 2549 3485 quod
2575 3412 2812 3485 penitus
2850 3412 3109 3468 desierat
3155 3411 3234 3468 ab
3280 3410 3415 3481 illis,
3452 3411 3533 3467 de
3583 3409 3792 3483 quibus

2147 3502 2440 3574 propheta
2467 3502 2641 3558 dicit:
2675 3525 2702 3550 «
2737 3505 2863 3557 Non
2895 3507 2983 3556 est
3007 3501 3112 3572 qui
3142 3500 3318 3557 faciat
3365 3499 3626 3567 bonum,
3682 3513 3794 3554 non

2145 3598 2234 3646 est
2262 3607 2454 3664 usque
2486 3591 2564 3647 ad
2591 3607 2802 3646 unum.
2839 3612 2866 3639 »
2921 3590 3148 3645 Abdias
3177 3589 3457 3662 princeps
3511 3588 3794 3645 exercitus

2147 3680 2344 3747 Israel,
2377 3681 2551 3750 cujus
2581 3695 2803 3736 nomen
2824 3680 3291 3751 interpretantur
3307 3694 3514 3736 servus
3545 3677 3792 3740 Domini,

2143 3768 2277 3824 illos
2310 3769 2769 3840 quodammodo
2798 3767 3226 3840 prtesignabat,
3257 3767 3362 3838 qui
3414 3784 3487 3824 ex
3520 3764 3793 3840 principi-

2143 3857 2259 3912 bus
2289 3857 2636 3912 Judaeorum
2675 3857 3052 3912 crediderant
3077 3861 3136 3912 et
3181 3860 3352 3912 erant
3381 3855 3602 3912 occulti
3635 3852 3794 3910 disci-

2144 3945 2268 4019 puli
2303 3946 2557 4013 Domini,
2607 3951 2670 4002 ut
2713 3945 3074 4002 Nicodemus
3107 3951 3166 4001 et
3203 3944 3417 4000 elateri.
3452 3948 3606 4000 Nam
3639 3939 3792 4016 quod

2145 4036 2226 4091 ait
2254 4036 2330 4090 ad
2359 4035 2690 4108 populum:
2724 4058 2751 4084 ‹‹
2807 4038 3134 4107 Usquequo
3160 4033 3511 4090 claudicatis
3554 4034 3617 4089 in
3647 4031 3790 4088 duas

2145 4129 2347 4196 partes
2366 4124 2393 4178 ‘I
2429 4147 2456 4173 ››
2487 4124 2570 4180 ita
2599 4128 2796 4197 potest
2825 4122 3090 4192 intelligi.
3124 4122 3210 4178 Illi
3236 4122 3398 4178 enim
3428 4125 3684 4194 utroque
3708 4133 3797 4190 pe-

2143 4212 2218 4268 de
2259 4211 2622 4280 claudicant,
2663 4213 2768 4284 qui
2795 4212 2915 4267 Deo
2971 4210 3193 4283 pariter
3238 4215 3297 4267 et
3351 4209 3600 4266 diabolo
3629 4207 3788 4264 obse-

2144 4301 2354 4373 quium
2377 4307 2662 4374 prtestare
2693 4301 2966 4374 cupiunt.

2218 4415 2244 4440 ‹‹
2281 4392 2387 4446 Ivit
2411 4407 2552 4460 ergo
2584 4390 2739 4446 Elias
2783 4395 2846 4446 ut
2874 4389 3216 4446 ostenderet
3270 4404 3333 4444 se
3384 4388 3613 4444 Achab.
3669 4387 3793 4442 Erat

2149 4503 2174 4527 «
2207 4485 2409 4536 autem
2435 4478 2625 4534 fames
2668 4480 2991 4534 vehemens
3017 4479 3078 4533 in
3120 4477 3410 4534 Samaria.
3440 4477 3791 4546 Vocavitque

2145 4590 2172 4616 ‹‹
2207 4567 2415 4623 Achab
2444 4568 2703 4624 Abdiam
2735 4567 3219 4640 dispensatorem
3249 4566 3471 4622 domus
3503 4579 3655 4621 sum.
3687 4584 3714 4611 ν
3742 4564 3794 4616 et

2143 4657 2573 4728 reliqua.0uod
2605 4662 2808 4712 autem
2858 4656 3013 4711 Elias
3042 4669 3418 4725 congregans
3450 4654 3793 4710 universum

2146 4745 2346 4813 Israel,
2376 4749 2587 4801 contra
2611 4745 2938 4818 prophetas
2971 4743 3111 4800 Baal
3137 4741 3536 4815 disceptabat,
3565 4741 3791 4810 illisque

2143 4835 2360 4889 frustra
2425 4833 2771 4900 nitentibus,
2836 4834 2963 4906 ipse
3020 4833 3205 4888 altare
3271 4831 3507 4887 Domini
3577 4825 3793 4886 curavit

2142 4923 2309 4994 quod
2374 4922 2745 4978 destructum
2830 4923 3044 4988 fuerat,
3130 4926 3186 4976 et
3268 4920 3393 4976 tulit
3476 4916 3791 4976 duodecim

2143 5012 2373 5083 lapides
2398 5012 2571 5082 juxta
2623 5028 2947 5067 numerum
2977 5010 3244 5066 tribuum
3277 5009 3538 5064 ﬁliorum
3590 5003 3786 5066 Jacob,

2144 5101 2223 5156 ad
2254 5116 2437 5172 quem
2484 5100 2674 5156 factus
2713 5105 2803 5157 est
2828 5115 3026 5155 sermo
3057 5098 3312 5163 Domini,
3346 5098 3584 5153 dicens:
3621 5088 3790 5149 Israel

2143 5189 2250 5245 erit
2278 5206 2502 5245 nomen
2534 5195 2705 5246 tuum
2731 5207 2744 5244 :
2783 5211 2810 5240 »
2832 5194 2886 5245 et
2918 5187 3238 5243 aediﬁcavit
3270 5186 3346 5242 de
3375 5185 3681 5259 lapidibus
3711 5179 3790 5237 a1-

2141 5283 2268 5334 tare
2317 5279 2377 5334 in
2432 5279 2678 5334 nomine
2736 5277 2989 5334 Domini.
3048 5301 3076 5329 ι
3137 5277 3410 5348 Fecitque
3469 5273 3788 5347 aquaeduc-

2145 5388 2173 5419 α
2205 5372 2332 5424 tum
2386 5369 2561 5440 quasi
2616 5384 2724 5441 per
2778 5367 2932 5423 duas
2980 5365 3386 5422 aratiunculas
3438 5365 3499 5420 in
3547 5361 3790 5419 circuitu

2144 5479 2173 5506 «
2206 5457 2440 5524 altaris,
2508 5462 2564 5513 et
2639 5456 2984 5528 composuit
3063 5454 3228 5524 ligna
3301 5453 3618 5524 divisitque
3694 5463 3791 5523 per

2143 5568 2171 5596 ‹‹
2206 5546 2481 5602 membra
2503 5547 2748 5613 bovem,
2798 5551 2854 5602 et
2881 5545 3083 5618 posuit
3137 5561 3318 5617 super
3343 5544 3526 5614 ligna,
3569 5546 3627 5597 et
3677 5540 3785 5596 ait:

2145 5657 2172 5686 ‹‹
2200 5635 2440 5708 lmplete
2466 5642 2728 5708 quatuor
2756 5635 3012 5708 hydrias
3064 5650 3246 5706 aqua,
3270 5638 3326 5689 et
3357 5632 3588 5688 fundite
3619 5642 3790 5702 super

2148 5746 2176 5775 «
2199 5725 2623 5784 holocaustum
2663 5730 2722 5782 et
2749 5739 2930 5797 super
2959 5723 3144 5794 ligna.
3205 5726 3584 5793 Rursumque
3615 5717 3787 5775 dixit:
