3940 6408
149 287 242 343 481
1121 285 1379 341 ENARB.
1425 287 1491 340 IN
1531 282 1782 342 LIBROS
1819 285 2078 346 REGUM.
2119 317 2192 332 —
2231 291 2300 346 IN
2341 289 2454 346 LIB
2492 293 2583 345 III.

3476 295 3584 352 482

153 435 179 463 ‹‹
219 410 407 468 Etiam
441 407 710 464 secundo
738 407 854 464 hoc
881 407 1074 464 facite.
1110 409 1221 475 Qui
1251 426 1390 466 cum
1415 407 1694 465 fecissent
1721 425 1809 464 se-
1839 412 1884 464 A
1919 432 1947 460 «
1989 411 2262 483 protinus
2310 413 2372 468 in
2401 417 2623 470 terram
2680 413 2887 486 posuit
2941 413 3158 472 faciem
3203 415 3357 472 inter
3387 431 3586 485 genua

152 525 178 549 «
217 499 440 567 eundo,
483 497 600 554 ait:
659 497 848 553 Etiam
879 498 1049 554 tertio
1107 498 1376 571 idipsum
1424 497 1618 565 facite,
1655 498 1806 554 fece-

151 612 176 641 ‹‹
215 594 476 661 runtque
501 592 557 643 et
585 587 776 643 tertio.
809 589 875 642 Et
903 587 1228 644 currebant
1267 604 1442 660 aquae
1473 587 1633 644 circa
1658 587 1806 644 alta—

151 703 178 730 «
215 695 297 748 re,
325 683 383 734 et
417 677 582 733 fossa
638 676 1036 749 aquaeductus
1079 676 1306 749 repleta
1355 681 1463 746 est,
1500 697 1527 724 »
1582 681 1638 732 et
1677 675 1809 732 reli-

149 784 284 842 qua.
319 765 475 833 Quid
527 765 981 822 convenientius
1034 765 1296 835 ﬁgurare
1359 769 1570 836 potest,
1621 781 1808 838 quam

148 857 308 932 quod
338 859 705 929 Redemptor
734 859 939 910 noster
968 861 1177 911 contra
1209 855 1421 911 mundi
1472 854 1807 927 principem

150 947 392 1019 ejusque
440 944 726 1002 satellites
756 944 1072 1000 decertans
1123 960 1195 1000 ac
1243 959 1561 1016 superans,
1622 944 1809 1000 altare

153 1034 372 1092 Domini
399 1033 570 1108 quod
599 1033 972 1090 destructum
1003 1033 1216 1103 fuerat,
1250 1034 1364 1089 hoc
1395 1038 1504 1101 est,
1536 1033 1807 1090 ﬁdelium

151 1141 390 1181 suorum
420 1123 607 1180 corda
633 1123 714 1180 ab
745 1124 913 1180 omni
964 1123 1101 1179 labe
1157 1123 1488 1196 iniquitatis
1538 1139 1810 1196 purgans

151 1230 310 1271 aram
355 1215 473 1270 Deo
504 1213 788 1270 dedicat?
838 1215 980 1278 Quze
1008 1229 1083 1269 ex
1123 1212 1446 1269 duodecim
1501 1212 1808 1285 lapidibus

150 1307 481 1360 constructa
511 1318 643 1359 esse
673 1308 1065 1366 memoratur,
1098 1303 1244 1376 quia
1292 1319 1366 1358 ex
1391 1303 1504 1370 his,
1537 1303 1642 1375 qui
1672 1319 1808 1376 pro-

149 1392 440 1466 pheticam
466 1396 526 1448 et
550 1392 949 1465 apostolicam
982 1392 1168 1448 ﬁdem
1200 1409 1304 1448 seu
1351 1391 1685 1448 doctrinam
1716 1408 1807 1447 se-

149 1487 426 1555 quuntur,
473 1480 820 1552 gratissima
850 1482 973 1536 Deo
1011 1497 1116 1537 ara
1165 1481 1548 1542 construitur,
1577 1481 1639 1536 in
1685 1497 1809 1554 qua

149 1569 407 1644 quotidie
451 1570 815 1627 sacriﬁcium
863 1570 1062 1627 laudis
1091 1571 1154 1627 in
1193 1571 1445 1627 odorem
1494 1571 1805 1628 suavitatis

147 1660 400 1717 offertur.
447 1659 729 1734 Fecitque
789 1661 1218 1734 aquaeductum
1262 1660 1440 1734 quasi
1496 1677 1605 1734 per
1651 1660 1806 1718 duas

146 1748 548 1807 aratiunculas
591 1749 652 1806 in
678 1751 928 1807 circuitu
959 1750 1181 1822 altaris,
1224 1767 1297 1807 ex
1323 1751 1575 1808 contrito
1605 1751 1806 1807 videli-
1835 1767 1876 1822 Β

147 1844 233 1895 cet
255 1839 454 1907 corde,
477 1843 539 1896 et
561 1839 878 1896 humiliato
901 1839 1113 1914 spiritu
1137 1840 1392 1896 flumina
1413 1839 1806 1912 producendo

145 1925 546 1999 lacrymarum
572 1943 684 2001 pro
712 1927 925 1984 timore
957 1929 1270 1998 gehennae,
1301 1933 1359 1984 et
1403 1928 1700 1985 desiderio
1735 1928 1808 1984 vi-

150 2019 216 2071 ta:
241 2021 498 2073 eterna.
531 2016 618 2073 lbi
644 2021 702 2073 et
729 2017 1072 2090 composuit
1099 2016 1286 2087 ligna,
1317 2017 1462 2090 quia
1493 2022 1550 2074 et
1574 2022 1808 2074 sancto-

145 2121 272 2162 rum
301 2105 462 2163 dicta
490 2111 550 2163 et
579 2106 737 2163 facta
765 2106 846 2163 ad
865 2106 1634 2180 exemplum,credentibus
1668 2123 1806 2163 con-

147 2193 336 2250 stituit.
370 2193 701 2268 Divisitque
731 2211 839 2268 per
894 2195 1174 2251 membra
1202 2197 1436 2264 bovem,
1490 2200 1548 2251 et
1604 2195 1807 2268 posuit

146 2299 318 2356 super
343 2284 511 2354 ligna
541 2300 681 2340 cum
713 2300 927 2341 omnes
954 2289 1124 2341 actus
1155 2300 1301 2340 suos
1336 2284 1414 2340 ad
1454 2284 1800 2357 exemplum

147 2377 484 2430 sanctorum
525 2377 768 2446 patrum
801 2372 1010 2430 ﬁdeles
1041 2373 1300 2430 formare
1346 2372 1569 2430 docuit.
1595 2373 1804 2429 Jussit-

145 2479 253 2536 que
273 2480 452 2537 super
478 2463 897 2521 holocaustem
926 2468 984 2520 et
1031 2479 1214 2536 super
1266 2463 1454 2534 ligna,
1488 2462 1674 2519 semel
1703 2463 1805 2518 ite-

143 2568 290 2624 rum,
319 2559 503 2628 atque
552 2554 741 2621 tertio,
802 2568 1026 2626 aquam
1072 2553 1424 2609 infundere:
1470 2553 1614 2626 quia
1638 2553 1806 2609 omni

1918 522 1946 549 «
1991 517 2120 570 sua,
2153 507 2210 558 et
2235 502 2382 558 dixit
2411 503 2488 560 ad
2509 519 2769 576 puerum
2791 520 2971 560 suum
2997 521 3010 559 :
3046 504 3262 578 Aspice
3288 509 3346 562 et
3375 521 3584 562 ascen-

1919 610 1948 638 ‹‹
1989 588 2064 644 de
2101 595 2312 647 contra
2342 607 2532 648 mare.
2559 592 2668 658 Qui
2699 607 2838 648 cum
2860 592 3229 650 ascendisset
3256 597 3587 650 etcontem-

1918 701 1945 727 «
1987 681 2186 753 platus
2215 686 2393 751 esset,
2421 682 2540 738 ait:
2574 683 2706 738 Non
2737 686 2828 738 est
2856 682 3216 756 quidquam.
3248 686 3312 740 Et
3339 700 3586 740 rursum

1918 790 1947 821 «
1989 769 2070 825 ait
2097 769 2216 826 illi:
2277 774 2586 828 Revertere
2634 776 2866 843 septem
2913 771 3166 828 vicibus.
3232 776 3297 828 In
3328 772 3587 846 septima

1921 877 1950 910 ι
1988 862 2189 915 autem
2205 859 2352 927 vice,
2368 876 2504 916 ecce
2528 859 2829 916 nubecula
2852 876 3044 933 parva
3065 860 3243 933 quasi
3263 861 3584 931 vestigium

1916 946 2177 1003 hominis
2207 948 2578 1004 ascendebat
2605 948 2679 1004 de
2711 948 2885 1017 mari,
2922 973 2950 999 ››
2982 955 3039 1006 et
3063 949 3312 1022 reliqua.
3335 950 3489 1016 Quid
3519 950 3583 1006 in

1917 1036 2032 1092 hac
2083 1052 2146 1092 re
2203 1037 2596 1106 signiﬁcatur,
2649 1038 2761 1092 nisi
2787 1037 2953 1110 quod
2981 1044 3262 1095 nascente
3285 1039 3390 1094 Dei
3420 1039 3584 1096 Chri-

1918 1130 2010 1182 sto
2034 1126 2174 1183 Filio
2203 1127 2357 1183 inter
2375 1127 2672 1189 homines,
2695 1132 2753 1183 et
2776 1127 3236 1185 teneritudinem
3257 1129 3455 1184 carnis
3481 1144 3586 1185 no-

1916 1221 2051 1271 strae
2081 1215 2429 1288 accipiente,
2454 1221 2781 1289 postquam
2807 1223 3065 1273 mortem
3093 1217 3376 1288 gustavit,
3404 1223 3462 1274 et
3493 1217 3582 1273 vi-

1915 1309 2044 1361 ctor
2073 1305 2148 1361 de
2178 1305 2410 1362 mundo
2441 1305 2520 1361 ad
2560 1305 2743 1361 cmlos
2769 1306 3055 1373 ascendit,
3089 1306 3347 1362 imbrem
3379 1307 3583 1377 gratiae

1915 1393 2136 1450 divinae
2168 1411 2275 1467 per
2304 1394 2713 1468 septiformem
2764 1394 3047 1467 Spiritum
3095 1395 3171 1450 de
3197 1395 3474 1468 supernis
3504 1395 3584 1452 ad

1915 1486 2104 1539 terras
2137 1484 2319 1552 misit,
2353 1483 2459 1557 qui
2489 1499 2599 1539 nos
2635 1500 2672 1539 a
2709 1489 2959 1556 peccato
2990 1483 3333 1554 mundaret,
3381 1489 3436 1540 et
3468 1484 3586 1556 spi-

1914 1572 2116 1629 ritales
2141 1571 2372 1629 fructus
2405 1573 2653 1644 gignere
2687 1572 2925 1630 faceret.

2550 1698 2780 1754 CAPUT
2825 1699 2955 1754 XIX.

1987 1845 2015 1872 «
2057 1823 2272 1879 Timuit
2301 1822 2456 1879 Elias
2485 1827 2542 1880 et
2570 1839 2822 1894 surgens
2862 1823 3010 1879 abiit
3050 1837 3419 1896 quocunque
3442 1839 3584 1878 eum

1914 1934 1942 1961 «
1984 1911 2210 1968 ferebat
2235 1911 2533 1968 voluntas.
2569 1912 2863 1985 Venitque
2889 1911 2951 1967 in
2979 1911 3273 1968 Bersabee
3301 1912 3496 1981 Judae,
3530 1915 3588 1968 et

1915 2023 1943 2050 «
1984 2000 2210 2056 dimisit
2237 2000 2320 2056 ibi
2340 2017 2599 2073 puerum
2627 2007 2891 2071 suum,et
2919 2000 3172 2073 perrexit
3189 2000 3574 2072 injdesertum

1916 2113 1943 2140 «
1985 2090 2146 2146 viam
2178 2090 2357 2146 unius
2387 2090 2521 2146 diei.
2546 2091 2817 2163 Cumque
2846 2091 3113 2146 venisset
3142 2094 3200 2145 et
3229 2089 3461 2145 sederet
3489 2105 3584 2144 su-

1922 2201 1950 2229 ‹‹
1997 2178 2130 2236 bter
2153 2195 2340 2236 unam
2361 2179 2737 2252 juniperum,
2754 2179 2962 2252 petivit
2981 2179 3198 2234 animae
3227 2195 3350 2234 suae
3377 2182 3442 2234 ut
3460 2193 3587 2234 mo-

1918 2291 1947 2320 ‹‹
1990 2272 2241 2336 reretur,
2273 2273 2328 2324 et
2357 2269 2437 2324 ait
2463 2285 2476 2324 :
2532 2267 2759 2325 Sufﬁcit
2786 2267 2955 2337 mihi,
2979 2267 3249 2334 Domine,
3285 2266 3423 2324 tolle
3453 2265 3583 2323 ani-

1916 2381 1943 2407 ‹‹
1989 2374 2155 2414 mam
2186 2374 2410 2418 meam,
2445 2373 2644 2430 neque
2673 2357 2834 2413 enim
2863 2357 3076 2413 melior
3097 2373 3235 2412 sum
3258 2372 3446 2429 quam
3475 2371 3585 2429 pa—

1914 2469 1942 2496 ‹‹
1984 2451 2101 2503 tres
2127 2447 2265 2502 mei.
2298 2446 2670 2520 Projecitque
2699 2462 2781 2515 se,
2811 2451 2868 2502 et
2892 2445 3262 2502 obdormivit
3307 2444 3421 2501 sub
3451 2461 3586 2500 um-

1914 2559 1942 2587 ‹‹
1983 2536 2094 2592 bra
2117 2535 2401 2609 juniperi,
2432 2555 2462 2587 ι
2496 2541 2555 2592 et
2578 2535 2829 2608 reliqua.
2855 2535 3055 2591 Sancti
3087 2534 3194 2590 viri
3221 2534 3348 2607 qui,
3382 2533 3584 2590 suble-

144 2623 680 2716 tempore—necesse
706 2647 798 2700 est
819 2623 998 2699 nobis
1030 2642 1239 2711 verba,
1274 2623 1590 2714 cogitat—us,
1621 2647 1796 2716 atque

1984 2631 2091 2683 .nte
2123 2625 2362 2699 Spiritu.
2423 2626 2503 2681 ad
2538 2641 2780 2682 summa
2822 2624 3159 2697 rapiuntur,
3213 2624 3490 2698 quandiu
3515 2623 3578 2679 in

145 2714 318 2804 opera
346 2733 645 2801 nostra,in
670 2749 826 2806 pura
841 2732 1110 2789 oratione
1141 2737 1322 2805 atque
1339 2714 1802 2805 compunctione
1912 2717 2027 2773 hac
2053 2717 2179 2806 Ama
2210 2720 2368 2786 sunt.
2400 2732 2476 2806 De
2507 2716 2712 2806 aliqua
2740 2715 2994 2806 θίᾶιίφηθ
3047 2714 3421 2787 superbiant,
3453 2714 3585 2786 (ἰαί-

142 2819 541 2894 lacrymarum
572 2804 890 2889 mundare,
924 2826 981 2878 et
1004 2837 1127 2878 non
1161 2804 1327 2894 prius
1354 2804 1796 2894 cessare,quam

1984 2804 2177 2861 isdam
2243 2805 2674 2862 tentationibus
2747 2804 3174 2877 reprimuntur,
3237 2807 3302 2860 ut
3363 2818 3589 2875 nequa-

145 2891 309 2966 fossse
335 2911 736 2986 aqumductus
767 2911 1133 2984 repleantur,
1163 2891 1229 2966 id
1275 2915 1377 2967 est
1414 2911 1608 2967 donec
1633 2891 1796 2967 futu-

1984 2911 2099 2950 tam
2129 2899 2360 2950 tantum
2404 2895 2695 2966 proﬁcere
2721 2893 2982 2960 valeant,
3023 2897 3323 2966 quantum
3352 2891 3582 2948 volunt.

142 3014 267 3056 rum
296 2981 909 3074 gaudium,praesenti
931 3001 1239 3057 memoriae
1271 3000 1600 3056 succedens
1615 3000 1796 3073 perfe-

1984 2984 2030 3039 ιιι
2060 3000 2136 3040 ne
2164 2983 2524 3039 extollantur
2563 2982 2866 3055 superbia,
2918 2981 3150 3038 etiamsi
3191 2981 3268 3038 sit
3295 2981 3357 3037 in
3386 2981 3474 3036 eis
3497 2981 3584 3054 ip-

144 3093 226 3147 cte
253 3071 650 3167 compleatur:
665 3092 880 3164 Sicque
901 3092 1011 3148 erit
1031 3091 1206 3163 juxta
1226 3090 1286 3146 id
1317 3091 1485 3164 quod
1509 3071 1796 3163 sequitur:
1830 3118 1876 3174 ο
1914 3071 2437 3174 εδτυξλλῄςζαωίξδω
2468 3087 2755 3174 Ψέηδξιῐξθι
2776 3071 3270 3174 imm-Pinc
3301 3074 3392 3174 3ft
3417 3071 3581 3174 ἒηίιξι

210 3222 236 3250 «
275 3200 429 3272 Ignis
460 3200 541 3256 de
567 3199 719 3256 caelo
761 3199 987 3256 cadens
1017 3198 1098 3256 ad
1144 3198 1592 3255 invocationem
1635 3199 1797 3269 Elite,

145 3309 171 3336 «
205 3290 434 3347 voravit
457 3289 908 3356 holocaustum,
927 3288 1090 3360 ligna
1119 3292 1178 3344 et
1203 3287 1456 3361 lapides,
1487 3287 1799 3360 pulverem

145 3399 170 3425 «
207 3394 441 3452 quoque
473 3383 536 3435 et
564 3393 791 3452 aquam
821 3393 958 3451 quae
989 3381 1116 3434 erat
1160 3377 1222 3432 in
1262 3375 1625 3449 aquaeductu
1649 3375 1801 3432 lam-

142 3483 171 3519 ‹
205 3466 368 3524 bens.
401 3466 580 3535 Quod
609 3484 750 3523 cum
778 3467 1027 3523 vidisset
1050 3465 1250 3523 omnis
1279 3465 1560 3539 populus,
1591 3465 1803 3522 cecidit

142 3575 170 3608 ι
204 3556 262 3612 in
290 3556 508 3617 faciem
540 3573 716 3613 suam
743 3560 800 3613 et
852 3556 971 3612 ait:
1016 3555 1304 3612 Dominus
1335 3555 1464 3628 ipse
1493 3559 1586 3611 est
1625 3558 1799 3619 Deus,

142 3667 169 3694 «
205 3645 491 3703 Dominus
519 3646 646 3719 ipse
677 3649 766 3702 est
797 3646 978 3701 Deus.
999 3666 1028 3695 »
1061 3644 1316 3711 Quando
1344 3642 1669 3700 discrimen
1704 3660 1802 3700 su-

137 3737 296 3808 perni
318 3736 542 3808 judicis
563 3736 723 3793 dicta
739 3740 795 3793 et
822 3735 1076 3805 facta,ac
1101 3739 1287 3792 totam
1313 3735 1501 3791 vitam
1527 3740 1798 3791 nostram

138 3825 383 3898 perfecte
415 3827 800 3894 examinans,
820 3825 1173 3899 probandos
1195 3841 1307 3882 nos
1330 3824 1482 3881 sicut
1501 3826 1638 3894 igne
1669 3839 1804 3897 pro-

137 3913 304 3972 batur
332 3921 675 3987 argentum,
727 3914 1100 3971 immortales
1131 3931 1202 3971 ac
1265 3914 1474 3971 beatos
1519 3913 1710 3970 factos
1741 3913 1803 3970 in

139 4003 272 4060 sede
301 4005 623 4062 collocabit
644 4011 936 4078 perpetua
961 4021 974 4059 :
1006 4009 1071 4060 ut
1097 4004 1176 4060 ad
1201 4003 1394 4060 instar
1423 4003 1690 4060 virorum
1723 4008 1801 4058 ls-

139 4093 472 4152 raelitarum
541 4095 602 4151 in
677 4098 970 4151 aeternum
1037 4093 1399 4165 gratulando
1465 4109 1797 4150 canamus:

142 4203 167 4228 α
196 4183 477 4240 Dominus
504 4184 634 4256 ipse
665 4189 757 4240 est
787 4185 964 4255 Deus,
996 4183 1124 4256 ipse
1151 4181 1288 4239 fecit
1316 4197 1428 4237 nos
1453 4187 1510 4237 et
1539 4197 1660 4236 non
1687 4179 1802 4254 ipsi

140 4285 262 4328 nos.
292 4276 407 4329 Nos
431 4276 639 4330 autem
672 4273 935 4346 populus
966 4276 1100 4342 ejus
1129 4277 1186 4328 et
1213 4288 1354 4328 oves
1393 4287 1638 4344 pascuae
1664 4270 1796 4341 ejus

141 4359 318 4429 (Psal.
350 4363 521 4434 xmx).
559 4385 588 4412 »
641 4361 922 4419 Mundato
979 4362 1182 4434 itaque
1235 4360 1407 4417 altari
1453 4359 1707 4426 Domini,
1740 4364 1798 4416 et

141 4453 502 4527 consumptis
557 4451 947 4524 holocaustis,
980 4451 1127 4508 dixit
1172 4450 1328 4507 Elias
1367 4450 1660 4524 propheta
1694 4450 1793 4506 Dei
1825 4477 1868 4530 Ι)

141 4539 213 4595 ad
241 4543 556 4616 populum.

206 4659 706 4732 «Apprehendite
763 4675 976 4716 omnes
1029 4659 1356 4732 prophetas
1416 4657 1573 4721 Baal,
1625 4663 1683 4715 et
1720 4675 1794 4714 ne

142 4766 168 4794 «
206 4762 357 4804 unus
382 4749 631 4822 quidem
689 4748 878 4819 fugiat
909 4765 982 4805 ex
1033 4749 1138 4806 eis.
1165 4768 1196 4803 ›
1256 4750 1418 4815 Quos
1461 4765 1600 4804 cum
1627 4765 1795 4804 com-

139 4837 606 4907 prehendissent,
621 4838 792 4895 duxit
817 4855 921 4895 eos
953 4839 1108 4895 Elias
1136 4838 1216 4895 ad
1239 4844 1560 4896 torrentem
1595 4839 1792 4901 Cison,

140 4925 237 4996 qui
261 4927 680 5002 interpretatur
733 4930 964 4985 duritia
1017 4945 1242 4996 eorum,
1289 4934 1346 4985 et
1375 4929 1666 4985 interfecit
1694 4945 1798 4984 eos

139 5012 236 5071 ibi.
269 5019 358 5074 Sic
386 5035 634 5093 quoque
672 5019 1036 5092 Redemptor
1061 5024 1284 5086 noster,
1319 5019 1670 5075 adveniente
1702 5018 1798 5075 die

135 5102 354 5177 judicii,
413 5110 605 5166 mittet
661 5109 910 5180 angelos
968 5126 1112 5166 suos
1170 5114 1227 5166 et
1270 5108 1550 5180 colligent
1592 5109 1800 5166 omnia

142 5195 420 5254 scandala
446 5196 522 5254 de
551 5214 739 5270 regno
769 5199 925 5270 ejus,
961 5203 1017 5256 et
1064 5214 1168 5255 eos
1198 5197 1303 5271 qui
1333 5203 1660 5270 operantur
1685 5198 1798 5254 ini-

140 5284 440 5354 quitatem,
471 5291 528 5343 et
583 5287 819 5344 mittent
848 5304 951 5344 eos
1009 5287 1069 5344 in
1101 5293 1386 5356 stagnum
1414 5287 1571 5357 ignis
1597 5291 1654 5342 et
1682 5285 1799 5342 sul-

141 5371 358 5442 phuris,
391 5375 494 5432 ubi
520 5382 610 5433 est
667 5376 862 5434 bestia
893 5383 949 5434 et
990 5376 1558 5451 pseudOprophetae,
1609 5374 1712 5431 ubi
1745 5379 1802 5432 et

143 5459 350 5518 missus
381 5471 468 5522 est
496 5465 778 5523 diabolus
810 5467 914 5540 qui
943 5465 1288 5522 deducebat
1311 5481 1438 5537 eos,
1480 5469 1536 5521 et
1569 5463 1798 5520 crucia-

143 5545 352 5608 buntur
377 5553 458 5610 ibi
497 5557 830 5612 secundum
864 5556 1148 5613 duritiam
1173 5559 1229 5612 et
1281 5554 1666 5627 impoenitens
1697 5570 1800 5611 cor

145 5652 360 5714 eorum,
391 5643 488 5700 die
514 5662 582 5702 ac
610 5649 784 5703 nocte
814 5645 875 5701 in
908 5645 1129 5702 saecula
1159 5643 1541 5700 saeculorum.

213 5779 238 5805 «
277 5759 411 5820 Post
432 5763 562 5820 haec
590 5763 746 5821 Elias
777 5763 1048 5821 ascendit
1065 5763 1128 5820 in
1147 5762 1433 5820 verticem
1457 5759 1712 5819 Carmeli
1739 5765 1798 5818 et

1913 3161 2078 3234 quod
2110 3160 2265 3217 Elias
2296 3159 2446 3215 dum
2479 3164 2564 3216 tot
2610 3158 2929 3215 virtutibus
2959 3158 3021 3214 in
3057 3157 3178 3214 alta
3206 3157 3582 3230 profecisset,

1912 3251 2182 3324 quadam
2250 3265 2537 3306 mensura
2595 3265 2925 3322 suspensus
2977 3252 3086 3316 est,
3149 3247 3299 3304 dum
3350 3246 3585 3304 Jezabel

1911 3341 2324 3414 postmodum,
2357 3339 2637 3412 quamvis
2693 3338 2991 3408 reginam,
3035 3342 3236 3394 tamen
3261 3337 3583 3394 muliercu-

1910 3429 2034 3486 lam
2060 3428 2228 3500 fugit.
2262 3427 2574 3501 Perpendo
2596 3427 2822 3501 quippe
2844 3427 3007 3483 hunc
3038 3427 3204 3482 mirae
3229 3426 3429 3482 virum
3467 3425 3583 3482 vir-

1911 3519 2050 3577 tutis
2079 3520 2284 3590 ignem
2313 3519 2388 3576 de
2419 3517 2568 3574 coelo
2594 3518 2846 3586 trahere,
2880 3522 2938 3574 et
2975 3517 3246 3574 secundo
3276 3517 3582 3590 quinqua-

1913 3608 2190 3680 genarios
2218 3609 2404 3676 viros,
2435 3625 2576 3664 cum
2606 3607 2729 3663 suis
2754 3607 3042 3664 omnibus
3069 3606 3352 3680 petitione
3381 3605 3584 3662 subita

1912 3715 2320 3766 concremare,
2339 3697 2526 3754 verbo
2555 3696 2739 3754 caelos
2759 3713 2797 3753 a
2821 3696 3040 3770 pluviis
3069 3695 3371 3766 claudere,
3393 3694 3580 3752 verbo

1913 3789 2096 3845 caelos
2126 3788 2346 3861 pluviis
2373 3787 2626 3860 aperire,
2661 3787 3053 3842 suscitantem
3081 3789 3380 3852 mortuos,
3435 3798 3581 3839 ven-

1914 3883 2047 3934 tura
2075 3893 2334 3951 qumque
2385 3876 2838 3948 praevidentem,
2866 3880 2924 3931 et
2969 3890 3107 3931 ecce
3131 3890 3343 3929 rursus
3374 3872 3580 3929 animo

1911 3967 2188 4034 occurrit,
2211 3983 2334 4039 quo
2365 3981 2589 4038 pavore
2620 3969 2758 4022 ante
2816 3980 3000 4020 unam
3042 3961 3461 4019 mulierculam
3492 3961 3582 4017 fu-

1913 4056 2014 4126 git.
2050 4055 2378 4114 Considero
2408 4055 2604 4111 virum
2634 4053 2847 4110 timore
2904 4052 3254 4127 perculsum
3285 4052 3360 4108 de
3391 4067 3582 4108 manu

1909 4145 2011 4202 Dei
2039 4149 2293 4202 mortem
2323 4150 2523 4218 petere
2565 4159 2676 4201 nec
2708 4143 2999 4217 accipere,
3029 4143 3103 4200 de
3135 4158 3325 4200 manu
3367 4141 3580 4198 mulie-

1908 4233 1989 4290 ris
2018 4237 2274 4290 mortem
2301 4231 2590 4303 fugiendo
2619 4233 2824 4289 vitare.
2872 4231 3190 4299 Quaerebat
3213 4231 3376 4288 enim
3415 4245 3578 4286 mor-

1910 4328 2030 4380 tem
2055 4322 2281 4394 fugere,
2315 4321 2554 4378 dicens:
2609 4345 2637 4372 ‹‹
2668 4322 2895 4380 Suﬁicit
2920 4321 3089 4389 mihi,
3145 4320 3278 4378 tolle
3309 4319 3582 4377 animam

1909 4428 2132 4485 meam,
2165 4427 2364 4485 neque
2393 4411 2554 4468 enim
2585 4411 2797 4468 melior
2827 4429 2966 4468 sum
2993 4427 3182 4484 quam
3206 4415 3408 4484 patres
3437 4408 3580 4496 mei,

1910 4509 1968 4560 et
1992 4503 2356 4560 obdormivit
2383 4503 2498 4559 sub
2527 4501 2744 4560 umbra
2764 4502 3048 4576 juniperi.
3069 4521 3101 4557 ›
3134 4500 3300 4558 Unde
3331 4515 3475 4570 ergo
3497 4499 3580 4555 sic

1906 4597 2144 4667 potens,
2176 4598 2241 4650 ut
2271 4597 2356 4649 tot
2379 4593 2513 4649 illas
2554 4593 2802 4649 virtutes
2833 4592 3058 4648 faciat?
3103 4589 3270 4646 Unde
3301 4589 3385 4645 sic
3412 4588 3581 4643 inﬁr-

1906 4699 2066 4753 mus,
2099 4687 2164 4737 ut
2187 4681 2271 4739 ita
2317 4681 2610 4738 feminam
2663 4679 3098 4754 pertimescat?
3138 4677 3256 4732 nisi
3283 4675 3429 4748 quia
3456 4675 3578 4730 dis-

1908 4771 2294 4842 pensationes
2327 4769 2568 4842 superni
2600 4775 2804 4836 nutus,
2834 4782 3119 4824 mensura
3152 4764 3369 4820 occulti
3401 4763 3580 4821 libra-

1908 4859 2089 4916 minis
2129 4857 2578 4932 appenduntur,
2621 4862 2686 4914 ut
2703 4857 2818 4929 ipsi
2847 4855 3036 4912 sancti
3055 4854 3333 4910 homines
3354 4856 3412 4909 et
3430 4851 3580 4908 mul-

1909 4953 2036 5004 tum
2066 4948 2428 5020 valeantper
2453 4946 2784 5020 potentiam
2807 4944 2927 5011 Dei,
2949 4949 3008 5000 et
3035 4958 3277 4999 rursum
3308 4941 3576 5016 quadam

1908 5053 2197 5093 mensura
2217 5035 2513 5093 moderati
2543 5035 2661 5092 sint
2711 5049 2819 5108 per
2842 5031 3254 5090 inﬁrmitatem
3277 5048 3477 5090 suam.
3512 5035 3574 5088 In

1906 5125 2022 5181 illis
2073 5125 2393 5182 virtutibus
2447 5125 2604 5181 Elias
2634 5123 2806 5198 quod
2850 5123 2925 5179 de
2967 5126 3085 5179 Deo
3143 5127 3480 5196 acceperat,
3514 5121 3575 5179 in

1907 5214 2036 5271 istis
2060 5213 2531 5284 inﬁrmitatibus,
2559 5213 2707 5286 quid
2729 5212 2804 5269 de
2835 5229 2900 5269 se
2921 5215 3156 5285 poterat
3183 5209 3572 5282 agnoscebat.

1911 5303 2015 5360 Illa
2044 5303 2310 5377 potentia
2339 5301 2528 5358 virtus
2558 5302 2685 5372 fuit,
2739 5302 2854 5358 ista
2883 5300 3202 5358 inﬁrmitas
3233 5304 3436 5356 custos
3464 5298 3576 5353 vir-

1909 5393 2072 5450 tutis.
2089 5393 2153 5449 In
2179 5391 2292 5448 illis
2319 5391 2638 5448 virtutibus
2659 5390 3018 5449 ostendebat
3041 5389 3209 5462 quod
3239 5390 3572 5460 acceperat,

1907 5482 1969 5539 in
1998 5481 2129 5538 istis
2183 5480 2634 5538 inﬁrmitatibus
2663 5481 2779 5538 hoc
2808 5479 2977 5552 quod
3016 5481 3352 5550 acceperat,
3383 5480 3576 5533 custo-

1908 5571 2131 5628 diebat.
2160 5574 2225 5627 In
2249 5569 2557 5626 miraculis
2600 5567 3054 5627 monstrabatur
3097 5566 3272 5636 Elias,
3321 5566 3380 5623 in
3408 5565 3574 5622 inﬁr-

1909 5660 2214 5718 mitatibus
2243 5659 2615 5716 servabatur.

1982 5782 2009 5809 ‹‹
2043 5762 2111 5816 Et
2141 5775 2278 5818 ecce
2309 5757 2563 5830 angelus
2595 5757 2783 5830 tetigit
2802 5760 3029 5827 eum,et
3055 5755 3204 5814 dixit
3230 5755 3574 5822 illi:Surge,
