3940 6408
426 290 531 351 483

1533 286 1898 347 ANGELOMI
1932 284 2078 345 LUX‘

2191 284 2388 344 ENSIS
2425 286 2736 346 MONACHI
3718 294 3809 350 484

430 437 459 471 ε
499 416 769 475 comede.
802 415 1091 489 Respexit,
1120 418 1177 470 et
1206 429 1341 469 ecce
1365 414 1442 469 ad
1471 419 1654 486 caput
1680 428 1857 469 suum
1883 411 2077 468 subci-
2107 410 2157 463 Α
2190 424 2329 466 cum
2358 427 2529 467 mens
2567 411 3088 484 contemplationis
3125 411 3492 469 sublimitate
3521 416 3810 486 suspendi-

432 526 460 556 ι(
499 506 752 562 uericius
772 504 963 577 panis,
992 507 1047 559 et
1074 516 1176 557 vas
1203 517 1397 573 aqua.
1429 500 1699 557 Comedit
1728 516 1871 569 ergo
1915 505 1972 556 et
1990 500 2076 554 bi-

430 618 458 647 ι(
498 595 603 661 bit,
632 599 689 649 et
711 606 948 648 rursum
987 589 1369 646 obdormivit.
1401 592 1810 663 Reversusque
1856 593 1948 645 est
1974 603 2077 644 an-

430 706 459 734 κ
498 683 665 754 gelus
696 680 928 735 Domini
977 678 1263 745 secundo,
1296 682 1353 733 et
1401 678 1584 750 tetigit
1626 693 1785 741 eum,
1810 677 2075 749 dixitque

429 794 459 822 α
495 771 614 828 illi:
641 772 845 838 Surge,
865 768 1135 824 comede.
1153 766 1405 823 Grandis
1435 768 1595 822 enim
1612 766 1718 822 tibi
1746 770 1929 822 restat
1956 765 2072 820 via.

427 882 457 911 σι
498 860 605 927 Qui
635 875 773 915 cum
804 857 1156 914 surrexisset
1175 856 1505 912 comeditet
1523 856 1692 924 bibit,
1717 861 1772 911 et
1798 854 2078 912 ambula-

424 970 454 1000 κ
494 949 575 1005 vit
602 948 663 1003 in
688 946 1030 1003 fortitudine
1075 945 1190 1001 cibi
1228 945 1384 1000 illius
1414 945 1819 1017 quadraginta
1862 943 2077 999 diebus

423 1060 450 1089 κ
492 1043 549 1093 et
576 1036 980 1110 quadraginta
1032 1034 1309 1090 noctibus
1338 1050 1530 1105 usque
1558 1033 1635 1095 ad
1678 1038 1947 1088 montem
1979 1032 2078 1087 Dei

425 1148 454 1177 α
494 1126 713 1195 Horeb,
746 1146 774 1175 »ι
803 1131 861 1181 et
886 1124 1137 1196 reliqua.
1170 1123 1323 1188 Quid
1353 1138 1496 1191 ergo
1535 1122 1629 1177 hic
1662 1122 1815 1177 Elias
1848 1121 1938 1175 bis
1968 1136 2077 1192 pa-

424 1221 553 1272 stus
582 1215 661 1271 ab
692 1213 907 1283 angelo
934 1212 1361 1283 exprimit,nisi
1384 1216 1614 1266 natura
1644 1210 2079 1265 inﬁrmitatem?

423 1304 653 1371 Quibus
699 1318 827 1358 non
871 1300 1090 1355 suﬂicit
1128 1300 1381 1372 simplex
1424 1304 1650 1371 pastus,
1684 1299 1790 1354 sed
1834 1298 2077 1370 duplex,

421 1398 722 1467 quatenus
772 1391 850 1446 ad
891 1402 1157 1461 superna
1200 1388 1513 1443 valeamus
1548 1388 1891 1443 ascendere.
1922 1388 2082 1443 Sicut

424 1482 585 1538 enim
638 1494 857 1551 corpus
907 1478 1033 1533 sine
1081 1477 1365 1532 alimento
1412 1477 1709 1549 corporali
1756 1476 2079 1531 subsistere

423 1571 650 1643 nequit,
676 1568 758 1623 ita
785 1583 895 1622 nec
925 1566 1127 1622 anima
1156 1566 1353 1621 vivere
1374 1571 1567 1637 potest
1598 1566 1723 1620 sine
1751 1565 1936 1620 verbo
1963 1566 2076 1621 Dei.

424 1658 686 1729 Angelus
713 1657 870 1712 enim
901 1655 1005 1727 qui
1025 1654 1214 1710 Eliam
1240 1654 1421 1727 pavit,
1442 1670 1624 1726 quem
1654 1654 2080 1721 congruentius

2190 504 2282 553 tur
2309 500 2601 572 quidquid
2659 502 2914 573 perfecte
2945 502 3291 574 conspicere
3344 502 3646 573 pravalet,
3677 504 3811 559 Deus

2186 604 2307 643 non
2334 594 2440 643 est.
2478 590 2625 644 Cum
2672 605 2807 645 vero
2853 590 3066 645 subtile
3109 589 3340 663 aliquid
3369 591 3675 664 conspicit,
3715 592 3812 649 hoc

2185 682 2291 743 est,
2324 678 2490 750 quod
2520 679 2594 734 de
2632 679 3221 751 incomprehensibili
3245 679 3574 736 substantia
3612 682 3813 737 aeterni-

2187 767 2319 821 tatis
2351 767 2534 822 audit.
2562 770 2741 833 Quasi
2766 769 2927 824 enim
2960 768 3204 824 sibilum
3227 768 3425 825 tenuis
3454 784 3612 824 aura
3640 785 3813 841 perce-

2185 851 2411 922 pimus,
2436 868 2575 907 cum
2597 869 2875 924 saporem
2893 853 3395 925 incircumscipta
3416 853 3674 909 veritatis
3696 870 3813 910 con-

2186 940 2574 1011 templatione
2622 942 2821 998 subita
2872 942 3166 999 subtiliter
3230 943 3639 1011 degustamus,
3692 948 3815 999 tunc

2185 1045 2327 1099 ergo
2377 1045 2585 1085 verum
2622 1036 2731 1101 est,
2763 1031 2934 1103 quod
2963 1032 3039 1087 de
3082 1034 3199 1087 Deo
3233 1032 3656 1101 cognoscimus
3694 1048 3818 1087 cum

2187 1118 2360 1189 plene
2409 1135 2521 1174 nos
2571 1120 2800 1192 aliquid
2830 1120 2904 1175 de
2936 1120 3036 1176 illo
3092 1136 3460 1190 cognoscere
3491 1137 3612 1176 non
3662 1137 3818 1193 posse

2187 1208 2499 1264 sentimus.
2540 1209 2708 1265 Unde
2734 1210 2887 1266 bene
2916 1210 3034 1266 illic
3084 1211 3393 1267 subditur:
3430 1234 3457 1260 ‹‹
3492 1212 3660 1277 Quod
3697 1227 3819 1266 cum

2189 1300 2454 1353 audisset
2486 1298 2658 1368 Blias,
2704 1300 2941 1370 operuit
3002 1299 3235 1355 vultum
3284 1299 3486 1371 pallio,
3540 1306 3598 1356 et
3654 1315 3821 1370 egres-

2190 1406 2292 1442 sus
2322 1389 2478 1443 stetit
2524 1389 2583 1443 in
2615 1390 2767 1444 ostio
2800 1388 3122 1460 spelunca,
3153 1395 3210 1445 et
3239 1405 3375 1445 ecce
3434 1406 3549 1445 vox
3595 1391 3670 1446 ad
3700 1405 3821 1445 eum

2188 1477 2425 1532 dicens:
2461 1478 2612 1543 Quid
2637 1478 2731 1534 hic
2759 1479 2910 1549 agis,
2963 1479 3130 1535 Elia?
3160 1500 3189 1527 »
3218 1484 3329 1535 etc.
3382 1483 3517 1534 Post
3564 1494 3719 1535 aura
3759 1490 3825 1533 te-

2190 1567 2325 1621 nuis
2359 1568 2602 1623 sibilum
2650 1569 2885 1624 vultum
2916 1586 3098 1624 suum
3147 1569 3441 1641 propheta
3482 1568 3665 1640 pallio
3698 1584 3824 1640 ope-

2188 1657 2322 1719 ruit,
2355 1656 2501 1728 quia
2530 1657 2590 1712 in
2618 1658 2750 1729 ipsa
2773 1658 3167 1713 subtilissima
3198 1656 3700 1730 contemplatione
3736 1674 3823 1713 ve-

424 1764 612 1821 quam
660 1747 859 1819 ipsum
910 1743 1131 1799 summi
1178 1742 1410 1798 consilii
1440 1742 1722 1813 angelum
1763 1743 2076 1811 signiﬁcat,
2109 1758 2149 1817 δ
2188 1745 2395 1813 ritatis,
2420 1752 2653 1819 quanta
2696 1747 3034 1811 ignorantia
3077 1747 3262 1803 homo
3284 1750 3520 1816 tegatur
3543 1748 3811 1817 agnoscit.

425 1832 597 1907 cujus
627 1850 740 1907 ope
763 1838 886 1889 tam
914 1832 974 1888 in
1002 1830 1293 1904 corporali
1324 1846 1510 1904 quam
1542 1831 1717 1887 etiam
1749 1831 1809 1886 in
1834 1830 2080 1903 spiritali

423 1929 636 1981 natura
663 1920 1090 1977 subsistimus?
1132 1919 1479 1975 Ambulavit
1521 1919 1681 1975 enim
1722 1918 1873 1975 Elias
1922 1924 2077 1991 post-

421 2029 605 2087 quam
646 2013 979 2066 surrexerat
1020 2024 1057 2064 a
1092 2024 1326 2078 somno,
1356 2013 1410 2064 et
1442 2009 1703 2063 comedit
1732 2014 1789 2064 et
1814 2008 1981 2073 bibit,
2016 2008 2077 2063 in

421 2098 761 2158 fortitudine
792 2098 908 2154 cibi
958 2097 1115 2153 illius
1144 2097 1549 2169 quadraginta
1602 2096 1815 2153 diebus
1842 2101 1897 2153 et
1925 2112 2076 2168 qua-

420 2189 700 2260 draginta
726 2186 1003 2243 noctibus
1048 2201 1237 2257 usque
1282 2185 1362 2241 ad
1401 2190 1665 2241 montem
1718 2186 1818 2241 Dei
1858 2185 2073 2241 Horeb.

420 2279 509 2335 Sic
543 2283 597 2334 et
619 2293 731 2333 nos
760 2273 1148 2331 duminertia
1175 2289 1458 2329 somnum
1476 2274 1703 2330 anobis
1719 2274 2075 2341 excutimus,

420 2382 662 2424 necesse
689 2370 753 2421 ut
777 2364 982 2421 divino
1009 2363 1220 2419 solatio
1250 2363 1565 2419 confortati
1590 2378 1862 2433 gressum
1892 2362 2079 2417 bono-

417 2470 553 2512 rum
570 2468 823 2527 operum
843 2466 950 2525 per
977 2466 1157 2506 omne
1174 2456 1411 2523 tempus
1428 2450 1560 2505 vita
1587 2450 1897 2523 praesentis
1918 2466 2078 2504 sum-

420 2560 665 2617 mopere
695 2541 1113 2598 continuemus
1160 2538 1628 2611 festinemusque
1669 2539 1990 2595 ascendere
2016 2538 2078 2593 in

419 2637 688 2689 montem
716 2630 835 2691 Dei.
867 2633 924 2683 et
946 2628 1007 2683 in
1030 2627 1233 2683 locum
1281 2632 1556 2682 sanctum
1588 2628 1740 2698 ejus,
1785 2630 1849 2682 ut
1878 2627 1959 2683 ibi
1985 2642 2076 2683 re-

419 2721 622 2794 quiem
648 2717 1029 2775 inveniamus
1058 2719 1365 2771 aeternam.

495 2830 523 2858 κ
565 2810 834 2879 Cumque
864 2805 1121 2860 venisset
1145 2804 1305 2869 illuc,
1338 2803 1560 2860 mansit
1585 2804 1645 2859 in
1676 2803 1981 2875 spelunca.
2014 2806 2078 2860 Et

422 2914 451 2949 αι
493 2912 629 2953 ecce
647 2910 844 2951 sermo
867 2891 1097 2949 Domini
1120 2893 1196 2948 ad
1221 2892 1652 2964 eum,dixitque
1674 2891 1774 2947 illi:
1801 2893 1949 2956 Quid
1980 2893 2076 2949 hic

422 3002 453 3043 α
493 2985 804 3059 agis,Elia?
823 2987 896 3039 At
912 2982 1009 3038 ille
1032 2983 1404 3054 respondens
1423 2982 1522 3038 ait:
1549 2982 1681 3038 Zelo
1703 2982 1922 3038 zelatus
1940 2998 2075 3038 sum

2189 1834 2382 1889 Vultui
2402 1850 2666 1907 namque
2694 1834 2945 1908 pallium
2978 1835 3379 1907 superducere
3401 1841 3512 1902 est,
3539 1850 3614 1890 ne
3638 1835 3827 1891 altiora

2188 1938 2359 1977 mens
2387 1938 2654 1994 quarere
2688 1924 2929 1992 audeat,
2964 1925 3120 1979 hanc
3142 1924 3686 1980 considerationem
3708 1939 3826 1996 pro-

2186 2012 2330 2084 pria
2348 2013 2707 2069 inﬁrmitatis
2723 2015 3002 2079 velare,et
3021 2028 3411 2086 nequaquam
3424 2013 3824 2083 intelligentia,

2187 2102 2414 2167 oculos,
2445 2102 2601 2157 ultra
2635 2118 2697 2157 se
2734 2102 3174 2174 praecipitanter
3211 2101 3458 2174 aperiat,
3492 2103 3598 2158 sed
3627 2102 3701 2157 ad
3726 2102 3823 2156 hoc

2183 2191 2352 2264 quod
2382 2192 2832 2263 apprehendere
2862 2208 2984 2247 non
3008 2192 3184 2260 valet,
3211 2196 3553 2247 reverenter
3581 2190 3821 2247 claudat.

2188 2280 2297 2346 Qui
2328 2282 2456 2336 hac
2478 2296 2685 2351 agens,
2719 2282 2780 2336 in
2807 2280 3109 2353 speluncas
3130 2281 3281 2336 ostio
3307 2280 3538 2336 stetisse
3568 2279 3825 2335 describi-

2186 2373 2297 2424 tur.
2333 2369 2487 2435 Quid
2513 2385 2780 2441 namque
2824 2369 3114 2442 spelunca
3162 2375 3367 2426 nostra
3416 2375 3529 2436 est,
3569 2370 3678 2425 nisi
3715 2368 3823 2423 hac

2186 2459 2580 2530 corruptionis
2609 2458 2919 2528 habitatio,
2957 2460 3017 2514 in
3056 2474 3179 2531 qua
3209 2459 3411 2515 adhuc
3452 2475 3528 2514 ex
3561 2464 3822 2514 vetustate

2185 2547 2556 2604 retinemur?
2591 2547 2703 2604 Sed
2732 2562 2874 2603 cum
2905 2547 3133 2620 aliquid
3164 2548 3469 2620 percipere
3511 2547 3587 2604 de
3619 2548 3822 2617 cogita-

2183 2636 2343 2691 tione
2373 2636 2696 2692 divinitatis
2722 2637 3067 2708 incipimus,
3098 2637 3273 2708 quasi
3298 2637 3430 2707 jam
3455 2637 3520 2692 in
3548 2637 3823 2709 spelunca

2183 2730 2403 2781 nostra
2420 2727 2572 2781 ostio
2586 2727 3166 2790 stamus.Quiaenim
3181 2727 3429 2799 progedi
3445 2728 3703 2799 profecta
3717 2739 3824 2781 non

2183 2828 2537 2886 possumus,
2561 2816 2638 2871 ad
2669 2815 3072 2883 cognitionem
3102 2820 3303 2871 tamen
3326 2816 3593 2872 veritatis
3617 2815 3826 2871 inhian-

2183 2907 2290 2965 tes,
2318 2904 2449 2975 jam
2474 2904 2701 2977 aliqmd
2732 2905 2806 2960 de
2827 2904 3114 2960 libertatis
3137 2919 3285 2960 aura
3313 2906 3724 2977 captamus.ln
3752 2904 3822 2957 in-

2184 3006 2393 3063 gressu
2409 3008 2554 3063 ergo
2570 2994 2871 3065 spelunca
2889 2998 3066 3062 stare,
3081 2999 3169 3049 est
3188 3009 3462 3066 represso
3480 3000 3695 3050 nostra
3715 3006 3823 3049 cor-

421 3094 449 3129 (ι
491 3093 601 3151 pro
629 3073 881 3132 Ι)οωίΗο
916 3072 1445 3165 υςρ-ςκθνεξῐυυωξ
1469 3073 1612 3144 (tum
1634 3072 2078 3165 ςίθτεὶὶψιθνυηῑ
2099 3107 2143 3165 ο
2181 3083 2473 3156 ruptionis
2502 3082 2835 3152 obstaculo,
2869 3083 2947 3139 ad
2978 3083 3382 3153 cognitionem
3410 3084 3673 3140 veritatis
3698 3081 3821 3138 inci-

420 3186 449 3218 ‹‹
490 3170 735 3239 pactum
754 3168 923 3219 tuum
944 3160 1046 3216 ﬁlii
1076 3160 1479 3216 lsrael.Ataria
1502 3166 1603 3216 tua
1623 3160 2073 3232 dextruxerunt,

420 3278 447 3306 ‹‹
489 3258 547 3312 et
573 3253 896 3328 prophetas
921 3253 1058 3307 tuos
1074 3250 1421 3305 occiderunt
1442 3248 1661 3318 gladio,
1676 3254 1733 3304 et
1761 3249 2075 3305 derelictus

422 3364 449 3396 α
490 3360 625 3399 sum
674 3356 788 3411 ego
832 3339 1018 3406 solus,
1067 3343 1125 3393 et
1169 3342 1449 3410 quarunt
1485 3338 1752 3394 animam
1784 3354 1984 3394 meam
2012 3344 2077 3395 ut

420 3454 450 3483 «
490 3430 763 3488 auferant
790 3444 947 3484 eam.
966 3428 1032 3482 Et
1054 3427 1136 3481 ait
1153 3428 1206 3481 ei
1228 3441 1241 3481 :
1273 3425 1579 3495 Egredere,
1595 3431 1650 3482 et
1676 3433 1765 3482 sta
1789 3428 1849 3483 in
1871 3432 2075 3483 monte

420 3543 450 3572 κ
492 3534 696 3576 coram
724 3516 997 3572 Domino.
1033 3516 1097 3569 Et
1118 3530 1253 3569 ecce
1284 3515 1570 3570 Dominus
1600 3518 1849 3583 transiit,
1880 3522 1936 3573 et
1960 3517 2074 3588 spi-

420 3631 449 3661 «ι
489 3608 637 3664 ritus
669 3604 913 3679 grandis
939 3607 995 3659 et
1015 3602 1175 3658 fortis
1196 3602 1547 3657 subvertens
1577 3610 1833 3667 montes,
1857 3610 1913 3659 et
1933 3621 2072 3659 con-

421 3720 450 3749 ‹‹
491 3702 686 3753 terens
716 3697 916 3767 petras
948 3694 1085 3747 ante
1118 3690 1457 3746 Dominum.
1480 3694 1605 3746 Non
1627 3692 1690 3746 in
1721 3693 1931 3764 spiritu
1963 3695 2072 3748 Do-

420 3810 449 3838 ‹‹
488 3788 709 3843 minus.
731 3786 796 3840 Et
823 3787 958 3855 post
987 3780 1262 3853 spiritum
1293 3781 1638 3836 commotio.
1673 3784 1799 3836 Non
1828 3782 1887 3837 in
1914 3796 2073 3838 com-

419 3896 449 3927 ‹‹
489 3875 753 3932 motione
784 3870 1097 3927 Dominus.
1130 3871 1197 3924 Et
1233 3872 1370 3940 post
1399 3869 1865 3926 commotionem
1893 3870 2068 3941 ignis.

418 3986 450 4022 ‹
490 3970 615 4022 Non
637 3965 700 4019 in
728 3963 865 4032 igne
896 3959 1204 4016 Dominus.
1240 3962 1305 4013 Et
1330 3964 1468 4029 post
1497 3959 1698 4027 ignem
1728 3960 1935 4016 sibilus
1964 3978 2070 4017 au-

420 4078 449 4107 ‹‹
488 4068 570 4110 ra
601 4051 813 4108 tenuis.
847 4048 1021 4115 Quod
1048 4062 1187 4104 cum
1218 4047 1504 4117 audisset,
1530 4048 1683 4104 Elias
1708 4051 1943 4121 operuit
1972 4068 2072 4107 vu-

420 4167 449 4197 «
487 4143 638 4199 ltum
668 4154 846 4195 suum
875 4136 1080 4210 pallio,
1102 4139 1160 4191 et
1178 4150 1451 4204 egressus
1482 4138 1639 4195 stetit
1660 4138 1722 4194 in
1752 4140 1904 4195 ostio
1934 4157 2070 4213 spe-

419 4254 448 4284 ‹‹
487 4231 765 4297 lunca,et
786 4241 922 4281 ecce
936 4240 1054 4280 vox
1085 4223 1164 4279 ad
1193 4225 1594 4295 eum,dicens:
1619 4228 1773 4294 Quid
1800 4229 1896 4285 hic
1918 4231 2065 4300 agis,

418 4340 450 4376 ι
490 4318 663 4375 Elia?
705 4316 774 4372 Et
817 4314 914 4371 ille
938 4310 1286 4386 respondit:
1336 4313 1468 4371 Zelo
1514 4315 1734 4372 zelatus
1782 4333 1917 4374 sum
1956 4334 2067 4391 pro

417 4426 448 4461 ιι
488 4404 743 4463 Domino
775 4406 894 4460 Deo
926 4401 1474 4475 exercituum,quia
1486 4404 1933 4477 dereliquerunt
1957 4422 2066 4479 pa-

418 4518 448 4549 «
489 4499 651 4552 ctum
677 4496 849 4550 tuum
877 4490 983 4547 ﬁlii
1011 4490 1206 4546 Israel.
1240 4491 1463 4548 Altaria
1492 4495 1595 4548 tua
1621 4493 2062 4563 destruxerunt,

417 4607 448 4636 «
487 4588 545 4642 et
568 4582 893 4658 prophetas
925 4584 1056 4635 tuos
1083 4579 1429 4636 occiderunt
1449 4580 1650 4650 gladio
1675 4586 1732 4637 et
1751 4582 2067 4640 derelictus

417 4696 448 4727 α
485 4690 619 4730 sum
647 4687 759 4743 ego
805 4669 990 4739 solus,
1021 4673 1078 4724 et
1131 4673 1410 4742 quarunt
1437 4669 1707 4725 animam
1753 4686 1955 4727 meam
2004 4676 2069 4729 ut

413 4785 444 4816 α
484 4762 756 4820 auferant
770 4761 1001 4816 eam.Et
1029 4757 1111 4814 ait
1131 4758 1420 4813 Dominus
1443 4758 1521 4814 ad
1536 4774 1697 4815 eum:
1727 4759 1886 4815 Vade
1908 4764 1965 4816 et
1982 4776 2069 4816 re-

414 4874 445 4905 ‹‹
483 4849 953 4908 verteieinviam
975 4852 1142 4904 tuam
1160 4862 1268 4919 per
1282 4846 1658 4903 desertumin
1680 4850 2063 4907 Damascum.

414 4962 446 4993 α
485 4936 756 5012 Cumque
792 4937 1136 5011 perveneris
1181 4936 1342 5007 illuc,
1391 4952 1578 5006 unges
1622 4937 1833 4993 Hazael
1862 4954 2066 5009 regem

414 5051 448 5083 α
485 5042 669 5101 super
695 5027 949 5099 Syriam,
973 5024 1123 5082 Jebu
1149 5025 1362 5081 ﬁlium.
1391 5028 1537 5081 Nam
1570 5025 1619 5080 si
1642 5040 1833 5095 unges
1860 5040 2066 5098 regem

415 5141 448 5172 α
487 5127 667 5190 super
695 5116 909 5172 Israel:
943 5115 1219 5171 Elisaum
1248 5112 1675 5185 autem,ﬁlinm
1699 5118 1940 5189 Saphat,
1960 5119 2067 5192 qui

416 5231 447 5263 α
482 5213 571 5267 est
596 5208 671 5265 de
698 5206 1132 5277 Abelmehuda,
1160 5220 1350 5275 unges
1392 5206 1752 5280 prophetam
1780 5222 1892 5281 pro
1925 5212 1997 5275 te,
2038 5226 2059 5263 ο

411 5300 470 5358 et
493 5298 744 5371 reliqua.
780 5296 1030 5369 Spiritus
1062 5299 1263 5351 autem
1312 5296 1543 5352 Domini
1574 5302 1808 5354 montes
1836 5300 2061 5369 evertit,

410 5386 470 5446 et
519 5392 720 5461 petras
771 5385 1040 5454 conterit,
1094 5384 1238 5456 quia
1284 5397 1494 5457 pavor,
1543 5386 1649 5460 qui
1688 5402 1763 5443 ex
1800 5384 2064 5446 adventu

412 5477 544 5549 ejus
587 5474 775 5543 irruit,
832 5478 891 5531 et
936 5473 1310 5530 altitudinem
1357 5474 1555 5531 cordis
1608 5477 1797 5533 nostri
1839 5477 2060 5549 dejicit,

412 5569 471 5622 et
496 5563 779 5621 duritiam
807 5562 1130 5636 liquefacit.
1167 5564 1279 5621 Sed
1310 5564 1369 5620 in
1398 5566 1611 5637 Spiritu
1638 5568 2061 5624 commotionis

411 5658 470 5711 et
490 5653 645 5723 ignis
682 5668 805 5709 non
854 5669 982 5707 esse
1031 5653 1314 5709 dominus
1356 5653 1606 5711 dicitur:
1657 5671 1785 5712 esse
1832 5673 1970 5713 vero
1999 5658 2061 5715 in

410 5741 585 5801 sibilo
619 5752 783 5801 aura
832 5741 1031 5797 tenuis
1082 5756 1206 5798 non
1251 5747 1523 5812 negatur,
1571 5744 1717 5815 quia
1768 5745 2057 5805 nimirum

2181 3190 2322 3245 pere
2338 3174 2515 3228 exire.
2526 3172 2689 3228 Unde
2703 3178 2757 3228 et
2769 3172 2930 3228 nube
2942 3172 3003 3228 in
3018 3172 3405 3230 tabernaculo
3419 3172 3818 3238 descendente,

2181 3262 2455 3318 Israelita
2471 3277 2501 3316 e
2522 3261 2853 3334 longinquo
2874 3266 3200 3328 cernentes,
3224 3262 3286 3317 in
3302 3262 3677 3335 papilionum
3699 3277 3818 3317 suo.

2180 3367 2315 3406 rum
2346 3350 2513 3405 ostiis
2536 3350 2764 3406 stetisse
2797 3356 3228 3421 memorantur,
3255 3352 3401 3425 quia
3428 3352 3492 3408 hi
3519 3352 3820 3408 adventum

2181 3441 2508 3496 Divinitatis
2539 3445 2844 3513 utcunque
2872 3440 3461 3514 conspiciunt.quasi
3484 3443 3617 3513 jam
3643 3458 3711 3499 ex
3732 3442 3821 3497 ha-

2178 3529 2440 3585 bitaculo
2470 3530 2667 3585 carnis
2697 3530 3050 3601 procedunt.
3077 3553 3105 3579 ‹‹
3128 3533 3195 3586 Et
3216 3546 3352 3587 ecce
3374 3547 3495 3587 vox
3525 3532 3606 3588 ad
3633 3530 3819 3597 Eliam,

2178 3619 2415 3675 dicens:
2449 3618 2601 3685 Quid
2632 3618 2728 3674 hic
2750 3619 2899 3688 agis,
2926 3619 3049 3674 Elia
3071 3620 3098 3675 ?
3114 3622 3181 3675 Et
3200 3620 3296 3676 ille
3327 3621 3704 3692 respondens
3725 3620 3819 3675 ait-

2178 3708 2310 3764 Zelo
2336 3708 2558 3765 zelatus
2588 3724 2722 3764 sum
2748 3724 2858 3780 pro
2885 3709 3137 3764 Domino
3167 3710 3286 3765 Deo
3303 3709 3822 3782 exercituum,quia

2177 3799 2624 3870 dereliquerunt
2647 3804 2893 3871 pactum
2924 3804 3094 3854 tuum
3120 3801 3223 3855 ﬁlii
3254 3799 3449 3857 Israel.
3484 3800 3709 3857 Altaria
3734 3806 3820 3856 tua

2175 3887 2616 3957 destruxerunt,
2675 3892 2731 3944 et
2780 3889 3104 3961 prophetas
3138 3892 3275 3946 tuos
3322 3889 3678 3947 occiderunt
3714 3888 3820 3959 gla-

2176 3978 2299 4043 dio,
2331 3982 2387 4033 et
2427 3976 2745 4033 derelictus
2781 3994 2916 4033 sum
2960 3994 3075 4049 ego
3114 3978 3299 4045 solus,
3332 3983 3390 4036 et
3412 3984 3692 4052 quaerant
3711 3976 3822 4035 ani-

2179 4083 2344 4122 mam
2369 4082 2566 4121 meam
2598 4071 2661 4121 ut
2680 4065 2954 4122 auferant
2979 4083 3136 4123 eam.
3166 4071 3233 4124 Et
3260 4068 3426 4124 aitei:
3453 4069 3822 4140 Egredere,et

2176 4158 2268 4210 sta
2290 4153 2350 4209 in
2380 4158 2582 4209 monte
2605 4169 2809 4209 coram
2824 4154 3096 4211 Domino.
3128 4158 3192 4211 Et
3212 4172 3349 4211 ecce
3365 4156 3658 4213 Dominus
3682 4161 3821 4212 tran-

2176 4238 2289 4307 siit,
2318 4243 2375 4293 et
2404 4238 2642 4310 spiritus
2665 4238 2910 4307 grandis
2940 4243 2997 4295 et
3022 4239 3183 4295 fortis
3199 4240 3559 4298 subvertens
3575 4245 3815 4305 montes,

2175 4331 2233 4383 et
2271 4331 2584 4383 contemne
2622 4331 2824 4399 petras
2853 4332 2990 4384 ante
3030 4329 3372 4385 Dominum.
3408 4333 3541 4386 Non
3596 4331 3658 4386 in
3711 4327 3818 4400 spi-

2173 4415 2288 4471 ritu
2314 4415 2621 4472 Dominus.
2652 4418 2716 4470 Et
2744 4420 2883 4487 post
2922 4416 3198 4489 spiritum
3227 4419 3585 4475 commotio.
3619 4422 3742 4475 Non
3766 4414 3821 4470 in

2174 4504 2577 4560 commotione
2604 4504 2983 4560 Dominus.Et
3007 4510 3142 4577 post
3167 4506 3641 4564 commotionem
3654 4505 3817 4576 ignis.

2175 4596 2303 4648 Non
2336 4593 2398 4648 in
2423 4593 2560 4664 igne
2592 4592 2902 4649 Dominus.
2942 4597 3008 4649 Et
3036 4599 3173 4667 post
3192 4595 3395 4665 ignem
3427 4596 3638 4652 sibilus
3671 4608 3819 4651 aura

2173 4682 2385 4737 tenuis.
2419 4682 2590 4745 Quod
2643 4699 2781 4737 cum
2812 4682 3097 4754 audisset,
3132 4684 3285 4741 Elias
3326 4687 3565 4758 operuit
3602 4682 3818 4740 vultum

2174 4788 2353 4827 suum
2404 4770 2607 4843 pallio,
2639 4795 2666 4821 »
2698 4776 2809 4828 etc.
2858 4773 3095 4829 Certum
3127 4777 3215 4829 est
3269 4774 3436 4847 quod
3486 4772 3684 4831 cordis
3738 4764 3819 4826 sui

2172 4861 2415 4917 oculum
2446 4878 2553 4935 per
2573 4860 2843 4917 elationis
2867 4863 3145 4918 tenebras
3174 4863 3521 4936 exstinguit,
3564 4863 3667 4938 qui
3693 4872 3818 4917 cum

2170 4957 2334 5007 recta
2371 4950 2513 5020 agit,
2546 4950 2925 5006 considerare
2956 4951 3274 5008 meliorum
3312 4954 3527 5009 merita
3566 4949 3814 5023 negligit.

2170 5046 2242 5097 At
2270 5044 2495 5108 contra,
2544 5055 2780 5110 magna
2811 5039 3159 5097 humilitatis
3214 5042 3384 5099 radio
3436 5043 3817 5115 semetipsum

2170 5128 2485 5200 illuminat,
2504 5130 2609 5202 qui
2634 5128 2889 5186 aliorum
2918 5129 3082 5187 bona
3114 5130 3403 5187 subtiliter
3423 5136 3662 5206 pensat,
3686 5128 3817 5203 quia

2171 5222 2320 5277 dum
2360 5236 2451 5288 ea,
2483 5236 2617 5293 qua
2665 5222 2792 5293 ipse
2824 5221 3043 5289 fecerit,
3085 5220 3243 5277 facta
3274 5221 3417 5278 foris
3464 5226 3523 5277 et
3581 5219 3660 5277 ab
3698 5217 3815 5275 aliis

2168 5310 2331 5365 videt
2392 5325 2461 5365 ac
2534 5309 2839 5381 conspicit,
2901 5326 3043 5365 eum
3110 5311 3214 5383 qui
3276 5311 3350 5367 de
3423 5309 3813 5381 singularitate

2169 5398 2327 5455 intus
2348 5415 2661 5472 erumpere
2704 5398 2907 5455 nititur
2934 5398 3229 5472 superbia
3259 5405 3561 5457 tumorem
3586 5395 3810 5475 premit.

2172 5488 2312 5543 Hinc
2338 5494 2426 5545 est
2447 5487 2612 5562 quod
2641 5503 2787 5543 voce
2840 5489 2942 5544 Dei
2971 5490 3047 5545 ad
3103 5489 3288 5546 Eliam
3320 5489 3518 5547 solum
3553 5506 3618 5544 se
3672 5485 3811 5543 asti-

2168 5581 2456 5648 mantem,
2489 5577 2729 5633 dicitur:
2768 5600 2795 5625 ‹‹
2827 5577 3054 5651 Reliqui
3082 5579 3227 5634 mihi
3260 5584 3486 5652 septem
3520 5578 3704 5634 millia
3734 5576 3810 5629 vi-

2167 5682 2393 5738 rorum,
2441 5667 2545 5740 qui
2598 5683 2721 5721 non
2769 5673 3169 5723 curvaverth
3219 5685 3418 5737 genua
3485 5673 3626 5723 ante
3680 5660 3810 5720 Baal

2168 5750 2358 5819 (Rom.
2388 5757 2465 5811 x1)
2483 5769 2498 5807 :
2517 5775 2546 5802 η
2573 5757 2641 5807 ut
2669 5767 2800 5808 eum
2846 5767 2970 5808 non
2998 5754 3193 5809 solum
3222 5768 3288 5809 se
3334 5752 3695 5809 remansisse
3722 5764 3807 5805 co-
