3940 6402
131 288 227 342 485
1098 278 1353 337 ENARR.
1396 278 1465 333 IN
1504 273 1753 332 LIBROS

1970 273 2053 330 [Μ.
2094 302 2165 319 -—
2204 277 2271 333 IN
2312 278 2440 333 LIB.
2485 277 2574 333 IlI.
3447 284 3553 339 488

134 409 449 479 gnosceret,
484 404 757 461 elationis
790 403 1041 475 gloriam
1071 419 1206 477 quae
1256 403 1307 458 ei
1337 402 1412 458 de
1468 398 1780 468 singulari-
1802 399 1849 454 Α
1893 415 2067 454 suum
2096 399 2156 455 in
2185 416 2338 473 opus
2369 400 2841 471 evangelizando
2868 402 3176 471 convertit,
3208 403 3373 459 unde
3393 404 3557 460 sufﬂ-

135 504 240 554 tate
272 495 577 565 surgebat,
606 494 938 550 inclinaret.
973 494 1266 567 Propheta
1294 507 1513 564 nempe
1553 492 1699 555 erat,
1727 492 1784 542 et
1892 490 2144 547 cientem
2176 497 2421 564 pastum
2452 493 2827 548 auditoribus
2858 493 2981 548 suis
3029 493 3297 565 praebere
3344 496 3553 568 possit.

133 603 279 659 smpe
311 584 594 657 mysteria
621 599 883 657 superna
910 586 1313 653 cognoverat:
1348 578 1495 653 quid
1515 594 1657 647 ergo
1678 576 1786 631 dif—
1895 585 2022 652 Ipse
2050 598 2189 637 vero
2220 584 2491 656 sequitur
2518 588 2792 639 nostrum
2826 583 3012 639 Ellam
3056 589 3114 640 et
3140 584 3441 642 ministrat
3480 585 3554 653 ei,

133 677 270 733 ﬂcile
300 674 405 729 fuit
437 688 766 743 agnoscere
811 672 872 728 in
920 674 1035 728 hoc
1086 671 1320 727 mundo
1373 668 1627 725 fideliter
1666 670 1783 721 Deo
1891 672 1995 744 qui
2027 673 2278 741 vestigia
2308 675 2438 745 ejus
2464 690 2747 747 sequens,
2782 675 2895 730 hoc
2927 677 3038 738 est,
3066 675 3358 732 mandata
3399 675 3558 731 imus

132 764 376 821 famulos
403 763 769 819 remansisse
790 765 818 819 ‘?
852 762 963 819 Sed
995 762 1090 817 hic
1137 761 1384 816 solerter
1426 756 1783 814 intuendum
1891 762 2143 818 ﬁdeliter
2166 763 2520 830 observans,
2554 763 2949 819 ministerium
2990 764 3043 820 ei
3065 764 3368 821 bonorum
3416 780 3558 839 ope-

134 860 231 923 est,
260 853 499 910 oculum
527 852 726 909 cordis
758 851 932 907 elatio
963 867 1151 924 quam
1195 848 1469 922 nequiter
1520 845 1785 911 claudat,
1891 867 2028 907 rum
2061 852 2360 923 condjgne
2391 852 2671 908 exhibere
2702 853 2937 923 satagit,

132 944 363 1017 quando
392 942 499 1015 qui
522 941 769 998 humilis
798 946 855 997 et
883 941 1119 997 occulta
1144 940 1246 995 Dei
1285 943 1551 1007 noverat,
1593 936 1784 991 elatus
2539 945 2756 999 CAPU'I
2807 947 2910 999 xx,

134 1040 183 1090 et
210 1038 411 1106 aperta
442 1032 767 1088 nesciebat.
812 1055 841 1081 ‹‹
876 1034 941 1087 Et
972 1031 1054 1087 ait
1082 1031 1371 1087 Dominus
1419 1028 1497 1085 ad
1547 1026 1732 1083 Etiam
1768 1042 1781 1079 :
1927 1049 1932 1052 ·
1969 1030 1997 1079 «ἑ
2041 1032 2223 1086 Porro
2250 1028 2531 1086 Benadab
2557 1047 2660 1087 rex
2693 1032 2877 1104 Syriae
2902 1034 3289 1104 congregavit
3306 1049 3556 1091 omnem

138 1123 277 1179 Vade
308 1126 363 1177 et
391 1125 685 1177 revertere
710 1122 771 1176 in
802 1121 961 1176 viam
990 1126 1156 1176 tuam
1186 1136 1293 1193 per
1337 1120 1642 1174 desertum
1675 1115 1785 1169 Da-
1903 1142 1930 1168 ‹‹
1970 1124 2294 1175 exercitum
2324 1134 2501 1175 suum
2532 1125 2589 1176 et
2618 1120 2857 1189 triginta
2886 1125 2943 1177 et
2969 1122 3124 1178 duos
3156 1138 3324 1191 reges
3349 1140 3556 1181 secum

134 1212 329 1268 masci.
382 1214 655 1283 Cumque
703 1211 1065 1283 perveneris,
1101 1226 1291 1279 unges
1322 1206 1537 1264 Hazael
1581 1220 1781 1273 regem
1904 1234 1927 1257 κς
1971 1213 2028 1264 et
2054 1225 2244 1281 equos
2270 1213 2327 1263 et
2355 1224 2590 1275 currus,
2621 1214 2679 1264 et
2703 1209 3037 1265 ascendens
3075 1211 3389 1282 pugnabat
3416 1229 3558 1269 con—

134 1318 301 1373 super
333 1301 567 1373 Syriam
598 1305 654 1355 et
682 1300 834 1355 Jehu
862 1299 1075 1354 tilium.
1098 1303 1246 1354 Nam
1278 1298 1326 1353 si
1357 1313 1547 1366 unges
1578 1310 1782 1361 regem
1901 1322 1928 1349 ‹‹
1969 1303 2060 1354 tra
2094 1298 2432 1354 Samariam
2476 1303 2533 1353 et
2570 1298 2891 1354 obsidebat
2934 1315 3090 1366 eam,
3128 1322 3157 1349 »
3200 1305 3257 1357 et
3303 1300 3554 1376 reliqua.

134 1407 302 1463 super
327 1389 822 1458 lsrael,Elisaeum
852 1394 1074 1453 autem,
1104 1387 1288 1443 ﬁlium
1312 1384 1675 1458 Saphat,qui
1695 1387 1787 1437 est
1897 1387 2069 1453 Quod
2101 1387 2387 1443 Benadab
2412 1402 2515 1443 rex
2545 1388 2751 1460 Syr-im,
2779 1387 3064 1443 obsidens
3102 1392 3158 1444 et
3201 1389 3557 1463 impugnare

132 1479 200 1535 de
215 1478 593 1535 Abelmehula
604 1494 826 1549 ,unges
839 1479 1199 1550 prophetam
1217 1492 1327 1549 pro
1344 1473 1635 1535 te.Eterit,
1650 1471 1783 1544 qui-
1896 1476 2186 1548 incipiens
2222 1475 2583 1547 Samariam,
2614 1476 2697 1532 ait
2727 1493 2741 1532 :

134 1583 356 1640 cunque
369 1568 586 1639 fugerit
607 1567 874 1637 gladium
891 1563 1708 1634 Hazael,occideteumiehu.:
1730 1564 1788 1616 et
1967 1588 1995 1616 «
2031 1568 2162 1620 Haec
2189 1565 2409 1620 faciant
2435 1565 2581 1620 mihi
2613 1564 2719 1629 dii,
2750 1570 2807 1621 et
2836 1565 2962 1621 haec
2984 1565 3213 1623 addant
3239 1567 3287 1622 si
3315 1568 3561 1624 suffece-

133 1658 463 1731 quicunque
490 1657 709 1727 fugerit
730 1657 999 1726 gladium
1020 1654 1497 1711 Jehuinterticiet
1514 1668 1652 1707 eum
1676 1650 1784 1705 Eli-
1896 1677 1921 1704 ‹‹
1966 1654 2039 1710 rit
2062 1654 2259 1726 pulvis
2293 1654 2578 1711 Samaria:
2610 1654 2852 1726 pugillis
2877 1656 3075 1710 omnis
3103 1656 3313 1728 populi
3339 1657 3445 1729 qui
3466 1672 3557 1714 se-

135 1762 301 1811 smus,
334 1770 360 1796 ››
385 1751 443 1801 et
466 1745 720 1819 reliqua.
755 1746 877 1801 Hoc
921 1760 1044 1801 non
1093 1746 1183 1829 ita.
1198 1742 1615 1815 accipiendum
1671 1744 1782 1805 est,
1811 1752 1856 1805 Β
1894 1764 1924 1797 «
1966 1744 2168 1815 quitur
2198 1760 2313 1799 me,
2352 1766 2377 1792 ››
2406 1746 2570 1799 Hunc
2604 1744 2783 1799 habet
2812 1759 3057 1799 sensum
3089 1761 3102 1798 :
3148 1746 3420 1804 Samaria
3458 1761 3561 1803 ne.

132 1836 285 1908 quod
315 1837 612 1909 propheta
643 1835 741 1890 Dei
787 1836 1029 1890 Elisaaus
1079 1833 1385 1889 homicida
1425 1832 1659 1887 futurus
1714 1829 1787 1883 sit
1895 1848 2064 1887 cesse
2095 1838 2201 1898 est,
2230 1833 2403 1903 juxta
2434 1848 2663 1887 morem
2695 1832 3003 1888 civitatum
3049 1837 3117 1889 ut
3156 1834 3405 1891 haberet
3449 1839 3561 1891 ter-

132 1932 185 1982 et
212 1931 522 1999 tyrannus,
572 1926 674 1981 sed
719 1926 912 1995 magis
943 1925 1280 1998 spiritaliter
1306 1921 1781 1989 intelligendum,
1894 1938 2025 1976 ram
2072 1921 2318 1975 interius
2376 1926 2620 1993 propter
2673 1937 2900 1987 muros,
2959 1922 3104 1993 ipsis
3160 1939 3313 1995 pene
3366 1924 3557 1981 muris

132 2016 267 2087 quia
290 2017 522 2087 justitia
548 2015 753 2071 divina
782 2033 919 2088 quae
953 2014 1204 2084 singulis
1232 2014 1421 2068 reddit
1450 2011 1784 2067 secundum
1893 2009 2211 2082 aequalem,
2246 2026 2321 2065 ne
2350 2010 2625 2065 videlicet
2655 2027 2759 2065 eos
2791 2010 2920 2066 sine
2951 2010 3221 2067 subsidio
3253 2018 3418 2068 terra
3447 2013 3556 2071 ad~

133 2120 306 2177 opera
327 2121 459 2169 sua,
484 2106 660 2177 punit
679 2111 924 2178 peccata
947 2105 1284 2171 hominum,
1308 2101 1637 2174 aliquando
1655 2116 1785 2155 ma-
1887 2099 2143 2169 jacentis
2177 2103 2426 2163 erectos,
2458 2099 2667 2154 creber
2695 2098 3003 2154 insistente
3033 2115 3220 2155 manu
3242 2100 3438 2156 hostili
3458 2102 3559 2158 de-

132 2195 333 2251 nifesta
363 2194 608 2259 ultione,
643 2194 974 2267 aliquando
1004 2193 1237 2249 occulto
1261 2189 1788 2263 judicio.Vindicat
1890 2188 2096 2259 jiceret
2120 2188 2271 2242 ictus
2306 2187 2526 2242 arietis.
2564 2187 2939 2242 Extrinsecus
2989 2192 3192 2244 autem
3241 2204 3557 2248 murorum

130 2298 230 2354 per
251 2298 419 2353 reges
448 2288 507 2338 et
536 2282 740 2349 duces,
770 2282 1035 2339 vindicat
1070 2298 1177 2355 per
1215 2281 1541 2354 prophetas
1596 2284 1652 2335 et
1695 2295 1788 2333 sa-

132 2371 386 2428 cerdotes
416 2386 560 2428 cum
588 2371 708 2427 alio’
734 2377 1018 2427 nocentes
1074 2371 1213 2426 facit
1254 2370 1428 2443 plecti
1472 2384 1782 2437 mucrone,

133 2460 271 2516 alios
299 2462 745 2517 transverberat
774 2460 974 2531 gladio
1016 2460 1257 2531 linguae.
1302 2460 1467 2515 Unde
1500 2458 1683 2514 David
1731 2462 1787 2513 et

131 2550 422 2619 Salomon,
459 2557 517 2606 et
545 2551 739 2606 creteri
770 2567 939 2620 reges
968 2567 1213 2623 poenam
1259 2552 1391 2604 teris
1442 2548 1781 2617 exigebant,

133 2655 261 2695 cum
281 2656 383 2695 eos
413 2640 698 2695 trucidari
721 2640 1035 2710 jubebant.
1075 2644 1135 2694 Et
1157 2640 1293 2694 item
1323 2638 1463 2693 alibi
1496 2638 1784 2710 scriptum

132 2734 212 2783 est
241 2728 313 2783 de
342 2729 743 2802 superborum
777 2734 836 2784 et
862 2728 1335 2784 inobedientium
1366 2743 1548 2801 paena
1572 2746 1584 2782 :
1616 2749 1643 2775 ‹‹
1672 2727 1783 2780 Do-

131 2816 242 2873 lavi
271 2834 371 2873 eos
405 2819 642 2891 (inquit)
668 2820 729 2872 in
758 2818 1069 2891 prophetis
1089 2824 1145 2872 et
1166 2817 1355 2872 occidi
1380 2834 1485 2872 eos
1508 2817 1567 2871 in
1590 2816 1785 2871 verbis

132 2907 242 2962 oris
269 2909 382 2963 mei
409 2908 569 2977 (Ose.
600 2910 698 2979 vi).

197 3018 223 3046 ‹‹
258 2998 561 3052 Profectus
584 3011 727 3080 ergo
754 2996 894 3051 inde
924 2996 1098 3063 Elias,
1131 2995 1348 3068 reperit
1394 2996 1687 3061 Elisaeum,
1723 2995 1787 3050 ti-

1894 2276 2144 2333 altitudo
2196 2276 2374 2344 longe
2432 2276 2807 2347 superﬁciem
2868 2280 3036 2332 terra:
3083 2279 3554 2349 transcenderat,

1898 2367 2158 2421 maxime
2191 2381 2329 2420 cum
2360 2366 2417 2419 in
2446 2365 2667 2421 montis
2691 2365 2971 2421 verticem
3010 2366 3099 2438 (ut
3142 2368 3446 2440 Scriptura
3466 2382 3558 2425 re-

1900 2457 2032 2525 fert)
2062 2456 2235 2510 fuerit
2265 2455 2406 2510 urbs
2431 2455 2642 2510 eadem
2669 2455 2884 2528 posita.
2916 2456 3009 2512 Ait
3034 2472 3178 2527 ergo
3219 2473 3323 2513 rex
3353 2472 3560 2531 super-

1899 2546 2017 2601 bus
2075 2545 2391 2600 obsessam
2444 2548 2671 2598 terrens
2726 2544 3048 2614 civitatem,
3104 2545 3272 2617 quod
3324 2548 3559 2601 tantum

1898 2635 2147 2690 haberet
2171 2649 2375 2688 secum
2397 2632 2688 2688 exercitus
2718 2632 3183 2702 multitudinem,
3212 2637 3276 2689 ut
3299 2634 3479 2690 etiam
3508 2631 3560 2689 ei

1899 2725 2156 2797 quisque
2183 2724 2438 2778 militum
2469 2724 2618 2793 ejus,
2653 2739 2843 2778 unum
2876 2724 3264 2780 solummodo
3292 2724 3559 2797 lapidem

1900 2814 1992 2869 vel
2044 2813 2351 2885 cespitem,
2384 2812 2479 2867 vel
2507 2812 2767 2885 stipitem
2800 2814 2880 2868 ad
2916 2812 3390 2869 construendum
3419 2828 3561 2869 con-

1898 2908 1987 2959 tra
2016 2903 2229 2958 urbem
2257 2916 2541 2971 aggerem
2573 2906 2971 2975 apportasset,
3003 2917 3190 2972 agger
3216 2905 3563 2973 exsurgeret

1895 2992 2001 3064 qui
2026 2991 2360 3064 superﬁcici
2391 2990 2643 3046 civitatis
2672 2991 2883 3062 ipsius,
2914 3007 3051 3063 quae
3076 2997 3204 3048 erat
3230 2991 3388 3048 intra
3429 3006 3563 3048 mu-

137 3106 162 3133 ς(
197 3084 337 3140 lium
367 3085 616 3158 Saphat,
651 3091 922 3141 arantem
950 3085 1006 3139 in
1049 3084 1370 3141 duodecim
1399 3085 1555 3154 jugis
1576 3084 1784 3154 boum,
1816 3108 1858 3161 ο
1897 3099 2014 3150 ros,
2046 3097 2175 3136 esse
2194 3081 2494 3136 videretur
2512 3080 2781 3151 aequalis,
2805 3080 2886 3136 ita
2906 3085 2970 3135 ut
2991 3097 3063 3136 ex
3091 3096 3267 3153 aequo
3286 3097 3565 3154 pugnan-

133 3194 157 3219 «
195 3178 250 3229 et
277 3173 401 3247 ipse
431 3175 497 3229 in
527 3173 851 3229 duodecim
885 3172 1197 3228 arantibus
1226 3189 1385 3228 unus
1433 3177 1577 3228 erat.
1613 3174 1787 3227 Cum-

134 3283 158 3309 «
196 3278 309 3335 que
332 3263 597 3318 venisset
620 3261 771 3317 Ehas
799 3262 876 3316 ad
900 3277 1060 3331 eum,
1076 3262 1239 3317 misit
1266 3262 1513 3333 pallium
1537 3277 1737 3329 suum,
1761 3282 1787 3310 ››

133 3354 233 3406 etc.
266 3352 443 3421 Igitur
472 3350 777 3423 profectus
805 3350 957 3407 Elias
988 3352 1203 3423 reperit
1258 3351 1553 3416 Eliszeum,
1596 3350 1789 3405 ﬁlium

134 3440 348 3512 Saphat
391 3446 669 3497 arantem
713 3440 774 3496 in
816 3440 1138 3495 duodecim
1182 3440 1346 3510 jugis
1389 3441 1597 3505 boum,
1647 3456 1788 3495 cum

132 3529 484 3603 Redemptor
505 3534 710 3585 noster
735 3530 1107 3585 descendens
1138 3530 1213 3585 de
1244 3530 1414 3596 coelo,
1468 3529 1673 3585 divino
1699 3530 1793 3600 ju-

131 3616 279 3673 dicio
307 3619 630 3691 acquisivit
662 3619 955 3691 populum
987 3620 1185 3674 adhuc
1216 3619 1462 3674 terrenis
1505 3619 1790 3691 operibus

131 3706 472 3774 inhiantem,
504 3708 567 3763 in
596 3724 720 3780 quo
753 3707 1007 3763 salutem
1039 3707 1192 3773 fecit,
1245 3724 1380 3762 cum
1429 3725 1567 3763 eum
1619 3708 1698 3763 ad
1730 3708 1792 3762 li-

130 3795 263 3852 dem
288 3800 604 3853 convertit.
654 3797 806 3852 Elias
860 3797 1017 3852 enim
1063 3798 1481 3870 interpretatur
1534 3802 1622 3865 (ut
1662 3799 1790 3869 jam

129 3885 410 3956 diximus)
439 3888 735 3943 Dominus
768 3889 923 3944 Deus
950 3901 971 3943 .°
1018 3888 1263 3960 Saphat,
1301 3888 1643 3956 judicantis
1677 3904 1690 3943 :
1738 3892 1796 3945 et

134 3974 365 4031 Elisaeus
396 3979 505 4033 Dei
528 3978 646 4032 mei
668 3978 856 4033 salus.
882 3979 1011 4031 iam
1038 3976 1388 4032 mirabiliter
1414 3993 1594 4049 super
1609 3993 1793 4049 quem

131 4065 416 4137 propheta
442 4064 698 4138 pallium
748 4081 928 4120 suum
972 4064 1155 4133 misit,
1202 4080 1342 4120 cum
1383 4065 1551 4121 illum
1592 4066 1791 4122 Domi-

130 4166 237 4207 nus
266 4153 384 4211 ﬁde
416 4154 714 4211 catholica
736 4154 949 4211 induit.
994 4177 1021 4204 ‹‹
1056 4157 1302 4221 Omnes,
1335 4155 1417 4211 ait
1443 4156 1791 4228 Apostolus,

130 4242 315 4313 quiin
364 4245 603 4300 Christo
646 4243 927 4317 baptizati
973 4245 1115 4300 estis
1168 4244 1466 4301 Christum
1518 4246 1796 4302 induistis

130 4332 280 4401 (Gal.
315 4336 415 4405 ιιι).
450 4356 479 4385 ››

197 4443 224 4470 α
243 4423 416 4479 Atille
438 4422 643 4479 statim
664 4422 879 4479 relictis
896 4422 1115 4493 bobus,
1153 4424 1412 4480 cucurrit
1434 4428 1568 4496 post
1604 4424 1790 4481 Eliam

133 4532 157 4558 «
197 4516 251 4567 et
279 4513 361 4568 ait
390 4532 402 4569 :
434 4513 699 4579 Osculer,
734 4529 841 4569 oro
864 4518 940 4577 te,
967 4518 1197 4586 patrem
1224 4529 1426 4569 meum
1450 4518 1507 4569 et
1536 4520 1792 4571 matrem

136 4620 161 4647 κ
198 4608 494 4673 meam,et
516 4602 601 4658 sic
624 4619 844 4675 sequar
866 4608 939 4659 te.
967 4624 995 4653 »
1028 4603 1178 4669 Quia
1207 4619 1350 4658 mox
1377 4608 1442 4659 ut
1470 4604 1795 4661 electorum

134 4689 344 4747 chorus
374 4692 609 4748 audivit
646 4692 993 4764 loquentem
1024 4709 1132 4765 per
1160 4692 1553 4761 Evangelium
1600 4693 1798 4750 Domi-

133 4793 306 4837 num:
341 4804 370 4833 ‹‹
397 4782 509 4848 Qui
542 4797 665 4838 non
693 4782 1123 4845 renuntiaverit
1158 4783 1445 4839 omnibus
1472 4799 1607 4855 quas
1655 4800 1794 4856 pos-

134 4870 296 4936 sidet,
324 4888 449 4929 non
476 4877 672 4945 potest
695 4890 866 4929 meus
894 4889 1023 4929 esse
1049 4873 1381 4946 discipulus
1401 4876 1547 4945 (Luc
1570 4876 1792 4947 xxiv),n

133 4960 322 5018 statim
353 4962 611 5017 cessavit
642 4962 888 5017 terrenis
920 4961 1099 5017 lucris
1128 4961 1377 5024 inhiare,
1403 4964 1792 5019 saecularibus

132 5048 437 5107 desideriis
479 5051 803 5108 deservire.
838 5053 1057 5107 Totum
1089 5067 1151 5107 se
1184 5052 1431 5109 contulit
1477 5052 1556 5109 ad
1609 5054 1792 5109 servi-

132 5136 273 5196 tium
305 5141 540 5205 Christi,
567 5156 677 5198 nec
705 5147 904 5198 tamen
933 5142 1063 5197 aliis
1101 5141 1354 5197 verbum
1398 5143 1533 5198 vita)
1581 5142 1795 5215 praedi-

131 5242 258 5284 care
286 5230 525 5287 desinit.
563 5231 684 5287 Hoc
714 5231 876 5288 enim
908 5230 1165 5287 osculari
1195 5236 1426 5303 patrem
1458 5246 1597 5287 cum
1647 5248 1797 5304 quo-

132 5332 393 5391 scunque
424 5321 634 5393 possit,
668 5322 793 5377 sive
821 5321 897 5376 de
926 5320 1170 5388 Iudaeis,
1222 5320 1343 5376 sive
1392 5320 1469 5375 de
1514 5321 1794 5391 gentibus

134 5406 273 5463 velle
300 5425 578 5466 sermone
610 5411 906 5479 corrigere
918 5452 930 5466 .

200 5518 225 5543 α
263 5498 414 5554 Tulit
456 5498 662 5573 itaque
709 5499 953 5555 Elisaeus
1000 5515 1113 5572 par
1160 5499 1350 5555 boum
1398 5502 1456 5554 et
1509 5500 1795 5557 mactavit

136 5603 160 5628 «ι
198 5583 358 5653 illud,
392 5592 451 5643 et
491 5588 551 5643 in
578 5593 779 5644 aratro
828 5589 1017 5647 boum
1062 5590 1222 5645 coxit
1267 5604 1479 5644 carnes
1527 5593 1584 5644 et
1628 5589 1796 5645 dedit

139 5691 164 5717 τί
201 5677 441 5748 populo,
474 5683 531 5733 et
561 5679 972 5735 comederunt.
1002 5700 1029 5727 ››
1062 5683 1208 5736 Cum
1239 5677 1504 5751 populus
1531 5678 1796 5734 christia-

137 5774 243 5818 nus
274 5767 543 5824 carnalia
568 5769 868 5828 desideria
917 5772 1217 5839 mactans,
1250 5772 1442 5825 totum
1467 5768 1794 5826 exercitum

1896 3177 1983 3227 tes
2016 3175 2224 3226 contra
2252 3170 2547 3225 civitatem
2580 3168 2698 3225 tela
2726 3167 2814 3223 vel
2842 3168 3003 3223 faces
3038 3168 3266 3225 mittere
3289 3174 3559 3241 possent.

1898 3261 2080 3332 Cujus
2135 3258 2527 3315 temeritatem
2572 3258 2930 3327 arrogantia:
2979 3258 3255 3315 modesto
3284 3273 3565 3316 sermone

1898 3363 2291 3421 compescens
2321 3364 2418 3403 rex
2449 3346 2627 3402 Israel
2659 3347 2743 3402 ait
2769 3363 2782 3401 :

1970 3461 1998 3488 ‹‹
2042 3438 2219 3493 Dicite
2250 3437 2342 3492 ei:
2377 3452 2450 3492 ne
2482 3435 2767 3507 glorietur
2804 3435 3106 3492 accinctus
3152 3450 3324 3508 teque
3370 3440 3436 3493 ut
3477 3436 3565 3493 di-

1901 3551 1928 3577 ‹‹
1971 3528 2254 3583 scinctus.
2287 3549 2316 3577 »
2374 3526 2547 3582 Aliud
2599 3531 2687 3583 est
2734 3527 2895 3582 enim
2926 3527 3251 3596 accinctus,
3282 3528 3436 3584 alius
3476 3527 3566 3584 di-

1900 3620 2186 3681 scinctus,
2217 3618 2372 3674 alius
2399 3633 2521 3673 non
2553 3617 2877 3673 accinctus.
2904 3618 3216 3673 Accinctus
3232 3633 3377 3676 nam
3395 3617 3567 3692 quod

1898 3716 1991 3766 est
2036 3710 2141 3782 qui
2181 3709 2423 3780 cingulo
2476 3708 2883 3765 circumdatus
2929 3708 3167 3765 incedit.
3214 3710 3563 3778 Discinctue,

1901 3801 2001 3871 qui
2030 3800 2340 3871 cingulum
2381 3814 2575 3872 nuper
2624 3798 2925 3871 deposuit.
2977 3798 3149 3854 Verbi
3198 3800 3388 3868 gratia
3436 3797 3567 3855 bal-

1899 3905 2084 3946 neum
2115 3890 2463 3956 intraturus,
2514 3888 2608 3944 vel
2656 3888 2876 3943 Iectum
2928 3901 3310 3955 ascensurus,
3358 3887 3455 3944 vel
3484 3886 3567 3944 ad

1900 3984 2123 4035 terram
2181 3978 2328 4034 forte
2379 3978 2647 4034 tunicam
2696 3976 3036 4033 induturus.
3088 3980 3215 4033 Non
3262 3976 3566 4034 accinctus

1900 4069 2006 4141 qui
2035 4083 2215 4140 super
2247 4068 2449 4124 tunica
2480 4066 2727 4123 indutus
2756 4065 3018 4121 necdum
3048 4082 3111 4123 se
3149 4065 3357 4125 abdita
3401 4082 3567 4125 zona)

1902 4158 2434 4229 circumpositione
2474 4157 2745 4213 munivit.
2776 4156 2867 4212 Sic
2896 4170 3039 4227 ergo
3082 4156 3145 4213 in
3187 4158 3568 4231 expeditione

1904 4245 2217 4314 castrensi,
2244 4247 2351 4319 qui
2380 4246 2610 4319 positus
2631 4251 2722 4303 est
2752 4251 2907 4302 recte
2938 4247 3240 4304 accinctus
3286 4248 3568 4305 nomina-

1902 4343 2019 4404 tur,
2051 4336 2112 4391 id
2140 4341 2229 4392 est
2261 4336 2446 4392 armis
2476 4335 2745 4393 indutus.
2789 4335 2900 4402 Qui
2944 4350 3153 4407 pugna
3185 4337 3455 4394 confecta
3480 4339 3569 4395 vi-

1904 4432 2030 4484 ctor
2059 4427 2314 4482 domum
2343 4426 2516 4494 redit,
2544 4426 2679 4496 jure
2710 4425 3039 4482 discinctus
3081 4432 3333 4485 vocatur
3364 4445 3379 4483 :
3425 4426 3574 4501 quia

1904 4517 2191 4572 nimirum
2221 4515 2510 4589 depositis
2548 4515 2730 4572 armis
2773 4519 2993 4587 optatze
3035 4516 3201 4588 pacis
3246 4517 3437 4573 otium
3468 4531 3571 4587 ge-

1903 4607 1994 4661 rit.
2030 4605 2143 4671 Qui
2171 4621 2311 4661 vero
2341 4604 2603 4660 necdum
2633 4618 2930 4675 pugnare,
2962 4616 3159 4675 neque
3191 4620 3257 4661 se
3286 4604 3365 4659 ad
3388 4608 3575 4662 certa-

1904 4711 2044 4751 men
2095 4710 2311 4767 parare
2350 4694 2480 4765 jam
2528 4697 2813 4764 coeperat,
2849 4692 3063 4747 merito
3093 4704 3216 4748 non
3267 4691 3573 4749 accinctus

1903 4801 2033 4841 esse
2078 4784 2316 4839 dicitur.
2362 4783 2457 4837 Ait
2503 4796 2647 4851 ergo
2694 4794 2799 4837 rex
2848 4780 3052 4847 Israel,
3084 4782 3209 4851 regi
3240 4780 3422 4854 Syriae
3449 4781 3575 4850 glo-

1903 4874 2100 4942 rianti,
2117 4874 2289 4945 quasi
2308 4874 2437 4943 jam
2456 4872 2709 4944 cepisset
2734 4870 3287 4943 Samariam,quam
3299 4870 3574 4928 obsidere

1906 4968 2169 5037 coeperat
2192 4979 2204 5018 :
2231 4985 2258 5012 ‹‹
2286 4965 2363 5018 Ne
2388 4961 2672 5031 glorietur
2711 4960 3034 5029 accinctus,
3074 4973 3212 5032 quae
3252 4964 3318 5017 ut
3351 4959 3575 5016 discin-

1907 5059 2107 5108 ctus.»
2131 5056 2212 5107 Ac
2252 5052 2299 5106 si
2341 5054 2544 5123 aperte
2584 5049 2779 5105 dicat:
2809 5047 2936 5103 Noli
2982 5047 3221 5118 gloriari
3241 5048 3421 5122 quasi
3445 5049 3577 5121 jam

1907 5143 2096 5197 victor
2120 5140 2314 5196 bellici
2336 5139 2717 5207 discriminis,
2749 5137 2853 5210 qui
2872 5137 3072 5195 adhuc
3094 5138 3152 5194 in
3172 5140 3298 5197 acie
3318 5139 3575 5211 positus,

1902 5246 2085 5305 quem
2115 5230 2362 5286 victoria
2388 5233 2674 5302 sequatur
2695 5228 2958 5297 ignoras.
2987 5230 3054 5284 Et
3078 5240 3288 5284 verum
3310 5227 3578 5300 profecto

1902 5321 2176 5377 dicebat:
2211 5323 2360 5375 Nam
2396 5335 2538 5375 mox
2582 5318 2727 5374 inito
2758 5317 3104 5384 certamine,
3140 5314 3429 5372 Benadab
3452 5330 3580 5373 non

1902 5410 2071 5466 victis
2092 5407 2455 5465 adversariis
2486 5406 2888 5479 triumphans,
2941 5405 3047 5461 sed
3091 5404 3241 5462 coelo
3274 5419 3388 5460 suo
3417 5414 3582 5462 exer-

1904 5500 2023 5555 citu
2062 5498 2296 5565 fugiens
2327 5497 2581 5553 domum
2611 5495 2805 5551 rediit.
2861 5494 3100 5565 Mystice
3151 5497 3353 5551 autem
3400 5494 3584 5550 Bena-

1904 5590 2027 5645 dab
2047 5589 2236 5645 hostis
2269 5588 2451 5643 Israel
2481 5587 2779 5657 signiticet
2804 5583 3144 5653 diabolum,
3169 5584 3447 5640 omnium
3477 5584 3584 5640 bo-

1904 5695 2122 5735 norum
2148 5677 2482 5745 inimicum,
2509 5677 2614 5750 qui
2644 5675 2918 5731 diversas
2965 5674 3261 5730 exercitus
3291 5671 3587 5743 maligno-

1901 5784 2039 5825 rum
2061 5767 2380 5841 spirituum
2395 5766 2476 5824 ad
2498 5761 2977 5823 subvertendum
2996 5762 3297 5837 populum
3316 5761 3420 5820 Dei
3437 5774 3586 5817 con-
