3940 6406
385 279 492 334 487

1493 266 1855 325 ANGELOMI
1894 257 2349 318 LUXOVlENSlS
2387 259 2701 318 MONACHI

3679 263 3769 318 488

388 399 585 457 trahit.
633 397 747 455 Sed
795 413 900 470 per
924 410 1143 470 pueros
1185 391 1524 466 principum
1556 390 1735 446 Israel
1764 386 2038 454 vincitur,
2077 383 2128 441 Δ
2155 399 2324 438 mum
2357 383 2744 450 subverteret,
2765 399 2875 440 nec
2905 386 3108 440 tamen
3136 381 3197 438 in
3217 379 3333 437 hoc
3357 380 3684 452 prtevaleret
3705 385 3768 440 ad

388 505 528 545 cum
577 504 681 561 per
729 486 925 542 bonos
967 483 1268 540 auditores
1315 485 1663 536 sanctorum
1705 479 2042 537 doctorum,

387 575 683 650 quidquid
711 590 854 630 aure
871 572 1143 640 audiunt,
1161 570 1329 626 factis
1350 569 1598 641 implere
1621 569 1908 623 nituntur.
1933 569 2045 618 An-

388 666 588 739 tiquus
608 664 798 720 hostis
816 662 875 718 in
898 662 1104 732 fugam
1124 659 1369 716 vertitur
1388 657 1709 730 omnisque
1729 672 1873 711 suus
1885 668 2047 708 exer-

388 755 538 810 citus
560 770 596 809 a
625 751 911 808 militibus
937 749 1146 805 Christi
1178 746 1586 820 proturbantur.
1615 745 1726 811 Qui
1755 745 1908 800 bene
1935 741 2046 795 du-

389 848 558 898 centa
583 839 766 896 millia
796 845 852 896 et
880 837 1124 908 triginta
1152 837 1275 893 duo
1306 852 1434 892 esse
1464 835 1764 903 dicuntur,
1811 830 1957 904 quia
1987 828 2047 884 hi

387 932 490 1005 qui
519 930 827 1002 utriusque
852 927 1187 984 testamenti
1214 925 1522 981 scientiam
1544 923 1799 996 perfecte
1827 923 2046 983 tenent,

385 1025 441 1076 et
467 1019 760 1076 Trinitatis
787 1017 970 1074 ﬁdem
1000 1033 1139 1072 cum
1171 1015 1413 1086 gemina
1442 1012 1728 1068 cbaritate
1756 1009 1858 1064 Dei
1882 1007 2046 1063 vide-

383 1109 516 1164 licet
546 1112 601 1164 et
630 1107 890 1180 proximi
920 1109 1298 1173 conservant,
1329 1103 1451 1176 apti
1488 1117 1595 1174 per
1642 1115 1886 1156 omnem
1919 1112 2048 1152 mo-

384 1197 534 1254 dum
563 1195 786 1252 militiaa
817 1194 1040 1251 summi
1069 1193 1224 1263 regis
1253 1208 1380 1248 esse
1412 1189 1903 1262 comprobantur.

457 1309 486 1336 ‹‹
514 1286 687 1356 Fugit
713 1299 959 1357 quoque
991 1281 1274 1338 Benadab
1301 1297 1406 1337 rex
1439 1280 1619 1351 Syriae
1645 1277 1705 1333 in
1732 1292 1888 1348 equo
1910 1290 2049 1330 cum

387 1399 416 1426 «
457 1375 778 1449 equitibus.
809 1377 922 1429 Nec
950 1388 1074 1428 non
1103 1387 1383 1442 egressus
1415 1386 1517 1426 rex
1549 1367 1730 1423 Israel
1757 1364 2050 1439 percussit

388 1489 416 1517 α
459 1480 650 1537 equos
680 1467 738 1520 et
775 1479 1003 1530 currus,
1037 1467 1093 1517 et
1117 1459 1412 1534 percussit
1460 1461 1677 1531 Syrum
1708 1455 1889 1528 plaga
1919 1470 2049 1509 ma-

391 1577 421 1605 «
463 1569 603 1624 gna.
634 1575 662 1602 »
719 1550 872 1616 Quid
918 1555 1007 1606 est
1051 1548 1218 1622 quod
1250 1547 1551 1613 Benadab,
1598 1561 1699 1601 rex
1744 1545 1946 1616 Syriae,
1987 1542 2049 1596 in

389 1657 548 1715 equo
569 1657 710 1697 cum
741 1639 1040 1712 equitibus
1070 1638 1272 1708 fugere
1317 1635 1694 1701 describitur,
1735 1633 1848 1688 nisi
1884 1630 2050 1704 quod

389 1730 672 1804 princeps
722 1729 995 1785 omnium
1047 1726 1392 1798 iniquorum
1438 1723 1736 1791 diabolus,
1789 1736 2048 1794 quorum

390 1818 548 1875 oculi
598 1817 886 1873 sublimes
946 1815 1129 1872 sunt?
1185 1817 1366 1887 Syrus
1415 1813 1576 1869 enim
1632 1811 2052 1883 interpretatur

388 1908 681 1976 sublimis,
721 1907 782 1962 in
812 1921 970 1979 equo
999 1922 1120 1960 suae
1152 1903 1468 1975 superbiae,
1520 1899 1857 1965 considens,
1911 1913 2050 1953 cum

389 1996 689 2070 equitibus
747 1995 890 2062 suis,
950 1994 1171 2050 scilicet
1227 1992 1509 2048 omnibus
1553 1989 1848 2063 superbis,
1907 1987 2051 2060 quia

386 2086 514 2158 ipse
560 2090 649 2142 est
699 2089 884 2157 caput
927 2100 1104 2156 super
1151 2099 1362 2138 omnes
1410 2079 1563 2136 ﬁlios
1617 2078 1934 2151 superbiae,
1972 2075 2050 2132 ab

387 2173 647 2230 exercitu
675 2173 910 2243 Christi,
964 2173 1078 2228 hoc
1125 2176 1232 2235 est,
1283 2169 1614 2226 humilibus
1664 2174 1720 2224 et
1772 2170 1956 2221 Deum
1991 2164 2054 2220 ti-

385 2262 689 2320 mentibus
747 2265 1083 2334 superatus,
1144 2260 1206 2315 in
1255 2259 1464 2329 fugam
1519 2257 1783 2314 vertitur.
1835 2259 1898 2310 Et
1949 2270 2053 2309 rex

389 2350 564 2407 Israel
592 2351 841 2423 percutit
872 2365 1061 2422 equos
1091 2353 1148 2404 et
1176 2364 1406 2414 currus,
1433 2346 1579 2419 quia
1617 2345 1692 2400 de
1721 2345 1855 2416 ipso
1898 2346 2051 2411 Rege

385 2457 598 2511 regum
622 2439 912 2512 scriptum
933 2437 1225 2510 est,quod
1247 2453 1457 2492 currus
1475 2435 1799 2491 Pharaonis
1819 2440 1874 2488 et
1890 2448 2052 2487 exer-

384 2531 570 2586 citum
596 2529 747 2600 ejus,
770 2543 998 2600 equum
1029 2531 1086 2582 et
1121 2541 1504 2581 ascensorem
1554 2524 1686 2593 ejus
1732 2522 2054 2577 submersit

385 2617 446 2673 in
479 2616 680 2672 Rubro
705 2615 892 2672 mari:
919 2615 1066 2669 dum
1099 2612 1396 2685 nequitias
1423 2610 1717 2682 spiritales
1748 2626 1886 2664 cum
1908 2625 2050 2664 vero

385 2705 718 2770 Pharaone,
750 2702 1000 2773 antiquo
1031 2699 1300 2755 videlicet
1341 2699 1534 2763 hoste,
1555 2697 1695 2769 aqui
1719 2696 2049 2768 baptisma-

387 2793 459 2849 tis
489 2792 689 2848 obruit
717 2789 970 2847 humani
995 2788 1229 2860 generis
1257 2787 1515 2844 delendo
1546 2792 1812 2859 peccata.

461 2880 813 2937 «Accedens
836 2884 1036 2934 autem
1056 2878 1351 2951 propheta
1374 2865 1458 2933 ad'
1468 2893 1667 2945 regem
1690 2875 1884 2942 Israel,
1903 2875 2052 2930 dixit

387 2993 416 3021 α
458 2971 511 3026 ei
537 2989 550 3027 :
577 2970 734 3027 Vade
764 2975 821 3025 et
849 2969 1204 3037 confortare,
1235 2973 1291 3024 et
1321 2967 1466 3022 scito
1512 2971 1567 3022 et
1614 2966 1748 3021 vide
1791 2965 1937 3038 quid
1965 2965 2051 3020 fa-

387 3085 414 3110 α
458 3061 600 3116 cias.
659 3059 938 3132 Sequenti
977 3059 1137 3114 enim
1177 3074 1339 3113 anno
1389 3073 1492 3112 rex
1536 3057 1719 3128 Syriae
1766 3054 2048 3111 ascendet
2087 3091 2128 3147 ο

386 3173 413 3200 ‹‹
455 3154 664 3206 contra
689 3154 762 3205 te.
795 3147 954 3204 Servi
983 3163 1121 3204 vero
1143 3147 1298 3218 regis
1328 3146 1508 3218 Syriae
1527 3144 1805 3200 dixerunt
1831 3143 1881 3199 ei
1908 3161 1920 3198 :
1945 3143 2047 3199 Dei

384 3262 413 3290 «
454 3239 753 3296 montium
811 3241 951 3294 sunt
1013 3237 1096 3293 dii
1147 3252 1378 3302 eorum,
1432 3233 1566 3289 ideo
1614 3237 2049 3306 superaverunt

385 3352 413 3379 ‹‹
455 3329 667 3399 (Exod.
684 3329 806 3398 xv),
830 3350 858 3377 ››
888 3332 944 3383 et
961 3325 1211 3397 reliqua.
1237 3323 1409 3391 Quod
1427 3323 1845 3390 Benadab,rex
1867 3323 2046 3394 Syriae

382 3416 570 3471 semel
616 3415 830 3482 victus,
891 3415 1107 3470 iterum
1155 3413 1449 3469 instaurat
1504 3412 1778 3484 praelium
1839 3417 2048 3467 contra

385 3503 586 3570 Israel,
620 3502 916 3572 signiﬁcat
940 3501 1252 3557 diabolum
1284 3517 1320 3556 a
1351 3500 1591 3556 malitize
1614 3517 1739 3558 suae
1771 3500 2045 3556 intentio-

383 3608 459 3648 ne
482 3607 799 3664 nunquam
821 3606 1074 3646 cessare.
1108 3589 1218 3655 Qui
1242 3589 1378 3644 licet
1407 3605 1444 3645 a
1492 3589 1716 3645 sanctis
1766 3589 1900 3644 viris
1934 3605 2046 3644 saa-

381 3681 518 3755 pius
542 3681 832 3748 vincatur,
853 3684 1054 3735 tamen
1075 3678 1289 3734 iterum
1305 3677 1599 3733 instaurat
1617 3677 1888 3750 praelium
1911 3693 2048 3733 con-

383 3775 472 3827 tra
490 3769 642 3826 illos.
668 3768 897 3825 Etdum
923 3782 1043 3824 uno
1065 3766 1249 3822 modo
1271 3765 1666 3833 vincitur,alio
1693 3765 1893 3821 statim
1918 3766 2044 3821 vin-

381 3876 511 3916 cere
560 3862 829 3915 conatur.
894 3855 1042 3912 Hinc
1096 3859 1185 3911 est
1230 3853 1394 3928 quod
1447 3854 1599 3909 servi
1655 3853 1811 3923 regis
1863 3855 2044 3928 Syriae

379 3949 659 4004 dixerunt
680 3947 760 4002 ei:
787 3969 816 3996 «
840 3945 927 4001 Dii
948 3944 1245 4001 montium
1271 3947 1411 3998 sunt
1430 3942 1510 3998 dii
1531 3958 1759 4010 eorum,
1785 3943 1919 4000 ideo
1941 3961 2043 4000 su-

384 4039 747 4110 peraverunt
766 4051 900 4091 nos.
922 4034 1037 4092 Sed
1056 4033 1271 4089 melius
1290 4036 1378 4088 est
1398 4036 1461 4088 ut
1476 4048 1817 4104 pugnemus
1837 4039 2044 4091 contra

379 4141 485 4181 eos
508 4125 568 4180 in
585 4122 1046 4196 campestribus,
1069 4126 1127 4178 et
1141 4120 1543 4177 obtinebimus
1557 4137 1681 4178 eos.
1702 4145 1728 4171 »
1748 4122 1897 4188 Quia
1920 4140 2044 4180 ma-

377 4215 529 4284 ligni
551 4228 789 4284 semper
809 4211 1018 4268 dolose
1054 4211 1410 4266 sentientes:
1445 4211 1492 4266 si
1516 4211 1882 4284 spiritalibus
1915 4212 2042 4268 vin-

383 4307 621 4369 cuntur,
652 4301 712 4357 in
737 4299 1148 4372 corporalibus
1170 4299 1393 4356 bellum
1430 4316 1771 4373 praeparare
1803 4306 2042 4357 conten-

2155 477 2512 537 extremum,
2544 477 2610 528 ut
2637 473 2700 528 in
2729 473 2932 546 ipsum
2964 471 3072 527 sibi
3097 476 3361 544 potestas
3387 469 3635 540 daretur,
3659 487 3771 543 pos-

2156 560 2384 616 tulavit.
2419 563 2548 628 Quo
2600 578 2906 627 concesso,
2939 561 3112 634 quasi
3151 576 3296 615 mox
3325 559 3504 615 victor
3533 560 3773 618 existeret

2143 667 2399 707 ~carnem
2433 652 2562 723 ejus
2593 653 2760 722 gravi
2783 651 2978 707 ulcere
3004 649 3362 706 vulneravit.
3400 647 3512 706 Sed
3534 665 3648 722 quo
3690 667 3772 706 ve-

2156 740 2495 797 hementius
2513 741 2588 798 de
2615 741 3006 815 prosperitate
3027 740 3088 796 in
3109 738 3315 795 dolore
3340 753 3447 811 per
3467 737 3772 811 depositum

2155 830 2649 903 persequebatur,
2680 847 2751 887 eo
2795 829 3051 886 validius
3079 845 3188 902 per
3242 827 3584 902 patientiam
3609 827 3773 900 ipsius

2155 921 2741 992 prosternebatur.Et
2769 921 2952 993 paulo
2980 919 3258 992 apostolo
3284 917 3460 975 datus
3483 923 3570 973 est
3597 918 3777 974 stimu-

2156 1007 2250 1064 lus
2281 1010 2477 1066 carnis
2508 1027 2631 1066 suae
2658 1010 2908 1079 angelus
2942 1011 3196 1076 Satanae,
3223 1012 3287 1064 ut
3314 1023 3453 1064 eum
3483 1006 3778 1079 colaphiza-

2157 1102 2272 1153 ret:
2305 1104 2605 1170 quatenus
2631 1098 2817 1154 virtus
2846 1098 2907 1154 in
2945 1097 3288 1154 inﬁrmitate
3315 1095 3680 1170 perﬁceretur
3705 1097 3782 1166 (II

2161 1188 2297 1244 Cor.
2330 1190 2453 1258 xu).

2230 1299 2258 1326 ‹‹
2291 1279 2452 1332 Tunc
2487 1276 2574 1332 vir
2601 1276 2854 1350 quidam
2901 1275 2977 1331 de
3017 1275 3153 1331 ﬁliis
3178 1274 3626 1348 prophetarum,
3654 1271 3782 1328 dixit

2160 1388 2186 1415 ‹‹
2219 1365 2296 1421 ad
2330 1366 2562 1422 socium
2611 1383 2789 1422 suum
2839 1366 2899 1422 in
2931 1380 3207 1421 sermone
3248 1363 3519 1420 Domini:
3566 1365 3781 1418 Percute

2162 1477 2191 1505 «
2216 1471 2330 1510 me.
2363 1455 2543 1512 Atille
2565 1455 2756 1512 noluit
2783 1461 3112 1527 percutere.
3145 1454 3249 1511 Cui
3274 1453 3387 1510 ait:
3417 1452 3565 1518 Quia
3590 1450 3785 1507 noluis-

2161 1565 2190 1596 ‹
2223 1547 2264 1600 ti
2289 1544 2496 1601 audire
2522 1561 2732 1602 vocem
2766 1543 3021 1611 Domini,
3073 1559 3210 1599 ecce
3257 1541 3501 1598 recedes
3544 1557 3580 1597 a
3604 1556 3714 1606 me,
3739 1543 3786 1594 et

2160 1656 2189 1684 «
2220 1634 2504 1706 percutiet
2527 1638 2580 1689 te
2609 1633 2723 1688 leo.
2747 1637 3016 1705 Cumque
3042 1630 3358 1704 paululum
3384 1627 3785 1686 recessissetab

2092 1739 2131 1792 Β
2161 1745 2189 1774 ‹‹
2221 1738 2313 1794 eo,
2344 1721 2571 1778 invenit
2589 1737 2729 1777 eum
2750 1721 2844 1777 leo
2874 1726 3054 1793 atque
3094 1719 3404 1793 percussit.
3441 1717 3551 1776 Sed
3580 1723 3635 1774 et
3660 1716 3785 1772 alte-

2161 1835 2191 1863 ‹‹
2222 1829 2358 1868 rum
2405 1811 2770 1868 conveniens
2802 1810 3020 1877 virum,
3057 1809 3206 1866 dixit
3233 1809 3313 1866 ad
3341 1825 3519 1865 eum:
3573 1810 3788 1863 Percute

2161 1922 2192 1955 ‹
2221 1918 2338 1958 me.
2371 1901 2480 1965 Qui
2509 1899 2803 1973 percussit
2829 1917 2970 1956 eum
3007 1904 3064 1956 et
3101 1899 3454 1956 vulneravit.
3487 1895 3638 1954 Abiit
3664 1910 3787 1965 ergo

2162 2015 2190 2041 ‹‹
2215 1992 2527 2064 propheta,
2563 1998 2618 2048 et
2647 1991 2903 2048 occurrit
2954 1991 3078 2061 regi
3109 1991 3168 2046 in
3200 1991 3319 2060 via,
3356 1995 3415 2046 et
3443 1987 3686 2045 mutavit
3709 2002 3788 2042 as-

2163 2104 2189 2130 «
2223 2082 2498 2154 persione
2516 2081 2777 2154 pulveris
2800 2080 3010 2136 oculos
3033 2096 3194 2136 suos.
3229 2082 3500 2152 Cumque
3525 2093 3625 2133 rex
3650 2081 3790 2132 tran-

2163 2192 2189 2218 ‹‹
2221 2169 2412 2240 sisset,
2454 2170 2736 2226 clamavit
2765 2169 2842 2226 ad
2897 2185 3121 2240 regem,
3155 2173 3212 2225 et
3259 2168 3372 2224 ait:
3436 2169 3646 2225 Servus
3674 2169 3791 2220 tuus

2163 2282 2190 2310 «
2223 2275 2498 2329 egressus
2518 2264 2606 2315 est
2634 2259 2711 2315 ad
2744 2259 3164 2331 praeliandum,
3198 2279 3226 2308 »
3253 2263 3309 2313 et
3352 2257 3601 2329 reliqua.
3633 2256 3791 2309 Porro

2161 2347 2276 2403 hoc
2303 2353 2377 2402 de
2408 2347 2520 2403 hac
2546 2346 2760 2403 eadem
2799 2363 2861 2402 re
2892 2347 3190 2419 Josephus
3215 2345 3407 2402 taliter
3431 2344 3632 2401 refert:
3665 2346 3792 2397 Inte-

2162 2452 2264 2492 rea
2283 2436 2529 2508 quidem
2555 2437 2870 2508 propheta,
2901 2436 3145 2492 nomine
3203 2435 3476 2497 Micheas,
3527 2439 3791 2490 accedens

2161 2525 2235 2580 ad
2265 2541 2453 2580 unum
2480 2525 2903 2596 lsraelitarum,
2932 2525 3097 2598 petiit
3128 2528 3191 2580 ut
3221 2541 3362 2580 eum
3393 2523 3453 2580 in
3480 2521 3668 2596 capite
3695 2533 3789 2592 pro

2161 2613 2466 2669 voluntate
2499 2614 2734 2669 Domini
2759 2618 3109 2687 percuteret.
3148 2613 3253 2670 Cui
3283 2612 3510 2669 nolenti
3540 2607 3789 2684 praedixit

2161 2703 2234 2770 ei,
2265 2718 2337 2757 eo
2359 2704 2524 2774 quod
2549 2702 2902 2758 inobediens
2931 2707 3086 2759 esset
3111 2703 3250 2772 Deo,
3280 2702 3532 2774 ejusque
3560 2711 3792 2773 praecep-

2160 2795 2241 2858 to,
2275 2790 2447 2846 leone
2486 2797 2854 2862 occurrente,
2896 2791 3307 2864 perimeretur.
3357 2789 3530 2856 Quod
3559 2788 3699 2844 dum
3722 2783 3791 2840 illi

2158 2879 2390 2935 homini
2421 2880 2784 2950 contigisset,
2845 2881 3095 2937 accessit
3140 2880 3440 2952 propheta
3482 2893 3683 2934 rursus
3725 2872 3790 2929 ad

2160 2968 2367 3035 alium,
2389 2973 2445 3024 et
2467 2968 2626 3024 idem
2645 2973 2709 3025 ut
2732 2969 2950 3025 faceret
2969 2969 3303 3041 imperavit.
3335 2967 3494 3034 Quid
3521 2967 3664 3022 dum
3681 2978 3791 3036 per-

2159 3057 2442 3112 cussisset
2469 3073 2630 3127 eum,
2659 3062 2716 3114 et
2745 3057 2793 3128 ej
2805 3074 2874 3112 us
2904 3057 3184 3112 verticem
3214 3060 3590 3113 cruentasset
3606 3051 3791 3122 alliga-

2156 3149 2216 3202 to
2244 3146 2436 3218 capite
2467 3145 2719 3202 accessit
2743 3145 2817 3202 ad
2847 3162 3070 3218 regem,
3111 3145 3316 3202 dicens
3345 3145 3434 3202 ei:
3467 3142 3636 3211 Quod
3663 3140 3793 3196 dum

2155 3239 2314 3291 esset
2332 3235 2393 3290 in
2423 3235 2682 3291 exercitu
2713 3235 3086 3302 constitutus,
3120 3234 3454 3306 accepisset
3481 3251 3518 3291 a
3545 3229 3792 3306 quodam

2157 3324 2396 3381 tribuno
2427 3324 2792 3381 servandum
2836 3323 3166 3396 captivum,
3194 3323 3432 3396 sibique
3486 3322 3564 3379 ab
3592 3337 3660 3377 eo
3689 3317 3794 3374 dic-

2156 3418 2306 3480 tum,
2340 3417 2403 3469 ut
2447 3412 2494 3468 si
2523 3412 2796 3486 captivus
2825 3412 3074 3483 fugeret,
3120 3412 3246 3484 ipse
3291 3416 3638 3469 moreretur.
3685 3410 3793 3473 Quo

2156 3501 2438 3571 fugiente,
2461 3502 2530 3565 is,
2556 3501 2662 3574 qui
2692 3517 2833 3558 eum
2863 3501 3208 3567 tradiderat,
3244 3507 3505 3557 mortem
3535 3499 3588 3557 ei
3619 3497 3794 3554 mina-

2154 3595 2315 3646 retur
2343 3589 2578 3647 inferre.
2602 3591 2753 3646 Dum
2785 3591 3184 3663 respondente
3230 3590 3442 3646 Achab
3481 3591 3727 3645 mortem
3749 3581 3793 3638 ei

2154 3678 2466 3736 imminere
2501 3679 2920 3750 justissimam,
2946 3678 3118 3736 solvit
3141 3684 3344 3752 caput,
3374 3683 3436 3736 et
3459 3677 3692 3748 agnitus
3717 3676 3795 3728 est

2154 3769 2405 3825 Micheas
2438 3785 2564 3824 esse
2592 3769 2907 3841 propheta.
2942 3769 3062 3824 Hac
3088 3768 3247 3824 enim
3273 3767 3574 3841 parabola
3613 3762 3795 3820 uteba-

2154 3862 2249 3914 tur
2290 3862 2535 3930 propter
2565 3873 2875 3913 ssrmones
2922 3873 3076 3930 quos
3119 3862 3246 3913 erat
3286 3857 3337 3913 ei
3392 3858 3680 3913 dicturus.
3719 3848 3797 3906 Ait

2151 3961 2420 4018 namque
2443 3945 2752 4017 quomodo
2776 3946 2929 4002 Deus
2959 3946 3011 4001 ei
3040 3946 3456 4013 concessisset,
3488 3950 3555 4001 ut
3591 3937 3796 4014 suppli-

2152 4035 2312 4090 cium
2338 4034 2526 4090 hostis
2555 4033 2862 4091 evaderet:
2881 4035 3008 4108 ipse
3038 4035 3346 4091 inimicum
3369 4037 3421 4107 ej
3433 4053 3504 4091 us
3536 4026 3796 4090 Benadab

2149 4124 2255 4197 qui
2277 4124 2464 4180 Deum
2487 4123 3034 4197 blasphemaverat,
3065 4125 3388 4182 dimisisset
3416 4130 3476 4182 et
3499 4127 3798 4198 propterea

2151 4216 2308 4269 Deus
2342 4213 2720 4279 decrevisset,
2752 4214 2956 4287 ipsum
2998 4214 3246 4287 quidem
3292 4213 3371 4270 ab
3416 4214 3520 4270 illo
3579 4206 3795 4285 perimi.

2149 4302 2444 4375 populum
2476 4318 2612 4358 vero
2634 4303 2713 4358 ab
2735 4303 3030 4359 exercitus
3059 4302 3365 4359 invasione
3396 4299 3800 4360 consumi.lra-

379 4389 2038 4464 duut.Hocquoquediabolus,hocettotusexercitusejus
2076 4444 2120 4466 λ
2148 4395 2246 4448 tus
2277 4408 2420 4448 vero
2471 4392 2680 4449 Achab
2731 4392 3090 4466 prophetam
3141 4391 3312 4448 illum
3351 4391 3605 4465 quidem
3654 4387 3799 4444 clau-

375 4481 642 4538 maxime
669 4483 966 4550 satagunt,
995 4484 1060 4536 ut
1109 4479 1345 4536 animas
1376 4479 1694 4535 hominum
1724 4478 1798 4533 de
1829 4494 2037 4550 super-

374 4570 471 4626 nis
499 4570 578 4627 ad
626 4570 751 4626 ima
779 4568 1168 4642 praecipitent,
1200 4584 1323 4641 quo
1373 4567 1605 4624 facilius
1650 4582 1754 4622 eos
1801 4566 2038 4623 vincere

376 4659 628 4733 possint.
657 4659 713 4717 Si
738 4658 991 4714 viderint
1013 4674 1116 4714 eos
1137 4657 1400 4714 coelestia
1421 4655 1781 4725 desiderare,
1806 4660 2039 4712 terrena

374 4753 432 4804 et
459 4749 690 4806 caduca
725 4746 805 4804 ad
847 4745 1182 4803 amandum
1215 4746 1512 4816 ingerunt.
1566 4745 1623 4799 Si
1669 4743 1922 4800 viderint
1973 4743 2037 4799 il-

371 4837 463 4894 los
501 4837 890 4910 prosperitate
937 4850 1224 4892 concessa
1261 4835 1380 4890 Deo
1423 4833 1647 4904 gratias
1690 4848 1888 4902 agere,
1918 4837 2037 4888 stu-

373 4927 516 4983 dent
544 4932 609 4982 ut
653 4942 760 4998 per
803 4925 1064 4981 adversa
1113 4924 1483 4992 frangantur.
1529 4921 1642 4976 Sed
1686 4921 1837 4976 sicut
1881 4921 2038 4990 regis

374 5015 555 5087 Syria
584 5020 642 5070 et
672 5030 982 5070 servorum
1013 5013 1144 5084 ejus
1174 5027 1297 5068 non
1351 5009 1632 5066 convenit
1676 5009 1853 5064 dictio
1897 5027 2036 5066 cum

374 5119 587 5175 opere:
621 5102 767 5174 quia
787 5102 890 5158 ubi
920 5119 982 5158 se
1006 5116 1292 5174 superare
1314 5115 1491 5172 posse
1515 5098 1920 5168 conﬁdebant,
1955 5099 2036 5154 ibi

374 5193 638 5267 superati
668 5197 842 5248 sunt:
871 5192 950 5248 ita
971 5197 1028 5248 et
1046 5191 1328 5264 princeps
1360 5189 1568 5244 mortis
1609 5204 1766 5260 saepe
1792 5188 1874 5244 ibi
1903 5189 2033 5243 vin-

373 5283 544 5354 citur,
594 5297 734 5338 cum
783 5279 1042 5337 exercitu
1089 5295 1219 5339 suo,
1265 5277 1368 5331 ubi
1398 5293 1462 5332 se
1501 5277 1757 5333 aestimat
1800 5277 2033 5334 vincere

370 5387 590 5444 posse:
622 5393 652 5422 «
684 5371 835 5436 Quia
854 5368 1095 5424 inﬁrma
1123 5365 1335 5422 mundi
1358 5366 1534 5436 elegit
1573 5369 1746 5435 Deus,
1781 5372 1844 5422 ut
1890 5384 2032 5424 eon-

371 5460 646 5516 funderet
666 5459 840 5516 fortia
865 5477 877 5513 :
903 5462 959 5512 et
980 5473 1052 5512 ea
1079 5472 1216 5528 qua:
1238 5470 1356 5510 non
1381 5461 1538 5527 sunt,
1565 5461 1629 5512 ut
1648 5473 1719 5512 ea
1738 5474 1872 5530 quae
1897 5463 2033 5514 sunt

371 5548 701 5603 destrueret
714 5548 762 5620 (1
797 5547 933 5602 Cor.
965 5550 1028 5613 1).
1056 5567 1083 5593 ››
1111 5543 1401 5600 Tentabat
1424 5545 1602 5616 igitur
1626 5547 1908 5619 antiquus
1929 5549 2032 5603 ho-

372 5635 477 5690 stis
506 5635 752 5690 beatum
779 5635 911 5702 Job,
943 5639 998 5688 et
1028 5632 1178 5688 dum
1219 5632 1329 5688 sibi
1356 5635 1750 5692 substantiam
1801 5637 1931 5707 ejus
1975 5642 2032 5694 et

368 5723 526 5780 ﬁlios
556 5723 711 5780 tradi
729 5739 768 5781 a
786 5722 1042 5779 Domino
1058 5728 1374 5796 expeteret,
1398 5730 1459 5782 ut
1481 5741 1589 5799 per
1615 5727 1730 5782 hoc
1747 5727 1876 5797 ejus
1897 5727 2026 5782 ani-

2147 4497 2280 4538 sum
2309 4481 2529 4538 servari
2547 4481 2750 4554 jussit.
2801 4481 3104 4538 Confusus
3162 4485 3365 4539 autem
3405 4481 3661 4538 Michaaae
3687 4492 3796 4531 ser-

2147 4571 2430 4626 monibus
2477 4571 2556 4627 ad
2614 4587 2789 4627 suam
2815 4571 3069 4627 domum
3124 4570 3430 4628 remeavit.
3465 4566 3796 4626 Secundum

2143 4657 2306 4728 leges
2339 4675 2476 4715 vero
2526 4659 2876 4733 tropologizn
2926 4659 3191 4716 maxime
3219 4658 3670 4732 providendum
3719 4655 3796 4708 est

2145 4748 2332 4804 servis
2352 4749 2482 4819 Dei,
2522 4765 2598 4806 ne
2629 4749 2966 4806 secundum
3015 4749 3360 4822 exemplum
3413 4746 3626 4804 Achab
3653 4741 3796 4814 regis

2146 4836 2345 4904 Israel,
2373 4837 2714 4909 perniciosa
2735 4837 3047 4894 securitate
3071 4837 3185 4893 sibi
3206 4837 3604 4894 blandiantur
3620 4845 3798 4907 quan-

2142 4924 2250 4980 diu
2278 4925 2464 4982 hostis
2493 4926 2637 4983 vivit
2651 4943 2725 4983 ne
2747 4927 2895 4982 dum
2927 4943 2990 4982 se
3005 4926 3185 4998 quasi
3199 4926 3458 4982 victores
3479 4927 3796 4998 perpetuos

2143 5015 2522 5083 arbitrentur,
2554 5033 2662 5089 per
2681 5016 2956 5072 fraudem
2982 5015 3207 5071 diaboli
3231 5031 3447 5088 pacem
3463 5012 3797 5088 promitten-

2144 5103 2239 5172 tis,
2261 5104 2434 5161 citius
2466 5105 2780 5161 elidantur.
2808 5105 2959 5172 Quia
2980 5104 3132 5160 sicut
3159 5109 3300 5160 tunc
3331 5104 3628 5177 propheta
3657 5113 3796 5172 pra:-

2143 5193 2301 5250 dicto
2348 5195 2473 5265 regi
2505 5211 2614 5268 pro
2645 5194 3093 5251 inconsiderata
3142 5194 3359 5266 pietate
3390 5185 3796 5266 pronuntiavit

2145 5282 2317 5338 citius
2340 5283 2569 5354 justam
2586 5283 2773 5339 affore
2797 5283 3108 5350 ultionem,
3133 5282 3216 5340 ita
3245 5298 3406 5338 nunc
3421 5277 3800 5355 propheticus

2142 5387 2340 5427 sermo
2376 5372 2758 5444 praenuntiat,
2811 5372 2861 5427 si
2901 5372 3288 5445 paciscamur
3341 5387 3483 5426 cum
3541 5364 3796 5428 diabolo,

2139 5464 2426 5516 aeternam
2452 5461 2627 5517 nobis
2654 5476 2764 5534 pro
2791 5461 2903 5516 hoc
2933 5460 3249 5516 imminere
3279 5475 3552 5532 poenam.

2765 5550 2991 5606 CAPUT
3032 5550 3176 5605 XXI.

2212 5662 2238 5688 ‹‹
2271 5641 2409 5695 Post
2431 5639 2615 5696 verba
2639 5644 2839 5696 autem
2861 5640 3011 5706 haec,
3035 5641 3214 5696 vinea
3235 5643 3360 5696 erat
3394 5637 3635 5695 Naboth
3679 5636 3796 5690 Jez-

2138 5749 2168 5778 ‹‹
2196 5727 2412 5784 raelitae
2436 5728 2542 5801 qui
2576 5733 2702 5785 erat
2747 5728 2810 5784 in
2835 5729 3052 5784 Jezreel
3076 5729 3252 5801 juxta
3271 5725 3572 5801 palatium
3597 5718 3797 5781 Achab

3889 747 3896 841 4

3888 879 3896 984 1

3882 1117 3895 1256 1
