  <div class='ocr_page' id='page_1' title='image "/cluster/home/n/w/nwhite01/storage/ocr_20150623/115-116/uc1.31175006916467/252.png"; bbox 0 0 3940 6456; ppageno 0'>
   <div class='ocr_carea' id='block_1_1' title="bbox 159 254 267 308">
    <p class='ocr_par' dir='ltr' id='par_1_1' title="bbox 159 254 267 308">
     <span class='ocr_line' id='line_1_1' title="bbox 159 254 267 308; baseline -0.009 0"><span class='ocrx_word' id='word_1_1' title='bbox 159 254 267 308; x_wconf 74' lang='grc'>489</span> 
     </span>
    </p>
   </div>
   <div class='ocr_carea' id='block_1_2' title="bbox 1139 250 2619 312">
    <p class='ocr_par' dir='ltr' id='par_1_2' title="bbox 1139 250 2619 312">
     <span class='ocr_line' id='line_1_2' title="bbox 1139 250 2619 312; baseline 0.003 -5"><span class='ocrx_word' id='word_1_2' title='bbox 1139 254 1392 309; x_wconf 80' lang='lat' dir='ltr'>ENABR.</span> <span class='ocrx_word' id='word_1_3' title='bbox 1435 255 1503 308; x_wconf 83' lang='grc' dir='ltr'>ΙΝ</span> <span class='ocrx_word' id='word_1_4' title='bbox 1546 250 1792 307; x_wconf 81' lang='lat' dir='ltr'>LIBROS</span> <span class='ocrx_word' id='word_1_5' title='bbox 1832 251 2090 308; x_wconf 81' lang='lat' dir='ltr'>REGUM.</span> <span class='ocrx_word' id='word_1_6' title='bbox 2132 284 2200 294; x_wconf 89' lang='lat'><strong><em>—</em></strong></span> <span class='ocrx_word' id='word_1_7' title='bbox 2249 257 2315 310; x_wconf 84' lang='grc' dir='ltr'>ΙΝ</span> <span class='ocrx_word' id='word_1_8' title='bbox 2358 257 2485 312; x_wconf 87' lang='lat' dir='ltr'>LIB.</span> <span class='ocrx_word' id='word_1_9' title='bbox 2529 257 2619 312; x_wconf 86' lang='lat' dir='ltr'>Ill.</span> 
     </span>
    </p>
   </div>
   <div class='ocr_carea' id='block_1_3' title="bbox 3499 269 3607 342">
    <p class='ocr_par' dir='ltr' id='par_1_3' title="bbox 3499 269 3607 342">
     <span class='ocr_line' id='line_1_3' title="bbox 3499 269 3607 342; baseline -0.037 -16"><span class='ocrx_word' id='word_1_10' title='bbox 3499 269 3607 342; x_wconf 63' lang='lat'>490</span> 
     </span>
    </p>
   </div>
   <div class='ocr_carea' id='block_1_4' title="bbox 164 374 3608 460">
    <p class='ocr_par' dir='ltr' id='par_1_4' title="bbox 164 374 3608 460">
     <span class='ocr_line' id='line_1_4' title="bbox 164 374 3608 460; baseline 0.007 -34"><span class='ocrx_word' id='word_1_11' title='bbox 164 400 191 426; x_wconf 85' lang='grc'>‹‹</span> <span class='ocrx_word' id='word_1_12' title='bbox 223 374 389 445; x_wconf 87' lang='lat' dir='ltr'>regis</span> <span class='ocrx_word' id='word_1_13' title='bbox 418 374 718 432; x_wconf 82' lang='lat' dir='ltr'>Samariae.</span> <span class='ocrx_word' id='word_1_14' title='bbox 756 379 1008 432; x_wconf 80' lang='lat' dir='ltr'>Locutus</span> <span class='ocrx_word' id='word_1_15' title='bbox 1040 381 1128 433; x_wconf 89' lang='lat' dir='ltr'>est</span> <span class='ocrx_word' id='word_1_16' title='bbox 1165 392 1307 448; x_wconf 86' lang='lat' dir='ltr'>ergo</span> <span class='ocrx_word' id='word_1_17' title='bbox 1350 376 1558 433; x_wconf 85' lang='lat' dir='ltr'>Achab</span> <span class='ocrx_word' id='word_1_18' title='bbox 1598 375 1675 432; x_wconf 90' lang='lat' dir='ltr'>ad</span> <span class='ocrx_word' id='word_1_19' title='bbox 1713 378 1824 431; x_wconf 86' lang='lat' dir='ltr'>Na-</span> <span class='ocrx_word' id='word_1_20' title='bbox 1862 379 1908 431; x_wconf 91' lang='lat' dir='ltr'>A</span> <span class='ocrx_word' id='word_1_21' title='bbox 1943 395 1973 428; x_wconf 85' lang='grc'>‹</span> <span class='ocrx_word' id='word_1_22' title='bbox 2006 391 2229 448; x_wconf 84' lang='lat' dir='ltr'>regem,</span> <span class='ocrx_word' id='word_1_23' title='bbox 2263 383 2319 435; x_wconf 92' lang='lat' dir='ltr'>et</span> <span class='ocrx_word' id='word_1_24' title='bbox 2367 380 2451 436; x_wconf 92' lang='lat' dir='ltr'>sic</span> <span class='ocrx_word' id='word_1_25' title='bbox 2497 381 2781 438; x_wconf 91' lang='lat' dir='ltr'>eductum</span> <span class='ocrx_word' id='word_1_26' title='bbox 2813 383 2889 439; x_wconf 93' lang='lat' dir='ltr'>de</span> <span class='ocrx_word' id='word_1_27' title='bbox 2915 383 3149 444; x_wconf 83' lang='lat' dir='ltr'>civitate</span> <span class='ocrx_word' id='word_1_28' title='bbox 3179 387 3515 460; x_wconf 89' lang='lat' dir='ltr'>lapidarent</span> <span class='ocrx_word' id='word_1_29' title='bbox 3545 399 3608 449; x_wconf 89' lang='lat' dir='ltr'>ut</span> 
     </span>
    </p>
   </div>
   <div class='ocr_carea' id='block_1_5' title="bbox 163 464 1830 532">
    <p class='ocr_par' dir='ltr' id='par_1_5' title="bbox 163 464 1830 532">
     <span class='ocr_line' id='line_1_5' title="bbox 163 464 1830 532; baseline 0.001 -16"><span class='ocrx_word' id='word_1_30' title='bbox 163 489 191 516; x_wconf 68' lang='grc' dir='ltr'><strong><em>α</em></strong></span> <span class='ocrx_word' id='word_1_31' title='bbox 223 464 398 530; x_wconf 89' lang='lat' dir='ltr'>both,</span> <span class='ocrx_word' id='word_1_32' title='bbox 425 464 666 520; x_wconf 83' lang='lat' dir='ltr'>dicens:</span> <span class='ocrx_word' id='word_1_33' title='bbox 703 467 786 520; x_wconf 94' lang='lat' dir='ltr'>Da</span> <span class='ocrx_word' id='word_1_34' title='bbox 819 465 960 520; x_wconf 89' lang='lat' dir='ltr'>mihi</span> <span class='ocrx_word' id='word_1_35' title='bbox 990 464 1226 520; x_wconf 87' lang='lat' dir='ltr'>vineam</span> <span class='ocrx_word' id='word_1_36' title='bbox 1264 470 1451 532; x_wconf 89' lang='lat' dir='ltr'>tuam,</span> <span class='ocrx_word' id='word_1_37' title='bbox 1498 469 1564 521; x_wconf 92' lang='lat' dir='ltr'>ut</span> <span class='ocrx_word' id='word_1_38' title='bbox 1611 464 1830 520; x_wconf 83' lang='lat' dir='ltr'>faciam</span> 
     </span>
    </p>
   </div>
   <div class='ocr_carea' id='block_1_6' title="bbox 164 554 1830 627">
    <p class='ocr_par' dir='ltr' id='par_1_6' title="bbox 164 554 1830 627">
     <span class='ocr_line' id='line_1_6' title="bbox 164 554 1830 627; baseline -0.001 -17"><span class='ocrx_word' id='word_1_39' title='bbox 164 578 191 605; x_wconf 92' lang='grc'><strong>‹‹</strong></span> <span class='ocrx_word' id='word_1_40' title='bbox 222 554 378 610; x_wconf 89' lang='lat' dir='ltr'>mihi</span> <span class='ocrx_word' id='word_1_41' title='bbox 407 555 648 610; x_wconf 89' lang='lat' dir='ltr'>hortum</span> <span class='ocrx_word' id='word_1_42' title='bbox 681 555 935 625; x_wconf 90' lang='lat' dir='ltr'>olerum,</span> <span class='ocrx_word' id='word_1_43' title='bbox 987 555 1130 627; x_wconf 86' lang='lat' dir='ltr'>quia</span> <span class='ocrx_word' id='word_1_44' title='bbox 1184 554 1379 610; x_wconf 89' lang='lat' dir='ltr'>vicina</span> <span class='ocrx_word' id='word_1_45' title='bbox 1427 559 1516 610; x_wconf 92' lang='lat' dir='ltr'>est</span> <span class='ocrx_word' id='word_1_46' title='bbox 1558 558 1614 610; x_wconf 92' lang='lat' dir='ltr'>et</span> <span class='ocrx_word' id='word_1_47' title='bbox 1641 569 1830 627; x_wconf 86' lang='lat' dir='ltr'>prope</span> 
     </span>
    </p>
   </div>
   <div class='ocr_carea' id='block_1_7' title="bbox 163 642 1831 716">
    <p class='ocr_par' dir='ltr' id='par_1_7' title="bbox 163 642 1831 716">
     <span class='ocr_line' id='line_1_7' title="bbox 163 642 1831 716; baseline 0.002 -21"><span class='ocrx_word' id='word_1_48' title='bbox 163 666 192 694; x_wconf 77' lang='grc' dir='ltr'><strong><em>κ</em></strong></span> <span class='ocrx_word' id='word_1_49' title='bbox 224 642 482 699; x_wconf 91' lang='lat' dir='ltr'>domum</span> <span class='ocrx_word' id='word_1_50' title='bbox 511 659 734 699; x_wconf 88' lang='lat' dir='ltr'>meam.</span> <span class='ocrx_word' id='word_1_51' title='bbox 766 643 1052 716; x_wconf 89' lang='lat' dir='ltr'>Daboque</span> <span class='ocrx_word' id='word_1_52' title='bbox 1082 643 1185 699; x_wconf 86' lang='lat' dir='ltr'>tibi</span> <span class='ocrx_word' id='word_1_53' title='bbox 1214 660 1323 715; x_wconf 89' lang='lat' dir='ltr'>pro</span> <span class='ocrx_word' id='word_1_54' title='bbox 1345 659 1414 701; x_wconf 91' lang='lat' dir='ltr'>ea</span> <span class='ocrx_word' id='word_1_55' title='bbox 1435 643 1677 699; x_wconf 89' lang='lat' dir='ltr'>vineam</span> <span class='ocrx_word' id='word_1_56' title='bbox 1708 658 1831 698; x_wconf 91' lang='lat' dir='ltr'>me-</span> 
     </span>
    </p>
   </div>
   <div class='ocr_carea' id='block_1_8' title="bbox 165 731 1832 804">
    <p class='ocr_par' dir='ltr' id='par_1_8' title="bbox 165 731 1832 804">
     <span class='ocr_line' id='line_1_8' title="bbox 165 731 1832 804; baseline -0.001 -17"><span class='ocrx_word' id='word_1_57' title='bbox 165 755 192 800; x_wconf 65' lang='grc' dir='ltr'><strong>ᾳ</strong></span> <span class='ocrx_word' id='word_1_58' title='bbox 223 731 472 788; x_wconf 89' lang='lat' dir='ltr'>liorem:</span> <span class='ocrx_word' id='word_1_59' title='bbox 497 737 601 789; x_wconf 89' lang='lat' dir='ltr'>aut</span> <span class='ocrx_word' id='word_1_60' title='bbox 622 732 670 788; x_wconf 92' lang='lat' dir='ltr'>si</span> <span class='ocrx_word' id='word_1_61' title='bbox 693 731 1071 788; x_wconf 79' lang='lat' dir='ltr'>commodius</span> <span class='ocrx_word' id='word_1_62' title='bbox 1092 732 1198 787; x_wconf 84' lang='lat' dir='ltr'>tibi</span> <span class='ocrx_word' id='word_1_63' title='bbox 1228 736 1424 804; x_wconf 88' lang='lat' dir='ltr'>putas,</span> <span class='ocrx_word' id='word_1_64' title='bbox 1451 731 1680 802; x_wconf 79' lang='lat' dir='ltr'>argenti</span> <span class='ocrx_word' id='word_1_65' title='bbox 1703 747 1832 803; x_wconf 87' lang='lat' dir='ltr'>pre-</span> 
     </span>
    </p>
   </div>
   <div class='ocr_carea' id='block_1_9' title="bbox 165 820 1826 893">
    <p class='ocr_par' dir='ltr' id='par_1_9' title="bbox 165 820 1826 893">
     <span class='ocr_line' id='line_1_9' title="bbox 165 820 1826 893; baseline -0.001 -18"><span class='ocrx_word' id='word_1_66' title='bbox 165 842 191 868; x_wconf 84' lang='lat'><strong>«</strong></span> <span class='ocrx_word' id='word_1_67' title='bbox 226 820 402 888; x_wconf 90' lang='lat' dir='ltr'>tium,</span> <span class='ocrx_word' id='word_1_68' title='bbox 435 826 662 893; x_wconf 92' lang='lat' dir='ltr'>quanto</span> <span class='ocrx_word' id='word_1_69' title='bbox 688 821 874 891; x_wconf 87' lang='lat' dir='ltr'>digna</span> <span class='ocrx_word' id='word_1_70' title='bbox 904 828 1013 877; x_wconf 89' lang='lat' dir='ltr'>est.</span> <span class='ocrx_word' id='word_1_71' title='bbox 1069 821 1171 878; x_wconf 90' lang='lat' dir='ltr'>Cui</span> <span class='ocrx_word' id='word_1_72' title='bbox 1217 821 1529 893; x_wconf 79' lang='lat' dir='ltr'>respondit</span> <span class='ocrx_word' id='word_1_73' title='bbox 1555 820 1826 876; x_wconf 87' lang='lat' dir='ltr'>Nabotb:</span> 
     </span>
    </p>
   </div>
   <div class='ocr_carea' id='block_1_10' title="bbox 163 908 1829 982">
    <p class='ocr_par' dir='ltr' id='par_1_10' title="bbox 163 908 1829 982">
     <span class='ocr_line' id='line_1_10' title="bbox 163 908 1829 982; baseline -0.001 -18"><span class='ocrx_word' id='word_1_74' title='bbox 163 932 192 978; x_wconf 63' lang='grc' dir='ltr'>ει</span> <span class='ocrx_word' id='word_1_75' title='bbox 224 908 524 982; x_wconf 82' lang='lat' dir='ltr'>Propitius</span> <span class='ocrx_word' id='word_1_76' title='bbox 553 909 627 965; x_wconf 91' lang='lat' dir='ltr'>sit</span> <span class='ocrx_word' id='word_1_77' title='bbox 652 910 798 965; x_wconf 92' lang='lat' dir='ltr'>mihi</span> <span class='ocrx_word' id='word_1_78' title='bbox 823 910 1131 975; x_wconf 87' lang='lat' dir='ltr'>Dominus,</span> <span class='ocrx_word' id='word_1_79' title='bbox 1159 925 1231 964; x_wconf 90' lang='lat' dir='ltr'>ne</span> <span class='ocrx_word' id='word_1_80' title='bbox 1254 909 1391 965; x_wconf 89' lang='lat' dir='ltr'>dem</span> <span class='ocrx_word' id='word_1_81' title='bbox 1419 908 1829 964; x_wconf 62' lang='lat' dir='ltr'>haereditatem</span> 
     </span>
    </p>
   </div>
   <div class='ocr_carea' id='block_1_11' title="bbox 167 997 1828 1070">
    <p class='ocr_par' dir='ltr' id='par_1_11' title="bbox 167 997 1828 1070">
     <span class='ocr_line' id='line_1_11' title="bbox 167 997 1828 1070; baseline -0.004 -14"><span class='ocrx_word' id='word_1_82' title='bbox 167 1020 194 1048; x_wconf 89' lang='lat'><strong>«</strong></span> <span class='ocrx_word' id='word_1_83' title='bbox 228 1003 474 1070; x_wconf 79' lang='lat' dir='ltr'>patrum</span> <span class='ocrx_word' id='word_1_84' title='bbox 499 1015 773 1055; x_wconf 89' lang='lat' dir='ltr'>meorum</span> <span class='ocrx_word' id='word_1_85' title='bbox 793 998 1092 1056; x_wconf 88' lang='lat' dir='ltr'>tibi.Venit</span> <span class='ocrx_word' id='word_1_86' title='bbox 1109 1016 1251 1070; x_wconf 89' lang='lat' dir='ltr'>ergo</span> <span class='ocrx_word' id='word_1_87' title='bbox 1266 998 1471 1054; x_wconf 85' lang='lat' dir='ltr'>Achab</span> <span class='ocrx_word' id='word_1_88' title='bbox 1491 997 1553 1052; x_wconf 89' lang='lat' dir='ltr'>in</span> <span class='ocrx_word' id='word_1_89' title='bbox 1573 997 1828 1052; x_wconf 90' lang='lat' dir='ltr'>domum</span> 
     </span>
    </p>
   </div>
   <div class='ocr_carea' id='block_1_12' title="bbox 169 1084 1829 1160">
    <p class='ocr_par' dir='ltr' id='par_1_12' title="bbox 169 1084 1829 1160">
     <span class='ocr_line' id='line_1_12' title="bbox 169 1084 1829 1160; baseline -0.002 -18"><span class='ocrx_word' id='word_1_90' title='bbox 169 1109 196 1136; x_wconf 88' lang='lat'><strong>«</strong></span> <span class='ocrx_word' id='word_1_91' title='bbox 232 1103 432 1153; x_wconf 90' lang='lat' dir='ltr'>suam,</span> <span class='ocrx_word' id='word_1_92' title='bbox 465 1087 815 1157; x_wconf 84' lang='lat' dir='ltr'>indignatus</span> <span class='ocrx_word' id='word_1_93' title='bbox 848 1092 905 1144; x_wconf 93' lang='lat' dir='ltr'>et</span> <span class='ocrx_word' id='word_1_94' title='bbox 929 1087 1212 1144; x_wconf 83' lang='lat' dir='ltr'>frendens</span> <span class='ocrx_word' id='word_1_95' title='bbox 1243 1103 1423 1160; x_wconf 87' lang='lat' dir='ltr'>super</span> <span class='ocrx_word' id='word_1_96' title='bbox 1448 1086 1631 1142; x_wconf 85' lang='lat' dir='ltr'>verbo</span> <span class='ocrx_word' id='word_1_97' title='bbox 1661 1084 1829 1158; x_wconf 90' lang='lat' dir='ltr'>quod</span> 
     </span>
    </p>
   </div>
   <div class='ocr_carea' id='block_1_13' title="bbox 166 1174 1822 1243">
    <p class='ocr_par' dir='ltr' id='par_1_13' title="bbox 166 1174 1822 1243">
     <span class='ocr_line' id='line_1_13' title="bbox 166 1174 1822 1243; baseline -0.002 -12"><span class='ocrx_word' id='word_1_98' title='bbox 166 1197 193 1225; x_wconf 84' lang='lat'><strong>«</strong></span> <span class='ocrx_word' id='word_1_99' title='bbox 224 1175 464 1231; x_wconf 92' lang='lat' dir='ltr'>locutus</span> <span class='ocrx_word' id='word_1_100' title='bbox 481 1175 673 1232; x_wconf 84' lang='lat' dir='ltr'>fuerat</span> <span class='ocrx_word' id='word_1_101' title='bbox 694 1176 772 1232; x_wconf 83' lang='lat' dir='ltr'>ad</span> <span class='ocrx_word' id='word_1_102' title='bbox 790 1193 929 1232; x_wconf 90' lang='lat' dir='ltr'>eum</span> <span class='ocrx_word' id='word_1_103' title='bbox 952 1177 1184 1232; x_wconf 81' lang='lat' dir='ltr'>Nabotb</span> <span class='ocrx_word' id='word_1_104' title='bbox 1198 1176 1552 1243; x_wconf 89' lang='lat' dir='ltr'>Iezraelites,</span> <span class='ocrx_word' id='word_1_105' title='bbox 1578 1174 1786 1230; x_wconf 90' lang='lat' dir='ltr'>dicens</span> <span class='ocrx_word' id='word_1_106' title='bbox 1810 1190 1822 1228; x_wconf 91' lang='lat'>:</span> 
     </span>
    </p>
   </div>
   <div class='ocr_carea' id='block_1_14' title="bbox 167 1264 1825 1338">
    <p class='ocr_par' dir='ltr' id='par_1_14' title="bbox 167 1264 1825 1338">
     <span class='ocr_line' id='line_1_14' title="bbox 167 1264 1825 1338; baseline 0 -19"><span class='ocrx_word' id='word_1_107' title='bbox 167 1285 194 1311; x_wconf 88' lang='grc'><strong><em>‹‹</em></strong></span> <span class='ocrx_word' id='word_1_108' title='bbox 226 1267 354 1320; x_wconf 76' lang='lat' dir='ltr'>Non</span> <span class='ocrx_word' id='word_1_109' title='bbox 386 1264 552 1321; x_wconf 89' lang='lat' dir='ltr'>dabo</span> <span class='ocrx_word' id='word_1_110' title='bbox 583 1264 686 1320; x_wconf 91' lang='lat' dir='ltr'>tibi</span> <span class='ocrx_word' id='word_1_111' title='bbox 717 1265 1125 1321; x_wconf 74' lang='lat' dir='ltr'>hzereditatem</span> <span class='ocrx_word' id='word_1_112' title='bbox 1174 1269 1417 1338; x_wconf 87' lang='lat' dir='ltr'>patrum</span> <span class='ocrx_word' id='word_1_113' title='bbox 1464 1280 1761 1331; x_wconf 89' lang='lat' dir='ltr'>meorum,</span> <span class='ocrx_word' id='word_1_114' title='bbox 1799 1285 1825 1311; x_wconf 83' lang='grc'><strong>››</strong></span> 
     </span>
    </p>
   </div>
   <div class='ocr_carea' id='block_1_15' title="bbox 165 1353 1828 1428">
    <p class='ocr_par' dir='ltr' id='par_1_15' title="bbox 165 1353 1828 1428">
     <span class='ocr_line' id='line_1_15' title="bbox 165 1353 1828 1428; baseline 0 -20"><span class='ocrx_word' id='word_1_115' title='bbox 165 1358 220 1408; x_wconf 89' lang='lat' dir='ltr'>et</span> <span class='ocrx_word' id='word_1_116' title='bbox 241 1353 495 1427; x_wconf 89' lang='lat' dir='ltr'>reliqua.</span> <span class='ocrx_word' id='word_1_117' title='bbox 532 1359 741 1411; x_wconf 85' lang='lat' dir='ltr'>Narrat</span> <span class='ocrx_word' id='word_1_118' title='bbox 787 1355 1089 1428; x_wconf 87' lang='lat' dir='ltr'>Scriptura</span> <span class='ocrx_word' id='word_1_119' title='bbox 1119 1355 1285 1428; x_wconf 88' lang='lat' dir='ltr'>quod</span> <span class='ocrx_word' id='word_1_120' title='bbox 1316 1354 1524 1410; x_wconf 86' lang='lat' dir='ltr'>Achab</span> <span class='ocrx_word' id='word_1_121' title='bbox 1551 1369 1656 1410; x_wconf 85' lang='lat' dir='ltr'>rex</span> <span class='ocrx_word' id='word_1_122' title='bbox 1687 1368 1828 1408; x_wconf 83' lang='lat' dir='ltr'>con-</span> 
     </span>
    </p>
   </div>
   <div class='ocr_carea' id='block_1_16' title="bbox 161 1442 1825 1516">
    <p class='ocr_par' dir='ltr' id='par_1_16' title="bbox 161 1442 1825 1516">
     <span class='ocr_line' id='line_1_16' title="bbox 161 1442 1825 1516; baseline 0 -19"><span class='ocrx_word' id='word_1_123' title='bbox 161 1442 456 1514; x_wconf 84' lang='lat' dir='ltr'>cupiverit</span> <span class='ocrx_word' id='word_1_124' title='bbox 481 1443 719 1500; x_wconf 88' lang='lat' dir='ltr'>vineam</span> <span class='ocrx_word' id='word_1_125' title='bbox 760 1443 995 1500; x_wconf 85' lang='lat' dir='ltr'>Nabotb</span> <span class='ocrx_word' id='word_1_126' title='bbox 1031 1443 1369 1514; x_wconf 78' lang='lat' dir='ltr'>Jezraelitae,</span> <span class='ocrx_word' id='word_1_127' title='bbox 1419 1460 1552 1516; x_wconf 81' lang='lat' dir='ltr'>quae</span> <span class='ocrx_word' id='word_1_128' title='bbox 1593 1446 1720 1498; x_wconf 89' lang='lat' dir='ltr'>erat</span> <span class='ocrx_word' id='word_1_129' title='bbox 1765 1442 1825 1498; x_wconf 90' lang='lat' dir='ltr'>in</span> 
     </span>
    </p>
   </div>
   <div class='ocr_carea' id='block_1_17' title="bbox 163 1531 1825 1606">
    <p class='ocr_par' dir='ltr' id='par_1_17' title="bbox 163 1531 1825 1606">
     <span class='ocr_line' id='line_1_17' title="bbox 163 1531 1825 1606; baseline 0 -21"><span class='ocrx_word' id='word_1_130' title='bbox 163 1531 379 1587; x_wconf 89' lang='lat' dir='ltr'>Iezrael</span> <span class='ocrx_word' id='word_1_131' title='bbox 405 1532 580 1602; x_wconf 84' lang='lat' dir='ltr'>juxta</span> <span class='ocrx_word' id='word_1_132' title='bbox 607 1534 899 1606; x_wconf 88' lang='lat' dir='ltr'>palatium</span> <span class='ocrx_word' id='word_1_133' title='bbox 925 1534 1102 1604; x_wconf 91' lang='lat' dir='ltr'>regis,</span> <span class='ocrx_word' id='word_1_134' title='bbox 1153 1539 1217 1590; x_wconf 92' lang='lat' dir='ltr'>ut</span> <span class='ocrx_word' id='word_1_135' title='bbox 1262 1533 1483 1590; x_wconf 87' lang='lat' dir='ltr'>faceret</span> <span class='ocrx_word' id='word_1_136' title='bbox 1516 1531 1599 1588; x_wconf 89' lang='lat' dir='ltr'>ibi</span> <span class='ocrx_word' id='word_1_137' title='bbox 1645 1532 1707 1587; x_wconf 91' lang='lat' dir='ltr'>in</span> <span class='ocrx_word' id='word_1_138' title='bbox 1754 1547 1825 1586; x_wconf 89' lang='lat' dir='ltr'>ea</span> 
     </span>
    </p>
   </div>
   <div class='ocr_carea' id='block_1_18' title="bbox 164 1619 1822 1693">
    <p class='ocr_par' dir='ltr' id='par_1_18' title="bbox 164 1619 1822 1693">
     <span class='ocr_line' id='line_1_18' title="bbox 164 1619 1822 1693; baseline 0.003 -18"><span class='ocrx_word' id='word_1_139' title='bbox 164 1619 402 1678; x_wconf 88' lang='lat' dir='ltr'>hortum</span> <span class='ocrx_word' id='word_1_140' title='bbox 439 1621 690 1678; x_wconf 90' lang='lat' dir='ltr'>olerum.</span> <span class='ocrx_word' id='word_1_141' title='bbox 744 1626 871 1689; x_wconf 87' lang='lat' dir='ltr'>Quo</span> <span class='ocrx_word' id='word_1_142' title='bbox 910 1623 1148 1679; x_wconf 88' lang='lat' dir='ltr'>nolente</span> <span class='ocrx_word' id='word_1_143' title='bbox 1193 1639 1329 1678; x_wconf 91' lang='lat' dir='ltr'>eam</span> <span class='ocrx_word' id='word_1_144' title='bbox 1376 1623 1459 1679; x_wconf 90' lang='lat' dir='ltr'>illi</span> <span class='ocrx_word' id='word_1_145' title='bbox 1494 1622 1658 1689; x_wconf 91' lang='lat' dir='ltr'>dare,</span> <span class='ocrx_word' id='word_1_146' title='bbox 1717 1635 1822 1693; x_wconf 86' lang='lat' dir='ltr'>per</span> 
     </span>
    </p>
   </div>
   <div class='ocr_carea' id='block_1_19' title="bbox 166 1709 1820 1785">
    <p class='ocr_par' dir='ltr' id='par_1_19' title="bbox 166 1709 1820 1785">
     <span class='ocr_line' id='line_1_19' title="bbox 166 1709 1820 1785; baseline -0.001 -19"><span class='ocrx_word' id='word_1_147' title='bbox 166 1711 481 1767; x_wconf 90' lang='lat' dir='ltr'>consilium</span> <span class='ocrx_word' id='word_1_148' title='bbox 511 1711 886 1785; x_wconf 70' lang='lat' dir='ltr'>impiissimae</span> <span class='ocrx_word' id='word_1_149' title='bbox 917 1713 1119 1769; x_wconf 81' lang='lat' dir='ltr'>uxoris</span> <span class='ocrx_word' id='word_1_150' title='bbox 1151 1713 1302 1784; x_wconf 90' lang='lat' dir='ltr'>ejus,</span> <span class='ocrx_word' id='word_1_151' title='bbox 1353 1711 1627 1768; x_wconf 83' lang='lat' dir='ltr'>videlicet</span> <span class='ocrx_word' id='word_1_152' title='bbox 1667 1709 1820 1781; x_wconf 87' lang='lat' dir='ltr'>regi-</span> 
     </span>
    </p>
   </div>
   <div class='ocr_carea' id='block_1_20' title="bbox 165 1799 1822 1871">
    <p class='ocr_par' dir='ltr' id='par_1_20' title="bbox 165 1799 1822 1871">
     <span class='ocr_line' id='line_1_20' title="bbox 165 1799 1822 1871; baseline -0.001 -16"><span class='ocrx_word' id='word_1_153' title='bbox 165 1815 253 1856; x_wconf 64' lang='lat' dir='ltr'>na:</span> <span class='ocrx_word' id='word_1_154' title='bbox 300 1800 560 1871; x_wconf 83' lang='lat' dir='ltr'>Iezabel,</span> <span class='ocrx_word' id='word_1_155' title='bbox 619 1802 782 1858; x_wconf 89' lang='lat' dir='ltr'>idem</span> <span class='ocrx_word' id='word_1_156' title='bbox 828 1803 1082 1869; x_wconf 87' lang='lat' dir='ltr'>Nabotb,</span> <span class='ocrx_word' id='word_1_157' title='bbox 1137 1801 1606 1858; x_wconf 87' lang='lat' dir='ltr'>subintroductis</span> <span class='ocrx_word' id='word_1_158' title='bbox 1659 1799 1822 1856; x_wconf 84' lang='lat' dir='ltr'>falsis</span> 
     </span>
    </p>
   </div>
   <div class='ocr_carea' id='block_1_21' title="bbox 168 1888 1822 1964">
    <p class='ocr_par' dir='ltr' id='par_1_21' title="bbox 168 1888 1822 1964">
     <span class='ocr_line' id='line_1_21' title="bbox 168 1888 1822 1964; baseline 0.001 -20"><span class='ocrx_word' id='word_1_159' title='bbox 168 1888 437 1959; x_wconf 86' lang='lat' dir='ltr'>testibus,</span> <span class='ocrx_word' id='word_1_160' title='bbox 463 1889 770 1963; x_wconf 89' lang='lat' dir='ltr'>lapidatus</span> <span class='ocrx_word' id='word_1_161' title='bbox 797 1897 907 1963; x_wconf 91' lang='lat' dir='ltr'>est,</span> <span class='ocrx_word' id='word_1_162' title='bbox 940 1897 998 1948; x_wconf 89' lang='lat' dir='ltr'>et</span> <span class='ocrx_word' id='word_1_163' title='bbox 1026 1899 1319 1959; x_wconf 90' lang='lat' dir='ltr'>mortuus,</span> <span class='ocrx_word' id='word_1_164' title='bbox 1365 1892 1616 1964; x_wconf 88' lang='lat' dir='ltr'>ejusque</span> <span class='ocrx_word' id='word_1_165' title='bbox 1645 1889 1822 1946; x_wconf 92' lang='lat' dir='ltr'>vinea</span> 
     </span>
    </p>
   </div>
   <div class='ocr_carea' id='block_1_22' title="bbox 166 1977 1823 2054">
    <p class='ocr_par' dir='ltr' id='par_1_22' title="bbox 166 1977 1823 2054">
     <span class='ocr_line' id='line_1_22' title="bbox 166 1977 1823 2054; baseline 0.002 -21"><span class='ocrx_word' id='word_1_166' title='bbox 166 1977 394 2052; x_wconf 89' lang='lat' dir='ltr'>direpta</span> <span class='ocrx_word' id='word_1_167' title='bbox 425 1996 461 2036; x_wconf 89' lang='lat' dir='ltr'>a</span> <span class='ocrx_word' id='word_1_168' title='bbox 490 1996 630 2051; x_wconf 90' lang='lat' dir='ltr'>rege</span> <span class='ocrx_word' id='word_1_169' title='bbox 661 1986 718 2037; x_wconf 91' lang='lat' dir='ltr'>et</span> <span class='ocrx_word' id='word_1_170' title='bbox 745 1998 1032 2054; x_wconf 87' lang='lat' dir='ltr'>possessa</span> <span class='ocrx_word' id='word_1_171' title='bbox 1059 1987 1170 2038; x_wconf 91' lang='lat' dir='ltr'>est.</span> <span class='ocrx_word' id='word_1_172' title='bbox 1214 1982 1356 2048; x_wconf 90' lang='lat' dir='ltr'>Quis</span> <span class='ocrx_word' id='word_1_173' title='bbox 1394 1996 1537 2051; x_wconf 90' lang='lat' dir='ltr'>ergo</span> <span class='ocrx_word' id='word_1_174' title='bbox 1576 1981 1684 2036; x_wconf 92' lang='lat' dir='ltr'>iste</span> <span class='ocrx_word' id='word_1_175' title='bbox 1714 1983 1823 2036; x_wconf 86' lang='lat' dir='ltr'>Na-</span> 
     </span>
    </p>
   </div>
   <div class='ocr_carea' id='block_1_23' title="bbox 165 2066 1826 2145">
    <p class='ocr_par' dir='ltr' id='par_1_23' title="bbox 165 2066 1826 2145">
     <span class='ocr_line' id='line_1_23' title="bbox 165 2066 1826 2145; baseline 0.001 -23"><span class='ocrx_word' id='word_1_176' title='bbox 165 2066 308 2124; x_wconf 92' lang='lat' dir='ltr'>both</span> <span class='ocrx_word' id='word_1_177' title='bbox 332 2070 646 2127; x_wconf 88' lang='lat' dir='ltr'>Jezraelita</span> <span class='ocrx_word' id='word_1_178' title='bbox 675 2071 870 2144; x_wconf 83' lang='lat' dir='ltr'>fuerit,</span> <span class='ocrx_word' id='word_1_179' title='bbox 921 2077 977 2128; x_wconf 91' lang='lat' dir='ltr'>et</span> <span class='ocrx_word' id='word_1_180' title='bbox 1019 2089 1154 2145; x_wconf 64' lang='lat' dir='ltr'>quae</span> <span class='ocrx_word' id='word_1_181' title='bbox 1186 2073 1318 2143; x_wconf 87' lang='lat' dir='ltr'>ejus</span> <span class='ocrx_word' id='word_1_182' title='bbox 1349 2071 1528 2127; x_wconf 88' lang='lat' dir='ltr'>vinea</span> <span class='ocrx_word' id='word_1_183' title='bbox 1556 2069 1826 2126; x_wconf 91' lang='lat' dir='ltr'>conside-</span> 
     </span>
    </p>
   </div>
   <div class='ocr_carea' id='block_1_24' title="bbox 168 2159 1824 2234">
    <p class='ocr_par' dir='ltr' id='par_1_24' title="bbox 168 2159 1824 2234">
     <span class='ocr_line' id='line_1_24' title="bbox 168 2159 1824 2234; baseline 0.002 -24"><span class='ocrx_word' id='word_1_184' title='bbox 168 2171 386 2214; x_wconf 88' lang='lat' dir='ltr'>remus.</span> <span class='ocrx_word' id='word_1_185' title='bbox 418 2162 842 2234; x_wconf 89' lang='lat' dir='ltr'>lnterpretatur</span> <span class='ocrx_word' id='word_1_186' title='bbox 869 2176 1012 2231; x_wconf 90' lang='lat' dir='ltr'>ergo</span> <span class='ocrx_word' id='word_1_187' title='bbox 1041 2159 1272 2216; x_wconf 88' lang='lat' dir='ltr'>Naboth</span> <span class='ocrx_word' id='word_1_188' title='bbox 1294 2161 1670 2229; x_wconf 81' lang='lat' dir='ltr'>conspicuus,</span> <span class='ocrx_word' id='word_1_189' title='bbox 1705 2159 1824 2214; x_wconf 86' lang='lat' dir='ltr'>sive</span> 
     </span>
    </p>
   </div>
   <div class='ocr_carea' id='block_1_25' title="bbox 161 2248 1823 2319">
    <p class='ocr_par' dir='ltr' id='par_1_25' title="bbox 161 2248 1823 2319">
     <span class='ocr_line' id='line_1_25' title="bbox 161 2248 1823 2319; baseline 0 -17"><span class='ocrx_word' id='word_1_190' title='bbox 161 2249 484 2319; x_wconf 79' lang='lat' dir='ltr'>possessio;</span> <span class='ocrx_word' id='word_1_191' title='bbox 515 2248 762 2310; x_wconf 89' lang='lat' dir='ltr'>Jezrael,</span> <span class='ocrx_word' id='word_1_192' title='bbox 797 2251 1072 2307; x_wconf 83' lang='lat' dir='ltr'>honestas</span> <span class='ocrx_word' id='word_1_193' title='bbox 1108 2250 1236 2318; x_wconf 84' lang='lat' dir='ltr'>Dei,</span> <span class='ocrx_word' id='word_1_194' title='bbox 1285 2249 1408 2304; x_wconf 93' lang='lat' dir='ltr'>sive</span> <span class='ocrx_word' id='word_1_195' title='bbox 1454 2265 1650 2305; x_wconf 84' lang='lat' dir='ltr'>semen</span> <span class='ocrx_word' id='word_1_196' title='bbox 1694 2248 1823 2304; x_wconf 80' lang='lat' dir='ltr'>Dei.</span> 
     </span>
    </p>
   </div>
   <div class='ocr_carea' id='block_1_26' title="bbox 169 2336 1825 2408">
    <p class='ocr_par' dir='ltr' id='par_1_26' title="bbox 169 2336 1825 2408">
     <span class='ocr_line' id='line_1_26' title="bbox 169 2336 1825 2408; baseline 0.003 -19"><span class='ocrx_word' id='word_1_197' title='bbox 169 2336 230 2389; x_wconf 83' lang='lat' dir='ltr'>Et</span> <span class='ocrx_word' id='word_1_198' title='bbox 257 2353 438 2408; x_wconf 89' lang='lat' dir='ltr'>quem</span> <span class='ocrx_word' id='word_1_199' title='bbox 471 2339 687 2395; x_wconf 89' lang='lat' dir='ltr'>melius</span> <span class='ocrx_word' id='word_1_200' title='bbox 716 2340 1112 2407; x_wconf 90' lang='lat' dir='ltr'>honestatem,</span> <span class='ocrx_word' id='word_1_201' title='bbox 1137 2339 1232 2396; x_wconf 87' lang='lat' dir='ltr'>vel</span> <span class='ocrx_word' id='word_1_202' title='bbox 1263 2355 1468 2395; x_wconf 91' lang='lat' dir='ltr'>semen</span> <span class='ocrx_word' id='word_1_203' title='bbox 1502 2339 1599 2394; x_wconf 88' lang='lat' dir='ltr'>Dei</span> <span class='ocrx_word' id='word_1_204' title='bbox 1628 2338 1825 2394; x_wconf 89' lang='lat' dir='ltr'>dicere</span> 
     </span>
    </p>
   </div>
   <div class='ocr_carea' id='block_1_27' title="bbox 167 2426 1827 2502">
    <p class='ocr_par' dir='ltr' id='par_1_27' title="bbox 167 2426 1827 2502">
     <span class='ocr_line' id='line_1_27' title="bbox 167 2426 1827 2502; baseline 0.002 -23"><span class='ocrx_word' id='word_1_205' title='bbox 167 2439 516 2497; x_wconf 87' lang='lat' dir='ltr'>possumus,</span> <span class='ocrx_word' id='word_1_206' title='bbox 567 2444 754 2500; x_wconf 90' lang='lat' dir='ltr'>quam</span> <span class='ocrx_word' id='word_1_207' title='bbox 806 2428 1018 2484; x_wconf 89' lang='lat' dir='ltr'>Filium</span> <span class='ocrx_word' id='word_1_208' title='bbox 1073 2429 1194 2498; x_wconf 91' lang='lat' dir='ltr'>Dei,</span> <span class='ocrx_word' id='word_1_209' title='bbox 1247 2429 1349 2502; x_wconf 90' lang='lat' dir='ltr'>qui</span> <span class='ocrx_word' id='word_1_210' title='bbox 1408 2432 1500 2484; x_wconf 90' lang='lat' dir='ltr'>est</span> <span class='ocrx_word' id='word_1_211' title='bbox 1542 2426 1827 2500; x_wconf 89' lang='lat' dir='ltr'>splendor</span> 
     </span>
    </p>
   </div>
   <div class='ocr_carea' id='block_1_28' title="bbox 167 2514 1826 2592">
    <p class='ocr_par' dir='ltr' id='par_1_28' title="bbox 167 2514 1826 2592">
     <span class='ocr_line' id='line_1_28' title="bbox 167 2514 1826 2592; baseline 0.002 -22"><span class='ocrx_word' id='word_1_212' title='bbox 167 2514 356 2584; x_wconf 80' lang='lat' dir='ltr'>gloriae</span> <span class='ocrx_word' id='word_1_213' title='bbox 387 2522 444 2574; x_wconf 92' lang='lat' dir='ltr'>et</span> <span class='ocrx_word' id='word_1_214' title='bbox 485 2517 683 2588; x_wconf 87' lang='lat' dir='ltr'>ﬁgura</span> <span class='ocrx_word' id='word_1_215' title='bbox 714 2519 1062 2575; x_wconf 69' lang='lat' dir='ltr'>substantia:</span> <span class='ocrx_word' id='word_1_216' title='bbox 1103 2520 1255 2590; x_wconf 91' lang='lat' dir='ltr'>ejus,</span> <span class='ocrx_word' id='word_1_217' title='bbox 1301 2535 1485 2592; x_wconf 91' lang='lat' dir='ltr'>quem</span> <span class='ocrx_word' id='word_1_218' title='bbox 1523 2518 1826 2574; x_wconf 85' lang='lat' dir='ltr'>constituit</span> 
     </span>
    </p>
   </div>
   <div class='ocr_carea' id='block_1_29' title="bbox 170 2603 1825 2682">
    <p class='ocr_par' dir='ltr' id='par_1_29' title="bbox 170 2603 1825 2682">
     <span class='ocr_line' id='line_1_29' title="bbox 170 2603 1825 2682; baseline 0.001 -22"><span class='ocrx_word' id='word_1_219' title='bbox 170 2603 315 2662; x_wconf 88' lang='lat' dir='ltr'>Deus</span> <span class='ocrx_word' id='word_1_220' title='bbox 342 2607 650 2664; x_wconf 84' lang='lat' dir='ltr'>haeredem</span> <span class='ocrx_word' id='word_1_221' title='bbox 690 2609 1134 2677; x_wconf 89' lang='lat' dir='ltr'>universorum,</span> <span class='ocrx_word' id='word_1_222' title='bbox 1186 2625 1292 2682; x_wconf 91' lang='lat' dir='ltr'>per</span> <span class='ocrx_word' id='word_1_223' title='bbox 1345 2624 1529 2682; x_wconf 90' lang='lat' dir='ltr'>quem</span> <span class='ocrx_word' id='word_1_224' title='bbox 1588 2607 1724 2664; x_wconf 88' lang='lat' dir='ltr'>fecit</span> <span class='ocrx_word' id='word_1_225' title='bbox 1769 2612 1825 2662; x_wconf 90' lang='lat' dir='ltr'>et</span> 
     </span>
    </p>
   </div>
   <div class='ocr_carea' id='block_1_30' title="bbox 169 2695 1850 2772">
    <p class='ocr_par' dir='ltr' id='par_1_30' title="bbox 169 2695 1850 2772">
     <span class='ocr_line' id='line_1_30' title="bbox 169 2695 1850 2772; baseline -0.001 -20"><span class='ocrx_word' id='word_1_226' title='bbox 169 2697 399 2753; x_wconf 63' lang='lat' dir='ltr'>saecula.</span> <span class='ocrx_word' id='word_1_227' title='bbox 433 2697 522 2753; x_wconf 90' lang='lat' dir='ltr'>Ad</span> <span class='ocrx_word' id='word_1_228' title='bbox 555 2714 738 2770; x_wconf 89' lang='lat' dir='ltr'>quem</span> <span class='ocrx_word' id='word_1_229' title='bbox 771 2698 1088 2755; x_wconf 90' lang='lat' dir='ltr'>Psalmista</span> <span class='ocrx_word' id='word_1_230' title='bbox 1115 2699 1470 2771; x_wconf 90' lang='lat' dir='ltr'>deprecans,</span> <span class='ocrx_word' id='word_1_231' title='bbox 1502 2697 1582 2754; x_wconf 90' lang='lat' dir='ltr'>ait</span> <span class='ocrx_word' id='word_1_232' title='bbox 1611 2714 1624 2752; x_wconf 90' lang='lat'>:</span> <span class='ocrx_word' id='word_1_233' title='bbox 1656 2720 1682 2747; x_wconf 90' lang='grc'><em>‹‹</em></span> <span class='ocrx_word' id='word_1_234' title='bbox 1715 2695 1850 2772; x_wconf 30' lang='lat' dir='ltr'>Qui.</span> 
     </span>
    </p>
   </div>
   <div class='ocr_carea' id='block_1_31' title="bbox 167 2785 1820 2861">
    <p class='ocr_par' dir='ltr' id='par_1_31' title="bbox 167 2785 1820 2861">
     <span class='ocr_line' id='line_1_31' title="bbox 167 2785 1820 2861; baseline -0.001 -19"><span class='ocrx_word' id='word_1_235' title='bbox 167 2787 329 2842; x_wconf 89' lang='lat' dir='ltr'>sedes</span> <span class='ocrx_word' id='word_1_236' title='bbox 373 2803 560 2860; x_wconf 88' lang='lat' dir='ltr'>super</span> <span class='ocrx_word' id='word_1_237' title='bbox 609 2787 941 2859; x_wconf 90' lang='lat' dir='ltr'>cherubim,</span> <span class='ocrx_word' id='word_1_238' title='bbox 991 2805 1218 2861; x_wconf 87' lang='lat' dir='ltr'>appare</span> <span class='ocrx_word' id='word_1_239' title='bbox 1262 2804 1466 2844; x_wconf 92' lang='lat' dir='ltr'>coram</span> <span class='ocrx_word' id='word_1_240' title='bbox 1519 2785 1820 2860; x_wconf 89' lang='lat' dir='ltr'>Ephraim,</span> 
     </span>
    </p>
   </div>
   <div class='ocr_carea' id='block_1_32' title="bbox 169 2876 1827 2950">
    <p class='ocr_par' dir='ltr' id='par_1_32' title="bbox 169 2876 1827 2950">
     <span class='ocr_line' id='line_1_32' title="bbox 169 2876 1827 2950; baseline -0.001 -19"><span class='ocrx_word' id='word_1_241' title='bbox 169 2876 470 2947; x_wconf 89' lang='lat' dir='ltr'>Benjamin</span> <span class='ocrx_word' id='word_1_242' title='bbox 500 2881 557 2931; x_wconf 93' lang='lat' dir='ltr'>et</span> <span class='ocrx_word' id='word_1_243' title='bbox 580 2879 872 2933; x_wconf 83' lang='lat' dir='ltr'>Manasse.</span> <span class='ocrx_word' id='word_1_244' title='bbox 936 2878 1134 2933; x_wconf 86' lang='lat' dir='ltr'>Excita</span> <span class='ocrx_word' id='word_1_245' title='bbox 1183 2877 1514 2950; x_wconf 87' lang='lat' dir='ltr'>potentiam</span> <span class='ocrx_word' id='word_1_246' title='bbox 1564 2880 1731 2932; x_wconf 89' lang='lat' dir='ltr'>tuam</span> <span class='ocrx_word' id='word_1_247' title='bbox 1771 2878 1827 2929; x_wconf 92' lang='lat' dir='ltr'>et</span> 
     </span>
    </p>
   </div>
   <div class='ocr_carea' id='block_1_33' title="bbox 167 2964 1825 3038">
    <p class='ocr_par' dir='ltr' id='par_1_33' title="bbox 167 2964 1825 3038">
     <span class='ocr_line' id='line_1_33' title="bbox 167 2964 1825 3038; baseline -0.001 -19"><span class='ocrx_word' id='word_1_248' title='bbox 167 2964 312 3032; x_wconf 87' lang='lat' dir='ltr'>veni,</span> <span class='ocrx_word' id='word_1_249' title='bbox 369 2969 433 3020; x_wconf 91' lang='lat' dir='ltr'>ut</span> <span class='ocrx_word' id='word_1_250' title='bbox 484 2964 681 3020; x_wconf 90' lang='lat' dir='ltr'>salvos</span> <span class='ocrx_word' id='word_1_251' title='bbox 726 2965 911 3022; x_wconf 87' lang='lat' dir='ltr'>facias</span> <span class='ocrx_word' id='word_1_252' title='bbox 966 2983 1078 3022; x_wconf 90' lang='lat' dir='ltr'>nos</span> <span class='ocrx_word' id='word_1_253' title='bbox 1119 2966 1306 3038; x_wconf 85' lang='lat' dir='ltr'>(Psal.</span> <span class='ocrx_word' id='word_1_254' title='bbox 1358 2966 1562 3033; x_wconf 74' lang='lat' dir='ltr'>LXXIX).</span> <span class='ocrx_word' id='word_1_255' title='bbox 1626 2988 1652 3014; x_wconf 88' lang='grc'>››</span> <span class='ocrx_word' id='word_1_256' title='bbox 1713 2967 1825 3018; x_wconf 82' lang='lat' dir='ltr'>iste</span> 
     </span>
    </p>
   </div>
   <div class='ocr_carea' id='block_1_34' title="bbox 169 3053 1898 3143">
    <p class='ocr_par' dir='ltr' id='par_1_34' title="bbox 169 3053 1898 3143">
     <span class='ocr_line' id='line_1_34' title="bbox 169 3053 1898 3143; baseline 0 -34"><span class='ocrx_word' id='word_1_257' title='bbox 169 3053 389 3110; x_wconf 88' lang='lat' dir='ltr'>Nabotb</span> <span class='ocrx_word' id='word_1_258' title='bbox 423 3053 639 3110; x_wconf 87' lang='lat' dir='ltr'>habuit</span> <span class='ocrx_word' id='word_1_259' title='bbox 667 3054 910 3111; x_wconf 92' lang='lat' dir='ltr'>vineam</span> <span class='ocrx_word' id='word_1_260' title='bbox 958 3055 1034 3112; x_wconf 92' lang='lat' dir='ltr'>de</span> <span class='ocrx_word' id='word_1_261' title='bbox 1082 3072 1206 3128; x_wconf 88' lang='lat' dir='ltr'>qua</span> <span class='ocrx_word' id='word_1_262' title='bbox 1255 3056 1432 3111; x_wconf 88' lang='lat' dir='ltr'>Isaias</span> <span class='ocrx_word' id='word_1_263' title='bbox 1481 3053 1824 3143; x_wconf 84' lang='lat' dir='ltr'>plenissime</span> <span class='ocrx_word' id='word_1_264' title='bbox 1855 3089 1898 3143; x_wconf 68' lang='grc' dir='ltr'>ο</span> 
     </span>
    </p>
   </div>
   <div class='ocr_carea' id='block_1_35' title="bbox 167 3141 1820 3216">
    <p class='ocr_par' dir='ltr' id='par_1_35' title="bbox 167 3141 1820 3216">
     <span class='ocr_line' id='line_1_35' title="bbox 167 3141 1820 3216; baseline -0.001 -18"><span class='ocrx_word' id='word_1_265' title='bbox 167 3158 266 3214; x_wconf 90' lang='lat' dir='ltr'>per</span> <span class='ocrx_word' id='word_1_266' title='bbox 291 3143 596 3199; x_wconf 89' lang='lat' dir='ltr'>canticum</span> <span class='ocrx_word' id='word_1_267' title='bbox 621 3142 888 3216; x_wconf 87' lang='lat' dir='ltr'>loquitur</span> <span class='ocrx_word' id='word_1_268' title='bbox 912 3144 990 3200; x_wconf 84' lang='lat' dir='ltr'>ad</span> <span class='ocrx_word' id='word_1_269' title='bbox 1023 3149 1358 3200; x_wconf 86' lang='lat' dir='ltr'>extremum</span> <span class='ocrx_word' id='word_1_270' title='bbox 1388 3143 1667 3200; x_wconf 86' lang='lat' dir='ltr'>inferens.</span> <span class='ocrx_word' id='word_1_271' title='bbox 1719 3141 1820 3197; x_wconf 89' lang='lat' dir='ltr'>Vi-</span> 
     </span>
    </p>
   </div>
   <div class='ocr_carea' id='block_1_36' title="bbox 167 3230 1824 3291">
    <p class='ocr_par' dir='ltr' id='par_1_36' title="bbox 167 3230 1824 3291">
     <span class='ocr_line' id='line_1_36' title="bbox 167 3230 1824 3291; baseline -0.001 -4"><span class='ocrx_word' id='word_1_272' title='bbox 167 3247 274 3287; x_wconf 90' lang='lat' dir='ltr'>nea</span> <span class='ocrx_word' id='word_1_273' title='bbox 304 3232 540 3288; x_wconf 87' lang='lat' dir='ltr'>Domini</span> <span class='ocrx_word' id='word_1_274' title='bbox 569 3232 826 3289; x_wconf 84' lang='lat' dir='ltr'>sabaoth</span> <span class='ocrx_word' id='word_1_275' title='bbox 857 3232 1081 3289; x_wconf 90' lang='lat' dir='ltr'>domus</span> <span class='ocrx_word' id='word_1_276' title='bbox 1109 3235 1289 3291; x_wconf 90' lang='lat' dir='ltr'>Israel</span> <span class='ocrx_word' id='word_1_277' title='bbox 1319 3239 1424 3290; x_wconf 91' lang='lat' dir='ltr'>est.</span> <span class='ocrx_word' id='word_1_278' title='bbox 1475 3236 1542 3288; x_wconf 87' lang='lat' dir='ltr'>Et</span> <span class='ocrx_word' id='word_1_279' title='bbox 1570 3232 1632 3287; x_wconf 92' lang='lat' dir='ltr'>in</span> <span class='ocrx_word' id='word_1_280' title='bbox 1665 3230 1824 3286; x_wconf 83' lang='lat' dir='ltr'>Psal-</span> 
     </span>
    </p>
   </div>
   <div class='ocr_carea' id='block_1_37' title="bbox 167 3319 1820 3396">
    <p class='ocr_par' dir='ltr' id='par_1_37' title="bbox 167 3319 1820 3396">
     <span class='ocr_line' id='line_1_37' title="bbox 167 3319 1820 3396; baseline 0 -22"><span class='ocrx_word' id='word_1_281' title='bbox 167 3335 298 3376; x_wconf 91' lang='lat' dir='ltr'>mo:</span> <span class='ocrx_word' id='word_1_282' title='bbox 355 3345 382 3371; x_wconf 88' lang='lat'><strong>«</strong></span> <span class='ocrx_word' id='word_1_283' title='bbox 428 3321 702 3389; x_wconf 85' lang='lat' dir='ltr'>Vineam,</span> <span class='ocrx_word' id='word_1_284' title='bbox 759 3323 972 3395; x_wconf 88' lang='lat' dir='ltr'>inquit,</span> <span class='ocrx_word' id='word_1_285' title='bbox 1029 3324 1104 3379; x_wconf 92' lang='lat' dir='ltr'>de</span> <span class='ocrx_word' id='word_1_286' title='bbox 1158 3327 1410 3396; x_wconf 66' lang='lat' dir='ltr'>Egypto</span> <span class='ocrx_word' id='word_1_287' title='bbox 1449 3319 1820 3387; x_wconf 90' lang='lat' dir='ltr'>transtulisti,</span> 
     </span>
    </p>
   </div>
   <div class='ocr_carea' id='block_1_38' title="bbox 168 3408 1826 3484">
    <p class='ocr_par' dir='ltr' id='par_1_38' title="bbox 168 3408 1826 3484">
     <span class='ocr_line' id='line_1_38' title="bbox 168 3408 1826 3484; baseline 0 -21"><span class='ocrx_word' id='word_1_288' title='bbox 168 3408 377 3478; x_wconf 89' lang='lat' dir='ltr'>ejecisti</span> <span class='ocrx_word' id='word_1_289' title='bbox 407 3415 618 3480; x_wconf 83' lang='lat' dir='ltr'>gentes</span> <span class='ocrx_word' id='word_1_290' title='bbox 649 3415 706 3468; x_wconf 92' lang='lat' dir='ltr'>et</span> <span class='ocrx_word' id='word_1_291' title='bbox 731 3412 1019 3484; x_wconf 89' lang='lat' dir='ltr'>plantasti</span> <span class='ocrx_word' id='word_1_292' title='bbox 1047 3428 1183 3469; x_wconf 92' lang='lat' dir='ltr'>eam</span> <span class='ocrx_word' id='word_1_293' title='bbox 1216 3412 1416 3484; x_wconf 76' lang='lat' dir='ltr'>(Ibid.)</span> <span class='ocrx_word' id='word_1_294' title='bbox 1450 3432 1477 3460; x_wconf 86' lang='lat'>»</span> <span class='ocrx_word' id='word_1_295' title='bbox 1535 3409 1640 3466; x_wconf 89' lang='lat' dir='ltr'>Cui</span> <span class='ocrx_word' id='word_1_296' title='bbox 1694 3424 1826 3480; x_wconf 89' lang='lat' dir='ltr'>sep-</span> 
     </span>
    </p>
   </div>
   <div class='ocr_carea' id='block_1_39' title="bbox 168 3498 1826 3571">
    <p class='ocr_par' dir='ltr' id='par_1_39' title="bbox 168 3498 1826 3571">
     <span class='ocr_line' id='line_1_39' title="bbox 168 3498 1826 3571; baseline 0 -20"><span class='ocrx_word' id='word_1_297' title='bbox 168 3499 280 3554; x_wconf 90' lang='lat' dir='ltr'>tem</span> <span class='ocrx_word' id='word_1_298' title='bbox 310 3499 724 3562; x_wconf 88' lang='lat' dir='ltr'>eircumdedit,</span> <span class='ocrx_word' id='word_1_299' title='bbox 778 3505 844 3556; x_wconf 90' lang='lat' dir='ltr'>ut</span> <span class='ocrx_word' id='word_1_300' title='bbox 870 3499 931 3556; x_wconf 90' lang='lat' dir='ltr'>in</span> <span class='ocrx_word' id='word_1_301' title='bbox 962 3500 1286 3571; x_wconf 88' lang='lat' dir='ltr'>Evangelio</span> <span class='ocrx_word' id='word_1_302' title='bbox 1323 3500 1560 3570; x_wconf 77' lang='lat' dir='ltr'>legitur,</span> <span class='ocrx_word' id='word_1_303' title='bbox 1615 3498 1678 3554; x_wconf 92' lang='lat' dir='ltr'>id</span> <span class='ocrx_word' id='word_1_304' title='bbox 1737 3500 1826 3552; x_wconf 89' lang='lat' dir='ltr'>est</span> 
     </span>
    </p>
   </div>
   <div class='ocr_carea' id='block_1_40' title="bbox 167 3585 1824 3660">
    <p class='ocr_par' dir='ltr' id='par_1_40' title="bbox 167 3585 1824 3660">
     <span class='ocr_line' id='line_1_40' title="bbox 167 3585 1824 3660; baseline -0.001 -18"><span class='ocrx_word' id='word_1_305' title='bbox 167 3587 249 3643; x_wconf 91' lang='lat' dir='ltr'>vel</span> <span class='ocrx_word' id='word_1_306' title='bbox 277 3605 524 3645; x_wconf 87' lang='lat' dir='ltr'>murum</span> <span class='ocrx_word' id='word_1_307' title='bbox 555 3587 743 3656; x_wconf 92' lang='lat' dir='ltr'>urbis,</span> <span class='ocrx_word' id='word_1_308' title='bbox 775 3589 870 3646; x_wconf 85' lang='lat' dir='ltr'>vel</span> <span class='ocrx_word' id='word_1_309' title='bbox 897 3590 1265 3660; x_wconf 88' lang='lat' dir='ltr'>Angelorum</span> <span class='ocrx_word' id='word_1_310' title='bbox 1297 3589 1537 3645; x_wconf 89' lang='lat' dir='ltr'>auxilia.</span> <span class='ocrx_word' id='word_1_311' title='bbox 1583 3592 1649 3644; x_wconf 87' lang='lat' dir='ltr'>Et</span> <span class='ocrx_word' id='word_1_312' title='bbox 1676 3585 1824 3643; x_wconf 89' lang='lat' dir='ltr'>fodit</span> 
     </span>
    </p>
   </div>
   <div class='ocr_carea' id='block_1_41' title="bbox 167 3675 1824 3752">
    <p class='ocr_par' dir='ltr' id='par_1_41' title="bbox 167 3675 1824 3752">
     <span class='ocr_line' id='line_1_41' title="bbox 167 3675 1824 3752; baseline 0.003 -22"><span class='ocrx_word' id='word_1_313' title='bbox 167 3675 222 3730; x_wconf 90' lang='lat' dir='ltr'>in</span> <span class='ocrx_word' id='word_1_314' title='bbox 249 3693 319 3734; x_wconf 90' lang='lat' dir='ltr'>ea</span> <span class='ocrx_word' id='word_1_315' title='bbox 348 3677 634 3739; x_wconf 85' lang='lat' dir='ltr'>torcular.</span> <span class='ocrx_word' id='word_1_316' title='bbox 685 3683 789 3734; x_wconf 89' lang='lat' dir='ltr'>aut</span> <span class='ocrx_word' id='word_1_317' title='bbox 814 3678 1019 3747; x_wconf 88' lang='lat' dir='ltr'>altare,</span> <span class='ocrx_word' id='word_1_318' title='bbox 1062 3683 1168 3736; x_wconf 90' lang='lat' dir='ltr'>aut</span> <span class='ocrx_word' id='word_1_319' title='bbox 1195 3679 1297 3736; x_wconf 88' lang='lat' dir='ltr'>illa</span> <span class='ocrx_word' id='word_1_320' title='bbox 1323 3678 1644 3736; x_wconf 89' lang='lat' dir='ltr'>toreularia</span> <span class='ocrx_word' id='word_1_321' title='bbox 1674 3695 1824 3752; x_wconf 92' lang='lat' dir='ltr'>quo-</span> 
     </span>
    </p>
   </div>
   <div class='ocr_carea' id='block_1_42' title="bbox 167 3766 1824 3841">
    <p class='ocr_par' dir='ltr' id='par_1_42' title="bbox 167 3766 1824 3841">
     <span class='ocr_line' id='line_1_42' title="bbox 167 3766 1824 3841; baseline 0.002 -21"><span class='ocrx_word' id='word_1_322' title='bbox 167 3780 291 3821; x_wconf 90' lang='lat' dir='ltr'>rum</span> <span class='ocrx_word' id='word_1_323' title='bbox 322 3771 377 3824; x_wconf 90' lang='lat' dir='ltr'>et</span> <span class='ocrx_word' id='word_1_324' title='bbox 404 3771 524 3822; x_wconf 91' lang='lat' dir='ltr'>tres</span> <span class='ocrx_word' id='word_1_325' title='bbox 554 3766 773 3839; x_wconf 89' lang='lat' dir='ltr'>psalmi</span> <span class='ocrx_word' id='word_1_326' title='bbox 803 3767 970 3824; x_wconf 89' lang='lat' dir='ltr'>titulo</span> <span class='ocrx_word' id='word_1_327' title='bbox 996 3773 1430 3841; x_wconf 83' lang='lat' dir='ltr'>praenotantur,</span> <span class='ocrx_word' id='word_1_328' title='bbox 1461 3768 1520 3824; x_wconf 91' lang='lat' dir='ltr'>id</span> <span class='ocrx_word' id='word_1_329' title='bbox 1547 3774 1635 3825; x_wconf 90' lang='lat' dir='ltr'>est</span> <span class='ocrx_word' id='word_1_330' title='bbox 1664 3773 1824 3824; x_wconf 86' lang='lat' dir='ltr'>octa-</span> 
     </span>
    </p>
   </div>
   <div class='ocr_carea' id='block_1_43' title="bbox 169 3855 1822 3926">
    <p class='ocr_par' dir='ltr' id='par_1_43' title="bbox 169 3855 1822 3926">
     <span class='ocr_line' id='line_1_43' title="bbox 169 3855 1822 3926; baseline 0.002 -18"><span class='ocrx_word' id='word_1_331' title='bbox 169 3869 272 3909; x_wconf 89' lang='lat' dir='ltr'>vus</span> <span class='ocrx_word' id='word_1_332' title='bbox 300 3859 354 3911; x_wconf 90' lang='lat' dir='ltr'>et</span> <span class='ocrx_word' id='word_1_333' title='bbox 381 3855 790 3926; x_wconf 85' lang='lat' dir='ltr'>octogesimus</span> <span class='ocrx_word' id='word_1_334' title='bbox 839 3861 1060 3912; x_wconf 80' lang='lat' dir='ltr'>sextus.</span> <span class='ocrx_word' id='word_1_335' title='bbox 1114 3861 1180 3914; x_wconf 89' lang='lat' dir='ltr'>Et</span> <span class='ocrx_word' id='word_1_336' title='bbox 1233 3858 1556 3915; x_wconf 62' lang='lat' dir='ltr'>aediﬁcavit</span> <span class='ocrx_word' id='word_1_337' title='bbox 1609 3857 1822 3913; x_wconf 91' lang='lat' dir='ltr'>turrim</span> 
     </span>
    </p>
   </div>
   <div class='ocr_carea' id='block_1_44' title="bbox 169 3940 1824 4021">
    <p class='ocr_par' dir='ltr' id='par_1_44' title="bbox 169 3940 1824 4021">
     <span class='ocr_line' id='line_1_44' title="bbox 169 3940 1824 4021; baseline 0.002 -24"><span class='ocrx_word' id='word_1_338' title='bbox 169 3940 335 4014; x_wconf 87' lang='lat' dir='ltr'>hanc,</span> <span class='ocrx_word' id='word_1_339' title='bbox 366 3943 534 4001; x_wconf 90' lang='lat' dir='ltr'>haud</span> <span class='ocrx_word' id='word_1_340' title='bbox 565 3943 819 4000; x_wconf 90' lang='lat' dir='ltr'>dubium</span> <span class='ocrx_word' id='word_1_341' title='bbox 843 3945 989 4018; x_wconf 90' lang='lat' dir='ltr'>quin</span> <span class='ocrx_word' id='word_1_342' title='bbox 1013 3947 1326 4020; x_wconf 91' lang='lat' dir='ltr'>templum,</span> <span class='ocrx_word' id='word_1_343' title='bbox 1356 3947 1430 4003; x_wconf 90' lang='lat' dir='ltr'>de</span> <span class='ocrx_word' id='word_1_344' title='bbox 1457 3963 1580 4021; x_wconf 90' lang='lat' dir='ltr'>quo</span> <span class='ocrx_word' id='word_1_345' title='bbox 1607 3946 1824 4002; x_wconf 91' lang='lat' dir='ltr'>dicitur</span> 
     </span>
    </p>
   </div>
   <div class='ocr_carea' id='block_1_45' title="bbox 168 4033 1823 4102">
    <p class='ocr_par' dir='ltr' id='par_1_45' title="bbox 168 4033 1823 4102">
     <span class='ocr_line' id='line_1_45' title="bbox 168 4033 1823 4102; baseline 0.002 -14"><span class='ocrx_word' id='word_1_346' title='bbox 168 4045 267 4102; x_wconf 87' lang='lat' dir='ltr'>per</span> <span class='ocrx_word' id='word_1_347' title='bbox 309 4033 653 4090; x_wconf 73' lang='lat' dir='ltr'>Michaeam:</span> <span class='ocrx_word' id='word_1_348' title='bbox 719 4057 746 4084; x_wconf 92' lang='grc'><em>‹‹</em></span> <span class='ocrx_word' id='word_1_349' title='bbox 803 4037 870 4092; x_wconf 88' lang='lat' dir='ltr'>Et</span> <span class='ocrx_word' id='word_1_350' title='bbox 923 4037 1099 4092; x_wconf 90' lang='lat' dir='ltr'>turris</span> <span class='ocrx_word' id='word_1_351' title='bbox 1147 4037 1442 4093; x_wconf 91' lang='lat' dir='ltr'>nebulosa</span> <span class='ocrx_word' id='word_1_352' title='bbox 1497 4037 1622 4094; x_wconf 89' lang='lat' dir='ltr'>ﬁlia</span> <span class='ocrx_word' id='word_1_353' title='bbox 1682 4037 1823 4094; x_wconf 89' lang='lat' dir='ltr'>Sion</span> 
     </span>
    </p>
   </div>
   <div class='ocr_carea' id='block_1_46' title="bbox 170 4118 1824 4199">
    <p class='ocr_par' dir='ltr' id='par_1_46' title="bbox 170 4118 1824 4199">
     <span class='ocr_line' id='line_1_46' title="bbox 170 4118 1824 4199; baseline 0.006 -26"><span class='ocrx_word' id='word_1_354' title='bbox 170 4118 357 4189; x_wconf 76' lang='lat' dir='ltr'>(Mich.</span> <span class='ocrx_word' id='word_1_355' title='bbox 386 4125 486 4195; x_wconf 92' lang='lat' dir='ltr'>1v).</span> <span class='ocrx_word' id='word_1_356' title='bbox 545 4125 612 4178; x_wconf 88' lang='lat' dir='ltr'>Et</span> <span class='ocrx_word' id='word_1_357' title='bbox 657 4123 877 4180; x_wconf 88' lang='lat' dir='ltr'>locavit</span> <span class='ocrx_word' id='word_1_358' title='bbox 923 4140 1062 4181; x_wconf 91' lang='lat' dir='ltr'>eam</span> <span class='ocrx_word' id='word_1_359' title='bbox 1121 4126 1421 4197; x_wconf 85' lang='lat' dir='ltr'>agricolis,</span> <span class='ocrx_word' id='word_1_360' title='bbox 1467 4143 1622 4199; x_wconf 92' lang='lat' dir='ltr'>quos</span> <span class='ocrx_word' id='word_1_361' title='bbox 1680 4127 1824 4183; x_wconf 90' lang='lat' dir='ltr'>alibi</span> 
     </span>
    </p>
   </div>
   <div class='ocr_carea' id='block_1_47' title="bbox 168 4207 1823 4286">
    <p class='ocr_par' dir='ltr' id='par_1_47' title="bbox 168 4207 1823 4286">
     <span class='ocr_line' id='line_1_47' title="bbox 168 4207 1823 4286; baseline 0.007 -25"><span class='ocrx_word' id='word_1_362' title='bbox 168 4207 344 4265; x_wconf 73' lang='lat' dir='ltr'>vineae</span> <span class='ocrx_word' id='word_1_363' title='bbox 402 4212 715 4285; x_wconf 90' lang='lat' dir='ltr'>operarios</span> <span class='ocrx_word' id='word_1_364' title='bbox 774 4213 1097 4286; x_wconf 86' lang='lat' dir='ltr'>appellavit</span> <span class='ocrx_word' id='word_1_365' title='bbox 1166 4215 1262 4270; x_wconf 89' lang='lat' dir='ltr'>vel</span> <span class='ocrx_word' id='word_1_366' title='bbox 1315 4214 1587 4272; x_wconf 90' lang='lat' dir='ltr'>colonos.</span> <span class='ocrx_word' id='word_1_367' title='bbox 1653 4216 1823 4272; x_wconf 89' lang='lat' dir='ltr'>Hanc</span> 
     </span>
    </p>
   </div>
   <div class='ocr_carea' id='block_1_48' title="bbox 170 4296 1824 4376">
    <p class='ocr_par' dir='ltr' id='par_1_48' title="bbox 170 4296 1824 4376">
     <span class='ocr_line' id='line_1_48' title="bbox 170 4296 1824 4376; baseline 0.007 -26"><span class='ocrx_word' id='word_1_368' title='bbox 170 4296 394 4356; x_wconf 88' lang='lat' dir='ltr'>vineam</span> <span class='ocrx_word' id='word_1_369' title='bbox 424 4301 772 4373; x_wconf 89' lang='lat' dir='ltr'>concupivit</span> <span class='ocrx_word' id='word_1_370' title='bbox 795 4303 1001 4359; x_wconf 82' lang='lat' dir='ltr'>Achab</span> <span class='ocrx_word' id='word_1_371' title='bbox 1032 4303 1134 4376; x_wconf 92' lang='lat' dir='ltr'>qui</span> <span class='ocrx_word' id='word_1_372' title='bbox 1167 4304 1588 4376; x_wconf 89' lang='lat' dir='ltr'>interpretatur</span> <span class='ocrx_word' id='word_1_373' title='bbox 1621 4306 1824 4375; x_wconf 80' lang='lat' dir='ltr'>frater</span> 
     </span>
    </p>
   </div>
   <div class='ocr_carea' id='block_1_49' title="bbox 166 4390 1822 4466">
    <p class='ocr_par' dir='ltr' id='par_1_49' title="bbox 166 4390 1822 4466">
     <span class='ocr_line' id='line_1_49' title="bbox 166 4390 1822 4466; baseline 0.004 -22"><span class='ocrx_word' id='word_1_374' title='bbox 166 4391 368 4454; x_wconf 81' lang='lat' dir='ltr'>patris,</span> <span class='ocrx_word' id='word_1_375' title='bbox 399 4390 663 4465; x_wconf 89' lang='lat' dir='ltr'>populus</span> <span class='ocrx_word' id='word_1_376' title='bbox 687 4391 963 4448; x_wconf 89' lang='lat' dir='ltr'>videlicet</span> <span class='ocrx_word' id='word_1_377' title='bbox 988 4393 1298 4458; x_wconf 85' lang='lat' dir='ltr'>Iudaicus,</span> <span class='ocrx_word' id='word_1_378' title='bbox 1339 4393 1413 4448; x_wconf 91' lang='lat' dir='ltr'>de</span> <span class='ocrx_word' id='word_1_379' title='bbox 1459 4410 1582 4466; x_wconf 91' lang='lat' dir='ltr'>quo</span> <span class='ocrx_word' id='word_1_380' title='bbox 1633 4393 1822 4450; x_wconf 89' lang='lat' dir='ltr'>Chris-</span> 
     </span>
    </p>
   </div>
   <div class='ocr_carea' id='block_1_50' title="bbox 168 4479 1854 4554">
    <p class='ocr_par' dir='ltr' id='par_1_50' title="bbox 168 4479 1854 4554">
     <span class='ocr_line' id='line_1_50' title="bbox 168 4479 1854 4554; baseline 0.005 -24"><span class='ocrx_word' id='word_1_381' title='bbox 168 4479 255 4532; x_wconf 89' lang='lat' dir='ltr'>tus</span> <span class='ocrx_word' id='word_1_382' title='bbox 279 4494 517 4536; x_wconf 90' lang='lat' dir='ltr'>carnem</span> <span class='ocrx_word' id='word_1_383' title='bbox 546 4496 855 4537; x_wconf 90' lang='lat' dir='ltr'>assumere</span> <span class='ocrx_word' id='word_1_384' title='bbox 885 4481 1169 4554; x_wconf 88' lang='lat' dir='ltr'>dignatus</span> <span class='ocrx_word' id='word_1_385' title='bbox 1215 4486 1327 4547; x_wconf 91' lang='lat' dir='ltr'>est,</span> <span class='ocrx_word' id='word_1_386' title='bbox 1379 4488 1445 4539; x_wconf 90' lang='lat' dir='ltr'>ut</span> <span class='ocrx_word' id='word_1_387' title='bbox 1478 4483 1716 4539; x_wconf 88' lang='lat' dir='ltr'>fecisset</span> <span class='ocrx_word' id='word_1_388' title='bbox 1759 4483 1821 4539; x_wconf 90' lang='lat' dir='ltr'>in</span> <span class='ocrx_word' id='word_1_389' title='bbox 1851 4535 1854 4538; x_wconf 89' lang='lat'>.</span> 
     </span>
    </p>
   </div>
   <div class='ocr_carea' id='block_1_51' title="bbox 169 4565 1822 4644">
    <p class='ocr_par' dir='ltr' id='par_1_51' title="bbox 169 4565 1822 4644">
     <span class='ocr_line' id='line_1_51' title="bbox 169 4565 1822 4644; baseline 0.007 -26"><span class='ocrx_word' id='word_1_390' title='bbox 169 4578 235 4619; x_wconf 89' lang='lat' dir='ltr'>ea</span> <span class='ocrx_word' id='word_1_391' title='bbox 260 4565 498 4626; x_wconf 88' lang='lat' dir='ltr'>hortum</span> <span class='ocrx_word' id='word_1_392' title='bbox 539 4569 793 4643; x_wconf 88' lang='lat' dir='ltr'>olerum,</span> <span class='ocrx_word' id='word_1_393' title='bbox 839 4571 953 4627; x_wconf 92' lang='lat' dir='ltr'>hoc</span> <span class='ocrx_word' id='word_1_394' title='bbox 983 4576 1072 4628; x_wconf 90' lang='lat' dir='ltr'>est</span> <span class='ocrx_word' id='word_1_395' title='bbox 1100 4576 1165 4628; x_wconf 90' lang='lat' dir='ltr'>ut</span> <span class='ocrx_word' id='word_1_396' title='bbox 1194 4572 1298 4628; x_wconf 92' lang='lat' dir='ltr'>ubi</span> <span class='ocrx_word' id='word_1_397' title='bbox 1327 4571 1657 4644; x_wconf 84' lang='lat' dir='ltr'>virgultum</span> <span class='ocrx_word' id='word_1_398' title='bbox 1689 4589 1822 4643; x_wconf 91' lang='lat' dir='ltr'>gra-</span> 
     </span>
    </p>
   </div>
   <div class='ocr_carea' id='block_1_52' title="bbox 169 4651 1820 4735">
    <p class='ocr_par' dir='ltr' id='par_1_52' title="bbox 169 4651 1820 4735">
     <span class='ocr_line' id='line_1_52' title="bbox 169 4651 1820 4735; baseline 0.007 -28"><span class='ocrx_word' id='word_1_399' title='bbox 169 4651 255 4708; x_wconf 71' lang='lat' dir='ltr'>tite</span> <span class='ocrx_word' id='word_1_400' title='bbox 284 4656 561 4728; x_wconf 86' lang='lat' dir='ltr'>spiritalis</span> <span class='ocrx_word' id='word_1_401' title='bbox 583 4659 921 4728; x_wconf 89' lang='lat' dir='ltr'>germinare</span> <span class='ocrx_word' id='word_1_402' title='bbox 951 4659 1182 4732; x_wconf 90' lang='lat' dir='ltr'>debuit,</span> <span class='ocrx_word' id='word_1_403' title='bbox 1205 4661 1288 4717; x_wconf 91' lang='lat' dir='ltr'>ibi</span> <span class='ocrx_word' id='word_1_404' title='bbox 1310 4660 1546 4732; x_wconf 87' lang='lat' dir='ltr'>fragilia</span> <span class='ocrx_word' id='word_1_405' title='bbox 1562 4677 1820 4735; x_wconf 56' lang='lat' dir='ltr'>quasque</span> 
     </span>
    </p>
   </div>
   <div class='ocr_carea' id='block_1_53' title="bbox 170 4739 1822 4824">
    <p class='ocr_par' dir='ltr' id='par_1_53' title="bbox 170 4739 1822 4824">
     <span class='ocr_line' id='line_1_53' title="bbox 170 4739 1822 4824; baseline 0.007 -29"><span class='ocrx_word' id='word_1_406' title='bbox 170 4739 443 4813; x_wconf 83' lang='lat' dir='ltr'>dogmata</span> <span class='ocrx_word' id='word_1_407' title='bbox 485 4764 593 4820; x_wconf 90' lang='lat' dir='ltr'>per</span> <span class='ocrx_word' id='word_1_408' title='bbox 634 4747 1040 4820; x_wconf 90' lang='lat' dir='ltr'>pharisaicam</span> <span class='ocrx_word' id='word_1_409' title='bbox 1093 4751 1580 4824; x_wconf 89' lang='lat' dir='ltr'>superstitionem</span> <span class='ocrx_word' id='word_1_410' title='bbox 1629 4755 1822 4807; x_wconf 88' lang='lat' dir='ltr'>trans-</span> 
     </span>
    </p>
   </div>
   <div class='ocr_carea' id='block_1_54' title="bbox 168 4827 1817 4904">
    <p class='ocr_par' dir='ltr' id='par_1_54' title="bbox 168 4827 1817 4904">
     <span class='ocr_line' id='line_1_54' title="bbox 168 4827 1817 4904; baseline 0.007 -20"><span class='ocrx_word' id='word_1_411' title='bbox 168 4827 470 4900; x_wconf 89' lang='lat' dir='ltr'>plantaret.</span> <span class='ocrx_word' id='word_1_412' title='bbox 523 4835 637 4892; x_wconf 91' lang='lat' dir='ltr'>Sed</span> <span class='ocrx_word' id='word_1_413' title='bbox 678 4836 913 4894; x_wconf 87' lang='lat' dir='ltr'>Nabotb</span> <span class='ocrx_word' id='word_1_414' title='bbox 943 4838 1101 4895; x_wconf 89' lang='lat' dir='ltr'>hanc</span> <span class='ocrx_word' id='word_1_415' title='bbox 1129 4839 1367 4896; x_wconf 88' lang='lat' dir='ltr'>vineam</span> <span class='ocrx_word' id='word_1_416' title='bbox 1400 4839 1546 4897; x_wconf 91' lang='lat' dir='ltr'>dare</span> <span class='ocrx_word' id='word_1_417' title='bbox 1573 4839 1817 4904; x_wconf 90' lang='lat' dir='ltr'>nolenti,</span> 
     </span>
    </p>
   </div>
   <div class='ocr_carea' id='block_1_55' title="bbox 170 4913 1822 5000">
    <p class='ocr_par' dir='ltr' id='par_1_55' title="bbox 170 4913 1822 5000">
     <span class='ocr_line' id='line_1_55' title="bbox 170 4913 1822 5000; baseline 0.008 -29"><span class='ocrx_word' id='word_1_418' title='bbox 170 4913 226 4971; x_wconf 89' lang='lat' dir='ltr'>id</span> <span class='ocrx_word' id='word_1_419' title='bbox 254 4923 338 4976; x_wconf 89' lang='lat' dir='ltr'>est</span> <span class='ocrx_word' id='word_1_420' title='bbox 363 4923 589 4980; x_wconf 89' lang='lat' dir='ltr'>Christo</span> <span class='ocrx_word' id='word_1_421' title='bbox 638 4925 1078 4983; x_wconf 72' lang='lat' dir='ltr'>Pharisaeorum</span> <span class='ocrx_word' id='word_1_422' title='bbox 1127 4928 1654 5000; x_wconf 86' lang='lat' dir='ltr'>superstitionibus</span> <span class='ocrx_word' id='word_1_423' title='bbox 1695 4943 1822 4984; x_wconf 91' lang='lat' dir='ltr'>non</span> 
     </span>
    </p>
   </div>
   <div class='ocr_carea' id='block_1_56' title="bbox 172 5006 1820 5089">
    <p class='ocr_par' dir='ltr' id='par_1_56' title="bbox 172 5006 1820 5089">
     <span class='ocr_line' id='line_1_56' title="bbox 172 5006 1820 5089; baseline 0.008 -29"><span class='ocrx_word' id='word_1_424' title='bbox 172 5010 566 5080; x_wconf 86' lang='lat' dir='ltr'>consentienti,</span> <span class='ocrx_word' id='word_1_425' title='bbox 591 5011 781 5086; x_wconf 91' lang='lat' dir='ltr'>impia</span> <span class='ocrx_word' id='word_1_426' title='bbox 804 5029 958 5070; x_wconf 90' lang='lat' dir='ltr'>uxor</span> <span class='ocrx_word' id='word_1_427' title='bbox 978 5006 1213 5072; x_wconf 90' lang='lat' dir='ltr'>Iezabel</span> <span class='ocrx_word' id='word_1_428' title='bbox 1234 5016 1519 5074; x_wconf 86' lang='lat' dir='ltr'>insidiata</span> <span class='ocrx_word' id='word_1_429' title='bbox 1544 5022 1650 5080; x_wconf 89' lang='lat' dir='ltr'>est,</span> <span class='ocrx_word' id='word_1_430' title='bbox 1683 5033 1820 5089; x_wconf 69' lang='lat' dir='ltr'>qua:</span> 
     </span>
    </p>
   </div>
   <div class='ocr_carea' id='block_1_57' title="bbox 171 5088 1821 5178">
    <p class='ocr_par' dir='ltr' id='par_1_57' title="bbox 171 5088 1821 5178">
     <span class='ocr_line' id='line_1_57' title="bbox 171 5088 1821 5178; baseline 0.007 -29"><span class='ocrx_word' id='word_1_431' title='bbox 171 5088 572 5178; x_wconf 70' lang='lat' dir='ltr'>interpretatur</span> <span class='ocrx_word' id='word_1_432' title='bbox 601 5102 1015 5160; x_wconf 76' lang='lat' dir='ltr'>cohabitatrix</span> <span class='ocrx_word' id='word_1_433' title='bbox 1040 5103 1162 5161; x_wconf 90' lang='lat' dir='ltr'>sive</span> <span class='ocrx_word' id='word_1_434' title='bbox 1182 5107 1387 5174; x_wconf 73' lang='lat' dir='ltr'>[luxus</span> <span class='ocrx_word' id='word_1_435' title='bbox 1417 5121 1630 5171; x_wconf 82' lang='lat' dir='ltr'>vanus,</span> <span class='ocrx_word' id='word_1_436' title='bbox 1653 5088 1821 5178; x_wconf 81' lang='lat' dir='ltr'>quod</span> 
     </span>
    </p>
   </div>
   <div class='ocr_carea' id='block_1_58' title="bbox 172 5176 1823 5266">
    <p class='ocr_par' dir='ltr' id='par_1_58' title="bbox 172 5176 1823 5266">
     <span class='ocr_line' id='line_1_58' title="bbox 172 5176 1823 5266; baseline 0.007 -29"><span class='ocrx_word' id='word_1_437' title='bbox 172 5176 314 5266; x_wconf 81' lang='lat' dir='ltr'>bene</span> <span class='ocrx_word' id='word_1_438' title='bbox 339 5191 614 5246; x_wconf 90' lang='lat' dir='ltr'>convenit</span> <span class='ocrx_word' id='word_1_439' title='bbox 643 5192 1004 5264; x_wconf 86' lang='lat' dir='ltr'>Synagogae,</span> <span class='ocrx_word' id='word_1_440' title='bbox 1037 5210 1174 5266; x_wconf 60' lang='lat' dir='ltr'>quin</span> <span class='ocrx_word' id='word_1_441' title='bbox 1205 5194 1476 5251; x_wconf 84' lang='lat' dir='ltr'>habitare</span> <span class='ocrx_word' id='word_1_442' title='bbox 1506 5176 1823 5249; x_wconf 78' lang='lat' dir='ltr'>videbatur</span> 
     </span>
    </p>
   </div>
   <div class='ocr_carea' id='block_1_59' title="bbox 173 5264 1822 5355">
    <p class='ocr_par' dir='ltr' id='par_1_59' title="bbox 173 5264 1822 5355">
     <span class='ocr_line' id='line_1_59' title="bbox 173 5264 1822 5355; baseline 0.008 -28"><span class='ocrx_word' id='word_1_443' title='bbox 173 5264 230 5355; x_wconf 73' lang='lat' dir='ltr'>in</span> <span class='ocrx_word' id='word_1_444' title='bbox 256 5271 431 5333; x_wconf 91' lang='lat' dir='ltr'>domo</span> <span class='ocrx_word' id='word_1_445' title='bbox 457 5279 714 5351; x_wconf 89' lang='lat' dir='ltr'>Domini,</span> <span class='ocrx_word' id='word_1_446' title='bbox 745 5281 853 5338; x_wconf 88' lang='lat' dir='ltr'>sed</span> <span class='ocrx_word' id='word_1_447' title='bbox 882 5297 991 5355; x_wconf 89' lang='lat' dir='ltr'>per</span> <span class='ocrx_word' id='word_1_448' title='bbox 1020 5264 1189 5339; x_wconf 74' lang='lat' dir='ltr'>varia</span> <span class='ocrx_word' id='word_1_449' title='bbox 1213 5282 1512 5339; x_wconf 90' lang='lat' dir='ltr'>desideria</span> <span class='ocrx_word' id='word_1_450' title='bbox 1539 5281 1822 5340; x_wconf 84' lang='lat' dir='ltr'>vanitatis</span> 
     </span>
    </p>
   </div>
   <div class='ocr_carea' id='block_1_60' title="bbox 174 5352 480 5422">
    <p class='ocr_par' dir='ltr' id='par_1_60' title="bbox 174 5352 480 5422">
     <span class='ocr_line' id='line_1_60' title="bbox 174 5352 480 5422; baseline 0.026 -12"><span class='ocrx_word' id='word_1_451' title='bbox 174 5352 480 5422; x_wconf 78' lang='lat' dir='ltr'>deﬂuebat.</span> 
     </span>
    </p>
   </div>
   <div class='ocr_carea' id='block_1_61' title="bbox 239 5451 1818 5532">
    <p class='ocr_par' dir='ltr' id='par_1_61' title="bbox 239 5451 1818 5532">
     <span class='ocr_line' id='line_1_61' title="bbox 239 5451 1818 5532; baseline 0.008 -26"><span class='ocrx_word' id='word_1_452' title='bbox 239 5468 264 5495; x_wconf 87' lang='lat'><strong>«</strong></span> <span class='ocrx_word' id='word_1_453' title='bbox 297 5451 438 5510; x_wconf 75' lang='lat' dir='ltr'>Misit</span> <span class='ocrx_word' id='word_1_454' title='bbox 464 5471 607 5527; x_wconf 88' lang='lat' dir='ltr'>ergo</span> <span class='ocrx_word' id='word_1_455' title='bbox 657 5457 892 5515; x_wconf 90' lang='lat' dir='ltr'>Iezabel</span> <span class='ocrx_word' id='word_1_456' title='bbox 933 5459 1158 5516; x_wconf 83' lang='lat' dir='ltr'>litteras</span> <span class='ocrx_word' id='word_1_457' title='bbox 1208 5460 1289 5516; x_wconf 90' lang='lat' dir='ltr'>ad</span> <span class='ocrx_word' id='word_1_458' title='bbox 1336 5461 1599 5532; x_wconf 88' lang='lat' dir='ltr'>majores</span> <span class='ocrx_word' id='word_1_459' title='bbox 1650 5466 1818 5530; x_wconf 89' lang='lat' dir='ltr'>natu,</span> 
     </span>
    </p>
   </div>
   <div class='ocr_carea' id='block_1_62' title="bbox 177 5539 1823 5621">
    <p class='ocr_par' dir='ltr' id='par_1_62' title="bbox 177 5539 1823 5621">
     <span class='ocr_line' id='line_1_62' title="bbox 177 5539 1823 5621; baseline 0.011 -31"><span class='ocrx_word' id='word_1_460' title='bbox 177 5552 201 5578; x_wconf 78' lang='grc' dir='ltr'>α</span> <span class='ocrx_word' id='word_1_461' title='bbox 232 5542 287 5591; x_wconf 83' lang='lat' dir='ltr'>et</span> <span class='ocrx_word' id='word_1_462' title='bbox 314 5539 391 5596; x_wconf 90' lang='lat' dir='ltr'>ad</span> <span class='ocrx_word' id='word_1_463' title='bbox 415 5545 732 5616; x_wconf 86' lang='lat' dir='ltr'>optimates</span> <span class='ocrx_word' id='word_1_464' title='bbox 757 5549 862 5620; x_wconf 91' lang='lat' dir='ltr'>qui</span> <span class='ocrx_word' id='word_1_465' title='bbox 894 5552 1066 5605; x_wconf 90' lang='lat' dir='ltr'>erant</span> <span class='ocrx_word' id='word_1_466' title='bbox 1087 5549 1148 5605; x_wconf 91' lang='lat' dir='ltr'>in</span> <span class='ocrx_word' id='word_1_467' title='bbox 1179 5548 1435 5611; x_wconf 85' lang='lat' dir='ltr'>civitate.</span> <span class='ocrx_word' id='word_1_468' title='bbox 1477 5553 1563 5621; x_wconf 87' lang='lat' dir='ltr'>ut,</span> <span class='ocrx_word' id='word_1_469' title='bbox 1617 5549 1823 5607; x_wconf 89' lang='lat' dir='ltr'>subin-</span> 
     </span>
    </p>
   </div>
   <div class='ocr_carea' id='block_1_63' title="bbox 179 5625 1822 5706">
    <p class='ocr_par' dir='ltr' id='par_1_63' title="bbox 179 5625 1822 5706">
     <span class='ocr_line' id='line_1_63' title="bbox 179 5625 1822 5706; baseline 0.009 -26"><span class='ocrx_word' id='word_1_470' title='bbox 179 5642 205 5667; x_wconf 82' lang='lat'><strong>«</strong></span> <span class='ocrx_word' id='word_1_471' title='bbox 234 5625 508 5688; x_wconf 77' lang='lat' dir='ltr'>troductis</span> <span class='ocrx_word' id='word_1_472' title='bbox 527 5633 691 5691; x_wconf 87' lang='lat' dir='ltr'>falsis</span> <span class='ocrx_word' id='word_1_473' title='bbox 715 5636 987 5706; x_wconf 90' lang='lat' dir='ltr'>testibus,</span> <span class='ocrx_word' id='word_1_474' title='bbox 1009 5637 1420 5694; x_wconf 90' lang='lat' dir='ltr'>testimonium</span> <span class='ocrx_word' id='word_1_475' title='bbox 1442 5637 1661 5694; x_wconf 89' lang='lat' dir='ltr'>falsum</span> <span class='ocrx_word' id='word_1_476' title='bbox 1683 5655 1822 5696; x_wconf 91' lang='lat' dir='ltr'>con-</span> 
     </span>
    </p>
   </div>
   <div class='ocr_carea' id='block_1_64' title="bbox 184 5713 1822 5799">
    <p class='ocr_par' dir='ltr' id='par_1_64' title="bbox 184 5713 1822 5799">
     <span class='ocr_line' id='line_1_64' title="bbox 184 5713 1822 5799; baseline 0.008 -26"><span class='ocrx_word' id='word_1_477' title='bbox 184 5728 210 5756; x_wconf 69' lang='grc' dir='ltr'><strong>α</strong></span> <span class='ocrx_word' id='word_1_478' title='bbox 240 5713 322 5771; x_wconf 70' lang='lat' dir='ltr'>tta</span> <span class='ocrx_word' id='word_1_479' title='bbox 345 5719 571 5781; x_wconf 82' lang='lat' dir='ltr'>Nabotb</span> <span class='ocrx_word' id='word_1_480' title='bbox 599 5731 912 5798; x_wconf 89' lang='lat' dir='ltr'>ponerent,</span> <span class='ocrx_word' id='word_1_481' title='bbox 938 5725 1107 5799; x_wconf 72' lang='lat' dir='ltr'>qliod</span> <span class='ocrx_word' id='word_1_482' title='bbox 1127 5725 1532 5785; x_wconf 86' lang='lat' dir='ltr'>benedixisset</span> <span class='ocrx_word' id='word_1_483' title='bbox 1552 5729 1743 5785; x_wconf 85' lang='lat' dir='ltr'>Deum</span> <span class='ocrx_word' id='word_1_484' title='bbox 1763 5732 1822 5786; x_wconf 89' lang='lat' dir='ltr'>et</span> 
     </span>
    </p>
   </div>
   <div class='ocr_carea' id='block_1_65' title="bbox 805 5815 1262 5876">
    <p class='ocr_par' dir='ltr' id='par_1_65' title="bbox 805 5815 1262 5876">
     <span class='ocr_line' id='line_1_65' title="bbox 805 5815 1262 5876; baseline 0.018 -8"><span class='ocrx_word' id='word_1_485' title='bbox 805 5815 1059 5873; x_wconf 76' lang='grc' dir='ltr'>ΡΑτιιιοι.</span> <span class='ocrx_word' id='word_1_486' title='bbox 1099 5817 1262 5876; x_wconf 83' lang='lat' dir='ltr'>CXV.</span> 
     </span>
    </p>
   </div>
   <div class='ocr_carea' id='block_1_66' title="bbox 1943 471 3609 549">
    <p class='ocr_par' dir='ltr' id='par_1_66' title="bbox 1943 471 3609 549">
     <span class='ocr_line' id='line_1_66' title="bbox 1943 471 3609 549; baseline 0.01 -30"><span class='ocrx_word' id='word_1_487' title='bbox 1943 487 1970 514; x_wconf 85' lang='lat'><strong>«</strong></span> <span class='ocrx_word' id='word_1_488' title='bbox 2004 472 2350 524; x_wconf 90' lang='lat' dir='ltr'>moreretur.</span> <span class='ocrx_word' id='word_1_489' title='bbox 2389 493 2415 520; x_wconf 83' lang='lat'><strong>»</strong></span> <span class='ocrx_word' id='word_1_490' title='bbox 2448 471 2597 526; x_wconf 92' lang='lat' dir='ltr'>Cum</span> <span class='ocrx_word' id='word_1_491' title='bbox 2623 473 2944 544; x_wconf 86' lang='lat' dir='ltr'>Synagoga</span> <span class='ocrx_word' id='word_1_492' title='bbox 2967 489 3074 546; x_wconf 92' lang='lat' dir='ltr'>per</span> <span class='ocrx_word' id='word_1_493' title='bbox 3097 477 3432 549; x_wconf 87' lang='lat' dir='ltr'>pontiﬁces,</span> <span class='ocrx_word' id='word_1_494' title='bbox 3467 481 3609 536; x_wconf 89' lang='lat' dir='ltr'>scri-</span> 
     </span>
    </p>
   </div>
   <div class='ocr_carea' id='block_1_67' title="bbox 1939 553 3605 636">
    <p class='ocr_par' dir='ltr' id='par_1_67' title="bbox 1939 553 3605 636">
     <span class='ocr_line' id='line_1_67' title="bbox 1939 553 3605 636; baseline 0.01 -27"><span class='ocrx_word' id='word_1_495' title='bbox 1939 553 2071 624; x_wconf 90' lang='lat' dir='ltr'>bas,</span> <span class='ocrx_word' id='word_1_496' title='bbox 2103 560 2160 612; x_wconf 92' lang='lat' dir='ltr'>et</span> <span class='ocrx_word' id='word_1_497' title='bbox 2185 558 2514 630; x_wconf 78' lang='lat' dir='ltr'>pharisaeos</span> <span class='ocrx_word' id='word_1_498' title='bbox 2538 560 2825 617; x_wconf 88' lang='lat' dir='ltr'>meditata</span> <span class='ocrx_word' id='word_1_499' title='bbox 2856 568 2944 618; x_wconf 89' lang='lat' dir='ltr'>est</span> <span class='ocrx_word' id='word_1_500' title='bbox 2972 571 3226 621; x_wconf 88' lang='lat' dir='ltr'>mortem</span> <span class='ocrx_word' id='word_1_501' title='bbox 3255 567 3485 636; x_wconf 85' lang='lat' dir='ltr'>Christi,</span> <span class='ocrx_word' id='word_1_502' title='bbox 3531 569 3605 626; x_wconf 90' lang='lat' dir='ltr'>de</span> 
     </span>
    </p>
   </div>
   <div class='ocr_carea' id='block_1_68' title="bbox 1938 645 3606 728">
    <p class='ocr_par' dir='ltr' id='par_1_68' title="bbox 1938 645 3606 728">
     <span class='ocr_line' id='line_1_68' title="bbox 1938 645 3606 728; baseline 0.01 -30"><span class='ocrx_word' id='word_1_503' title='bbox 1938 660 2064 715; x_wconf 87' lang='lat' dir='ltr'>qua</span> <span class='ocrx_word' id='word_1_504' title='bbox 2083 645 2370 719; x_wconf 89' lang='lat' dir='ltr'>scriptum</span> <span class='ocrx_word' id='word_1_505' title='bbox 2399 655 2486 704; x_wconf 87' lang='lat' dir='ltr'>est</span> <span class='ocrx_word' id='word_1_506' title='bbox 2510 649 2572 704; x_wconf 91' lang='lat' dir='ltr'>in</span> <span class='ocrx_word' id='word_1_507' title='bbox 2601 651 2954 722; x_wconf 86' lang='lat' dir='ltr'>Evangelio:</span> <span class='ocrx_word' id='word_1_508' title='bbox 3006 675 3032 701; x_wconf 93' lang='grc'>‹‹</span> <span class='ocrx_word' id='word_1_509' title='bbox 3077 654 3376 728; x_wconf 86' lang='lat' dir='ltr'>Principes</span> <span class='ocrx_word' id='word_1_510' title='bbox 3403 662 3606 715; x_wconf 90' lang='lat' dir='ltr'>autem</span> 
     </span>
    </p>
   </div>
   <div class='ocr_carea' id='block_1_69' title="bbox 1940 738 3605 814">
    <p class='ocr_par' dir='ltr' id='par_1_69' title="bbox 1940 738 3605 814">
     <span class='ocr_line' id='line_1_69' title="bbox 1940 738 3605 814; baseline 0.01 -28"><span class='ocrx_word' id='word_1_511' title='bbox 1940 738 2344 806; x_wconf 85' lang='lat' dir='ltr'>sacerdotum,</span> <span class='ocrx_word' id='word_1_512' title='bbox 2376 741 2433 792; x_wconf 90' lang='lat' dir='ltr'>et</span> <span class='ocrx_word' id='word_1_513' title='bbox 2460 754 2640 794; x_wconf 82' lang='lat' dir='ltr'>omne</span> <span class='ocrx_word' id='word_1_514' title='bbox 2664 739 2983 796; x_wconf 89' lang='lat' dir='ltr'>concilium</span> <span class='ocrx_word' id='word_1_515' title='bbox 3007 743 3360 814; x_wconf 81' lang='lat' dir='ltr'>quaerebant</span> <span class='ocrx_word' id='word_1_516' title='bbox 3381 745 3605 802; x_wconf 90' lang='lat' dir='ltr'>falsum</span> 
     </span>
    </p>
   </div>
   <div class='ocr_carea' id='block_1_70' title="bbox 1939 822 3602 903">
    <p class='ocr_par' dir='ltr' id='par_1_70' title="bbox 1939 822 3602 903">
     <span class='ocr_line' id='line_1_70' title="bbox 1939 822 3602 903; baseline 0.01 -28"><span class='ocrx_word' id='word_1_517' title='bbox 1939 822 2344 880; x_wconf 89' lang='lat' dir='ltr'>testimonium</span> <span class='ocrx_word' id='word_1_518' title='bbox 2363 831 2570 882; x_wconf 92' lang='lat' dir='ltr'>contra</span> <span class='ocrx_word' id='word_1_519' title='bbox 2585 830 2807 898; x_wconf 87' lang='lat' dir='ltr'>Iesum,</span> <span class='ocrx_word' id='word_1_520' title='bbox 2833 833 2897 884; x_wconf 89' lang='lat' dir='ltr'>ut</span> <span class='ocrx_word' id='word_1_521' title='bbox 2917 845 3056 884; x_wconf 89' lang='lat' dir='ltr'>eum</span> <span class='ocrx_word' id='word_1_522' title='bbox 3079 832 3256 888; x_wconf 89' lang='lat' dir='ltr'>morti</span> <span class='ocrx_word' id='word_1_523' title='bbox 3284 833 3602 903; x_wconf 88' lang='lat' dir='ltr'>traderent,</span> 
     </span>
    </p>
   </div>
   <div class='ocr_carea' id='block_1_71' title="bbox 1938 912 3603 980">
    <p class='ocr_par' dir='ltr' id='par_1_71' title="bbox 1938 912 3603 980">
     <span class='ocr_line' id='line_1_71' title="bbox 1938 912 3603 980; baseline 0.008 -16"><span class='ocrx_word' id='word_1_524' title='bbox 1938 913 1996 965; x_wconf 91' lang='lat' dir='ltr'>et</span> <span class='ocrx_word' id='word_1_525' title='bbox 2020 927 2142 966; x_wconf 91' lang='lat' dir='ltr'>non</span> <span class='ocrx_word' id='word_1_526' title='bbox 2167 912 2545 980; x_wconf 89' lang='lat' dir='ltr'>invenerunt,</span> <span class='ocrx_word' id='word_1_527' title='bbox 2585 933 2721 971; x_wconf 91' lang='lat' dir='ltr'>cum</span> <span class='ocrx_word' id='word_1_528' title='bbox 2756 917 2932 972; x_wconf 87' lang='lat' dir='ltr'>multi</span> <span class='ocrx_word' id='word_1_529' title='bbox 2957 917 3087 974; x_wconf 89' lang='lat' dir='ltr'>falsi</span> <span class='ocrx_word' id='word_1_530' title='bbox 3115 925 3291 976; x_wconf 88' lang='lat' dir='ltr'>testes</span> <span class='ocrx_word' id='word_1_531' title='bbox 3317 923 3603 978; x_wconf 89' lang='lat' dir='ltr'>accessis-</span> 
     </span>
    </p>
   </div>
   <div class='ocr_carea' id='block_1_72' title="bbox 1941 1001 3603 1073">
    <p class='ocr_par' dir='ltr' id='par_1_72' title="bbox 1941 1001 3603 1073">
     <span class='ocr_line' id='line_1_72' title="bbox 1941 1001 3603 1073; baseline 0.01 -21"><span class='ocrx_word' id='word_1_532' title='bbox 1941 1004 2091 1073; x_wconf 88' lang='lat' dir='ltr'>sent.</span> <span class='ocrx_word' id='word_1_533' title='bbox 2127 1001 2457 1058; x_wconf 78' lang='lat' dir='ltr'>Novissime</span> <span class='ocrx_word' id='word_1_534' title='bbox 2486 1009 2687 1059; x_wconf 86' lang='lat' dir='ltr'>autem</span> <span class='ocrx_word' id='word_1_535' title='bbox 2725 1011 3016 1062; x_wconf 89' lang='lat' dir='ltr'>venerunt</span> <span class='ocrx_word' id='word_1_536' title='bbox 3071 1008 3194 1064; x_wconf 92' lang='lat' dir='ltr'>duo</span> <span class='ocrx_word' id='word_1_537' title='bbox 3241 1010 3374 1066; x_wconf 88' lang='lat' dir='ltr'>falsi</span> <span class='ocrx_word' id='word_1_538' title='bbox 3423 1016 3603 1068; x_wconf 89' lang='lat' dir='ltr'>testes</span> 
     </span>
    </p>
   </div>
   <div class='ocr_carea' id='block_1_73' title="bbox 1939 1087 3603 1171">
    <p class='ocr_par' dir='ltr' id='par_1_73' title="bbox 1939 1087 3603 1171">
     <span class='ocr_line' id='line_1_73' title="bbox 1939 1087 3603 1171; baseline 0.009 -30"><span class='ocrx_word' id='word_1_539' title='bbox 1939 1091 1992 1142; x_wconf 90' lang='lat' dir='ltr'>et</span> <span class='ocrx_word' id='word_1_540' title='bbox 2013 1087 2294 1144; x_wconf 91' lang='lat' dir='ltr'>dixerunt</span> <span class='ocrx_word' id='word_1_541' title='bbox 2317 1107 2329 1144; x_wconf 94' lang='lat'>:</span> <span class='ocrx_word' id='word_1_542' title='bbox 2364 1090 2464 1146; x_wconf 84' lang='lat' dir='ltr'>Hic</span> <span class='ocrx_word' id='word_1_543' title='bbox 2491 1091 2638 1146; x_wconf 83' lang='lat' dir='ltr'>dixit</span> <span class='ocrx_word' id='word_1_544' title='bbox 2665 1111 2676 1147; x_wconf 93' lang='lat'>:</span> <span class='ocrx_word' id='word_1_545' title='bbox 2707 1095 2957 1150; x_wconf 83' lang='lat' dir='ltr'>Possum</span> <span class='ocrx_word' id='word_1_546' title='bbox 2985 1095 3289 1153; x_wconf 86' lang='lat' dir='ltr'>destruere</span> <span class='ocrx_word' id='word_1_547' title='bbox 3310 1099 3603 1171; x_wconf 88' lang='lat' dir='ltr'>templum</span> 
     </span>
    </p>
   </div>
   <div class='ocr_carea' id='block_1_74' title="bbox 1941 1175 3601 1257">
    <p class='ocr_par' dir='ltr' id='par_1_74' title="bbox 1941 1175 3601 1257">
     <span class='ocr_line' id='line_1_74' title="bbox 1941 1175 3601 1257; baseline 0.008 -28"><span class='ocrx_word' id='word_1_548' title='bbox 1941 1175 2060 1242; x_wconf 92' lang='lat' dir='ltr'>Dei,</span> <span class='ocrx_word' id='word_1_549' title='bbox 2139 1181 2196 1232; x_wconf 90' lang='lat' dir='ltr'>et</span> <span class='ocrx_word' id='word_1_550' title='bbox 2248 1183 2385 1250; x_wconf 90' lang='lat' dir='ltr'>post</span> <span class='ocrx_word' id='word_1_551' title='bbox 2445 1179 2705 1236; x_wconf 84' lang='lat' dir='ltr'>triduum</span> <span class='ocrx_word' id='word_1_552' title='bbox 2756 1183 3120 1240; x_wconf 74' lang='lat' dir='ltr'>reaediticare</span> <span class='ocrx_word' id='word_1_553' title='bbox 3171 1185 3317 1242; x_wconf 91' lang='lat' dir='ltr'>illud</span> <span class='ocrx_word' id='word_1_554' title='bbox 3364 1187 3601 1257; x_wconf 78' lang='lat' dir='ltr'>(Matth.</span> 
     </span>
    </p>
   </div>
   <div class='ocr_carea' id='block_1_75' title="bbox 1937 1264 3604 1338">
    <p class='ocr_par' dir='ltr' id='par_1_75' title="bbox 1937 1264 3604 1338">
     <span class='ocr_line' id='line_1_75' title="bbox 1937 1264 3604 1338; baseline 0.008 -20"><span class='ocrx_word' id='word_1_555' title='bbox 1937 1264 2114 1336; x_wconf 84' lang='lat' dir='ltr'>xxv1).</span> <span class='ocrx_word' id='word_1_556' title='bbox 2153 1288 2179 1313; x_wconf 83' lang='grc'><strong>››</strong></span> <span class='ocrx_word' id='word_1_557' title='bbox 2215 1268 2341 1322; x_wconf 93' lang='lat' dir='ltr'>Duo</span> <span class='ocrx_word' id='word_1_558' title='bbox 2373 1283 2514 1338; x_wconf 90' lang='lat' dir='ltr'>ergo</span> <span class='ocrx_word' id='word_1_559' title='bbox 2563 1269 2696 1324; x_wconf 87' lang='lat' dir='ltr'>falsi</span> <span class='ocrx_word' id='word_1_560' title='bbox 2746 1275 2921 1327; x_wconf 89' lang='lat' dir='ltr'>testes</span> <span class='ocrx_word' id='word_1_561' title='bbox 2967 1278 3177 1329; x_wconf 91' lang='lat' dir='ltr'>contra</span> <span class='ocrx_word' id='word_1_562' title='bbox 3230 1275 3465 1332; x_wconf 81' lang='lat' dir='ltr'>Nabotb</span> <span class='ocrx_word' id='word_1_563' title='bbox 3495 1277 3604 1334; x_wconf 89' lang='lat' dir='ltr'>fal-</span> 
     </span>
    </p>
   </div>
   <div class='ocr_carea' id='block_1_76' title="bbox 1940 1355 3607 1433">
    <p class='ocr_par' dir='ltr' id='par_1_76' title="bbox 1940 1355 3607 1433">
     <span class='ocr_line' id='line_1_76' title="bbox 1940 1355 3607 1433; baseline 0.009 -26"><span class='ocrx_word' id='word_1_564' title='bbox 1940 1369 2079 1408; x_wconf 90' lang='lat' dir='ltr'>sum</span> <span class='ocrx_word' id='word_1_565' title='bbox 2131 1355 2539 1412; x_wconf 92' lang='lat' dir='ltr'>testimonium</span> <span class='ocrx_word' id='word_1_566' title='bbox 2598 1357 2900 1428; x_wconf 85' lang='lat' dir='ltr'>dicebant,</span> <span class='ocrx_word' id='word_1_567' title='bbox 2982 1363 3148 1433; x_wconf 90' lang='lat' dir='ltr'>quod</span> <span class='ocrx_word' id='word_1_568' title='bbox 3205 1363 3607 1423; x_wconf 89' lang='lat' dir='ltr'>benedixisset</span> 
     </span>
    </p>
   </div>
   <div class='ocr_carea' id='block_1_77' title="bbox 1940 1444 3604 1520">
    <p class='ocr_par' dir='ltr' id='par_1_77' title="bbox 1940 1444 3604 1520">
     <span class='ocr_line' id='line_1_77' title="bbox 1940 1444 3604 1520; baseline 0.008 -24"><span class='ocrx_word' id='word_1_569' title='bbox 1940 1444 2126 1497; x_wconf 91' lang='lat' dir='ltr'>Deum</span> <span class='ocrx_word' id='word_1_570' title='bbox 2154 1447 2210 1498; x_wconf 90' lang='lat' dir='ltr'>et</span> <span class='ocrx_word' id='word_1_571' title='bbox 2237 1461 2480 1514; x_wconf 87' lang='lat' dir='ltr'>regem:</span> <span class='ocrx_word' id='word_1_572' title='bbox 2535 1452 2590 1501; x_wconf 88' lang='lat' dir='ltr'>et</span> <span class='ocrx_word' id='word_1_573' title='bbox 2632 1447 2819 1502; x_wconf 66' lang='lat' dir='ltr'>Iudaei</span> <span class='ocrx_word' id='word_1_574' title='bbox 2875 1462 2976 1520; x_wconf 86' lang='lat' dir='ltr'>per</span> <span class='ocrx_word' id='word_1_575' title='bbox 3025 1449 3179 1505; x_wconf 91' lang='lat' dir='ltr'>duos</span> <span class='ocrx_word' id='word_1_576' title='bbox 3218 1451 3400 1508; x_wconf 87' lang='lat' dir='ltr'>falsos</span> <span class='ocrx_word' id='word_1_577' title='bbox 3431 1459 3604 1510; x_wconf 90' lang='lat' dir='ltr'>testes</span> 
     </span>
    </p>
   </div>
   <div class='ocr_carea' id='block_1_78' title="bbox 1948 1531 3605 1610">
    <p class='ocr_par' dir='ltr' id='par_1_78' title="bbox 1948 1531 3605 1610">
     <span class='ocr_line' id='line_1_78' title="bbox 1948 1531 3605 1610; baseline 0.007 -23"><span class='ocrx_word' id='word_1_578' title='bbox 1948 1531 2180 1588; x_wconf 88' lang='lat' dir='ltr'>Christo</span> <span class='ocrx_word' id='word_1_579' title='bbox 2211 1535 2622 1606; x_wconf 90' lang='lat' dir='ltr'>opponebant,</span> <span class='ocrx_word' id='word_1_580' title='bbox 2657 1536 2824 1608; x_wconf 90' lang='lat' dir='ltr'>quod</span> <span class='ocrx_word' id='word_1_581' title='bbox 2855 1538 3185 1610; x_wconf 87' lang='lat' dir='ltr'>potentiam</span> <span class='ocrx_word' id='word_1_582' title='bbox 3227 1545 3283 1596; x_wconf 93' lang='lat' dir='ltr'>et</span> <span class='ocrx_word' id='word_1_583' title='bbox 3323 1547 3605 1598; x_wconf 90' lang='lat' dir='ltr'>naturam</span> 
     </span>
    </p>
   </div>
   <div class='ocr_carea' id='block_1_79' title="bbox 1942 1621 3605 1688">
    <p class='ocr_par' dir='ltr' id='par_1_79' title="bbox 1942 1621 3605 1688">
     <span class='ocr_line' id='line_1_79' title="bbox 1942 1621 3605 1688; baseline 0.007 -12"><span class='ocrx_word' id='word_1_584' title='bbox 1942 1621 2053 1678; x_wconf 91' lang='lat' dir='ltr'>sibi</span> <span class='ocrx_word' id='word_1_585' title='bbox 2081 1623 2405 1680; x_wconf 90' lang='lat' dir='ltr'>divinitatis</span> <span class='ocrx_word' id='word_1_586' title='bbox 2437 1625 2778 1682; x_wconf 88' lang='lat' dir='ltr'>ascriberet.</span> <span class='ocrx_word' id='word_1_587' title='bbox 2837 1628 3002 1683; x_wconf 90' lang='lat' dir='ltr'>Unde</span> <span class='ocrx_word' id='word_1_588' title='bbox 3027 1629 3212 1686; x_wconf 88' lang='lat' dir='ltr'>Pilato</span> <span class='ocrx_word' id='word_1_589' title='bbox 3244 1630 3323 1686; x_wconf 89' lang='lat' dir='ltr'>ad</span> <span class='ocrx_word' id='word_1_590' title='bbox 3360 1632 3605 1688; x_wconf 70' lang='lat' dir='ltr'>Iudaeos</span> 
     </span>
    </p>
   </div>
   <div class='ocr_carea' id='block_1_80' title="bbox 1937 1711 3600 1790">
    <p class='ocr_par' dir='ltr' id='par_1_80' title="bbox 1937 1711 3600 1790">
     <span class='ocr_line' id='line_1_80' title="bbox 1937 1711 3600 1790; baseline 0.007 -24"><span class='ocrx_word' id='word_1_591' title='bbox 1937 1711 2019 1766; x_wconf 91' lang='lat' dir='ltr'>ita</span> <span class='ocrx_word' id='word_1_592' title='bbox 2050 1711 2318 1769; x_wconf 88' lang='lat' dir='ltr'>dicente:</span> <span class='ocrx_word' id='word_1_593' title='bbox 2357 1738 2383 1763; x_wconf 83' lang='lat'><strong>«</strong></span> <span class='ocrx_word' id='word_1_594' title='bbox 2427 1715 2690 1788; x_wconf 88' lang='lat' dir='ltr'>Accipite</span> <span class='ocrx_word' id='word_1_595' title='bbox 2735 1733 2878 1772; x_wconf 90' lang='lat' dir='ltr'>eum</span> <span class='ocrx_word' id='word_1_596' title='bbox 2929 1735 3056 1787; x_wconf 92' lang='lat' dir='ltr'>vos,</span> <span class='ocrx_word' id='word_1_597' title='bbox 3115 1724 3171 1775; x_wconf 89' lang='lat' dir='ltr'>et</span> <span class='ocrx_word' id='word_1_598' title='bbox 3229 1722 3600 1790; x_wconf 85' lang='lat' dir='ltr'>cruciﬁgite:</span> 
     </span>
    </p>
   </div>
   <div class='ocr_carea' id='block_1_81' title="bbox 1935 1801 3604 1884">
    <p class='ocr_par' dir='ltr' id='par_1_81' title="bbox 1935 1801 3604 1884">
     <span class='ocr_line' id='line_1_81' title="bbox 1935 1801 3604 1884; baseline 0.008 -29"><span class='ocrx_word' id='word_1_599' title='bbox 1935 1815 2048 1870; x_wconf 89' lang='lat' dir='ltr'>ego</span> <span class='ocrx_word' id='word_1_600' title='bbox 2079 1801 2237 1857; x_wconf 92' lang='lat' dir='ltr'>enim</span> <span class='ocrx_word' id='word_1_601' title='bbox 2278 1819 2401 1859; x_wconf 92' lang='lat' dir='ltr'>non</span> <span class='ocrx_word' id='word_1_602' title='bbox 2431 1803 2673 1860; x_wconf 84' lang='lat' dir='ltr'>invenio</span> <span class='ocrx_word' id='word_1_603' title='bbox 2704 1804 2764 1860; x_wconf 90' lang='lat' dir='ltr'>in</span> <span class='ocrx_word' id='word_1_604' title='bbox 2792 1822 2862 1860; x_wconf 90' lang='lat' dir='ltr'>eo</span> <span class='ocrx_word' id='word_1_605' title='bbox 2891 1822 3160 1864; x_wconf 88' lang='lat' dir='ltr'>causam.</span> <span class='ocrx_word' id='word_1_606' title='bbox 3192 1830 3220 1857; x_wconf 88' lang='lat'>»</span> <span class='ocrx_word' id='word_1_607' title='bbox 3256 1811 3604 1884; x_wconf 82' lang='lat' dir='ltr'>Responde-</span> 
     </span>
    </p>
   </div>
   <div class='ocr_carea' id='block_1_82' title="bbox 1932 1889 3606 1967">
    <p class='ocr_par' dir='ltr' id='par_1_82' title="bbox 1932 1889 3606 1967">
     <span class='ocr_line' id='line_1_82' title="bbox 1932 1889 3606 1967; baseline 0.007 -23"><span class='ocrx_word' id='word_1_608' title='bbox 1932 1889 2398 1947; x_wconf 67' lang='lat' dir='ltr'>ruuteiJudmi:</span> <span class='ocrx_word' id='word_1_609' title='bbox 2453 1913 2481 1945; x_wconf 81' lang='grc'><strong>«</strong></span> <span class='ocrx_word' id='word_1_610' title='bbox 2531 1896 2646 1948; x_wconf 89' lang='lat' dir='ltr'>Nos</span> <span class='ocrx_word' id='word_1_611' title='bbox 2675 1893 2871 1964; x_wconf 86' lang='lat' dir='ltr'>legem</span> <span class='ocrx_word' id='word_1_612' title='bbox 2900 1895 3224 1967; x_wconf 89' lang='lat' dir='ltr'>habemus,</span> <span class='ocrx_word' id='word_1_613' title='bbox 3283 1903 3340 1954; x_wconf 93' lang='lat' dir='ltr'>et</span> <span class='ocrx_word' id='word_1_614' title='bbox 3395 1917 3606 1956; x_wconf 91' lang='lat' dir='ltr'>secun-</span> 
     </span>
    </p>
   </div>
   <div class='ocr_carea' id='block_1_83' title="bbox 1933 1976 3602 2054">
    <p class='ocr_par' dir='ltr' id='par_1_83' title="bbox 1933 1976 3602 2054">
     <span class='ocr_line' id='line_1_83' title="bbox 1933 1976 3602 2054; baseline 0.008 -22"><span class='ocrx_word' id='word_1_615' title='bbox 1933 1976 2078 2032; x_wconf 92' lang='lat' dir='ltr'>dum</span> <span class='ocrx_word' id='word_1_616' title='bbox 2114 1977 2310 2047; x_wconf 89' lang='lat' dir='ltr'>legem</span> <span class='ocrx_word' id='word_1_617' title='bbox 2341 1980 2518 2036; x_wconf 89' lang='lat' dir='ltr'>debet</span> <span class='ocrx_word' id='word_1_618' title='bbox 2546 1982 2733 2037; x_wconf 88' lang='lat' dir='ltr'>mori:</span> <span class='ocrx_word' id='word_1_619' title='bbox 2767 1983 2913 2054; x_wconf 91' lang='lat' dir='ltr'>quia</span> <span class='ocrx_word' id='word_1_620' title='bbox 2946 1984 3155 2041; x_wconf 86' lang='lat' dir='ltr'>Filium</span> <span class='ocrx_word' id='word_1_621' title='bbox 3188 1986 3289 2041; x_wconf 92' lang='lat' dir='ltr'>Dei</span> <span class='ocrx_word' id='word_1_622' title='bbox 3306 2003 3369 2043; x_wconf 88' lang='lat' dir='ltr'>se</span> <span class='ocrx_word' id='word_1_623' title='bbox 3390 1987 3545 2045; x_wconf 88' lang='lat' dir='ltr'>fecit.</span> <span class='ocrx_word' id='word_1_624' title='bbox 3575 2012 3602 2038; x_wconf 88' lang='grc'><strong>››</strong></span> 
     </span>
    </p>
   </div>
   <div class='ocr_carea' id='block_1_84' title="bbox 2007 2067 3598 2144">
    <p class='ocr_par' dir='ltr' id='par_1_84' title="bbox 2007 2067 3598 2144">
     <span class='ocr_line' id='line_1_84' title="bbox 2007 2067 3598 2144; baseline 0.01 -28"><span class='ocrx_word' id='word_1_625' title='bbox 2007 2089 2033 2116; x_wconf 87' lang='grc'><em>‹‹</em></span> <span class='ocrx_word' id='word_1_626' title='bbox 2079 2067 2402 2140; x_wconf 81' lang='lat' dir='ltr'>Lapidatus</span> <span class='ocrx_word' id='word_1_627' title='bbox 2434 2074 2522 2124; x_wconf 89' lang='lat' dir='ltr'>est</span> <span class='ocrx_word' id='word_1_628' title='bbox 2554 2069 2755 2142; x_wconf 91' lang='lat' dir='ltr'>itaque</span> <span class='ocrx_word' id='word_1_629' title='bbox 2790 2072 3023 2127; x_wconf 85' lang='lat' dir='ltr'>Nabotb</span> <span class='ocrx_word' id='word_1_630' title='bbox 3062 2077 3228 2128; x_wconf 86' lang='lat' dir='ltr'>extra</span> <span class='ocrx_word' id='word_1_631' title='bbox 3277 2075 3598 2144; x_wconf 91' lang='lat' dir='ltr'>civitatem,</span> 
     </span>
    </p>
   </div>
   <div class='ocr_carea' id='block_1_85' title="bbox 1937 2153 3604 2231">
    <p class='ocr_par' dir='ltr' id='par_1_85' title="bbox 1937 2153 3604 2231">
     <span class='ocr_line' id='line_1_85' title="bbox 1937 2153 3604 2231; baseline 0.01 -27"><span class='ocrx_word' id='word_1_632' title='bbox 1937 2177 1964 2203; x_wconf 89' lang='grc'>‹‹</span> <span class='ocrx_word' id='word_1_633' title='bbox 2009 2153 2328 2225; x_wconf 88' lang='lat' dir='ltr'>instigante</span> <span class='ocrx_word' id='word_1_634' title='bbox 2387 2157 2644 2227; x_wconf 81' lang='lat' dir='ltr'>Iezabel,</span> <span class='ocrx_word' id='word_1_635' title='bbox 2697 2163 2762 2213; x_wconf 93' lang='lat' dir='ltr'>ut</span> <span class='ocrx_word' id='word_1_636' title='bbox 2819 2175 2890 2215; x_wconf 91' lang='lat' dir='ltr'>eo</span> <span class='ocrx_word' id='word_1_637' title='bbox 2942 2165 3199 2231; x_wconf 88' lang='lat' dir='ltr'>mortuo,</span> <span class='ocrx_word' id='word_1_638' title='bbox 3252 2163 3459 2220; x_wconf 86' lang='lat' dir='ltr'>Achab</span> <span class='ocrx_word' id='word_1_639' title='bbox 3518 2165 3604 2220; x_wconf 89' lang='lat' dir='ltr'>vi-</span> 
     </span>
    </p>
   </div>
   <div class='ocr_carea' id='block_1_86' title="bbox 1938 2244 3603 2317">
    <p class='ocr_par' dir='ltr' id='par_1_86' title="bbox 1938 2244 3603 2317">
     <span class='ocr_line' id='line_1_86' title="bbox 1938 2244 3603 2317; baseline 0.007 -20"><span class='ocrx_word' id='word_1_640' title='bbox 1938 2264 1967 2292; x_wconf 91' lang='grc'>‹‹</span> <span class='ocrx_word' id='word_1_641' title='bbox 2006 2258 2185 2298; x_wconf 90' lang='lat' dir='ltr'>neam</span> <span class='ocrx_word' id='word_1_642' title='bbox 2225 2244 2354 2315; x_wconf 89' lang='lat' dir='ltr'>ejus</span> <span class='ocrx_word' id='word_1_643' title='bbox 2383 2245 2732 2317; x_wconf 87' lang='lat' dir='ltr'>possideret.</span> <span class='ocrx_word' id='word_1_644' title='bbox 2768 2269 2796 2295; x_wconf 85' lang='lat'>»</span> <span class='ocrx_word' id='word_1_645' title='bbox 2856 2247 2947 2304; x_wconf 91' lang='lat' dir='ltr'>Sic</span> <span class='ocrx_word' id='word_1_646' title='bbox 3002 2254 3059 2304; x_wconf 91' lang='lat' dir='ltr'>et</span> <span class='ocrx_word' id='word_1_647' title='bbox 3119 2249 3391 2307; x_wconf 90' lang='lat' dir='ltr'>Salvator</span> <span class='ocrx_word' id='word_1_648' title='bbox 3437 2257 3603 2309; x_wconf 84' lang='lat' dir='ltr'>extra</span> 
     </span>
    </p>
   </div>
   <div class='ocr_carea' id='block_1_87' title="bbox 1934 2336 3602 2406">
    <p class='ocr_par' dir='ltr' id='par_1_87' title="bbox 1934 2336 3602 2406">
     <span class='ocr_line' id='line_1_87' title="bbox 1934 2336 3602 2406; baseline 0.007 -19"><span class='ocrx_word' id='word_1_649' title='bbox 1934 2337 2172 2404; x_wconf 89' lang='lat' dir='ltr'>portam</span> <span class='ocrx_word' id='word_1_650' title='bbox 2213 2350 2434 2406; x_wconf 93' lang='lat' dir='ltr'>passus</span> <span class='ocrx_word' id='word_1_651' title='bbox 2485 2341 2591 2401; x_wconf 87' lang='lat' dir='ltr'>est,</span> <span class='ocrx_word' id='word_1_652' title='bbox 2649 2336 2970 2392; x_wconf 83' lang='lat' dir='ltr'>cruciﬁxus</span> <span class='ocrx_word' id='word_1_653' title='bbox 3024 2338 3302 2396; x_wconf 88' lang='lat' dir='ltr'>videlicet</span> <span class='ocrx_word' id='word_1_654' title='bbox 3354 2341 3416 2396; x_wconf 90' lang='lat' dir='ltr'>in</span> <span class='ocrx_word' id='word_1_655' title='bbox 3468 2341 3602 2398; x_wconf 91' lang='lat' dir='ltr'>loco</span> 
     </span>
    </p>
   </div>
   <div class='ocr_carea' id='block_1_88' title="bbox 1938 2421 3601 2504">
    <p class='ocr_par' dir='ltr' id='par_1_88' title="bbox 1938 2421 3601 2504">
     <span class='ocr_line' id='line_1_88' title="bbox 1938 2421 3601 2504; baseline 0.005 -26"><span class='ocrx_word' id='word_1_656' title='bbox 1938 2421 2240 2490; x_wconf 72' lang='lat' dir='ltr'>Calvarize,</span> <span class='ocrx_word' id='word_1_657' title='bbox 2293 2423 2587 2481; x_wconf 89' lang='lat' dir='ltr'>excitante</span> <span class='ocrx_word' id='word_1_658' title='bbox 2641 2441 2748 2496; x_wconf 88' lang='lat' dir='ltr'>per</span> <span class='ocrx_word' id='word_1_659' title='bbox 2799 2425 2993 2482; x_wconf 89' lang='lat' dir='ltr'>zelum</span> <span class='ocrx_word' id='word_1_660' title='bbox 3040 2429 3363 2499; x_wconf 84' lang='lat' dir='ltr'>Synagoga</span> <span class='ocrx_word' id='word_1_661' title='bbox 3411 2446 3601 2504; x_wconf 89' lang='lat' dir='ltr'>popu-</span> 
     </span>
    </p>
   </div>
   <div class='ocr_carea' id='block_1_89' title="bbox 1934 2510 3602 2591">
    <p class='ocr_par' dir='ltr' id='par_1_89' title="bbox 1934 2510 3602 2591">
     <span class='ocr_line' id='line_1_89' title="bbox 1934 2510 3602 2591; baseline 0.006 -25"><span class='ocrx_word' id='word_1_662' title='bbox 1934 2510 2084 2575; x_wconf 91' lang='lat' dir='ltr'>lum,</span> <span class='ocrx_word' id='word_1_663' title='bbox 2127 2518 2189 2568; x_wconf 91' lang='lat' dir='ltr'>ut</span> <span class='ocrx_word' id='word_1_664' title='bbox 2238 2517 2506 2585; x_wconf 90' lang='lat' dir='ltr'>peterent</span> <span class='ocrx_word' id='word_1_665' title='bbox 2551 2520 2806 2570; x_wconf 89' lang='lat' dir='ltr'>mortem</span> <span class='ocrx_word' id='word_1_666' title='bbox 2863 2516 3095 2585; x_wconf 89' lang='lat' dir='ltr'>Christi,</span> <span class='ocrx_word' id='word_1_667' title='bbox 3157 2524 3480 2591; x_wconf 89' lang='lat' dir='ltr'>quatenus,</span> <span class='ocrx_word' id='word_1_668' title='bbox 3530 2538 3602 2577; x_wconf 90' lang='lat' dir='ltr'>eo</span> 
     </span>
    </p>
   </div>
   <div class='ocr_carea' id='block_1_90' title="bbox 1936 2603 3600 2678">
    <p class='ocr_par' dir='ltr' id='par_1_90' title="bbox 1936 2603 3600 2678">
     <span class='ocr_line' id='line_1_90' title="bbox 1936 2603 3600 2678; baseline 0.005 -21"><span class='ocrx_word' id='word_1_669' title='bbox 1936 2603 2157 2669; x_wconf 89' lang='lat' dir='ltr'>occiso,</span> <span class='ocrx_word' id='word_1_670' title='bbox 2191 2603 2459 2659; x_wconf 88' lang='lat' dir='ltr'>securius</span> <span class='ocrx_word' id='word_1_671' title='bbox 2491 2603 2771 2660; x_wconf 89' lang='lat' dir='ltr'>viverent.</span> <span class='ocrx_word' id='word_1_672' title='bbox 2809 2605 2973 2661; x_wconf 89' lang='lat' dir='ltr'>Unde</span> <span class='ocrx_word' id='word_1_673' title='bbox 3005 2607 3178 2678; x_wconf 88' lang='lat' dir='ltr'>quasi</span> <span class='ocrx_word' id='word_1_674' title='bbox 3226 2608 3338 2664; x_wconf 90' lang='lat' dir='ltr'>sibi</span> <span class='ocrx_word' id='word_1_675' title='bbox 3385 2625 3600 2666; x_wconf 90' lang='lat' dir='ltr'>consu-</span> 
     </span>
    </p>
   </div>
   <div class='ocr_carea' id='block_1_91' title="bbox 1935 2690 3602 2768">
    <p class='ocr_par' dir='ltr' id='par_1_91' title="bbox 1935 2690 3602 2768">
     <span class='ocr_line' id='line_1_91' title="bbox 1935 2690 3602 2768; baseline 0.005 -23"><span class='ocrx_word' id='word_1_676' title='bbox 1935 2690 2142 2763; x_wconf 88' lang='lat' dir='ltr'>lentes,</span> <span class='ocrx_word' id='word_1_677' title='bbox 2172 2691 2450 2747; x_wconf 86' lang='lat' dir='ltr'>aiebant:</span> <span class='ocrx_word' id='word_1_678' title='bbox 2501 2714 2527 2741; x_wconf 90' lang='grc'>‹‹</span> <span class='ocrx_word' id='word_1_679' title='bbox 2577 2695 2720 2748; x_wconf 85' lang='lat' dir='ltr'>Ecce</span> <span class='ocrx_word' id='word_1_680' title='bbox 2767 2694 3034 2750; x_wconf 91' lang='lat' dir='ltr'>mundus</span> <span class='ocrx_word' id='word_1_681' title='bbox 3079 2699 3238 2750; x_wconf 89' lang='lat' dir='ltr'>totus</span> <span class='ocrx_word' id='word_1_682' title='bbox 3285 2703 3422 2768; x_wconf 92' lang='lat' dir='ltr'>post</span> <span class='ocrx_word' id='word_1_683' title='bbox 3461 2715 3602 2754; x_wconf 91' lang='lat' dir='ltr'>eum</span> 
     </span>
    </p>
   </div>
   <div class='ocr_carea' id='block_1_92' title="bbox 1937 2780 3602 2856">
    <p class='ocr_par' dir='ltr' id='par_1_92' title="bbox 1937 2780 3602 2856">
     <span class='ocr_line' id='line_1_92' title="bbox 1937 2780 3602 2856; baseline 0.006 -21"><span class='ocrx_word' id='word_1_684' title='bbox 1937 2780 2099 2836; x_wconf 86' lang='lat' dir='ltr'>abiit.</span> <span class='ocrx_word' id='word_1_685' title='bbox 2136 2783 2201 2836; x_wconf 89' lang='lat' dir='ltr'>Et</span> <span class='ocrx_word' id='word_1_686' title='bbox 2233 2782 2279 2836; x_wconf 91' lang='lat' dir='ltr'>si</span> <span class='ocrx_word' id='word_1_687' title='bbox 2302 2781 2657 2838; x_wconf 89' lang='lat' dir='ltr'>dimittimus</span> <span class='ocrx_word' id='word_1_688' title='bbox 2689 2800 2828 2839; x_wconf 93' lang='lat' dir='ltr'>eum</span> <span class='ocrx_word' id='word_1_689' title='bbox 2861 2784 2966 2856; x_wconf 83' lang='lat' dir='ltr'>sic,</span> <span class='ocrx_word' id='word_1_690' title='bbox 3014 2801 3226 2840; x_wconf 88' lang='lat' dir='ltr'>omnes</span> <span class='ocrx_word' id='word_1_691' title='bbox 3271 2788 3516 2844; x_wconf 89' lang='lat' dir='ltr'>credent</span> <span class='ocrx_word' id='word_1_692' title='bbox 3540 2789 3602 2845; x_wconf 90' lang='lat' dir='ltr'>in</span> 
     </span>
    </p>
   </div>
   <div class='ocr_carea' id='block_1_93' title="bbox 1936 2870 3605 2942">
    <p class='ocr_par' dir='ltr' id='par_1_93' title="bbox 1936 2870 3605 2942">
     <span class='ocr_line' id='line_1_93' title="bbox 1936 2870 3605 2942; baseline 0.005 -18"><span class='ocrx_word' id='word_1_693' title='bbox 1936 2884 2076 2924; x_wconf 91' lang='lat' dir='ltr'>eum</span> <span class='ocrx_word' id='word_1_694' title='bbox 2106 2870 2306 2940; x_wconf 83' lang='lat' dir='ltr'>(Joan.</span> <span class='ocrx_word' id='word_1_695' title='bbox 2341 2877 2424 2936; x_wconf 85' lang='lat' dir='ltr'>Il).</span> <span class='ocrx_word' id='word_1_696' title='bbox 2464 2894 2490 2920; x_wconf 82' lang='grc'><strong>››</strong></span> <span class='ocrx_word' id='word_1_697' title='bbox 2541 2872 2862 2928; x_wconf 60' lang='lat' dir='ltr'>Hier-editas</span> <span class='ocrx_word' id='word_1_698' title='bbox 2917 2889 3059 2942; x_wconf 88' lang='lat' dir='ltr'>ergo</span> <span class='ocrx_word' id='word_1_699' title='bbox 3105 2875 3320 2931; x_wconf 84' lang='lat' dir='ltr'>Christi</span> <span class='ocrx_word' id='word_1_700' title='bbox 3346 2877 3605 2933; x_wconf 87' lang='lat' dir='ltr'>Ecclesia</span> 
     </span>
    </p>
   </div>
   <div class='ocr_carea' id='block_1_94' title="bbox 1936 2959 3604 3036">
    <p class='ocr_par' dir='ltr' id='par_1_94' title="bbox 1936 2959 3604 3036">
     <span class='ocr_line' id='line_1_94' title="bbox 1936 2959 3604 3036; baseline 0.005 -22"><span class='ocrx_word' id='word_1_701' title='bbox 1936 2964 2045 3028; x_wconf 90' lang='lat' dir='ltr'>est,</span> <span class='ocrx_word' id='word_1_702' title='bbox 2078 2959 2414 3030; x_wconf 86' lang='lat' dir='ltr'>conjunctis</span> <span class='ocrx_word' id='word_1_703' title='bbox 2448 2959 2499 3014; x_wconf 90' lang='lat' dir='ltr'>ei</span> <span class='ocrx_word' id='word_1_704' title='bbox 2529 2960 2672 3016; x_wconf 89' lang='lat' dir='ltr'>data</span> <span class='ocrx_word' id='word_1_705' title='bbox 2702 2967 2789 3016; x_wconf 91' lang='lat' dir='ltr'>est</span> <span class='ocrx_word' id='word_1_706' title='bbox 2819 2962 2892 3017; x_wconf 86' lang='lat' dir='ltr'>de</span> <span class='ocrx_word' id='word_1_707' title='bbox 2925 2963 3225 3034; x_wconf 89' lang='lat' dir='ltr'>gentibus,</span> <span class='ocrx_word' id='word_1_708' title='bbox 3260 2981 3448 3036; x_wconf 89' lang='lat' dir='ltr'>quam</span> <span class='ocrx_word' id='word_1_709' title='bbox 3479 2982 3604 3022; x_wconf 87' lang='lat' dir='ltr'>non</span> 
     </span>
    </p>
   </div>
   <div class='ocr_carea' id='block_1_95' title="bbox 1936 3047 3606 3122">
    <p class='ocr_par' dir='ltr' id='par_1_95' title="bbox 1936 3047 3606 3122">
     <span class='ocr_line' id='line_1_95' title="bbox 1936 3047 3606 3122; baseline 0.005 -21"><span class='ocrx_word' id='word_1_710' title='bbox 1936 3048 2199 3102; x_wconf 91' lang='lat' dir='ltr'>moriens</span> <span class='ocrx_word' id='word_1_711' title='bbox 2229 3047 2310 3102; x_wconf 91' lang='lat' dir='ltr'>illi</span> <span class='ocrx_word' id='word_1_712' title='bbox 2338 3053 2509 3120; x_wconf 89' lang='lat' dir='ltr'>pater</span> <span class='ocrx_word' id='word_1_713' title='bbox 2537 3049 2795 3120; x_wconf 88' lang='lat' dir='ltr'>reliquit,</span> <span class='ocrx_word' id='word_1_714' title='bbox 2841 3050 2944 3104; x_wconf 88' lang='lat' dir='ltr'>sed</span> <span class='ocrx_word' id='word_1_715' title='bbox 2974 3051 3100 3122; x_wconf 89' lang='lat' dir='ltr'>ipse</span> <span class='ocrx_word' id='word_1_716' title='bbox 3134 3067 3244 3108; x_wconf 90' lang='lat' dir='ltr'>sua</span> <span class='ocrx_word' id='word_1_717' title='bbox 3276 3059 3468 3110; x_wconf 89' lang='lat' dir='ltr'>morte</span> <span class='ocrx_word' id='word_1_718' title='bbox 3497 3055 3606 3110; x_wconf 89' lang='lat' dir='ltr'>mi-</span> 
     </span>
    </p>
   </div>
   <div class='ocr_carea' id='block_1_96' title="bbox 1934 3135 3601 3212">
    <p class='ocr_par' dir='ltr' id='par_1_96' title="bbox 1934 3135 3601 3212">
     <span class='ocr_line' id='line_1_96' title="bbox 1934 3135 3601 3212; baseline 0.004 -22"><span class='ocrx_word' id='word_1_719' title='bbox 1934 3135 2196 3191; x_wconf 88' lang='lat' dir='ltr'>rabiliter</span> <span class='ocrx_word' id='word_1_720' title='bbox 2249 3135 2583 3207; x_wconf 89' lang='lat' dir='ltr'>acquisivit,</span> <span class='ocrx_word' id='word_1_721' title='bbox 2658 3137 2800 3208; x_wconf 89' lang='lat' dir='ltr'>quia</span> <span class='ocrx_word' id='word_1_722' title='bbox 2872 3139 3244 3208; x_wconf 90' lang='lat' dir='ltr'>resurgendo</span> <span class='ocrx_word' id='word_1_723' title='bbox 3311 3143 3601 3212; x_wconf 91' lang='lat' dir='ltr'>possedit.</span> 
     </span>
    </p>
   </div>
   <div class='ocr_carea' id='block_1_97' title="bbox 1936 3225 3603 3302">
    <p class='ocr_par' dir='ltr' id='par_1_97' title="bbox 1936 3225 3603 3302">
     <span class='ocr_line' id='line_1_97' title="bbox 1936 3225 3603 3302; baseline 0.004 -23"><span class='ocrx_word' id='word_1_724' title='bbox 1936 3227 2098 3280; x_wconf 85' lang='lat' dir='ltr'>Hanc</span> <span class='ocrx_word' id='word_1_725' title='bbox 2151 3227 2374 3290; x_wconf 87' lang='lat' dir='ltr'>autem,</span> <span class='ocrx_word' id='word_1_726' title='bbox 2431 3225 2630 3280; x_wconf 91' lang='lat' dir='ltr'>occiso</span> <span class='ocrx_word' id='word_1_727' title='bbox 2677 3241 2768 3292; x_wconf 95' lang='lat' dir='ltr'>eo,</span> <span class='ocrx_word' id='word_1_728' title='bbox 2825 3225 2970 3281; x_wconf 88' lang='lat' dir='ltr'>mali</span> <span class='ocrx_word' id='word_1_729' title='bbox 3023 3225 3218 3282; x_wconf 90' lang='lat' dir='ltr'>coloni</span> <span class='ocrx_word' id='word_1_730' title='bbox 3279 3229 3603 3302; x_wconf 79' lang='lat' dir='ltr'>praeripere</span> 
     </span>
    </p>
   </div>
   <div class='ocr_carea' id='block_1_98' title="bbox 1933 3313 3604 3383">
    <p class='ocr_par' dir='ltr' id='par_1_98' title="bbox 1933 3313 3604 3383">
     <span class='ocr_line' id='line_1_98' title="bbox 1933 3313 3604 3383; baseline 0.004 -15"><span class='ocrx_word' id='word_1_731' title='bbox 1933 3313 2360 3378; x_wconf 90' lang='lat' dir='ltr'>moliebantur,</span> <span class='ocrx_word' id='word_1_732' title='bbox 2395 3330 2532 3368; x_wconf 91' lang='lat' dir='ltr'>cum</span> <span class='ocrx_word' id='word_1_733' title='bbox 2565 3314 2982 3383; x_wconf 86' lang='lat' dir='ltr'>cruciﬁgentes</span> <span class='ocrx_word' id='word_1_734' title='bbox 3011 3332 3151 3371; x_wconf 89' lang='lat' dir='ltr'>eum</span> <span class='ocrx_word' id='word_1_735' title='bbox 3172 3317 3382 3383; x_wconf 79' lang='lat' dir='ltr'>Judaei,</span> <span class='ocrx_word' id='word_1_736' title='bbox 3413 3318 3604 3374; x_wconf 88' lang='lat' dir='ltr'>ﬁdem</span> 
     </span>
    </p>
   </div>
   <div class='ocr_carea' id='block_1_99' title="bbox 1933 3403 3602 3476">
    <p class='ocr_par' dir='ltr' id='par_1_99' title="bbox 1933 3403 3602 3476">
     <span class='ocr_line' id='line_1_99' title="bbox 1933 3403 3602 3476; baseline 0.004 -18"><span class='ocrx_word' id='word_1_737' title='bbox 1933 3419 2070 3476; x_wconf 64' lang='lat' dir='ltr'>quae</span> <span class='ocrx_word' id='word_1_738' title='bbox 2111 3419 2220 3476; x_wconf 91' lang='lat' dir='ltr'>per</span> <span class='ocrx_word' id='word_1_739' title='bbox 2258 3420 2398 3459; x_wconf 91' lang='lat' dir='ltr'>eum</span> <span class='ocrx_word' id='word_1_740' title='bbox 2435 3408 2545 3471; x_wconf 89' lang='lat' dir='ltr'>est,</span> <span class='ocrx_word' id='word_1_741' title='bbox 2596 3403 2997 3474; x_wconf 89' lang='lat' dir='ltr'>exstinguere,</span> <span class='ocrx_word' id='word_1_742' title='bbox 3061 3410 3117 3460; x_wconf 92' lang='lat' dir='ltr'>et</span> <span class='ocrx_word' id='word_1_743' title='bbox 3169 3423 3346 3462; x_wconf 91' lang='lat' dir='ltr'>suam</span> <span class='ocrx_word' id='word_1_744' title='bbox 3403 3409 3602 3476; x_wconf 83' lang='lat' dir='ltr'>magis</span> 
     </span>
    </p>
   </div>
   <div class='ocr_carea' id='block_1_100' title="bbox 1933 3492 3605 3565">
    <p class='ocr_par' dir='ltr' id='par_1_100' title="bbox 1933 3492 3605 3565">
     <span class='ocr_line' id='line_1_100' title="bbox 1933 3492 3605 3565; baseline 0.004 -18"><span class='ocrx_word' id='word_1_745' title='bbox 1933 3509 2070 3565; x_wconf 68' lang='lat' dir='ltr'>quae</span> <span class='ocrx_word' id='word_1_746' title='bbox 2098 3509 2171 3548; x_wconf 90' lang='lat' dir='ltr'>ex</span> <span class='ocrx_word' id='word_1_747' title='bbox 2201 3492 2331 3562; x_wconf 90' lang='lat' dir='ltr'>lege</span> <span class='ocrx_word' id='word_1_748' title='bbox 2362 3497 2468 3558; x_wconf 88' lang='lat' dir='ltr'>est,</span> <span class='ocrx_word' id='word_1_749' title='bbox 2523 3492 2815 3564; x_wconf 87' lang='lat' dir='ltr'>justitiam</span> <span class='ocrx_word' id='word_1_750' title='bbox 2859 3493 3157 3565; x_wconf 82' lang='lat' dir='ltr'>praeferre,</span> <span class='ocrx_word' id='word_1_751' title='bbox 3206 3511 3276 3551; x_wconf 89' lang='lat' dir='ltr'>ac</span> <span class='ocrx_word' id='word_1_752' title='bbox 3326 3497 3605 3565; x_wconf 89' lang='lat' dir='ltr'>gentibus</span> 
     </span>
    </p>
   </div>
   <div class='ocr_carea' id='block_1_101' title="bbox 1933 3581 3604 3644">
    <p class='ocr_par' dir='ltr' id='par_1_101' title="bbox 1933 3581 3604 3644">
     <span class='ocr_line' id='line_1_101' title="bbox 1933 3581 3604 3644; baseline 0.004 -8"><span class='ocrx_word' id='word_1_753' title='bbox 1933 3581 2284 3637; x_wconf 91' lang='lat' dir='ltr'>imbuendis</span> <span class='ocrx_word' id='word_1_754' title='bbox 2346 3581 2726 3638; x_wconf 90' lang='lat' dir='ltr'>conabantur</span> <span class='ocrx_word' id='word_1_755' title='bbox 2773 3583 3052 3640; x_wconf 88' lang='lat' dir='ltr'>inserere.</span> <span class='ocrx_word' id='word_1_756' title='bbox 3133 3587 3311 3641; x_wconf 89' lang='lat' dir='ltr'>Extra</span> <span class='ocrx_word' id='word_1_757' title='bbox 3362 3587 3604 3644; x_wconf 87' lang='lat' dir='ltr'>vineam</span> 
     </span>
    </p>
   </div>
   <div class='ocr_carea' id='block_1_102' title="bbox 1931 3671 3607 3746">
    <p class='ocr_par' dir='ltr' id='par_1_102' title="bbox 1931 3671 3607 3746">
     <span class='ocr_line' id='line_1_102' title="bbox 1931 3671 3607 3746; baseline 0.002 -19"><span class='ocrx_word' id='word_1_758' title='bbox 1931 3671 2124 3727; x_wconf 81' lang='lat' dir='ltr'>haeres</span> <span class='ocrx_word' id='word_1_759' title='bbox 2151 3672 2334 3727; x_wconf 81' lang='lat' dir='ltr'>vineae</span> <span class='ocrx_word' id='word_1_760' title='bbox 2364 3671 2691 3727; x_wconf 88' lang='lat' dir='ltr'>trucidatur</span> <span class='ocrx_word' id='word_1_761' title='bbox 2720 3672 2959 3743; x_wconf 76' lang='lat' dir='ltr'>(Matth.</span> <span class='ocrx_word' id='word_1_762' title='bbox 2993 3677 3133 3739; x_wconf 71' lang='lat' dir='ltr'>xxx),</span> <span class='ocrx_word' id='word_1_763' title='bbox 3158 3675 3303 3746; x_wconf 89' lang='lat' dir='ltr'>quia</span> <span class='ocrx_word' id='word_1_764' title='bbox 3334 3677 3510 3731; x_wconf 87' lang='lat' dir='ltr'>Jesus</span> <span class='ocrx_word' id='word_1_765' title='bbox 3540 3681 3607 3731; x_wconf 89' lang='lat' dir='ltr'>ut</span> 
     </span>
    </p>
   </div>
   <div class='ocr_carea' id='block_1_103' title="bbox 1933 3761 3606 3836">
    <p class='ocr_par' dir='ltr' id='par_1_103' title="bbox 1933 3761 3606 3836">
     <span class='ocr_line' id='line_1_103' title="bbox 1933 3761 3606 3836; baseline 0.003 -21"><span class='ocrx_word' id='word_1_766' title='bbox 1933 3761 2331 3816; x_wconf 88' lang='lat' dir='ltr'>sanctiticaret</span> <span class='ocrx_word' id='word_1_767' title='bbox 2362 3777 2469 3832; x_wconf 90' lang='lat' dir='ltr'>per</span> <span class='ocrx_word' id='word_1_768' title='bbox 2511 3777 2689 3816; x_wconf 91' lang='lat' dir='ltr'>suum</span> <span class='ocrx_word' id='word_1_769' title='bbox 2719 3763 3079 3831; x_wconf 88' lang='lat' dir='ltr'>sanguinem</span> <span class='ocrx_word' id='word_1_770' title='bbox 3111 3763 3407 3836; x_wconf 89' lang='lat' dir='ltr'>populum</span> <span class='ocrx_word' id='word_1_771' title='bbox 3438 3769 3606 3820; x_wconf 88' lang='lat' dir='ltr'>extra</span> 
     </span>
    </p>
   </div>
   <div class='ocr_carea' id='block_1_104' title="bbox 1931 3849 3606 3926">
    <p class='ocr_par' dir='ltr' id='par_1_104' title="bbox 1931 3849 3606 3926">
     <span class='ocr_line' id='line_1_104' title="bbox 1931 3849 3606 3926; baseline 0.002 -22"><span class='ocrx_word' id='word_1_772' title='bbox 1931 3855 2168 3922; x_wconf 89' lang='lat' dir='ltr'>portam</span> <span class='ocrx_word' id='word_1_773' title='bbox 2200 3865 2422 3922; x_wconf 90' lang='lat' dir='ltr'>passus</span> <span class='ocrx_word' id='word_1_774' title='bbox 2465 3855 2570 3905; x_wconf 90' lang='lat' dir='ltr'>est.</span> <span class='ocrx_word' id='word_1_775' title='bbox 2625 3853 2692 3904; x_wconf 90' lang='lat' dir='ltr'>Et</span> <span class='ocrx_word' id='word_1_776' title='bbox 2731 3849 2887 3906; x_wconf 91' lang='lat' dir='ltr'>bene</span> <span class='ocrx_word' id='word_1_777' title='bbox 2927 3853 3208 3907; x_wconf 91' lang='lat' dir='ltr'>convenit</span> <span class='ocrx_word' id='word_1_778' title='bbox 3252 3853 3389 3908; x_wconf 87' lang='lat' dir='ltr'>huic</span> <span class='ocrx_word' id='word_1_779' title='bbox 3446 3870 3606 3926; x_wconf 89' lang='lat' dir='ltr'>mys-</span> 
     </span>
    </p>
   </div>
   <div class='ocr_carea' id='block_1_105' title="bbox 1931 3939 3602 4012">
    <p class='ocr_par' dir='ltr' id='par_1_105' title="bbox 1931 3939 3602 4012">
     <span class='ocr_line' id='line_1_105' title="bbox 1931 3939 3602 4012; baseline 0.002 -18"><span class='ocrx_word' id='word_1_780' title='bbox 1931 3939 2077 3995; x_wconf 90' lang='lat' dir='ltr'>terio</span> <span class='ocrx_word' id='word_1_781' title='bbox 2127 3940 2294 4012; x_wconf 93' lang='lat' dir='ltr'>quod</span> <span class='ocrx_word' id='word_1_782' title='bbox 2348 3939 2407 3995; x_wconf 90' lang='lat' dir='ltr'>in</span> <span class='ocrx_word' id='word_1_783' title='bbox 2461 3939 2594 3996; x_wconf 93' lang='lat' dir='ltr'>loco</span> <span class='ocrx_word' id='word_1_784' title='bbox 2653 3941 2768 3995; x_wconf 92' lang='lat' dir='ltr'>hoc</span> <span class='ocrx_word' id='word_1_785' title='bbox 2851 3957 2973 4012; x_wconf 91' lang='lat' dir='ltr'>quo</span> <span class='ocrx_word' id='word_1_786' title='bbox 3051 3941 3354 3997; x_wconf 87' lang='lat' dir='ltr'>linxerunt</span> <span class='ocrx_word' id='word_1_787' title='bbox 3420 3959 3602 3998; x_wconf 91' lang='lat' dir='ltr'>canes</span> 
     </span>
    </p>
   </div>
   <div class='ocr_carea' id='block_1_106' title="bbox 1931 4028 3606 4104">
    <p class='ocr_par' dir='ltr' id='par_1_106' title="bbox 1931 4028 3606 4104">
     <span class='ocr_line' id='line_1_106' title="bbox 1931 4028 3606 4104; baseline 0.003 -20"><span class='ocrx_word' id='word_1_788' title='bbox 1931 4029 2290 4099; x_wconf 91' lang='lat' dir='ltr'>sanguinem</span> <span class='ocrx_word' id='word_1_789' title='bbox 2332 4028 2585 4096; x_wconf 87' lang='lat' dir='ltr'>Naboth,</span> <span class='ocrx_word' id='word_1_790' title='bbox 2631 4029 2968 4085; x_wconf 88' lang='lat' dir='ltr'>secundum</span> <span class='ocrx_word' id='word_1_791' title='bbox 3019 4031 3326 4104; x_wconf 75' lang='lat' dir='ltr'>prophetae</span> <span class='ocrx_word' id='word_1_792' title='bbox 3375 4037 3606 4088; x_wconf 89' lang='lat' dir='ltr'>senten-</span> 
     </span>
    </p>
   </div>
   <div class='ocr_carea' id='block_1_107' title="bbox 1930 4118 3605 4190">
    <p class='ocr_par' dir='ltr' id='par_1_107' title="bbox 1930 4118 3605 4190">
     <span class='ocr_line' id='line_1_107' title="bbox 1930 4118 3605 4190; baseline 0.002 -16"><span class='ocrx_word' id='word_1_793' title='bbox 1930 4118 2074 4174; x_wconf 89' lang='lat' dir='ltr'>tiam</span> <span class='ocrx_word' id='word_1_794' title='bbox 2112 4118 2469 4174; x_wconf 89' lang='lat' dir='ltr'>lambebant</span> <span class='ocrx_word' id='word_1_795' title='bbox 2518 4119 2696 4175; x_wconf 90' lang='lat' dir='ltr'>etiam</span> <span class='ocrx_word' id='word_1_796' title='bbox 2747 4119 3107 4190; x_wconf 88' lang='lat' dir='ltr'>sanguinem</span> <span class='ocrx_word' id='word_1_797' title='bbox 3157 4121 3388 4177; x_wconf 91' lang='lat' dir='ltr'>Achab.</span> <span class='ocrx_word' id='word_1_798' title='bbox 3446 4125 3511 4178; x_wconf 90' lang='lat' dir='ltr'>Et</span> <span class='ocrx_word' id='word_1_799' title='bbox 3543 4123 3605 4178; x_wconf 90' lang='lat' dir='ltr'>in</span> 
     </span>
    </p>
   </div>
   <div class='ocr_carea' id='block_1_108' title="bbox 1932 4207 3602 4282">
    <p class='ocr_par' dir='ltr' id='par_1_108' title="bbox 1932 4207 3602 4282">
     <span class='ocr_line' id='line_1_108' title="bbox 1932 4207 3602 4282; baseline 0.001 -18"><span class='ocrx_word' id='word_1_800' title='bbox 1932 4223 2078 4277; x_wconf 86' lang='lat' dir='ltr'>agro</span> <span class='ocrx_word' id='word_1_801' title='bbox 2137 4207 2358 4263; x_wconf 87' lang='lat' dir='ltr'>Jezrael</span> <span class='ocrx_word' id='word_1_802' title='bbox 2408 4223 2588 4264; x_wconf 90' lang='lat' dir='ltr'>canes</span> <span class='ocrx_word' id='word_1_803' title='bbox 2638 4209 3031 4265; x_wconf 89' lang='lat' dir='ltr'>comederunt</span> <span class='ocrx_word' id='word_1_804' title='bbox 3087 4226 3297 4266; x_wconf 84' lang='lat' dir='ltr'>carnes</span> <span class='ocrx_word' id='word_1_805' title='bbox 3351 4211 3602 4282; x_wconf 90' lang='lat' dir='ltr'>Iezabel,</span> 
     </span>
    </p>
   </div>
   <div class='ocr_carea' id='block_1_109' title="bbox 1929 4297 3702 4372">
    <p class='ocr_par' dir='ltr' id='par_1_109' title="bbox 1929 4297 3702 4372">
     <span class='ocr_line' id='line_1_109' title="bbox 1929 4297 3702 4372; baseline 0.003 -21"><span class='ocrx_word' id='word_1_806' title='bbox 1929 4297 2076 4368; x_wconf 86' lang='lat' dir='ltr'>quia</span> <span class='ocrx_word' id='word_1_807' title='bbox 2105 4313 2244 4352; x_wconf 92' lang='lat' dir='ltr'>eum</span> <span class='ocrx_word' id='word_1_808' title='bbox 2275 4313 2458 4352; x_wconf 89' lang='lat' dir='ltr'>canes</span> <span class='ocrx_word' id='word_1_809' title='bbox 2485 4297 2567 4352; x_wconf 90' lang='lat' dir='ltr'>illi</span> <span class='ocrx_word' id='word_1_810' title='bbox 2593 4297 2667 4353; x_wconf 92' lang='lat' dir='ltr'>de</span> <span class='ocrx_word' id='word_1_811' title='bbox 2695 4299 2918 4371; x_wconf 89' lang='lat' dir='ltr'>quibus</span> <span class='ocrx_word' id='word_1_812' title='bbox 2950 4299 3239 4372; x_wconf 86' lang='lat' dir='ltr'>scriptum</span> <span class='ocrx_word' id='word_1_813' title='bbox 3262 4305 3350 4357; x_wconf 91' lang='lat' dir='ltr'>est</span> <span class='ocrx_word' id='word_1_814' title='bbox 3378 4321 3390 4357; x_wconf 89' lang='lat'>:</span> <span class='ocrx_word' id='word_1_815' title='bbox 3429 4324 3456 4351; x_wconf 85' lang='lat'><strong>«</strong></span> <span class='ocrx_word' id='word_1_816' title='bbox 3490 4303 3608 4358; x_wconf 87' lang='lat' dir='ltr'>Cir-</span> <span class='ocrx_word' id='word_1_817' title='bbox 3695 4321 3702 4332; x_wconf 72' lang='grc' dir='ltr'><strong><em>ο</em></strong></span> 
     </span>
    </p>
   </div>
   <div class='ocr_carea' id='block_1_110' title="bbox 1930 4385 3606 4461">
    <p class='ocr_par' dir='ltr' id='par_1_110' title="bbox 1930 4385 3606 4461">
     <span class='ocr_line' id='line_1_110' title="bbox 1930 4385 3606 4461; baseline 0.004 -21"><span class='ocrx_word' id='word_1_818' title='bbox 1930 4385 2370 4440; x_wconf 89' lang='lat' dir='ltr'>cumdederunt</span> <span class='ocrx_word' id='word_1_819' title='bbox 2401 4401 2498 4441; x_wconf 94' lang='lat' dir='ltr'>me</span> <span class='ocrx_word' id='word_1_820' title='bbox 2529 4401 2712 4442; x_wconf 91' lang='lat' dir='ltr'>canes</span> <span class='ocrx_word' id='word_1_821' title='bbox 2746 4387 2917 4443; x_wconf 90' lang='lat' dir='ltr'>multi</span> <span class='ocrx_word' id='word_1_822' title='bbox 2959 4389 3148 4459; x_wconf 82' lang='lat' dir='ltr'>(Psal.</span> <span class='ocrx_word' id='word_1_823' title='bbox 3194 4392 3326 4461; x_wconf 68' lang='lat' dir='ltr'>xm),</span> <span class='ocrx_word' id='word_1_824' title='bbox 3381 4413 3408 4440; x_wconf 84' lang='lat'>»</span> <span class='ocrx_word' id='word_1_825' title='bbox 3469 4406 3606 4446; x_wconf 90' lang='lat' dir='ltr'>san-</span> 
     </span>
    </p>
   </div>
   <div class='ocr_carea' id='block_1_111' title="bbox 1928 4473 3607 4550">
    <p class='ocr_par' dir='ltr' id='par_1_111' title="bbox 1928 4473 3607 4550">
     <span class='ocr_line' id='line_1_111' title="bbox 1928 4473 3607 4550; baseline 0.004 -22"><span class='ocrx_word' id='word_1_826' title='bbox 1928 4474 2175 4544; x_wconf 86' lang='lat' dir='ltr'>guinem</span> <span class='ocrx_word' id='word_1_827' title='bbox 2201 4473 2619 4546; x_wconf 83' lang='lat' dir='ltr'>Redemptoris</span> <span class='ocrx_word' id='word_1_828' title='bbox 2649 4475 2834 4531; x_wconf 90' lang='lat' dir='ltr'>nostri</span> <span class='ocrx_word' id='word_1_829' title='bbox 2866 4475 3075 4545; x_wconf 88' lang='lat' dir='ltr'>lingua</span> <span class='ocrx_word' id='word_1_830' title='bbox 3104 4484 3400 4534; x_wconf 89' lang='lat' dir='ltr'>venenata</span> <span class='ocrx_word' id='word_1_831' title='bbox 3431 4494 3607 4550; x_wconf 88' lang='lat' dir='ltr'>expe-</span> 
     </span>
    </p>
   </div>
   <div class='ocr_carea' id='block_1_112' title="bbox 1929 4563 3606 4637">
    <p class='ocr_par' dir='ltr' id='par_1_112' title="bbox 1929 4563 3606 4637">
     <span class='ocr_line' id='line_1_112' title="bbox 1929 4563 3606 4637; baseline 0.002 -19"><span class='ocrx_word' id='word_1_832' title='bbox 1929 4563 2168 4618; x_wconf 89' lang='lat' dir='ltr'>tebant:</span> <span class='ocrx_word' id='word_1_833' title='bbox 2197 4563 2315 4636; x_wconf 90' lang='lat' dir='ltr'>ipsi</span> <span class='ocrx_word' id='word_1_834' title='bbox 2345 4563 2524 4620; x_wconf 90' lang='lat' dir='ltr'>etiam</span> <span class='ocrx_word' id='word_1_835' title='bbox 2557 4580 2594 4620; x_wconf 89' lang='lat' dir='ltr'>a</span> <span class='ocrx_word' id='word_1_836' title='bbox 2626 4563 2881 4620; x_wconf 90' lang='lat' dir='ltr'>canibus</span> <span class='ocrx_word' id='word_1_837' title='bbox 2906 4564 3042 4633; x_wconf 89' lang='lat' dir='ltr'>illis,</span> <span class='ocrx_word' id='word_1_838' title='bbox 3093 4566 3167 4621; x_wconf 90' lang='lat' dir='ltr'>de</span> <span class='ocrx_word' id='word_1_839' title='bbox 3208 4566 3433 4637; x_wconf 90' lang='lat' dir='ltr'>quibus</span> <span class='ocrx_word' id='word_1_840' title='bbox 3464 4567 3606 4622; x_wconf 92' lang='lat' dir='ltr'>item</span> 
     </span>
    </p>
   </div>
   <div class='ocr_carea' id='block_1_113' title="bbox 1931 4652 3607 4724">
    <p class='ocr_par' dir='ltr' id='par_1_113' title="bbox 1931 4652 3607 4724">
     <span class='ocr_line' id='line_1_113' title="bbox 1931 4652 3607 4724; baseline 0 -15"><span class='ocrx_word' id='word_1_841' title='bbox 1931 4653 2236 4724; x_wconf 89' lang='lat' dir='ltr'>Scriptura</span> <span class='ocrx_word' id='word_1_842' title='bbox 2264 4652 2406 4708; x_wconf 92' lang='lat' dir='ltr'>dicit</span> <span class='ocrx_word' id='word_1_843' title='bbox 2431 4669 2443 4707; x_wconf 92' lang='lat'>:</span> <span class='ocrx_word' id='word_1_844' title='bbox 2495 4675 2522 4700; x_wconf 83' lang='lat'><em>«</em></span> <span class='ocrx_word' id='word_1_845' title='bbox 2574 4657 2703 4709; x_wconf 89' lang='lat' dir='ltr'>Non</span> <span class='ocrx_word' id='word_1_846' title='bbox 2730 4657 2821 4708; x_wconf 90' lang='lat' dir='ltr'>est</span> <span class='ocrx_word' id='word_1_847' title='bbox 2854 4652 3090 4708; x_wconf 90' lang='lat' dir='ltr'>bonum</span> <span class='ocrx_word' id='word_1_848' title='bbox 3119 4669 3356 4709; x_wconf 89' lang='lat' dir='ltr'>sumere</span> <span class='ocrx_word' id='word_1_849' title='bbox 3383 4669 3607 4724; x_wconf 89' lang='lat' dir='ltr'>panem</span> 
     </span>
    </p>
   </div>
   <div class='ocr_carea' id='block_1_114' title="bbox 1926 4740 3610 4812">
    <p class='ocr_par' dir='ltr' id='par_1_114' title="bbox 1926 4740 3610 4812">
     <span class='ocr_line' id='line_1_114' title="bbox 1926 4740 3610 4812; baseline -0.001 -16"><span class='ocrx_word' id='word_1_850' title='bbox 1926 4741 2212 4810; x_wconf 86' lang='lat' dir='ltr'>ﬁliorum,</span> <span class='ocrx_word' id='word_1_851' title='bbox 2235 4744 2292 4795; x_wconf 91' lang='lat' dir='ltr'>et</span> <span class='ocrx_word' id='word_1_852' title='bbox 2319 4741 2548 4796; x_wconf 85' lang='lat' dir='ltr'>mittere</span> <span class='ocrx_word' id='word_1_853' title='bbox 2577 4740 2830 4796; x_wconf 90' lang='lat' dir='ltr'>canibus</span> <span class='ocrx_word' id='word_1_854' title='bbox 2857 4741 3101 4809; x_wconf 84' lang='lat' dir='ltr'>(Matth.</span> <span class='ocrx_word' id='word_1_855' title='bbox 3130 4746 3252 4808; x_wconf 88' lang='lat' dir='ltr'>xv),</span> <span class='ocrx_word' id='word_1_856' title='bbox 3283 4746 3348 4796; x_wconf 92' lang='lat' dir='ltr'>ut</span> <span class='ocrx_word' id='word_1_857' title='bbox 3369 4741 3610 4812; x_wconf 90' lang='lat' dir='ltr'>nequis-</span> 
     </span>
    </p>
   </div>
   <div class='ocr_carea' id='block_1_115' title="bbox 1929 4827 3609 4901">
    <p class='ocr_par' dir='ltr' id='par_1_115' title="bbox 1929 4827 3609 4901">
     <span class='ocr_line' id='line_1_115' title="bbox 1929 4827 3609 4901; baseline 0 -16"><span class='ocrx_word' id='word_1_858' title='bbox 1929 4829 2065 4886; x_wconf 90' lang='lat' dir='ltr'>simi</span> <span class='ocrx_word' id='word_1_859' title='bbox 2087 4833 2358 4901; x_wconf 89' lang='lat' dir='ltr'>raptores</span> <span class='ocrx_word' id='word_1_860' title='bbox 2379 4834 2437 4885; x_wconf 90' lang='lat' dir='ltr'>et</span> <span class='ocrx_word' id='word_1_861' title='bbox 2461 4827 2860 4884; x_wconf 79' lang='lat' dir='ltr'>scelestissimi</span> <span class='ocrx_word' id='word_1_862' title='bbox 2882 4844 3268 4900; x_wconf 88' lang='lat' dir='ltr'>possessores</span> <span class='ocrx_word' id='word_1_863' title='bbox 3294 4829 3480 4884; x_wconf 82' lang='lat' dir='ltr'>vineae</span> <span class='ocrx_word' id='word_1_864' title='bbox 3499 4831 3609 4885; x_wconf 95' lang='lat' dir='ltr'>Do-</span> 
     </span>
    </p>
   </div>
   <div class='ocr_carea' id='block_1_116' title="bbox 1928 4916 3606 4989">
    <p class='ocr_par' dir='ltr' id='par_1_116' title="bbox 1928 4916 3606 4989">
     <span class='ocr_line' id='line_1_116' title="bbox 1928 4916 3606 4989; baseline 0.001 -16"><span class='ocrx_word' id='word_1_865' title='bbox 1928 4918 2096 4988; x_wconf 86' lang='lat' dir='ltr'>mini,</span> <span class='ocrx_word' id='word_1_866' title='bbox 2124 4917 2186 4973; x_wconf 92' lang='lat' dir='ltr'>in</span> <span class='ocrx_word' id='word_1_867' title='bbox 2217 4916 2433 4973; x_wconf 93' lang='lat' dir='ltr'>eodem</span> <span class='ocrx_word' id='word_1_868' title='bbox 2460 4917 2594 4972; x_wconf 92' lang='lat' dir='ltr'>loco</span> <span class='ocrx_word' id='word_1_869' title='bbox 2622 4932 2746 4989; x_wconf 93' lang='lat' dir='ltr'>quo</span> <span class='ocrx_word' id='word_1_870' title='bbox 2776 4916 3067 4972; x_wconf 90' lang='lat' dir='ltr'>Dominus</span> <span class='ocrx_word' id='word_1_871' title='bbox 3089 4932 3308 4989; x_wconf 90' lang='lat' dir='ltr'>passus</span> <span class='ocrx_word' id='word_1_872' title='bbox 3340 4923 3451 4987; x_wconf 90' lang='lat' dir='ltr'>est,</span> <span class='ocrx_word' id='word_1_873' title='bbox 3483 4923 3606 4974; x_wconf 89' lang='lat' dir='ltr'>tru-</span> 
     </span>
    </p>
   </div>
   <div class='ocr_carea' id='block_1_117' title="bbox 1929 5004 3608 5074">
    <p class='ocr_par' dir='ltr' id='par_1_117' title="bbox 1929 5004 3608 5074">
     <span class='ocr_line' id='line_1_117' title="bbox 1929 5004 3608 5074; baseline 0.001 -12"><span class='ocrx_word' id='word_1_874' title='bbox 1929 5007 2308 5074; x_wconf 89' lang='lat' dir='ltr'>cidabantur,</span> <span class='ocrx_word' id='word_1_875' title='bbox 2350 5012 2407 5062; x_wconf 89' lang='lat' dir='ltr'>et</span> <span class='ocrx_word' id='word_1_876' title='bbox 2443 5021 2653 5060; x_wconf 89' lang='lat' dir='ltr'>carnes</span> <span class='ocrx_word' id='word_1_877' title='bbox 2692 5019 2902 5060; x_wconf 91' lang='lat' dir='ltr'>eorum</span> <span class='ocrx_word' id='word_1_878' title='bbox 2936 5004 3140 5060; x_wconf 87' lang='lat' dir='ltr'>bestiis</span> <span class='ocrx_word' id='word_1_879' title='bbox 3169 5009 3226 5062; x_wconf 89' lang='lat' dir='ltr'>et</span> <span class='ocrx_word' id='word_1_880' title='bbox 3257 5006 3608 5063; x_wconf 86' lang='lat' dir='ltr'>volucribus</span> 
     </span>
    </p>
   </div>
   <div class='ocr_carea' id='block_1_118' title="bbox 1929 5094 3608 5172">
    <p class='ocr_par' dir='ltr' id='par_1_118' title="bbox 1929 5094 3608 5172">
     <span class='ocr_line' id='line_1_118' title="bbox 1929 5094 3608 5172; baseline 0.001 -19"><span class='ocrx_word' id='word_1_881' title='bbox 1929 5095 2321 5153; x_wconf 72' lang='lat' dir='ltr'>comedendae</span> <span class='ocrx_word' id='word_1_882' title='bbox 2341 5094 2829 5152; x_wconf 85' lang='lat' dir='ltr'>tradebantur.Et</span> <span class='ocrx_word' id='word_1_883' title='bbox 2844 5094 2925 5150; x_wconf 91' lang='lat' dir='ltr'>ita</span> <span class='ocrx_word' id='word_1_884' title='bbox 2944 5094 3139 5168; x_wconf 90' lang='lat' dir='ltr'>impia</span> <span class='ocrx_word' id='word_1_885' title='bbox 3163 5112 3312 5167; x_wconf 87' lang='lat' dir='ltr'>gens</span> <span class='ocrx_word' id='word_1_886' title='bbox 3331 5097 3453 5164; x_wconf 84' lang='lat' dir='ltr'>illa,</span> <span class='ocrx_word' id='word_1_887' title='bbox 3470 5115 3608 5172; x_wconf 66' lang='lat' dir='ltr'>qua:</span> 
     </span>
    </p>
   </div>
   <div class='ocr_carea' id='block_1_119' title="bbox 1928 5182 3608 5258">
    <p class='ocr_par' dir='ltr' id='par_1_119' title="bbox 1928 5182 3608 5258">
     <span class='ocr_line' id='line_1_119' title="bbox 1928 5182 3608 5258; baseline 0.002 -16"><span class='ocrx_word' id='word_1_888' title='bbox 1928 5186 1990 5242; x_wconf 92' lang='lat' dir='ltr'>in</span> <span class='ocrx_word' id='word_1_889' title='bbox 2016 5185 2300 5258; x_wconf 89' lang='lat' dir='ltr'>passione</span> <span class='ocrx_word' id='word_1_890' title='bbox 2323 5184 2558 5241; x_wconf 89' lang='lat' dir='ltr'>Domini</span> <span class='ocrx_word' id='word_1_891' title='bbox 2581 5182 2838 5256; x_wconf 92' lang='lat' dir='ltr'>profana</span> <span class='ocrx_word' id='word_1_892' title='bbox 2852 5201 3002 5241; x_wconf 90' lang='lat' dir='ltr'>voce</span> <span class='ocrx_word' id='word_1_893' title='bbox 3024 5185 3330 5245; x_wconf 90' lang='lat' dir='ltr'>clamabat</span> <span class='ocrx_word' id='word_1_894' title='bbox 3355 5206 3367 5242; x_wconf 92' lang='lat'>:</span> <span class='ocrx_word' id='word_1_895' title='bbox 3395 5207 3425 5240; x_wconf 83' lang='grc'>‹</span> <span class='ocrx_word' id='word_1_896' title='bbox 3457 5191 3608 5245; x_wconf 91' lang='lat' dir='ltr'>San-</span> 
     </span>
    </p>
   </div>
   <div class='ocr_carea' id='block_1_120' title="bbox 1931 5275 3604 5349">
    <p class='ocr_par' dir='ltr' id='par_1_120' title="bbox 1931 5275 3604 5349">
     <span class='ocr_line' id='line_1_120' title="bbox 1931 5275 3604 5349; baseline 0.001 -16"><span class='ocrx_word' id='word_1_897' title='bbox 1931 5279 2065 5349; x_wconf 89' lang='lat' dir='ltr'>guis</span> <span class='ocrx_word' id='word_1_898' title='bbox 2088 5277 2139 5346; x_wconf 88' lang='lat' dir='ltr'>ej</span> <span class='ocrx_word' id='word_1_899' title='bbox 2150 5293 2220 5331; x_wconf 89' lang='lat' dir='ltr'>us</span> <span class='ocrx_word' id='word_1_900' title='bbox 2244 5293 2424 5349; x_wconf 87' lang='lat' dir='ltr'>super</span> <span class='ocrx_word' id='word_1_901' title='bbox 2442 5292 2556 5332; x_wconf 91' lang='lat' dir='ltr'>nos</span> <span class='ocrx_word' id='word_1_902' title='bbox 2577 5281 2633 5332; x_wconf 92' lang='lat' dir='ltr'>et</span> <span class='ocrx_word' id='word_1_903' title='bbox 2655 5291 2840 5348; x_wconf 91' lang='lat' dir='ltr'>super</span> <span class='ocrx_word' id='word_1_904' title='bbox 2857 5275 3014 5332; x_wconf 89' lang='lat' dir='ltr'>ﬁlios</span> <span class='ocrx_word' id='word_1_905' title='bbox 3030 5283 3292 5346; x_wconf 88' lang='lat' dir='ltr'>nostros,</span> <span class='ocrx_word' id='word_1_906' title='bbox 3321 5301 3348 5327; x_wconf 89' lang='lat'>»</span> <span class='ocrx_word' id='word_1_907' title='bbox 3372 5278 3604 5334; x_wconf 90' lang='lat' dir='ltr'>ibidem</span> 
     </span>
    </p>
   </div>
   <div class='ocr_carea' id='block_1_121' title="bbox 1931 5364 3608 5436">
    <p class='ocr_par' dir='ltr' id='par_1_121' title="bbox 1931 5364 3608 5436">
     <span class='ocr_line' id='line_1_121' title="bbox 1931 5364 3608 5436; baseline -0.001 -12"><span class='ocrx_word' id='word_1_908' title='bbox 1931 5365 2290 5436; x_wconf 90' lang='lat' dir='ltr'>sanguinem</span> <span class='ocrx_word' id='word_1_909' title='bbox 2321 5381 2499 5421; x_wconf 89' lang='lat' dir='ltr'>suum</span> <span class='ocrx_word' id='word_1_910' title='bbox 2531 5364 2982 5422; x_wconf 72' lang='lat' dir='ltr'>foetidissimum</span> <span class='ocrx_word' id='word_1_911' title='bbox 3016 5367 3234 5423; x_wconf 90' lang='lat' dir='ltr'>meruit</span> <span class='ocrx_word' id='word_1_912' title='bbox 3275 5366 3469 5434; x_wconf 89' lang='lat' dir='ltr'>fundi,</span> <span class='ocrx_word' id='word_1_913' title='bbox 3501 5366 3608 5423; x_wconf 89' lang='lat' dir='ltr'>ubi</span> 
     </span>
    </p>
   </div>
   <div class='ocr_carea' id='block_1_122' title="bbox 1933 5454 3610 5528">
    <p class='ocr_par' dir='ltr' id='par_1_122' title="bbox 1933 5454 3610 5528">
     <span class='ocr_line' id='line_1_122' title="bbox 1933 5454 3610 5528; baseline -0.001 -14"><span class='ocrx_word' id='word_1_914' title='bbox 1933 5456 2298 5515; x_wconf 88' lang='lat' dir='ltr'>Salvatorem</span> <span class='ocrx_word' id='word_1_915' title='bbox 2331 5470 2510 5510; x_wconf 91' lang='lat' dir='ltr'>suum</span> <span class='ocrx_word' id='word_1_916' title='bbox 2538 5454 2857 5528; x_wconf 90' lang='lat' dir='ltr'>expetebat</span> <span class='ocrx_word' id='word_1_917' title='bbox 2885 5455 3100 5510; x_wconf 91' lang='lat' dir='ltr'>occidi.</span> <span class='ocrx_word' id='word_1_918' title='bbox 3133 5457 3327 5512; x_wconf 80' lang='lat' dir='ltr'>Refert</span> <span class='ocrx_word' id='word_1_919' title='bbox 3351 5455 3610 5528; x_wconf 91' lang='lat' dir='ltr'>quidem</span> 
     </span>
    </p>
   </div>
   <div class='ocr_carea' id='block_1_123' title="bbox 1929 5543 3612 5618">
    <p class='ocr_par' dir='ltr' id='par_1_123' title="bbox 1929 5543 3612 5618">
     <span class='ocr_line' id='line_1_123' title="bbox 1929 5543 3612 5618; baseline -0.002 -14"><span class='ocrx_word' id='word_1_920' title='bbox 1929 5545 2224 5618; x_wconf 83' lang='lat' dir='ltr'>Iosephus</span> <span class='ocrx_word' id='word_1_921' title='bbox 2235 5545 2398 5617; x_wconf 92' lang='lat' dir='ltr'>quod</span> <span class='ocrx_word' id='word_1_922' title='bbox 2415 5560 2488 5599; x_wconf 86' lang='lat' dir='ltr'>ex</span> <span class='ocrx_word' id='word_1_923' title='bbox 2509 5545 2677 5600; x_wconf 91' lang='lat' dir='ltr'>omni</span> <span class='ocrx_word' id='word_1_924' title='bbox 2691 5543 2898 5600; x_wconf 67' lang='lat' dir='ltr'>Iudaea</span> <span class='ocrx_word' id='word_1_925' title='bbox 2917 5545 3128 5616; x_wconf 91' lang='lat' dir='ltr'>populi</span> <span class='ocrx_word' id='word_1_926' title='bbox 3150 5544 3211 5601; x_wconf 91' lang='lat' dir='ltr'>in</span> <span class='ocrx_word' id='word_1_927' title='bbox 3235 5544 3331 5601; x_wconf 91' lang='lat' dir='ltr'>die</span> <span class='ocrx_word' id='word_1_928' title='bbox 3352 5543 3612 5616; x_wconf 74' lang='lat' dir='ltr'>solemni</span> 
     </span>
    </p>
   </div>
   <div class='ocr_carea' id='block_1_124' title="bbox 1931 5631 3614 5710">
    <p class='ocr_par' dir='ltr' id='par_1_124' title="bbox 1931 5631 3614 5710">
     <span class='ocr_line' id='line_1_124' title="bbox 1931 5631 3614 5710; baseline -0.002 -18"><span class='ocrx_word' id='word_1_929' title='bbox 1931 5632 2682 5710; x_wconf 66' lang='lat' dir='ltr'>pasehte,Hierosolymam</span> <span class='ocrx_word' id='word_1_930' title='bbox 2703 5631 2866 5689; x_wconf 86' lang='lat' dir='ltr'>velut</span> <span class='ocrx_word' id='word_1_931' title='bbox 2885 5632 3106 5689; x_wconf 86' lang='lat' dir='ltr'>exitiali</span> <span class='ocrx_word' id='word_1_932' title='bbox 3124 5636 3397 5708; x_wconf 89' lang='lat' dir='ltr'>quadam</span> <span class='ocrx_word' id='word_1_933' title='bbox 3423 5649 3614 5690; x_wconf 90' lang='lat' dir='ltr'>manu</span> 
     </span>
    </p>
   </div>
   <div class='ocr_carea' id='block_1_125' title="bbox 1939 5723 3620 5797">
    <p class='ocr_par' dir='ltr' id='par_1_125' title="bbox 1939 5723 3620 5797">
     <span class='ocr_line' id='line_1_125' title="bbox 1939 5723 3620 5797; baseline -0.002 -14"><span class='ocrx_word' id='word_1_934' title='bbox 1939 5728 2191 5796; x_wconf 90' lang='lat' dir='ltr'>cogente</span> <span class='ocrx_word' id='word_1_935' title='bbox 2221 5727 2656 5794; x_wconf 84' lang='lat' dir='ltr'>convenerunt,</span> <span class='ocrx_word' id='word_1_936' title='bbox 2703 5739 2861 5797; x_wconf 87' lang='lat' dir='ltr'>quos</span> <span class='ocrx_word' id='word_1_937' title='bbox 2892 5723 3088 5779; x_wconf 90' lang='lat' dir='ltr'>tricies</span> <span class='ocrx_word' id='word_1_938' title='bbox 3136 5732 3390 5784; x_wconf 89' lang='lat' dir='ltr'>centena</span> <span class='ocrx_word' id='word_1_939' title='bbox 3429 5723 3620 5781; x_wconf 88' lang='lat' dir='ltr'>millia</span> 
     </span>
    </p>
   </div>
   <div class='ocr_carea' id='block_1_126' title="bbox 3029 5817 3094 5868">
    <p class='ocr_par' dir='ltr' id='par_1_126' title="bbox 3029 5817 3094 5868">
     <span class='ocr_line' id='line_1_126' title="bbox 3029 5817 3094 5868; baseline 0 0"><span class='ocrx_word' id='word_1_940' title='bbox 3029 5817 3094 5868; x_wconf 84' lang='lat' dir='ltr'>l6</span> 
     </span>
    </p>
   </div>
  </div>
