3940 6420
405 276 504 331 491

1514 254 1873 325 ANGELOMI
1914 258 2369 325 LUXOYIENSIS
2409 246 2724 326 MONAcm

3731 276 3833 331 492

402 394 724 453 nominum
780 388 923 451 dicit
969 391 1148 449 fuisse
1187 390 1372 464 justo,
1423 391 1644 448 scilicet
1683 384 1782 447 Dei
1810 387 2059 462 judicio,
2101 390 2148 446 A
2180 391 2283 465 qui
2315 392 2494 449 vitam
2523 394 2845 467 reprobam
2875 411 2998 451 non
3031 398 3241 465 mutat,
3283 400 3338 451 et
3363 411 3397 452 a
3426 398 3836 470 perpetrandis

401 490 671 558 tempore
700 484 816 540 hoc
847 482 1087 539 ultionis
1117 481 1323 550 electo,
1357 487 1421 538 ut
1450 481 1554 555 qui
1579 482 1639 538 in
1681 480 1894 536 diebus
1922 479 2062 535 Pas-

406 576 534 633 chae
566 574 935 633 Salvatorem
984 588 1163 629 suum
1198 576 1255 629 et
1294 571 1554 629 salutare
1607 572 1904 629 Christum
1950 568 2066 625 Do-

404 665 555 722 mini
582 663 839 721 cruentis
862 662 1148 720 manibus
1180 666 1237 719 et
1263 661 1568 732 sacrilegis
1598 659 1849 718 vocibus
1881 657 2067 715 viola-

402 758 633 824 verant,
678 752 739 810 in
782 752 926 825 ipsis
961 751 1175 808 diebus
1212 740 1376 807 velut
1422 751 1485 806 in
1528 767 1718 807 unum
1766 764 2066 805 carcerem

404 844 601 900 omnis
629 841 950 899 multitudo
983 841 1289 911 conclusa,
1335 838 1533 897 feralis
1571 855 1769 913 poenae
1819 838 2065 895 exitium

402 932 570 1006 quod
596 932 961 1001 merebatur,
996 931 1311 1005 exciperet.

1020 1072 1252 1131 CAPUT
1291 1072 1445 1129 XXII.

471 1226 500 1255 ‹‹
533 1202 776 1261 Vocavit
803 1216 946 1273 ergo
981 1217 1087 1257 rex
1120 1198 1300 1257 Israel
1329 1198 1679 1255 eunuchum
1709 1196 2065 1270 quemdam,

401 1316 431 1345 σι
462 1298 521 1351 et
549 1294 701 1350 dixit
740 1292 830 1349 ei:
880 1291 1118 1348 Festina
1160 1289 1461 1348 adducere
1520 1288 1825 1345 Michaeam
1875 1286 2067 1342 ﬁlium

400 1405 429 1435 α
460 1383 674 1441 Jemla.
719 1385 842 1438 Rex
870 1384 1075 1438 autem
1104 1378 1285 1436 Israel
1332 1384 1389 1435 et
1432 1378 1721 1450 Josaphat
1761 1393 1865 1432 rex
1914 1376 2071 1433 Juda

402 1496 430 1526 α
463 1472 774 1540 sedebant,
828 1470 1246 1544 unusquisque
1316 1468 1378 1524 in
1453 1467 1601 1523 solio
1669 1483 1799 1535 suo,
1878 1458 2070 1521 vestiti

401 1582 431 1611 «
471 1560 637 1617 cultu
677 1559 862 1630 regio,
899 1582 926 1609 »
956 1565 1012 1615 et
1038 1559 1289 1632 reliqua.
1342 1557 1513 1624 Quod
1545 1562 1745 1613 autem
1795 1556 2066 1612 Miclueas

398 1655 651 1708 vocatus
676 1650 755 1707 ad
785 1665 986 1722 regem
1019 1648 1222 1719 Israel,
1252 1647 1335 1703 ita
1363 1646 1569 1703 dicens
1602 1663 1614 1701 :

2179 483 2435 553 peccatis
2474 484 2748 540 animum
2800 501 2922 541 non
2980 486 3211 554 avertit,
3266 500 3402 540 cum
3453 502 3490 542 a
3544 488 3835 561 propheta

2177 570 2403 643 aliquid
2450 573 2713 645 requirit,
2762 574 2863 630 illa
2904 574 3070 630 audit
3114 575 3234 629 Deo
3283 574 3656 647 disponente,
3703 592 3834 643 qum

2178 661 2519 718 merebatur
2570 663 2776 720 audire
2825 662 3235 720 damnandus.
3320 667 3462 721 Ecce
3541 666 3723 737 enim,
3776 672 3835 722 ut

2176 765 2367 806 unum
2398 750 2489 807 vel
2519 749 2641 808 duo
2686 770 2755 807 ex
2800 753 3000 808 multis
3038 751 3380 825 loquamur,
3434 752 3512 810 ab
3561 754 3831 826 omnipo-

2174 840 2349 895 tentis
2382 841 2480 896 Dei
2507 840 2669 898 cultu
2697 842 2917 898 domus
2952 842 3129 897 Israel
3169 840 3281 897 sub
3318 842 3619 899 idolorum
3662 845 3829 899 servi-

2176 932 2296 984 tute
2318 936 2663 1001 recesserat,
2689 936 2745 986 et
2770 936 2969 987 tamen
2994 930 3072 987 ad
3100 930 3424 1004 prophetas
3442 948 3477 987 a
3496 932 3719 1004 quibus
3742 930 3829 988 de-

2174 1017 2290 1091 cipi
2304 1023 2883 1093 consueverat,seepe
2899 1019 3491 1092 veniebat,prospera
3503 1022 3827 1093 requirens,

2176 1122 2315 1161 cum
2350 1123 2419 1161 ex
2451 1124 2552 1163 ore
2584 1110 3018 1181 prophetarum
3040 1123 3328 1182 perversa
3346 1123 3528 1177 agens
3547 1122 3832 1183 prospera

2176 1193 2382 1251 audire
2414 1196 2776 1251 merebatur.
2804 1196 2955 1262 Quid
2981 1194 3145 1252 aliud
3174 1211 3435 1270 superna
3452 1195 3675 1268 judicia
3697 1212 3831 1267 age-

2173 1283 2341 1349 bant,
2374 1284 2488 1339 nisi
2523 1290 2587 1340 ut
2616 1291 2896 1357 peccator
2924 1285 3189 1359 populus
3222 1286 3281 1341 in
3314 1301 3421 1341 suo
3452 1284 3627 1341 corde
3657 1302 3832 1358 cape-

2177 1376 2355 1443 retur,
2395 1378 2693 1445 quatenus
2737 1374 2841 1447 qui
2882 1372 3200 1447 perﬁdiam
3231 1374 3537 1447 sequendo
3568 1373 3831 1447 delique-

2176 1467 2288 1532 rat,
2331 1462 2417 1518 sic
2448 1465 2881 1537 prophetarum
2909 1480 3158 1520 suorum
3182 1463 3424 1520 blandis
3457 1463 3833 1520 sermonibus

2177 1550 2569 1624 deciperetur,
2604 1558 2668 1609 ut
2687 1554 2818 1624 jam
2857 1570 2967 1609 nec
2998 1552 3459 1627 pertimesceret,
3509 1552 3655 1626 quia
3692 1552 3833 1608 deli-

2175 1640 2399 1713 quisset
2423 1659 2436 1696 :
2471 1647 2527 1697 et
2552 1647 2715 1698 tanto
2744 1648 2885 1715 post
2909 1642 3118 1698 durius
3140 1646 3446 1716 raperetur
3467 1639 3545 1698 ad
3566 1657 3831 1715 poenam,

472 1762 501 1793 «
530 1739 658 1796 Vidi
682 1740 1005 1797 Dominum
1028 1738 1329 1794 sedentem
1358 1753 1536 1809 super
1554 1736 1772 1791 solium
1794 1740 2067 1799 suum,et
2098 1750 2138 1804 Β
2174 1737 2401 1804 quanto
2426 1748 2588 1788 nunc
2617 1733 2883 1788 securius
2913 1731 3135 1788 viveret
3166 1734 3226 1788 in
3259 1731 3435 1805 culpa
3455 1732 3483 1789 ?
3534 1730 3650 1788 Sed
3703 1747 3832 1787 ecce

401 1854 429 1883 «
463 1830 786 1887 exercitum
815 1829 949 1886 caeli
977 1828 1353 1885 assistentem
1382 1826 1434 1881 ei
1460 1843 1495 1882 a
1516 1826 1737 1881 dextris
1759 1830 1815 1881 et
1835 1842 1871 1881 a
1898 1826 2063 1881 sinis-

399 1941 429 1969 «
460 1919 562 1976 tris
582 1919 731 1990 ejus.
754 1921 816 1974 Et
835 1918 1063 1974 dictum
1083 1920 1197 1973 est:
1222 1920 1283 1971 In
1299 1930 1423 1988 quo
1441 1914 1737 1986 decipiam
1756 1914 1984 1985 Achab,
2000 1919 2064 1970 ut

398 2031 426 2059 ‹‹
456 2007 743 2065 ascendat
764 2011 821 2062 et
840 2007 1020 2063 cadat
1040 2007 1101 2062 in
1118 2005 1375 2062 Ramoth
1397 2003 1640 2060 Galaad.
1658 2005 1724 2059 Et
1743 2002 1890 2058 dixit
1909 2004 2061 2059 alius

398 2118 426 2149 «
458 2098 557 2165 ita,
577 2100 634 2154 et
653 2095 805 2154 alius
826 2096 1088 2153 aliter.Et
1108 2110 1391 2164 egressus
1416 2109 1596 2159 unus,
1620 2092 1792 2148 dixit:
1824 2093 1945 2161 Ego
1962 2093 2060 2147 de-

397 2209 426 2239 α
459 2186 681 2260 cipiam
710 2200 870 2242 eum.
901 2188 968 2241 Et
993 2184 1224 2240 dictum
1249 2188 1372 2239 est:
1399 2187 1458 2238 In
1480 2198 1604 2254 quo
1622 2181 1926 2255 decipies?
1948 2183 2059 2248 Qui

396 2299 425 2328 «
455 2275 784 2349 respondit,
816 2274 1057 2332 dicens:
1088 2273 1369 2344 Egrediar
1398 2276 1455 2329 et
1476 2289 1575 2329 ero
1599 2271 1861 2327 mendax
1883 2272 2056 2345 spiri-

395 2388 423 2416 α
456 2366 602 2422 ritus
632 2364 695 2421 in
724 2380 827 2422 ore
857 2362 1134 2420 omnium
1166 2360 1599 2435 prophetarqu
1630 2361 1781 2431 ejus.
1826 2384 1852 2410 ››
1907 2359 2056 2427 Quid

392 2471 499 2529 per
527 2452 747 2511 solium
777 2453 1033 2521 Domini,
1065 2452 1180 2508 nisi
1208 2450 1510 2521 angelicas
1541 2455 1864 2521 potestates
1896 2451 2054 2506 acci-

392 2546 593 2618 pimus
613 2547 641 2601 ?
668 2546 935 2611 Quarum
976 2542 1278 2599 mentibus
1309 2544 1464 2596 Deus
1498 2540 1673 2595 altius
1705 2540 2052 2613 praesidens,

390 2634 642 2691 inferius
662 2638 877 2690 cuncta
899 2632 1179 2705 disponit.
1205 2633 1269 2687 Et
1293 2630 1439 2703 quid
1462 2631 1753 2685 exercitus
1775 2630 1928 2699 caeli,
1943 2631 2054 2686 nisi

394 2722 865 2780 ministrantium
906 2720 1263 2791 angelorum
1312 2720 1718 2774 describitur?
1772 2720 1925 2785 Quid
1968 2726 2056 2776 est

392 2827 537 2883 ergo
560 2811 729 2885 quod
754 2811 1045 2868 exercitus
1076 2809 1204 2866 caeli
1228 2825 1266 2866 a
1284 2809 1505 2865 dextris
1527 2815 1581 2863 et
1604 2825 1636 2864 a
1656 2808 1908 2865 sinistris
1924 2810 2053 2880 ejus

394 2906 551 2959 stare
580 2900 927 2975 perhibetur
946 2903 974 2958 ?
1001 2904 1157 2957 Deus
1187 2899 1346 2955 enim
1375 2899 1480 2971 qui
1506 2899 1588 2954 ita
1620 2904 1707 2953 est
1736 2900 1890 2955 intra
1920 2916 2049 2955 om-

391 2991 513 3061 nia,
530 3006 642 3048 nec
663 2990 874 3047 dextra
892 3006 1003 3047 nec
1027 2989 1265 3046 sinistra
1292 2987 1687 3045 concluditur.
1713 2989 1824 3043 Sed
1845 2989 2056 3046 dextra

387 3080 492 3137 Dei
518 3096 661 3154 pars
688 3079 1043 3151 angelorum
1064 3079 1251 3136 electa
1274 3096 1287 3146 ;
1312 3078 1550 3134 sinistra
1570 3083 1772 3134 autem
1791 3079 1891 3134 Dei
1911 3095 2052 3151 pars
2080 3107 2122 3159 ο

390 3171 749 3241 angelorum
774 3169 1039 3244 reproba
1065 3169 1433 3240 designatur.
1475 3171 1603 3224 Non
1622 3168 1782 3224 enim
1804 3170 1923 3225 Deo
1955 3185 2051 3225 so-

382 3260 698 3317 lummodo
729 3259 875 3317 boni
903 3260 1010 3333 qui
1040 3258 1348 3330 adjuvent,
1378 3256 1486 3313 sed
1513 3258 1692 3313 etiam
1722 3258 1829 3331 qui
1858 3260 2050 3314 redire

384 3350 654 3407 nolentes
684 3354 953 3420 gravant.
1004 3352 1121 3406 Nec
1157 3349 1323 3421 quod
1356 3348 1487 3403 οωὶί
1519 3349 1810 3404 exercitus
1835 3349 2052 3405 dicitur

385 3437 742 3508 angelorum
757 3453 901 3510 pars
916 3436 1197 3510 reproba,
1216 3436 1463 3506 intelligi
1483 3453 1659 3508 posse
1675 3437 2045 3510 prohibetur.

387 3528 550 3592 Quas
578 3525 741 3583 enim
771 3525 1062 3599 suspendi
1111 3525 1174 3580 in
1219 3542 1354 3582 aere
1382 3526 1679 3594 novimus,
1726 3540 1868 3582 aves
1915 3526 2050 3584 coeli

384 3614 801 3672 nominamus.
840 3617 907 3671 Et
934 3614 1010 3670 de
1038 3613 1264 3670 eisdem
1287 3614 1588 3686 spiritibus
1610 3614 1826 3671 Paulus
1851 3615 1999 3671 dixit
2031 3634 2044 3673 :

389 3726 419 3755 ‹‹
447 3705 668 3762 Contra
695 3703 1012 3778 spitritalia
1033 3703 1313 3776 nequitiae
1355 3703 1416 3758 in
1439 3703 1776 3759 cwlestibus
1806 3705 2044 3774 (Ephes.

384 3793 464 3865 v1)
490 3812 504 3862 ;
539 3816 567 3844 »
597 3808 862 3866 quorum
891 3795 1072 3863 caput
1102 3790 1447 3861 enuntians,
1479 3790 1598 3847 ait:
1643 3812 1670 3840 ‹‹
1704 3792 2047 3849 Secundum

381 3881 720 3954 principem
747 3880 1056 3953 potestatis
1086 3879 1240 3936 aeris
1267 3878 1473 3950 hujus.
1511 3898 1539 3927 ››
1590 3879 1638 3933 Α
1668 3878 1877 3935 dextra
1902 3896 2045 3951 ergo

385 3974 444 4027 et
468 3970 709 4027 sinistra
738 3969 1093 4040 angelorum
1114 3968 1407 4025 exercitus
1429 3970 1563 4037 stat,
1586 3968 1731 4040 quia
1756 3972 1813 4024 et
1839 3969 2047 4026 volun-

384 4063 480 4116 tas
506 4058 831 4116 electorum
862 4058 1181 4131 spirituum
1208 4058 1424 4113 divinae
1458 4056 1663 4129 pietati
1696 4059 2040 4124 concordat,

384 4152 444 4204 et
468 4146 869 4219 reproborum
900 4163 1115 4203 sensus
1146 4162 1274 4202 sum
1313 4145 1553 4202 malitiae
1595 4148 1858 4204 serviens
1881 4148 2043 4222 judi-

384 4236 479 4293 cio
507 4235 889 4293 districtionis
909 4236 1039 4307 ejus
1069 4236 1462 4309 obtemperat.
1498 4238 1661 4294 Unde
1690 4242 1747 4295 et
1765 4256 1910 4296 mox
1937 4240 2045 4297 fal-

382 4326 487 4383 lax
510 4324 751 4398 spiritus
778 4326 842 4382 in
879 4326 1149 4383 medium
1169 4326 1515 4400 prosiluisse
1535 4328 1911 4399 describitur,
1936 4347 2045 4405 per

2168 1823 2297 1894 jam
2327 1822 2614 1893 largiente
2646 1823 3042 1897 omnipotenti
3070 1822 3208 1891 Deo,
3257 1823 3335 1880 ab
3386 1821 3688 1879 idolorum
3713 1820 3833 1879 cul-

2174 1917 2305 1969 tura
2334 1918 2567 1969 motum
2598 1918 2686 1969 est
2715 1913 3234 1986 quamplurimum
3258 1929 3447 1983 genus
3474 1913 3829 1979 humanum,

2171 2017 2377 2058 veram
2408 2002 2591 2058 fidem
2623 2003 2859 2075 publice
2892 2002 3125 2071 fatetur,
3165 2002 3340 2059 subdi
3380 2001 3556 2075 lignis
3603 2008 3661 2058 et
3686 2002 3831 2072 lapi-

2170 2091 2371 2159 dibus,
2405 2091 2497 2148 vel
2524 2092 2763 2149 cuilibet
2793 2098 3078 2149 creaturae
3121 2094 3181 2149 in
3235 2092 3583 2149 adoratione
3616 2091 3827 2148 renuit.

2173 2184 2426 2237 Securus
2460 2182 2589 2253 jam
2627 2182 2985 2255 prophetam
3028 2182 3278 2255 quilibet
3327 2181 3385 2238 in
3434 2181 3551 2237 fide
3602 2184 3829 2255 positus

2170 2269 2446 2338 consulit,
2480 2271 2622 2342 quia
2644 2271 2757 2326 hoc
2780 2272 3094 2327 auditurus
3126 2277 3231 2339 est,
3261 2269 3425 2343 quod
3457 2269 3668 2327 audire
3694 2270 3831 2327 tide-

2167 2359 2286 2415 lem
2302 2358 2488 2415 decet.
2501 2359 2768 2415 li‘identer
2780 2359 2978 2416 dicam
2989 2359 3088 2428 ,ab
3099 2359 3494 2416 immunditiis
3505 2357 3640 2415 aliis
3659 2364 3831 2433 atque

2167 2464 2204 2505 a
2224 2450 2424 2521 pravis
2444 2448 2676 2505 actibus
2700 2449 3060 2517 recessisset,
3085 2466 3430 2505 recessurus
3463 2453 3648 2505 esset.
3685 2453 3829 2506 Nam

2170 2555 2310 2595 eum
2340 2540 2557 2596 Paulus
2584 2540 2857 2611 egregius
2889 2539 3247 2614 przedieator
3271 2539 3504 2603 clamet,
3536 2544 3590 2595 et
3629 2562 3647 2593 ι
3687 2540 3835 2611 fugit

2165 2629 2483 2686 avaritiam
2509 2631 2567 2685 in
2600 2646 2722 2703 qua
2748 2637 2835 2685 est
2865 2628 3164 2687 idolorum
3198 2629 3448 2685 servitus
3477 2629 3637 2701 (Col.
3670 2633 3778 2703 in),
3806 2652 3830 2678 ››

2164 2720 2438 2792 quisquis
2471 2720 2669 2776 adhuc
2696 2719 2957 2776 avaritiae
2990 2720 3295 2792 subjectus
3326 2724 3487 2787 est,a
3516 2718 3686 2777 cultu
3707 2721 3830 2777 ido-

2162 2806 2359 2864 lorum
2384 2808 2534 2864 liber
2560 2825 2681 2864 non
2710 2815 2815 2865 est.
2844 2810 2900 2866 Si
2926 2825 3067 2878 ergo
3088 2809 3137 2865 is
3167 2810 3270 2882 qui
3300 2808 3559 2865 avaritiae
3582 2808 3830 2865 aestibus

2165 2897 2495 2965 anhelat,in
2515 2897 2633 2952 ﬁde
2656 2897 2903 2970 quidem
2934 2898 3166 2973 positus
3194 2914 3321 2953 esse
3356 2895 3613 2965 videtur,
3641 2898 3748 2954 sed
3776 2914 3831 2955 a-

2160 2984 2320 3043 liena
2362 2987 2551 3043 ambit
2597 2989 2887 3061 accipere,
2946 2987 3205 3043 honores
3257 2987 3470 3043 mundi
3527 2987 3830 3045 desiderat

2161 3077 2693 3149 comprehendere,
2726 3077 2947 3133 habere
2979 3076 3371 3151 temporalem
3401 3077 3660 3149 gloriam
3691 3094 3826 3135 eon-

2161 3167 2431 3241 cupiscit,
2454 3171 2633 3240 atque
2648 3166 2723 3223 de
2744 3167 2857 3223 hac
2879 3167 3093 3223 eadem
3111 3166 3299 3236 gloria
3314 3164 3679 3240 prophetam
3700 3184 3822 3224 con-

2160 3256 2297 3313 sulit
2323 3274 2335 3311 :
2366 3258 2597 3327 justum
2626 3254 2801 3312 valde
2833 3259 2937 3323 est,
2957 3260 3024 3311 ut
3052 3272 3124 3311 ex
3150 3240 3341 3327 culpae
3369 3273 3492 3311 suae
3522 3257 3759 3327 merito,
3789 3272 3821 3311 a

2158 3347 2466 3419 propheta:
2484 3362 2584 3402 ore
2613 3362 2903 3417 prospera
2934 3345 3159 3413 audiat,
3183 3349 3482 3419 quatenus
3503 3347 3613 3419 qui
3642 3347 3821 3403 verba

2160 3436 2259 3491 Dei
2290 3435 2496 3491 audire
2527 3435 2589 3490 in
2617 3452 2787 3491 sacro
2818 3433 3057 3508 eloquio
3087 3435 3298 3505 noluit,
3337 3439 3399 3490 ut
3422 3438 3662 3493 terrena
3692 3435 3819 3491 des-

2156 3525 2397 3597 piceret,
2430 3523 2690 3580 coelestia
2721 3522 2995 3592 ambiret,
3028 3522 3171 3578 illud
3193 3523 3396 3594 judice
3425 3524 3544 3579 Deo
3588 3540 3663 3580 ex
3693 3541 3820 3597 pro-

2156 3615 2347 3686 phetae
2381 3615 2471 3669 sui
2514 3630 2616 3670 ore
2647 3614 2871 3680 audiat,
2906 3612 3065 3668 unde
3092 3611 3350 3685 amplius
3389 3612 3694 3682 obligatus
3736 3629 3822 3668 ca-

2155 3704 2278 3769 dat,
2309 3704 2456 3759 dum
2488 3721 2592 3775 spe
2624 3709 2868 3759 terrenae
2900 3703 3101 3773 gloriae
3130 3702 3453 3759 delectatus
3485 3703 3611 3759 suis
3634 3702 3821 3778 pasci-

2155 3798 2249 3850 tur
2277 3794 2605 3862 desideriis,
2625 3793 2703 3849 ad
2735 3794 2860 3849 ima
2878 3809 3117 3865 semper
3144 3792 3417 3848 ducatur.
3442 3795 3648 3866 Neque
3664 3793 3819 3849 enim

2151 3882 2353 3939 bonus
2402 3882 2513 3938 fuit
2540 3882 2635 3938 ille
2668 3881 2930 3954 spiritus,
2957 3881 3064 3954 qui
3104 3880 3370 3938 mendax
3397 3897 3529 3937 esse
3577 3880 3822 3956 appetiit

2152 3974 2212 4029 in
2242 3988 2344 4029 ore
2366 3972 2818 4046 prophetarum.
2851 3971 3014 4027 Unde
3047 3974 3102 4026 et
3123 3972 3503 4045 praemissum
3534 3977 3651 4043 est,
3682 3970 3820 4046 quia

2152 4064 2444 4120 exercitus
2493 4062 2627 4118 coeli
2674 4062 2830 4117 stetit
2876 4077 2912 4117 a
2958 4060 3181 4117 dextris
3218 4065 3275 4118 et
3302 4077 3339 4117 a
3381 4060 3638 4118 sinistris
3672 4061 3815 4134 ejus.

2149 4154 2307 4208 Deus
2339 4151 2499 4208 enim
2526 4151 2632 4225 qui
2674 4150 3190 4223 incircumscripta
3218 4154 3305 4206 est
3351 4150 3573 4206 veritas
3616 4151 3682 4207 in
3724 4148 3820 4207 illa

2150 4246 2373 4298 aeterna
2420 4239 2805 4309 beatitudine,
2832 4256 2969 4313 quae
3017 4238 3261 4296 dextera
3289 4239 3419 4311 ejus
3466 4238 3707 4304 dicitur,
3744 4239 3819 4295 si-

2149 4332 2403 4388 nistram
2432 4346 2558 4387 non
2586 4329 2790 4397 habet,
2828 4328 2973 4401 quia
3012 4327 3157 4386 nihil
3186 4332 3275 4385 est
3304 4326 3472 4401 quod
3498 4328 3817 4402 displicere

383 4428 570 4488 quem
607 4414 833 4517 Achab.
862 4431 967 4473 rex
1007 4416 1380 4517 exigentibus
1424 4419 1649 4474 meritis
1689 4417 2041 4492 decipiatur.
2066 4460 2115 4517 Β
2150 4422 2358 4495 possit.
2415 4420 2530 4479 Sed
2572 4420 2717 4493 quia
2765 4418 2945 4475 simul
3000 4418 3206 4475 omnia
3264 4421 3604 4489 contuetur,
3639 4417 3818 4475 simul

383 4507 587 4578 Neque
616 4504 777 4561 enim
805 4504 897 4562 fas
923 4509 1013 4563 est
1041 4505 1279 4563 credere
1306 4506 1539 4563 bonum
1569 4507 1845 4581 spiritum
1873 4508 2043 4568 falla-

383 4594 489 4652 ciae
518 4595 817 4653 deservire
844 4596 1127 4668 voluisse,
1177 4600 1242 4654 ut
1270 4596 1526 4654 diceret:
1578 4619 1607 4647 «
1658 4599 1942 4670 Egrediar
1987 4606 2044 4659 et

382 4700 484 4743 ero
511 4686 776 4745 mendax
808 4687 1050 4762 spiritus
1077 4688 1141 4744 in
1168 4702 1271 4746 ore
1300 4688 1576 4746 omnium
1604 4690 2042 4763 prophetarum

381 4775 531 4848 ejus.
564 4795 595 4829 »
644 4777 759 4835 Sed
798 4778 946 4852 quia
982 4777 1190 4836 Achab
1230 4790 1339 4836 rex
1372 4779 1641 4852 peccatis
1693 4782 2041 4853 praeceden-

379 4865 540 4923 tibus
595 4866 818 4939 dignus
872 4872 1019 4941 erat,
1068 4872 1140 4926 ut
1184 4868 1289 4926 tali
1330 4868 1650 4926 debuisset
1692 4869 2042 4943 deceptione

378 4955 678 5027 damnari,
719 4963 1019 5031 quatenus
1061 4958 1169 5033 qui
1211 4972 1371 5032 sape
1412 4958 1625 5015 volens
1655 4960 1951 5017 ceciderat
1977 4960 2042 5018 in

380 5044 646 5117 culpam,
682 5048 1053 5122 quandoque
1079 5047 1291 5106 volens
1318 5052 1633 5121 caperetur
1661 5047 1742 5104 ad
1766 5063 2036 5121 poenam,

381 5133 614 5191 occulta
633 5135 880 5207 justitia,
913 5138 1153 5195 licentia
1173 5137 1456 5210 malignis
1489 5137 1793 5210 spiritibus
1817 5139 1998 5197 datur
2023 5158 2037 5197 :

377 5222 664 5295 volentes,
685 5230 751 5283 ut
774 5242 930 5300 quos
958 5228 1023 5283 in
1042 5226 1286 5300 ‘peceati
1312 5226 1532 5301 laqueo
1550 5228 1951 5301 strangulant,
1976 5230 2039 5287 in

377 5315 611 5384 peccati
624 5324 879 5391 poenam
903 5315 1381 5375 etiamnolentes
1402 5317 1663 5376 traham.
1689 5318 1957 5393 Denique
1985 5319 2039 5377 is

2150 4517 2367 4569 cuncta
2401 4510 2633 4584 aspicit,
2655 4526 2727 4566 ea
2772 4509 2851 4578 vi,
2881 4508 2944 4565 in
2987 4525 3113 4582 qua
3150 4513 3209 4565 et
3235 4507 3429 4565 bonos
3468 4509 3737 4581 spiritus,
3765 4512 3818 4564 et

2147 4600 2344 4658 malos
2372 4601 2565 4658 videt:
2599 4598 2889 4656 exercitus
2918 4598 3053 4655 coeli
3080 4614 3118 4655 a
3146 4596 3367 4669 dextris
3388 4601 3446 4654 et
3488 4614 3526 4655 a
3559 4598 3812 4656 sinistris

2145 4691 2371 4748 habere
2386 4689 2761 4760 describitur,
2782 4692 2849 4745 ut
2878 4704 2983 4761 per
3002 4688 3272 4745 dextram
3287 4686 3698 4759 intelligamus
3716 4703 3815 4745 an-

2147 4780 2314 4852 gelos
2344 4780 2582 4851 electos,
2613 4795 2721 4853 per
2748 4778 3051 4835 sinistram
3074 4793 3217 4835 vero
3242 4778 3482 4852 spiritus
3496 4777 3810 4852 reprobos.

2147 4872 2267 4927 Nec
2297 4885 2540 4927 movere
2564 4868 2743 4926 debet
2769 4868 2937 4943 quod
2978 4868 3271 4924 exercitus
3313 4866 3469 4940 cceli,
3500 4867 3686 4925 etiam
3727 4883 3812 4924 re-

2142 4959 2305 5033 pulsi
2348 4958 2545 5030 angeli
2583 4963 2896 5029 vocantur,
2923 4957 3070 5031 quia
3119 4962 3177 5014 et
3218 4956 3353 5029 ipsi,
3393 4957 3681 5031 quamvis
3735 4955 3809 5012 ab

2147 5050 2404 5106 aethereo
2434 5047 2670 5122 expulsi
2707 5047 2842 5116 sint,
2867 5046 3067 5104 adhuc
3098 5051 3303 5104 tamen
3349 5046 3411 5102 in
3453 5062 3633 5104 aereo
3662 5046 3807 5103 caelo

2142 5139 2557 5210 demorentur,
2589 5138 2743 5194 sicut
2771 5137 2987 5194 Paulus
3017 5137 3101 5195 ait
3131 5154 3145 5193 :
3199 5158 3229 5187 α
3277 5138 3496 5195 Contra
3519 5135 3809 5210 spiritalia

2140 5230 2413 5303 nequitia
2439 5230 2503 5287 in
2528 5227 2871 5286 coelestibus
2904 5228 3148 5298 (Ephes.
3178 5227 3282 5301 v1).
3312 5248 3342 5278 »

1612 5568 2573 5628 Μ
