3940 6404
112 329 222 384 493

1098 329 1360 386 ENARR.
1400 331 1476 386 IN
1517 329 1767 386 LIBROS
1805 326 2067 385 REGUM.
2108 360 2177 368 ——
2208 324 2283 385 IN
2324 329 2452 386 LIB.
2497 332 2584 387 IV.

3457 338 3565 397 494

1184 568 1299 654 ΙΝ
1388 566 1825 655 LIBRUM
1914 567 2490 671 QUARTUM.

1632 715 2060 732 ψ

764 811 1145 870 ΡΗᾸΞΡΑΊἸΟ.

180 890 460 955 Tandem
506 896 861 972 aliquando,
896 900 1146 958 Domino
1202 906 1582 974 cooperante,
1613 916 1791 974 quain

113 992 239 1044 tum
272 987 742 1062 quodammodo
769 989 1114 1059 navigando
1161 988 1512 1064 appulimus
1542 986 1787 1060 librum,

110 1095 236 1152 quo
268 1078 474 1136 valeat
486 1072 863 1153 quandoque
891 1081 1163 1154 requiem
1186 1088 1392 1141 nostra
1418 1083 1644 1139 habere
1668 1098 1792 1137 ma-

110 1186 250 1240 nus,
284 1185 425 1244 quae
473 1169 639 1227 ducit
690 1169 934 1244 oblique
964 1188 1184 1237 remos,
1214 1188 1326 1246 per
1353 1189 1600 1246 aequora
1630 1188 1791 1244 quae-

111 1276 232 1333 que
263 1258 609 1317 doctorum.
641 1263 886 1317 Vestrum
915 1261 1077 1318 enim
1106 1278 1217 1319 ceu
1249 1263 1634 1321 transivimus
1666 1277 1791 1318 ma-

114 1366 197 1420 re,
220 1350 734 1424 prosperantibus
775 1351 1177 1424 zephyrorum
1223 1342 1430 1410 ﬂabris
1461 1351 1786 1426 superioris

112 1435 319 1506 libelli,
353 1442 414 1494 et
434 1438 689 1495 Domino
718 1437 902 1497 ﬂante
927 1440 1387 1514 quodammodo
1417 1446 1506 1511 (ut
1533 1441 1788 1515 quidam

112 1527 238 1599 ait),
271 1526 550 1584 carmina
575 1543 934 1600 syrenarum
982 1528 1168 1586 surda
1198 1531 1787 1601 transnavigavimus

112 1632 281 1685 aure,
312 1622 535 1674 nautas
562 1616 687 1675 imo
716 1617 1057 1685 naucleros,
1081 1619 1546 1692 scilicetgnaros
1574 1619 1785 1689 maris,

112 1706 240 1781 qui,
273 1705 522 1763 amante
552 1706 772 1781 Spiritu
801 1712 1031 1779 sancto,
1060 1709 1316 1782 pelagus
1348 1711 1532 1783 hujus
1561 1709 1786 1766 itineris

115 1795 329 1852 crebro
357 1796 644 1853 transiere
673 1794 822 1852 freti.
855 1795 971 1854 Sed
997 1797 1124 1867 jam
1156 1814 1320 1855 nunc
1360 1797 1495 1854 licet
1523 1797 1784 1869 alonge,

112 1883 293 1959 quasi
317 1890 569 1958 portum
596 1874 807 1943 littoris
834 1887 1172 1945 cernimus:
1208 1889 1667 1962 perpendimus,
1700 1888 1789 1945 in-

112 1990 328 2048 quam,
349 1973 502 2048 quid
521 1974 1375 2050 transivimus,perpendimus
1398 1994 1562 2052 quoq
1572 1994 1641 2035 uc
1664 1994 1787 2051 quo

112 2064 711 2140 appropinquamus,
734 2068 792 2121 et
815 2065 1210 2140 gratulamur,
1234 2074 1291 2123 et
1315 2067 1491 2142 quasi
1514 2067 1790 2125 transdu-

1818 813 1864 865 A
1904 832 1931 857 «
1963 806 2112 866 dum
2163 810 2512 870 Beelzebutb
2564 808 2749 871 deum
2800 814 3113 873 Accaron?
3157 814 3567 884 Quamobrem

1901 923 1925 947 ‹‹
1959 900 2084 955 hmo
2112 896 2253 957 dicit
2282 898 2572 960 Dominus
2593 920 2605 959 :
2624 902 2706 961 De
2728 902 2948 962 lectulo
2960 920 3143 979 super
3158 922 3343 982 quem
3362 924 3569 969 ascen-

1900 1008 1929 1045 ς
1962 988 2099 1043 disti
2130 1005 2253 1046 non
2282 990 2757 1064 descendes,sed
2778 998 2970 1052 morte
3000 995 3330 1070 morieris,»
3353 1000 3410 1056 et
3437 997 3569 1056 reli-

1898 1094 2040 1150 qua.
2077 1079 2300 1136 Mortuo
2345 1097 2592 1154 quoque
2638 1081 2999 1156 impiissimo
3029 1100 3168 1157 rege
3197 1077 3570 1160 Achabfim-

1895 1160 2033 1240 pius
2063 1167 2253 1223 haeres
2302 1170 2606 1244 successit,
2637 1170 2797 1228 ﬁlius
2840 1172 3046 1247 utique
3094 1175 3226 1247 ejus
3257 1176 3564 1247 Ochozias,

1895 1255 1971 1313 de
2001 1273 2125 1330 quo
2173 1257 2474 1332 Scriptura
2529 1265 2734 1319 narrat
2782 1261 2950 1335 quod
2995 1262 3217 1322 fecerat
3245 1265 3475 1325 malum
3504 1267 3568 1326 in

1897 1351 2223 1419 conspectu
2244 1348 2500 1419 Domini,
2519 1352 2577 1406 et
2603 1346 3024 1410 ambulaverat
3052 1350 3115 1409 in
3139 1353 3235 1412 via
3262 1354 3451 1429 patris
3472 1354 3569 1414 sui

1896 1441 1954 1491 et
1983 1435 2190 1492 matris
2222 1453 2366 1506 sure,
2391 1442 2448 1494 et
2476 1439 2538 1495 in
2566 1438 2667 1497 via
2690 1439 3037 1513 Jeroboam,
3059 1441 3165 1498 ﬁlii
3188 1442 3444 1514 Naboth,
3462 1444 3570 1518 qui

1896 1540 2147 1597 peccare
2175 1524 2314 1583 fecit
2346 1527 2546 1585 Israel.
2574 1527 2819 1586 Servivit
2844 1546 3093 1605 quoque
3116 1532 3257 1590 Baal
3282 1538 3339 1590 et
3357 1532 3575 1591 adora-

1895 1613 1979 1671 vit
2002 1631 2164 1685 eum,
2196 1620 2255 1672 et
2278 1613 2533 1674 irritavit
2580 1618 2904 1677 Dominum
2947 1622 3137 1679 Deum
3168 1616 3373 1693 Israel,
3388 1623 3574 1696 juxta

1894 1707 2104 1761 omnia
2122 1720 2260 1778 quae
2290 1702 2512 1764 fecerat
2534 1711 2707 1781 pater
2729 1708 2881 1781 ejus.
2914 1704 3029 1768 Sed
3052 1726 3179 1769 non
3196 1708 3302 1769 diu
3317 1728 3572 1787 prospe-

1893 1808 1957 1848 re
1987 1792 2126 1863 egit,
2157 1794 2302 1868 quia
2329 1812 2436 1868 per
2464 1794 2766 1855 cancellos
2791 1799 3087 1857 ccenaculi
3115 1800 3230 1873 sui,
3261 1801 3431 1876 quod
3462 1802 3571 1861 ba-

1893 1881 2081 1940 bebat
2126 1884 2185 1939 in
2243 1884 2533 1954 Samaria,
2560 1884 2781 1945 cecidit
2822 1892 2880 1946 et
2902 1889 3220 1960 agrotavit.
3255 1890 3571 1967 «Misitque

1896 1972 2139 2028 nuntios
2171 1971 2250 2030 ad
2286 1970 2612 2033 Beelzebub
2656 1976 2841 2035 deum
2882 1983 3176 2052 Accaron,
3207 1985 3274 2038 ut
3302 1982 3573 2040 consule-

1893 2066 2026 2119 reut
2053 2078 2194 2119 cum
2226 2068 2427 2120 utrum
2462 2063 2658 2123 vivere
2688 2070 2892 2140 posset
2920 2066 2996 2125 de
3016 2068 3132 2127 hac
3165 2067 3567 2130 inﬁrmitate.»

110 2154 223 2211 ctis
254 2159 400 2228 post
426 2160 658 2224 tergum
692 2154 899 2224 oculis,
934 2155 1084 2213 dum
1122 2157 1602 2225 consideramus,
1635 2173 1787 2231 qua—
1819 2175 1859 2230 Β
1896 2150 2001 2209 Cui
2031 2168 2172 2209 cum
2200 2150 2355 2210 Elias
2385 2150 2609 2211 nuntiis
2637 2155 2759 2213 suis
2785 2156 3040 2215 obvians
3064 2158 3141 2216 de
3157 2164 3350 2217 morte
3372 2159 3573 2220 Vicina

110 2243 246 2301 liter
275 2243 584 2301 undosum
627 2245 900 2316 gnaviter
922 2262 1035 2319 per
1061 2245 1211 2304 freta
1252 2247 1599 2320 navigando
1624 2263 1790 2305 com-

112 2333 452 2408 pressimus
485 2350 712 2409 aequor.
738 2337 824 2392 Fit
845 2336 1063 2393 certius
1092 2336 1240 2393 illud
1269 2338 1438 2411 quod
1467 2338 1669 2395 adhuc
1699 2354 1790 2396 re-

113 2429 237 2482 stat
284 2428 599 2482 transnare
635 2424 721 2481 ad
760 2425 946 2483 littus.
978 2426 1093 2484 Sed
1141 2444 1497 2502 quanquam
1528 2444 1789 2504 parvum

108 2514 395 2581 videatur
418 2516 704 2589 spatium,
730 2516 897 2591 quod
941 2516 1275 2574 debeamus
1306 2534 1551 2592 carpere
1579 2518 1788 2590 maris,

111 2621 331 2663 verum
359 2609 452 2662 est
478 2604 658 2663 nobis
680 2605 1114 2675 necessarium,
1141 2611 1205 2664 ut
1230 2608 1512 2683 aquilone
1543 2608 1793 2667 descen-

108 2695 294 2753 dente
320 2693 533 2751 leniter
560 2694 766 2751 ﬂabris
797 2696 1535 2771 aspiretprosperantibus
1565 2703 1788 2772 auster,

110 2785 222 2858 qui
253 2800 558 2858 suspensa
585 2784 720 2841 vela
760 2785 1037 2859 impellit,
1069 2791 1135 2843 ut
1174 2791 1567 2862 prosperetur
1591 2789 1788 2845 navis.

107 2878 269 2931 Nam
299 2872 520 2931 assolet
541 2873 691 2938 fieri,
716 2878 777 2931 ut
797 2874 947 2933 dum
972 2875 1210 2933 incaute
1241 2876 1492 2950 cupiunt
1515 2878 1792 2934 nonnulli

110 2964 356 3038 absque
376 2964 527 3021 ﬂatu
558 2964 811 3039 Spiritus
838 2967 1064 3023 summi
1082 2967 1331 3025 transire
1359 2968 1580 3025 caerula
1594 2971 1788 3042 ponti,

107 3054 391 3112 incidant
414 3055 475 3111 in
508 3054 821 3123 saxa,ime
840 3056 1152 3114 attendant
1173 3057 1237 3114 in
1269 3062 1557 3125 montem,
1586 3063 1644 3115 et
1666 3075 1792 3116 non

107 3144 430 3202 inveniant
480 3148 749 3217 portum,
802 3144 914 3201 sed
966 3146 1171 3217 potius
1225 3147 1574 3218 planctum:
1630 3149 1793 3206 ideo-

104 3251 236 3309 que
267 3239 361 3292 est
390 3232 567 3290 nobis
594 3237 769 3290 caute
798 3232 1098 3291 deducere
1126 3236 1406 3309 puppim,
1436 3237 1647 3295 leniter
1666 3254 1791 3312 quo

108 3327 319 3381 currat
350 3326 477 3380 tuta
518 3338 683 3380 mare
730 3338 839 3397 per
868 3322 1058 3380 altum
1106 3340 1231 3398 quo
1274 3330 1482 3398 portus
1513 3326 1788 3400 accipiat,

105 3415 313 3489 ipsam
342 3412 422 3470 de
460 3412 693 3484 gurgite
719 3412 989 3487 tandem,
1019 3418 1078 3470 et
1109 3415 1314 3471 sedere
1340 3416 1553 3482 valeat,
1580 3415 1702 3473 ﬁxa
1728 3417 1791 3473 in

1895 2240 2324 2316 reSpondisset,
2341 2243 2501 2301 misit
2522 2243 2600 2301 ad
2625 2261 2765 2303 eum
2789 2246 3388 2322 quinquagenarium
3406 2249 3574 2326 prin-

1897 2331 2113 2406 cipem,
2147 2349 2287 2389 cum
2318 2331 2606 2391 militibus
2637 2334 2752 2392 sibi
2780 2332 3091 2409 subjectis,
3114 2343 3182 2395 ut
3206 2354 3348 2397 eum
3380 2338 3572 2398 addu-

1896 2425 2116 2477 cerent.
2148 2419 2263 2478 Sed
2311 2420 2406 2478 his
2457 2420 2595 2495 igne
2642 2423 2865 2482 cmlesti
2904 2427 3306 2500 consumptis,
3351 2423 3572 2488 iterum

1897 2508 2060 2566 misit
2110 2506 2298 2569 alium
2341 2510 2959 2587 quinquagenarium,
2989 2515 3095 2590 qui
3135 2510 3404 2576 similiter
3431 2533 3574 2577 eum

1899 2599 2023 2657 suis
2064 2600 2420 2657 combustus
2478 2605 2589 2660 est.
2620 2603 2768 2660 Misit
2818 2603 3056 2677 iterum,
3088 2606 3195 2682 qui
3230 2612 3572 2665 reservatus

1898 2694 2010 2745 est.
2042 2688 2249 2763 Itaque
2280 2705 2385 2747 rex
2413 2690 2525 2748 iste
2556 2690 2856 2767 populum
2885 2693 3259 2765 Judaeorum,
3293 2701 3351 2753 et
3380 2694 3574 2755 maxi-

1898 2794 1996 2835 me
2027 2779 2327 2853 principes
2356 2780 2674 2855 signiiicat,
2710 2782 2817 2857 qui
2834 2784 3100 2857 peccatis
3133 2790 3192 2843 et
3219 2786 3377 2843 vitiis
3403 2785 3575 2844 dedi-

1900 2868 1960 2933 ti,
1988 2868 2301 2927 veritatem
2319 2886 2356 2928 a
2386 2887 2450 2928 se
2473 2870 2864 2946 repellebant,
2887 2873 3012 2933 imo
3031 2876 3572 2951 persequebantur.

1906 2958 2069 3015 Unde
2098 2958 2317 3030 legitur
2364 2960 2427 3016 in
2461 2959 2820 3034 Evangelia:
2857 2985 2886 3014 «
2908 2964 3059 3025 Quia
3085 2965 3382 3024 miserunt
3402 2965 3575 3040 prin-

1901 3049 2063 3123 cipes
2095 3056 2152 3107 et
2182 3050 2460 3108 Pharisaei
2490 3051 2799 3110 ministros
2830 3057 2894 3111 ut
2917 3055 3443 3128 apprehenderent
3471 3058 3570 3115 Je-

1903 3155 2041 3194 sum
2086 3140 2281 3209 (Joan.
2335 3141 2512 3211 vn)»
2566 3142 2628 3197 Et
2671 3140 2926 3198 iterum:
2975 3143 3385 3209 «Quaerebam
3431 3159 3576 3218 ergo

1905 3245 2042 3285 eum
2078 3228 2552 3303 apprehendere,
2576 3233 2633 3287 et
2659 3246 2842 3288 nemo
2870 3230 3035 3289 misit
3061 3232 3123 3290 in
3153 3250 3295 3291 eum
3325 3250 3570 3305 manus,

1902 3319 2049 3393 quia
2074 3318 2352 3376 nondum
2394 3323 2641 3377 venerat
2674 3319 2830 3378 hora
2859 3321 3010 3393 ejus,
3042 3325 3101 3380 et
3123 3322 3278 3395 fugit
3305 3327 3366 3381 in
3397 3340 3575 3383 mon-

1905 3415 2020 3467 tem
2061 3410 2226 3467 solus
2272 3426 2447 3467 orare
2477 3410 2670 3481 (Joan.
2702 3412 2880 3483 vui).»
2911 3413 2981 3469 Et
3008 3411 3263 3472 iterum:
3296 3414 3578 3487 «ϐοείαις

106 3504 308 3561 littore
338 3501 642 3573 gaudens,
674 3506 739 3558 ut
772 3502 984 3561 saltem
1016 3504 1381 3561 commercia
1403 3505 1493 3561 vel
1523 3506 1790 3578 parvulis
1821 3542 1861 3599 Ο
1902 3504 2115 3556 verunt
2136 3503 2207 3599 ‘ut
2237 3498 2801 3599 interﬁcerent-911111
2823 3501 3154 3599 (εῙοαζιο-ὶίι.)⁸
3179 3524 3210 3556 θ)
3239 3505 3410 3599 λθευξ
3431 3520 3576 3599 εξᾳρ

104 3596 426 3664 congesta,
450 3591 646 3667 possit
688 3592 963 3649 conferre
1000 3593 1339 3662 doctorum,
1373 3598 1427 3651 et
1454 3595 1590 3652 licet
1617 3612 1792 3669 supe-
1826 3588 1861 3599 “
1900 3605 2022 3645 non
2055 3588 2259 3663 palam
2288 3588 2803 3664 ambulabatjam
2822 3590 2991 3665 apud
3014 3591 3407 3665 Judinos,sed
3428 3588 3576 3677 abiit

106 3684 286 3742 rioris
315 3682 456 3739 libri
505 3682 797 3754 mysteria
846 3682 1058 3738 Christi
1092 3690 1154 3740 et
1184 3685 1459 3740 Ecclesiae
1491 3685 1787 3758 pandunt,

107 3766 324 3831 verum
376 3772 483 3828 iste
535 3787 661 3844 pm
690 3771 980 3829 omnibus
1016 3774 1396 3845 passionem,
1429 3775 1553 3831 imo
1584 3791 1790 3832 ascen-

105 3864 351 3920 sionem
387 3860 767 3919 demonstrat
813 3860 1157 3918 Salvatoris.
1193 3862 1357 3919 Unde
1386 3863 1482 3920 isti
1509 3860 1646 3921 libri
1684 3867 1790 3922 Be-

107 3968 379 4025 gnorum
444 3965 571 4007 non
638 3949 936 4007 immerito
1000 3950 1543 4024 praeﬁguraverunt
1602 3953 1791 4011 libros

106 4046 378 4117 quatuor
406 4039 893 4111 Evangeliorum,
928 4039 1033 4097 ubi
1062 4040 1366 4099 evidenter
1400 4042 1574 4117 quod
1614 4044 1681 4099 in
1721 4043 1790 4100 ﬁ-

108 4148 267 4205 gura
292 4131 360 4188 in
383 4128 614 4188 eisdem
642 4134 884 4200 gestum
912 4133 1025 4198 est,
1057 4129 1122 4185 in
1153 4131 1394 4190 veritate
1424 4136 1567 4190 sunt
1590 4133 1789 4206 exple—

109 4227 188 4279 ta.
216 4219 462 4279 idcirco
490 4218 631 4277 volo
652 4219 876 4293 stylum
902 4218 1041 4276 illuc
1056 4226 1355 4278 revertere
1380 4238 1594 4291 ovans,
1612 4222 1790 4279 abdi-

108 4315 170 4369 ta
197 4310 434 4368 diutius
462 4325 540 4366 ne
566 4312 859 4367 maneant
877 4307 1133 4382 mystica
1158 4309 1341 4369 dona.
1362 4311 1477 4369 Sed
1494 4327 1577 4368 ex
1603 4310 1789 4371 dicto-

106 4417 251 4458 rum
302 4399 623 4457 doctorum
656 4398 882 4474 .[libris]
935 4397 1196 4456 decerno
1236 4416 1561 4472 congerere
1591 4400 1786 4475 plura,

105 4496 166 4548 et
192 4492 263 4548 in
308 4488 567 4546 modum
609 4487 793 4546 libelli
836 4488 1038 4562 cupio,
1070 4488 1328 4548 Domino
1354 4490 1617 4561 favente,
1650 4507 1791 4549 cou-

109 4579 360 4638 cludere
400 4582 679 4635 nostrum
723 4593 903 4652 opus,
936 4578 1373 4653 compendiose
1398 4578 1675 4639 videlicet
1716 4597 1791 4638 ac

106 4669 280 4728 brevi
318 4683 621 4741 sermone,
650 4683 728 4725 ne
755 4667 958 4726 videar
985 4667 1170 4725 libelli
1210 4671 1574 4728 stromatum
1606 4686 1788 4729 exce-

107 4760 254 4818 dere
282 4758 569 4817 modum.
598 4757 695 4816 Ait
720 4772 901 4816 sacra
922 4755 1192 4817 historia.

683 4915 913 4979 CAPUT
948 4915 1232 4978 PRIMUM.

180 5052 209 5080 α
236 5025 683 5085 Ρπωνωίοειιυε
712 5031 803 5084 est
843 5030 1051 5084 autem
1096 5026 1269 5086 Moab
1298 5026 1359 5084 in
1388 5027 1600 5098 Israel,
1631 5032 1793 5103 post-

113 5140 144 5173 (
170 5133 372 5193 quam
417 5120 695 5175 mortuus
726 5119 823 5175 est
848 5115 1075 5174 Achab.
1094 5114 1452 5191 Ceciditque
1505 5117 1791 5191 chozias

1900 3679 1963 3734 in
1990 3679 2302 3749 regionem
2343 3678 2502 3735 intra
2527 3678 2852 3749 desertum,
2883 3680 2948 3738 in
2985 3682 3286 3743 civitatem
3308 3699 3444 3756 quae
3473 3683 3568 3740 di-

1900 3766 2050 3824 citur
2073 3766 2378 3841 Ephraim.
2409 3770 2634 3824 Domus
2664 3784 2807 3840 ergo
2829 3767 3100 3827 Ochoziae
3133 3772 3459 3843 Synagoga
3482 3775 3576 3829 est

1900 3857 2273 3926 Judaeorum,
2305 3873 2443 3931 quae
2471 3856 2768 3928 legalibus
2792 3858 3102 3932 praeceptis
3129 3860 3304 3932 quasi
3333 3860 3571 3918 cancel-

1896 3947 1972 4005 lis
2013 3946 2331 4017 ceenaculi,
2362 3947 2632 4022 undique
2681 3948 3055 4006 circumdata
3098 3953 3243 4007 erat.
3273 3949 3390 4007 Sed
3420 3950 3572 4008 sicut

1902 4038 2188 4097 Ochozias
2217 4037 2322 4113 qui
2348 4053 2463 4112 per
2503 4038 2802 4095 cancellos
2849 4037 3073 4113 quibus
3121 4039 3271 4097 tueri
3297 4038 3574 4098 debuerit

1900 4145 2101 4199 ruens,
2131 4128 2549 4200 aegritudinem
2587 4129 2842 4187 nimiam
2882 4129 3152 4199 incurrit,
3178 4129 3266 4188 ita
3294 4134 3354 4189 et
3376 4146 3574 4206 pupu-

1896 4216 1993 4275 lus
2020 4217 2389 4286 Judaeorum,
2419 4217 2571 4289 legis
2615 4219 2953 4276 custodiam
2992 4217 3310 4284 excedens,
3348 4219 3413 4279 in
3442 4219 3572 4279 lan-

1894 4323 2151 4379 guorem
2213 4305 2658 4381 desperabilem
2725 4312 3117 4382 peccatorum
3174 4309 3406 4368 cecidit.
3460 4310 3572 4368 Ubi

1897 4397 2044 4473 quia
2093 4396 2302 4454 divina
2342 4398 2630 4470 praesidia
2676 4396 3013 4474 dereliquit,
3045 4400 3254 4459 salutis
3300 4399 3572 4458 remedia

1898 4486 2165 4545 invenire
2194 4503 2318 4544 non
2348 4488 2585 4545 meruit.
2628 4486 2907 4561 Confugit
2932 4488 3118 4561 enim,
3151 4489 3303 4548 sicut
3324 4506 3431 4549 rex
3452 4489 3570 4548 im-

1894 4578 2036 4653 pius
2062 4576 2221 4648 fecit,
2253 4576 2333 4634 ad
2359 4576 2651 4636 falsorum
2672 4578 2929 4637 deorum
2956 4579 3259 4654 praesidia,
3278 4595 3317 4638 a
3344 4578 3571 4652 quibus

1896 4666 2095 4739 magis
2122 4666 2305 4724 laesus
2334 4682 2523 4740 quam
2547 4666 2645 4738 adj
2658 4671 2792 4724 utus
2818 4671 2928 4724 est.
2956 4668 3026 4725 Et
3045 4668 3183 4726 ideo
3204 4666 3281 4724 de
3310 4665 3572 4739 prophe—

1901 4757 2018 4815 tico
2042 4772 2143 4814 ore
2174 4754 2512 4828 corripitur,
2542 4759 2600 4811 et
2627 4754 2704 4813 de
2729 4756 2861 4828 ejus
2885 4755 3087 4815 vicina
3127 4759 3320 4813 morte
3356 4754 3573 4829 praedi-

1898 4846 2072 4905 citur.
2121 4845 2267 4903 Hine
2308 4859 2427 4918 per
2479 4844 2698 4901 Isaiam
2747 4844 3002 4902 dicitur:
3056 4868 3085 4898 «
3115 4847 3265 4903 Cum
3304 4842 3572 4903 dixerint

1816 4911 1862 4966 D
1896 4936 1983 4996 ad
2005 4952 2133 5008 vos,
2154 4911 2405 5009 quaerite
2434 4949 2473 4990 a
2490 4932 2877 5006 ,pythonibus
2907 4937 2965 4992 et
2992 4950 3031 4993 a
3058 4932 3277 4993 divinis
3306 4932 3414 5010 qui
3441 4934 3571 4992 stri-

1901 5027 2056 5084 dunt
2102 5026 2166 5083 in
2213 5022 2725 5082 incantationibus
2770 5023 2897 5081 suis
2928 5024 3068 5098 (Isa.
3100 5023 3258 5099 vu).»
3284 5023 3572 5099 Nunquid

1894 5132 2026 5175 non
2073 5115 2338 5190 pepulus
2380 5130 2428 5173 a
2480 5114 2600 5173 Deo
2656 5128 2768 5173 suo
2823 5112 3087 5190 requiret
3135 5130 3247 5189 pro
3289 5115 3442 5175 vivis
3498 5132 3572 5174 ac

112 5234 139 5261 ι(
173 5205 621 5283 pereancellos
648 5205 944 5265 omnaculi
983 5205 1082 5264 sui
1109 5206 1278 5279 quod
1306 5205 1659 5264 habebatin
1692 5209 1793 5266 Sa-
1891 5207 2176 5279 mortuis,
2235 5205 2315 5264 ad
2358 5204 2555 5278 legem
2617 5204 2816 5278 magis
2876 5211 2934 5264 et
2982 5206 3064 5265 ad
3112 5206 3572 5266 testimonium?

110 5322 141 5349 α
172 5297 396 5367 maria,
422 5301 487 5354 et
506 5296 841 5368 aegmtavit.
872 5294 1142 5370 misitque
1169 5295 1414 5354 nuntios
1452 5296 1667 5354 dicens
1699 5296 1791 5354 ad
1894 5297 2072 5364 Quod
2101 5297 2152 5355 si
2181 5311 2303 5353 non
2318 5294 2771 5368 dixerintjuxta
2787 5296 3040 5356 verbum
3064 5297 3342 5367 hoc,non
3357 5293 3467 5353 erit
3485 5295 3571 5352 eis

116 5410 145 5441 α
175 5405 324 5447 eos:
374 5389 475 5454 Ite,
527 5385 817 5444 consulite
858 5384 1198 5444 Beelzebub
1248 5385 1434 5442 deum
1490 5390 1787 5455 Accaron,
1900 5386 2198 5446 matutina
2225 5386 2349 5443 lux.
2385 5388 2451 5442 Et
2480 5385 2587 5460 qui
2633 5386 2931 5445 transierit
2964 5404 3079 5462 per
3131 5402 3203 5445 ea
3250 5386 3576 5443 corruetet

115 5500 145 5527 α
178 5482 386 5535 utrum
435 5476 638 5535 vivere
676 5490 904 5550 queam
954 5474 1031 5532 de
1075 5473 1421 5534 inﬁrmitate
1466 5491 1607 5533 mea
1654 5476 1789 5533 hac.
1898 5476 2138 5546 esuriat,
2163 5480 2389 5534 etcum
2415 5474 2693 5532 esurierit
2709 5475 3018 5547 irascetur,
3037 5480 3096 5535 et
3114 5473 3574 5548 maledicetregi

118 5591 146 5616 α
176 5566 447 5640 Angelus
495 5569 702 5625 autem
756 5564 994 5623 Domini
1047 5563 1285 5622 locutus
1338 5569 1430 5621 est
1468 5564 1553 5623 ad
1604 5565 1791 5622 Etiam
1902 5583 2034 5638 suo,
2065 5572 2123 5623 et
2151 5565 2439 5642 suspiciet
2478 5581 2740 5635 sursum,
2772 5569 2829 5623 et
2856 5567 2936 5624 ad
2968 5571 3192 5626 terram
3210 5564 3567 5624 intuebitur.

121 5677 151 5708 α
180 5658 499 5715 Thesbiten
527 5656 738 5713 dicens
763 5672 776 5710 :
806 5656 992 5724 Surge
1021 5658 1081 5711 et
1104 5654 1362 5711 ascende
1387 5655 1448 5710 in
1470 5670 1791 5711 occursum
1904 5660 2049 5713 Ecce
2083 5656 2384 5714 tribulatio
2426 5660 2485 5712 et
2531 5655 2813 5726 tenebrae,
2842 5655 3178 5726 dissolutio,
3192 5650 3488 5726 angustia
3517 5657 3575 5711 et

122 5765 147 5793 α
183 5749 537 5805 nuntiorum
564 5745 724 5817 regis
754 5744 1065 5817 Samnite,
1092 5748 1150 5802 et
1167 5744 1333 5802 dices
1359 5744 1439 5801 ad
1469 5760 1575 5803 eos
1601 5761 1613 5800 :
1637 5749 1794 5801 Nun-
1902 5747 2098 5818 caligo
2118 5761 2518 5821 persequens,
2536 5748 2602 5802 et
2623 5760 2749 5802 non
2776 5746 2994 5820 poterit
3015 5746 3256 5806 evolare
3282 5745 3570 5813 decusu-

122 5859 149 5884 «
180 5837 329 5910 quid
359 5853 485 5897 non
507 5838 598 5895 est
616 5836 773 5893 Deus
802 5834 865 5892 in
895 5833 1096 5905 Israel,
1121 5838 1186 5892 ut
1208 5834 1360 5892 eatis
1374 5833 1455 5893 ad
1475 5834 1792 5897 consulen-
1907 5835 2019 5895 stia
2049 5854 2178 5898 sua.
2213 5836 2377 5897 Mittit
2403 5853 2507 5894 rex
2553 5835 2775 5910 impius
2818 5836 2974 5897 duos
3016 5832 3575 5912 quinquagenarias
