  <div class='ocr_page' id='page_1' title='image "/cluster/home/n/w/nwhite01/storage/ocr_20150623/115-116/uc1.31175006916467/255.png"; bbox 0 0 3940 6404; ppageno 0'>
   <div class='ocr_carea' id='block_1_1' title="bbox 391 279 498 336">
    <p class='ocr_par' dir='ltr' id='par_1_1' title="bbox 391 279 498 336">
     <span class='ocr_line' id='line_1_1' title="bbox 391 279 498 336; baseline -0.028 0"><span class='ocrx_word' id='word_1_1' title='bbox 391 279 498 336; x_wconf 75' lang='grc'>495</span> 
     </span>
    </p>
   </div>
   <div class='ocr_carea' id='block_1_2' title="bbox 1498 268 3811 330">
    <p class='ocr_par' dir='ltr' id='par_1_2' title="bbox 1498 268 3811 330">
     <span class='ocr_line' id='line_1_2' title="bbox 1498 268 3811 330; baseline 0 -2"><span class='ocrx_word' id='word_1_2' title='bbox 1498 274 1856 330; x_wconf 78' lang='lat' dir='ltr'>ANGELOMI</span> <span class='ocrx_word' id='word_1_3' title='bbox 1897 268 2351 327; x_wconf 81' lang='lat' dir='ltr'>LUXOVIENSIS</span> <span class='ocrx_word' id='word_1_4' title='bbox 2390 272 2724 328; x_wconf 78' lang='lat' dir='ltr'>MONACHI.</span> <span class='ocrx_word' id='word_1_5' title='bbox 3714 274 3811 329; x_wconf 71' lang='lat'>496</span> 
     </span>
    </p>
   </div>
   <div class='ocr_carea' id='block_1_3' title="bbox 395 392 3813 467">
    <p class='ocr_par' dir='ltr' id='par_1_3' title="bbox 395 392 3813 467">
     <span class='ocr_line' id='line_1_3' title="bbox 395 392 3813 467; baseline -0.002 -10"><span class='ocrx_word' id='word_1_6' title='bbox 395 419 532 458; x_wconf 89' lang='lat' dir='ltr'>cum</span> <span class='ocrx_word' id='word_1_7' title='bbox 583 400 839 456; x_wconf 86' lang='lat' dir='ltr'>subditis</span> <span class='ocrx_word' id='word_1_8' title='bbox 880 399 991 455; x_wconf 88' lang='lat' dir='ltr'>sibi</span> <span class='ocrx_word' id='word_1_9' title='bbox 1038 397 1348 467; x_wconf 87' lang='lat' dir='ltr'>militibus,</span> <span class='ocrx_word' id='word_1_10' title='bbox 1375 402 1440 452; x_wconf 93' lang='lat' dir='ltr'>ut</span> <span class='ocrx_word' id='word_1_11' title='bbox 1477 396 1798 453; x_wconf 72' lang='lat' dir='ltr'>exhibeant</span> <span class='ocrx_word' id='word_1_12' title='bbox 1841 395 2047 462; x_wconf 84' lang='lat' dir='ltr'>Eliam,</span> <span class='ocrx_word' id='word_1_13' title='bbox 2079 396 2126 448; x_wconf 84' lang='lat' dir='ltr'><strong>A</strong></span> <span class='ocrx_word' id='word_1_14' title='bbox 2167 397 2289 450; x_wconf 91' lang='lat' dir='ltr'>tute</span> <span class='ocrx_word' id='word_1_15' title='bbox 2315 399 2671 466; x_wconf 82' lang='lat' dir='ltr'>penetraret.</span> <span class='ocrx_word' id='word_1_16' title='bbox 2701 395 2811 461; x_wconf 89' lang='lat' dir='ltr'>Qui</span> <span class='ocrx_word' id='word_1_17' title='bbox 2842 393 3016 450; x_wconf 90' lang='lat' dir='ltr'>nobis</span> <span class='ocrx_word' id='word_1_18' title='bbox 3060 393 3121 448; x_wconf 90' lang='lat' dir='ltr'>in</span> <span class='ocrx_word' id='word_1_19' title='bbox 3171 409 3233 448; x_wconf 91' lang='lat' dir='ltr'>se</span> <span class='ocrx_word' id='word_1_20' title='bbox 3263 392 3665 464; x_wconf 87' lang='lat' dir='ltr'>credentibus,</span> <span class='ocrx_word' id='word_1_21' title='bbox 3695 412 3813 451; x_wconf 92' lang='lat' dir='ltr'>car-</span> 
     </span>
    </p>
   </div>
   <div class='ocr_carea' id='block_1_4' title="bbox 393 487 2054 563">
    <p class='ocr_par' dir='ltr' id='par_1_4' title="bbox 393 487 2054 563">
     <span class='ocr_line' id='line_1_4' title="bbox 393 487 2054 563; baseline -0.004 -18"><span class='ocrx_word' id='word_1_22' title='bbox 393 492 499 563; x_wconf 90' lang='lat' dir='ltr'>qui</span> <span class='ocrx_word' id='word_1_23' title='bbox 551 490 751 545; x_wconf 87' lang='lat' dir='ltr'>divino</span> <span class='ocrx_word' id='word_1_24' title='bbox 799 489 936 557; x_wconf 87' lang='lat' dir='ltr'>igne</span> <span class='ocrx_word' id='word_1_25' title='bbox 989 487 1332 559; x_wconf 81' lang='lat' dir='ltr'>consumpti</span> <span class='ocrx_word' id='word_1_26' title='bbox 1385 491 1557 542; x_wconf 88' lang='lat' dir='ltr'>sunt:</span> <span class='ocrx_word' id='word_1_27' title='bbox 1604 487 1808 542; x_wconf 90' lang='lat' dir='ltr'>tertius</span> <span class='ocrx_word' id='word_1_28' title='bbox 1852 489 2054 540; x_wconf 90' lang='lat' dir='ltr'>autem</span> 
     </span>
    </p>
   </div>
   <div class='ocr_carea' id='block_1_5' title="bbox 394 575 2056 648">
    <p class='ocr_par' dir='ltr' id='par_1_5' title="bbox 394 575 2056 648">
     <span class='ocr_line' id='line_1_5' title="bbox 394 575 2056 648; baseline -0.004 -14"><span class='ocrx_word' id='word_1_29' title='bbox 394 580 614 635; x_wconf 89' lang='lat' dir='ltr'>missus</span> <span class='ocrx_word' id='word_1_30' title='bbox 645 577 929 632; x_wconf 91' lang='lat' dir='ltr'>salvatur.</span> <span class='ocrx_word' id='word_1_31' title='bbox 959 575 1526 648; x_wconf 87' lang='lat' dir='ltr'>Quinquagenarius</span> <span class='ocrx_word' id='word_1_32' title='bbox 1553 589 1819 646; x_wconf 85' lang='lat' dir='ltr'>namque</span> <span class='ocrx_word' id='word_1_33' title='bbox 1846 588 2056 628; x_wconf 92' lang='lat' dir='ltr'>nume-</span> 
     </span>
    </p>
   </div>
   <div class='ocr_carea' id='block_1_6' title="bbox 394 662 2053 737">
    <p class='ocr_par' dir='ltr' id='par_1_6' title="bbox 394 662 2053 737">
     <span class='ocr_line' id='line_1_6' title="bbox 394 662 2053 737; baseline -0.005 -13"><span class='ocrx_word' id='word_1_34' title='bbox 394 685 499 724; x_wconf 90' lang='lat' dir='ltr'>rus</span> <span class='ocrx_word' id='word_1_35' title='bbox 531 665 823 723; x_wconf 79' lang='lat' dir='ltr'>confessio</span> <span class='ocrx_word' id='word_1_36' title='bbox 871 664 1233 737; x_wconf 69' lang='lat' dir='ltr'>paenitentiae</span> <span class='ocrx_word' id='word_1_37' title='bbox 1277 677 1384 730; x_wconf 72' lang='lat' dir='ltr'>es&#39;,</span> <span class='ocrx_word' id='word_1_38' title='bbox 1417 679 1540 736; x_wconf 92' lang='lat' dir='ltr'>quo</span> <span class='ocrx_word' id='word_1_39' title='bbox 1587 662 1928 718; x_wconf 80' lang='lat' dir='ltr'>declaratur</span> <span class='ocrx_word' id='word_1_40' title='bbox 1962 677 2053 716; x_wconf 91' lang='lat' dir='ltr'>re-</span> 
     </span>
    </p>
   </div>
   <div class='ocr_carea' id='block_1_7' title="bbox 394 750 2055 826">
    <p class='ocr_par' dir='ltr' id='par_1_7' title="bbox 394 750 2055 826">
     <span class='ocr_line' id='line_1_7' title="bbox 394 750 2055 826; baseline -0.005 -14"><span class='ocrx_word' id='word_1_41' title='bbox 394 756 600 813; x_wconf 90' lang='lat' dir='ltr'>missio</span> <span class='ocrx_word' id='word_1_42' title='bbox 626 757 1032 826; x_wconf 90' lang='lat' dir='ltr'>peccatorum.</span> <span class='ocrx_word' id='word_1_43' title='bbox 1063 751 1250 808; x_wconf 73' lang='lat' dir='ltr'>Judaai</span> <span class='ocrx_word' id='word_1_44' title='bbox 1283 767 1424 822; x_wconf 88' lang='lat' dir='ltr'>ergo</span> <span class='ocrx_word' id='word_1_45' title='bbox 1463 751 1731 807; x_wconf 88' lang='lat' dir='ltr'>nolentes</span> <span class='ocrx_word' id='word_1_46' title='bbox 1759 750 2055 806; x_wconf 89' lang='lat' dir='ltr'>Christum</span> 
     </span>
    </p>
   </div>
   <div class='ocr_carea' id='block_1_8' title="bbox 395 837 2053 916">
    <p class='ocr_par' dir='ltr' id='par_1_8' title="bbox 395 837 2053 916">
     <span class='ocr_line' id='line_1_8' title="bbox 395 837 2053 916; baseline -0.002 -20"><span class='ocrx_word' id='word_1_47' title='bbox 395 845 581 900; x_wconf 87' lang='lat' dir='ltr'>Deum</span> <span class='ocrx_word' id='word_1_48' title='bbox 612 859 742 898; x_wconf 92' lang='lat' dir='ltr'>esse</span> <span class='ocrx_word' id='word_1_49' title='bbox 787 843 1116 916; x_wconf 90' lang='lat' dir='ltr'>perfectum</span> <span class='ocrx_word' id='word_1_50' title='bbox 1166 857 1275 896; x_wconf 88' lang='lat' dir='ltr'>nec</span> <span class='ocrx_word' id='word_1_51' title='bbox 1307 840 1638 913; x_wconf 87' lang='lat' dir='ltr'>principem</span> <span class='ocrx_word' id='word_1_52' title='bbox 1669 837 2053 912; x_wconf 62' lang='lat' dir='ltr'>paenitentiae,</span> 
     </span>
    </p>
   </div>
   <div class='ocr_carea' id='block_1_9' title="bbox 395 928 2056 1002">
    <p class='ocr_par' dir='ltr' id='par_1_9' title="bbox 395 928 2056 1002">
     <span class='ocr_line' id='line_1_9' title="bbox 395 928 2056 1002; baseline -0.004 -14"><span class='ocrx_word' id='word_1_53' title='bbox 395 934 601 989; x_wconf 91' lang='lat' dir='ltr'>dicunt</span> <span class='ocrx_word' id='word_1_54' title='bbox 647 933 723 988; x_wconf 89' lang='lat' dir='ltr'>ad</span> <span class='ocrx_word' id='word_1_55' title='bbox 769 949 946 988; x_wconf 91' lang='lat' dir='ltr'>eum:</span> <span class='ocrx_word' id='word_1_56' title='bbox 1001 929 1505 1002; x_wconf 78' lang='lat' dir='ltr'>«Quinquaginta</span> <span class='ocrx_word' id='word_1_57' title='bbox 1550 945 1743 985; x_wconf 91' lang='lat' dir='ltr'>annos</span> <span class='ocrx_word' id='word_1_58' title='bbox 1781 928 2056 984; x_wconf 90' lang='lat' dir='ltr'>nondum</span> 
     </span>
    </p>
   </div>
   <div class='ocr_carea' id='block_1_10' title="bbox 393 1017 2057 1098">
    <p class='ocr_par' dir='ltr' id='par_1_10' title="bbox 393 1017 2057 1098">
     <span class='ocr_line' id='line_1_10' title="bbox 393 1017 2057 1098; baseline -0.004 -20"><span class='ocrx_word' id='word_1_59' title='bbox 393 1023 603 1098; x_wconf 59' lang='lat' dir='ltr'>habes,</span> <span class='ocrx_word' id='word_1_60' title='bbox 632 1027 688 1077; x_wconf 92' lang='lat' dir='ltr'>et</span> <span class='ocrx_word' id='word_1_61' title='bbox 716 1021 1022 1076; x_wconf 84' lang='lat' dir='ltr'>Abraham</span> <span class='ocrx_word' id='word_1_62' title='bbox 1053 1019 1258 1075; x_wconf 86' lang='lat' dir='ltr'>nosti?</span> <span class='ocrx_word' id='word_1_63' title='bbox 1283 1041 1310 1067; x_wconf 83' lang='lat'><strong>»</strong></span> <span class='ocrx_word' id='word_1_64' title='bbox 1355 1022 1417 1074; x_wconf 88' lang='lat' dir='ltr'>In</span> <span class='ocrx_word' id='word_1_65' title='bbox 1456 1017 1655 1074; x_wconf 89' lang='lat' dir='ltr'>futuro</span> <span class='ocrx_word' id='word_1_66' title='bbox 1687 1017 1891 1073; x_wconf 90' lang='lat' dir='ltr'>divino</span> <span class='ocrx_word' id='word_1_67' title='bbox 1919 1017 2057 1086; x_wconf 85' lang='lat' dir='ltr'>igne</span> 
     </span>
    </p>
   </div>
   <div class='ocr_carea' id='block_1_11' title="bbox 394 1105 2058 1178">
    <p class='ocr_par' dir='ltr' id='par_1_11' title="bbox 394 1105 2058 1178">
     <span class='ocr_line' id='line_1_11' title="bbox 394 1105 2058 1178; baseline -0.003 -12"><span class='ocrx_word' id='word_1_68' title='bbox 394 1111 799 1167; x_wconf 89' lang='lat' dir='ltr'>incenduntur</span> <span class='ocrx_word' id='word_1_69' title='bbox 876 1114 934 1165; x_wconf 89' lang='lat' dir='ltr'>et</span> <span class='ocrx_word' id='word_1_70' title='bbox 1009 1109 1492 1178; x_wconf 80' lang='lat' dir='ltr'>exstinguuntur.</span> <span class='ocrx_word' id='word_1_71' title='bbox 1547 1105 1781 1162; x_wconf 91' lang='lat' dir='ltr'>Tertius</span> <span class='ocrx_word' id='word_1_72' title='bbox 1857 1111 2058 1162; x_wconf 89' lang='lat' dir='ltr'>autem</span> 
     </span>
    </p>
   </div>
   <div class='ocr_carea' id='block_1_12' title="bbox 393 1193 2060 1273">
    <p class='ocr_par' dir='ltr' id='par_1_12' title="bbox 393 1193 2060 1273">
     <span class='ocr_line' id='line_1_12' title="bbox 393 1193 2060 1273; baseline -0.004 -18"><span class='ocrx_word' id='word_1_73' title='bbox 393 1198 975 1273; x_wconf 87' lang='lat' dir='ltr'>quinquagenarius,</span> <span class='ocrx_word' id='word_1_74' title='bbox 1011 1197 1157 1269; x_wconf 91' lang='lat' dir='ltr'>quia</span> <span class='ocrx_word' id='word_1_75' title='bbox 1195 1211 1518 1252; x_wconf 90' lang='lat' dir='ltr'>conversus</span> <span class='ocrx_word' id='word_1_76' title='bbox 1545 1194 1624 1251; x_wconf 90' lang='lat' dir='ltr'>ad</span> <span class='ocrx_word' id='word_1_77' title='bbox 1666 1194 1850 1251; x_wconf 88' lang='lat' dir='ltr'>ﬁdem</span> <span class='ocrx_word' id='word_1_78' title='bbox 1879 1193 2060 1251; x_wconf 89' lang='lat' dir='ltr'>Trini-</span> 
     </span>
    </p>
   </div>
   <div class='ocr_carea' id='block_1_13' title="bbox 393 1283 2059 1361">
    <p class='ocr_par' dir='ltr' id='par_1_13' title="bbox 393 1283 2059 1361">
     <span class='ocr_line' id='line_1_13' title="bbox 393 1283 2059 1361; baseline -0.003 -16"><span class='ocrx_word' id='word_1_79' title='bbox 393 1290 550 1359; x_wconf 88' lang='lat' dir='ltr'>tatis,</span> <span class='ocrx_word' id='word_1_80' title='bbox 581 1287 938 1361; x_wconf 70' lang='lat' dir='ltr'>poenitentize</span> <span class='ocrx_word' id='word_1_81' title='bbox 987 1289 1367 1342; x_wconf 91' lang='lat' dir='ltr'>sacramenta</span> <span class='ocrx_word' id='word_1_82' title='bbox 1416 1285 1716 1356; x_wconf 89' lang='lat' dir='ltr'>cognovit,</span> <span class='ocrx_word' id='word_1_83' title='bbox 1746 1283 2059 1355; x_wconf 85' lang='lat' dir='ltr'>indulgen-</span> 
     </span>
    </p>
   </div>
   <div class='ocr_carea' id='block_1_14' title="bbox 395 1377 808 1435">
    <p class='ocr_par' dir='ltr' id='par_1_14' title="bbox 395 1377 808 1435">
     <span class='ocr_line' id='line_1_14' title="bbox 395 1377 808 1435; baseline -0.01 0"><span class='ocrx_word' id='word_1_84' title='bbox 395 1379 540 1435; x_wconf 89' lang='lat' dir='ltr'>tiam</span> <span class='ocrx_word' id='word_1_85' title='bbox 571 1377 808 1434; x_wconf 89' lang='lat' dir='ltr'>meruit.</span> 
     </span>
    </p>
   </div>
   <div class='ocr_carea' id='block_1_15' title="bbox 1056 1465 1388 1520">
    <p class='ocr_par' dir='ltr' id='par_1_15' title="bbox 1056 1465 1388 1520">
     <span class='ocr_line' id='line_1_15' title="bbox 1056 1465 1388 1520; baseline 0.003 -3"><span class='ocrx_word' id='word_1_86' title='bbox 1056 1465 1281 1520; x_wconf 83' lang='lat' dir='ltr'>CAPUT</span> <span class='ocrx_word' id='word_1_87' title='bbox 1322 1467 1388 1519; x_wconf 91' lang='lat' dir='ltr'>ll.</span> 
     </span>
    </p>
   </div>
   <div class='ocr_carea' id='block_1_16' title="bbox 471 1552 2058 1612">
    <p class='ocr_par' dir='ltr' id='par_1_16' title="bbox 471 1552 2058 1612">
     <span class='ocr_line' id='line_1_16' title="bbox 471 1552 2058 1612; baseline -0.003 0"><span class='ocrx_word' id='word_1_88' title='bbox 471 1580 500 1607; x_wconf 74' lang='grc' dir='ltr'><strong>ι(</strong></span> <span class='ocrx_word' id='word_1_89' title='bbox 533 1559 775 1612; x_wconf 89' lang='lat' dir='ltr'>Factum</span> <span class='ocrx_word' id='word_1_90' title='bbox 798 1559 886 1610; x_wconf 90' lang='lat' dir='ltr'>est</span> <span class='ocrx_word' id='word_1_91' title='bbox 915 1559 1116 1610; x_wconf 91' lang='lat' dir='ltr'>autem</span> <span class='ocrx_word' id='word_1_92' title='bbox 1157 1570 1296 1609; x_wconf 92' lang='lat' dir='ltr'>cum</span> <span class='ocrx_word' id='word_1_93' title='bbox 1338 1553 1536 1609; x_wconf 90' lang='lat' dir='ltr'>levare</span> <span class='ocrx_word' id='word_1_94' title='bbox 1565 1552 1742 1610; x_wconf 88' lang='lat' dir='ltr'>vellet</span> <span class='ocrx_word' id='word_1_95' title='bbox 1768 1553 2058 1608; x_wconf 89' lang='lat' dir='ltr'>Dominus</span> 
     </span>
    </p>
   </div>
   <div class='ocr_carea' id='block_1_17' title="bbox 400 1640 2054 1718">
    <p class='ocr_par' dir='ltr' id='par_1_17' title="bbox 400 1640 2054 1718">
     <span class='ocr_line' id='line_1_17' title="bbox 400 1640 2054 1718; baseline -0.001 -21"><span class='ocrx_word' id='word_1_96' title='bbox 400 1669 428 1697; x_wconf 83' lang='lat'>«</span> <span class='ocrx_word' id='word_1_97' title='bbox 462 1645 648 1701; x_wconf 86' lang='lat' dir='ltr'>Eliam</span> <span class='ocrx_word' id='word_1_98' title='bbox 679 1660 786 1718; x_wconf 87' lang='lat' dir='ltr'>per</span> <span class='ocrx_word' id='word_1_99' title='bbox 816 1643 1111 1699; x_wconf 83' lang='lat' dir='ltr'>turbinem</span> <span class='ocrx_word' id='word_1_100' title='bbox 1163 1642 1224 1698; x_wconf 93' lang='lat' dir='ltr'>in</span> <span class='ocrx_word' id='word_1_101' title='bbox 1250 1641 1491 1714; x_wconf 80' lang='lat' dir='ltr'>coelum,</span> <span class='ocrx_word' id='word_1_102' title='bbox 1523 1640 1651 1699; x_wconf 89' lang='lat' dir='ltr'>ibat</span> <span class='ocrx_word' id='word_1_103' title='bbox 1680 1641 1832 1698; x_wconf 89' lang='lat' dir='ltr'>Elias</span> <span class='ocrx_word' id='word_1_104' title='bbox 1858 1645 1915 1698; x_wconf 91' lang='lat' dir='ltr'>et</span> <span class='ocrx_word' id='word_1_105' title='bbox 1944 1642 2054 1696; x_wconf 81' lang='lat' dir='ltr'>Eli-</span> 
     </span>
    </p>
   </div>
   <div class='ocr_carea' id='block_1_18' title="bbox 399 1729 2124 1804">
    <p class='ocr_par' dir='ltr' id='par_1_18' title="bbox 399 1729 2124 1804">
     <span class='ocr_line' id='line_1_18' title="bbox 399 1729 2124 1804; baseline -0.001 -20"><span class='ocrx_word' id='word_1_106' title='bbox 399 1757 427 1784; x_wconf 89' lang='grc'>‹‹</span> <span class='ocrx_word' id='word_1_107' title='bbox 461 1751 616 1789; x_wconf 82' lang='lat' dir='ltr'>saeus</span> <span class='ocrx_word' id='word_1_108' title='bbox 660 1733 734 1788; x_wconf 92' lang='lat' dir='ltr'>de</span> <span class='ocrx_word' id='word_1_109' title='bbox 779 1731 1056 1802; x_wconf 88' lang='lat' dir='ltr'>Galgalis.</span> <span class='ocrx_word' id='word_1_110' title='bbox 1104 1731 1374 1804; x_wconf 81' lang='lat' dir='ltr'>Dixitque</span> <span class='ocrx_word' id='word_1_111' title='bbox 1418 1729 1568 1787; x_wconf 86' lang='lat' dir='ltr'>Elias</span> <span class='ocrx_word' id='word_1_112' title='bbox 1616 1729 1695 1787; x_wconf 87' lang='lat' dir='ltr'>ad</span> <span class='ocrx_word' id='word_1_113' title='bbox 1737 1730 2008 1786; x_wconf 81' lang='lat' dir='ltr'>Elisaeum</span> <span class='ocrx_word' id='word_1_114' title='bbox 2040 1749 2051 1783; x_wconf 96' lang='lat'>:</span> <span class='ocrx_word' id='word_1_115' title='bbox 2087 1749 2124 1802; x_wconf 76' lang='grc' dir='ltr'>Β</span> 
     </span>
    </p>
   </div>
   <div class='ocr_carea' id='block_1_19' title="bbox 397 1819 2057 1894">
    <p class='ocr_par' dir='ltr' id='par_1_19' title="bbox 397 1819 2057 1894">
     <span class='ocr_line' id='line_1_19' title="bbox 397 1819 2057 1894; baseline -0.002 -15"><span class='ocrx_word' id='word_1_116' title='bbox 397 1846 425 1872; x_wconf 91' lang='grc'><em>‹‹</em></span> <span class='ocrx_word' id='word_1_117' title='bbox 463 1821 611 1879; x_wconf 90' lang='lat' dir='ltr'>Sede</span> <span class='ocrx_word' id='word_1_118' title='bbox 658 1821 751 1876; x_wconf 91' lang='lat' dir='ltr'>hic</span> <span class='ocrx_word' id='word_1_119' title='bbox 783 1821 928 1894; x_wconf 91' lang='lat' dir='ltr'>quia</span> <span class='ocrx_word' id='word_1_120' title='bbox 978 1820 1264 1876; x_wconf 89' lang='lat' dir='ltr'>Dominus</span> <span class='ocrx_word' id='word_1_121' title='bbox 1309 1819 1470 1874; x_wconf 89' lang='lat' dir='ltr'>misit</span> <span class='ocrx_word' id='word_1_122' title='bbox 1499 1836 1596 1874; x_wconf 93' lang='lat' dir='ltr'>me</span> <span class='ocrx_word' id='word_1_123' title='bbox 1626 1835 1820 1892; x_wconf 90' lang='lat' dir='ltr'>usque</span> <span class='ocrx_word' id='word_1_124' title='bbox 1853 1819 1932 1876; x_wconf 90' lang='lat' dir='ltr'>ad</span> <span class='ocrx_word' id='word_1_125' title='bbox 1961 1823 2057 1875; x_wconf 85' lang='lat' dir='ltr'>Be-</span> 
     </span>
    </p>
   </div>
   <div class='ocr_carea' id='block_1_20' title="bbox 399 1907 2058 1967">
    <p class='ocr_par' dir='ltr' id='par_1_20' title="bbox 399 1907 2058 1967">
     <span class='ocr_line' id='line_1_20' title="bbox 399 1907 2058 1967; baseline 0.001 -5"><span class='ocrx_word' id='word_1_126' title='bbox 399 1935 428 1962; x_wconf 87' lang='grc'>‹‹</span> <span class='ocrx_word' id='word_1_127' title='bbox 461 1910 598 1967; x_wconf 92' lang='lat' dir='ltr'>thel.</span> <span class='ocrx_word' id='word_1_128' title='bbox 632 1910 735 1966; x_wconf 89' lang='lat' dir='ltr'>Cui</span> <span class='ocrx_word' id='word_1_129' title='bbox 766 1909 846 1965; x_wconf 88' lang='lat' dir='ltr'>ait</span> <span class='ocrx_word' id='word_1_130' title='bbox 877 1909 1117 1964; x_wconf 85' lang='lat' dir='ltr'>Elisaeus</span> <span class='ocrx_word' id='word_1_131' title='bbox 1145 1926 1158 1963; x_wconf 89' lang='lat'>:</span> <span class='ocrx_word' id='word_1_132' title='bbox 1188 1907 1338 1964; x_wconf 87' lang='lat' dir='ltr'>Vivit</span> <span class='ocrx_word' id='word_1_133' title='bbox 1362 1909 1652 1964; x_wconf 85' lang='lat' dir='ltr'>Dominus</span> <span class='ocrx_word' id='word_1_134' title='bbox 1684 1913 1742 1964; x_wconf 91' lang='lat' dir='ltr'>et</span> <span class='ocrx_word' id='word_1_135' title='bbox 1765 1908 1908 1964; x_wconf 88' lang='lat' dir='ltr'>vivit</span> <span class='ocrx_word' id='word_1_136' title='bbox 1937 1909 2058 1964; x_wconf 87' lang='lat' dir='ltr'>ani-</span> 
     </span>
    </p>
   </div>
   <div class='ocr_carea' id='block_1_21' title="bbox 397 1995 2052 2070">
    <p class='ocr_par' dir='ltr' id='par_1_21' title="bbox 397 1995 2052 2070">
     <span class='ocr_line' id='line_1_21' title="bbox 397 1995 2052 2070; baseline -0.002 -14"><span class='ocrx_word' id='word_1_137' title='bbox 397 2023 425 2050; x_wconf 85' lang='lat'><strong>«</strong></span> <span class='ocrx_word' id='word_1_138' title='bbox 455 2015 558 2056; x_wconf 91' lang='lat' dir='ltr'>ma</span> <span class='ocrx_word' id='word_1_139' title='bbox 600 2002 721 2065; x_wconf 91' lang='lat' dir='ltr'>tua,</span> <span class='ocrx_word' id='word_1_140' title='bbox 754 1997 897 2070; x_wconf 85' lang='lat' dir='ltr'>quia</span> <span class='ocrx_word' id='word_1_141' title='bbox 947 2013 1070 2054; x_wconf 92' lang='lat' dir='ltr'>non</span> <span class='ocrx_word' id='word_1_142' title='bbox 1115 1995 1534 2069; x_wconf 88' lang='lat' dir='ltr'>derelinquam</span> <span class='ocrx_word' id='word_1_143' title='bbox 1567 2001 1678 2063; x_wconf 86' lang='lat' dir='ltr'>te,»</span> <span class='ocrx_word' id='word_1_144' title='bbox 1709 2000 1767 2053; x_wconf 93' lang='lat' dir='ltr'>et</span> <span class='ocrx_word' id='word_1_145' title='bbox 1803 1996 2052 2070; x_wconf 90' lang='lat' dir='ltr'>reliqua.</span> 
     </span>
    </p>
   </div>
   <div class='ocr_carea' id='block_1_22' title="bbox 397 2085 2056 2159">
    <p class='ocr_par' dir='ltr' id='par_1_22' title="bbox 397 2085 2056 2159">
     <span class='ocr_line' id='line_1_22' title="bbox 397 2085 2056 2159; baseline -0.001 -15"><span class='ocrx_word' id='word_1_146' title='bbox 397 2088 550 2156; x_wconf 89' lang='lat' dir='ltr'>Quid</span> <span class='ocrx_word' id='word_1_147' title='bbox 596 2092 684 2143; x_wconf 91' lang='lat' dir='ltr'>est</span> <span class='ocrx_word' id='word_1_148' title='bbox 735 2085 901 2159; x_wconf 91' lang='lat' dir='ltr'>quod</span> <span class='ocrx_word' id='word_1_149' title='bbox 951 2086 1104 2142; x_wconf 83' lang='lat' dir='ltr'>Elias</span> <span class='ocrx_word' id='word_1_150' title='bbox 1151 2085 1230 2142; x_wconf 90' lang='lat' dir='ltr'>ad</span> <span class='ocrx_word' id='word_1_151' title='bbox 1277 2085 1498 2141; x_wconf 69' lang='lat' dir='ltr'>caelum</span> <span class='ocrx_word' id='word_1_152' title='bbox 1545 2091 1755 2158; x_wconf 89' lang='lat' dir='ltr'>raptus</span> <span class='ocrx_word' id='word_1_153' title='bbox 1793 2085 2056 2142; x_wconf 81' lang='lat' dir='ltr'>dicitur?</span> 
     </span>
    </p>
   </div>
   <div class='ocr_carea' id='block_1_23' title="bbox 393 2173 2056 2250">
    <p class='ocr_par' dir='ltr' id='par_1_23' title="bbox 393 2173 2056 2250">
     <span class='ocr_line' id='line_1_23' title="bbox 393 2173 2056 2250; baseline -0.002 -16"><span class='ocrx_word' id='word_1_154' title='bbox 393 2176 670 2250; x_wconf 88' lang='lat' dir='ltr'>nunquid</span> <span class='ocrx_word' id='word_1_155' title='bbox 698 2191 837 2231; x_wconf 89' lang='lat' dir='ltr'>eum</span> <span class='ocrx_word' id='word_1_156' title='bbox 863 2174 1062 2231; x_wconf 89' lang='lat' dir='ltr'>adhuc</span> <span class='ocrx_word' id='word_1_157' title='bbox 1105 2175 1166 2230; x_wconf 91' lang='lat' dir='ltr'>in</span> <span class='ocrx_word' id='word_1_158' title='bbox 1197 2174 1311 2230; x_wconf 89' lang='lat' dir='ltr'>hac</span> <span class='ocrx_word' id='word_1_159' title='bbox 1343 2189 1520 2230; x_wconf 89' lang='lat' dir='ltr'>carne</span> <span class='ocrx_word' id='word_1_160' title='bbox 1552 2173 1922 2247; x_wconf 86' lang='lat' dir='ltr'>corruptibili</span> <span class='ocrx_word' id='word_1_161' title='bbox 1950 2191 2056 2248; x_wconf 92' lang='lat' dir='ltr'>po-</span> 
     </span>
    </p>
   </div>
   <div class='ocr_carea' id='block_1_24' title="bbox 396 2263 2058 2336">
    <p class='ocr_par' dir='ltr' id='par_1_24' title="bbox 396 2263 2058 2336">
     <span class='ocr_line' id='line_1_24' title="bbox 396 2263 2058 2336; baseline -0.002 -12"><span class='ocrx_word' id='word_1_162' title='bbox 396 2267 596 2335; x_wconf 93' lang='lat' dir='ltr'>situm,</span> <span class='ocrx_word' id='word_1_163' title='bbox 623 2265 702 2322; x_wconf 92' lang='lat' dir='ltr'>ad</span> <span class='ocrx_word' id='word_1_164' title='bbox 744 2263 890 2320; x_wconf 91' lang='lat' dir='ltr'>illud</span> <span class='ocrx_word' id='word_1_165' title='bbox 923 2281 1178 2320; x_wconf 64' lang='lat' dir='ltr'>summa;</span> <span class='ocrx_word' id='word_1_166' title='bbox 1207 2263 1421 2336; x_wconf 91' lang='lat' dir='ltr'>quietis</span> <span class='ocrx_word' id='word_1_167' title='bbox 1448 2263 1664 2320; x_wconf 70' lang='lat' dir='ltr'>caalum</span> <span class='ocrx_word' id='word_1_168' title='bbox 1695 2268 1832 2320; x_wconf 91' lang='lat' dir='ltr'>ante</span> <span class='ocrx_word' id='word_1_169' title='bbox 1862 2280 2058 2320; x_wconf 88' lang='lat' dir='ltr'>resur-</span> 
     </span>
    </p>
   </div>
   <div class='ocr_carea' id='block_1_25' title="bbox 393 2353 2056 2427">
    <p class='ocr_par' dir='ltr' id='par_1_25' title="bbox 393 2353 2056 2427">
     <span class='ocr_line' id='line_1_25' title="bbox 393 2353 2056 2427; baseline -0.002 -14"><span class='ocrx_word' id='word_1_170' title='bbox 393 2357 718 2413; x_wconf 87' lang='lat' dir='ltr'>rectionem</span> <span class='ocrx_word' id='word_1_171' title='bbox 741 2355 1283 2427; x_wconf 85' lang='lat' dir='ltr'>ascensionemque</span> <span class='ocrx_word' id='word_1_172' title='bbox 1318 2354 1552 2409; x_wconf 89' lang='lat' dir='ltr'>Domini</span> <span class='ocrx_word' id='word_1_173' title='bbox 1591 2353 1892 2410; x_wconf 89' lang='lat' dir='ltr'>credimus</span> <span class='ocrx_word' id='word_1_174' title='bbox 1921 2369 2056 2410; x_wconf 92' lang='lat' dir='ltr'>esse</span> 
     </span>
    </p>
   </div>
   <div class='ocr_carea' id='block_1_26' title="bbox 391 2441 2056 2519">
    <p class='ocr_par' dir='ltr' id='par_1_26' title="bbox 391 2441 2056 2519">
     <span class='ocr_line' id='line_1_26' title="bbox 391 2441 2056 2519; baseline -0.002 -18"><span class='ocrx_word' id='word_1_175' title='bbox 391 2444 785 2519; x_wconf 90' lang='lat' dir='ltr'>perductum:</span> <span class='ocrx_word' id='word_1_176' title='bbox 843 2443 949 2499; x_wconf 92' lang='lat' dir='ltr'>sed</span> <span class='ocrx_word' id='word_1_177' title='bbox 997 2443 1161 2499; x_wconf 89' lang='lat' dir='ltr'>aliud</span> <span class='ocrx_word' id='word_1_178' title='bbox 1214 2447 1303 2498; x_wconf 92' lang='lat' dir='ltr'>est</span> <span class='ocrx_word' id='word_1_179' title='bbox 1345 2442 1565 2498; x_wconf 66' lang='lat' dir='ltr'>caelum</span> <span class='ocrx_word' id='word_1_180' title='bbox 1608 2443 1858 2512; x_wconf 89' lang='lat' dir='ltr'>aerium,</span> <span class='ocrx_word' id='word_1_181' title='bbox 1891 2441 2056 2500; x_wconf 88' lang='lat' dir='ltr'>aliud</span> 
     </span>
    </p>
   </div>
   <div class='ocr_carea' id='block_1_27' title="bbox 393 2531 2055 2605">
    <p class='ocr_par' dir='ltr' id='par_1_27' title="bbox 393 2531 2055 2605">
     <span class='ocr_line' id='line_1_27' title="bbox 393 2531 2055 2605; baseline -0.002 -15"><span class='ocrx_word' id='word_1_182' title='bbox 393 2535 740 2590; x_wconf 65' lang='lat' dir='ltr'>aethereum.</span> <span class='ocrx_word' id='word_1_183' title='bbox 769 2533 998 2588; x_wconf 72' lang='lat' dir='ltr'>Caelum</span> <span class='ocrx_word' id='word_1_184' title='bbox 1029 2531 1254 2605; x_wconf 90' lang='lat' dir='ltr'>quippe</span> <span class='ocrx_word' id='word_1_185' title='bbox 1285 2531 1514 2588; x_wconf 92' lang='lat' dir='ltr'>aerium</span> <span class='ocrx_word' id='word_1_186' title='bbox 1536 2536 1704 2587; x_wconf 62' lang='lat' dir='ltr'>terrae</span> <span class='ocrx_word' id='word_1_187' title='bbox 1736 2535 1826 2587; x_wconf 91' lang='lat' dir='ltr'>est</span> <span class='ocrx_word' id='word_1_188' title='bbox 1854 2531 2055 2605; x_wconf 87' lang='lat' dir='ltr'>proxi-</span> 
     </span>
    </p>
   </div>
   <div class='ocr_carea' id='block_1_28' title="bbox 393 2620 2050 2692">
    <p class='ocr_par' dir='ltr' id='par_1_28' title="bbox 393 2620 2050 2692">
     <span class='ocr_line' id='line_1_28' title="bbox 393 2620 2050 2692; baseline -0.002 -11"><span class='ocrx_word' id='word_1_189' title='bbox 393 2641 602 2681; x_wconf 89' lang='lat' dir='ltr'>mum:</span> <span class='ocrx_word' id='word_1_190' title='bbox 636 2624 807 2680; x_wconf 89' lang='lat' dir='ltr'>Unde</span> <span class='ocrx_word' id='word_1_191' title='bbox 837 2629 894 2679; x_wconf 91' lang='lat' dir='ltr'>et</span> <span class='ocrx_word' id='word_1_192' title='bbox 943 2641 974 2675; x_wconf 86' lang='grc'><strong>‹</strong></span> <span class='ocrx_word' id='word_1_193' title='bbox 998 2638 1139 2679; x_wconf 90' lang='lat' dir='ltr'>aves</span> <span class='ocrx_word' id='word_1_194' title='bbox 1169 2620 1301 2676; x_wconf 77' lang='lat' dir='ltr'>cceli</span> <span class='ocrx_word' id='word_1_195' title='bbox 1343 2622 1587 2692; x_wconf 76' lang='lat' dir='ltr'>(Matth.</span> <span class='ocrx_word' id='word_1_196' title='bbox 1615 2625 1740 2688; x_wconf 81' lang='lat' dir='ltr'>v1)»</span> <span class='ocrx_word' id='word_1_197' title='bbox 1775 2621 2050 2690; x_wconf 90' lang='lat' dir='ltr'>dicimus,</span> 
     </span>
    </p>
   </div>
   <div class='ocr_carea' id='block_1_29' title="bbox 393 2707 2054 2784">
    <p class='ocr_par' dir='ltr' id='par_1_29' title="bbox 393 2707 2054 2784">
     <span class='ocr_line' id='line_1_29' title="bbox 393 2707 2054 2784; baseline -0.001 -18"><span class='ocrx_word' id='word_1_198' title='bbox 393 2712 539 2784; x_wconf 91' lang='lat' dir='ltr'>quia</span> <span class='ocrx_word' id='word_1_199' title='bbox 577 2727 681 2766; x_wconf 90' lang='lat' dir='ltr'>eas</span> <span class='ocrx_word' id='word_1_200' title='bbox 713 2710 967 2766; x_wconf 84' lang='lat' dir='ltr'>volitare</span> <span class='ocrx_word' id='word_1_201' title='bbox 1017 2709 1076 2765; x_wconf 92' lang='lat' dir='ltr'>in</span> <span class='ocrx_word' id='word_1_202' title='bbox 1117 2723 1252 2764; x_wconf 89' lang='lat' dir='ltr'>aere</span> <span class='ocrx_word' id='word_1_203' title='bbox 1284 2707 1580 2764; x_wconf 90' lang='lat' dir='ltr'>videmus.</span> <span class='ocrx_word' id='word_1_204' title='bbox 1615 2710 1679 2764; x_wconf 92' lang='lat' dir='ltr'>In</span> <span class='ocrx_word' id='word_1_205' title='bbox 1705 2708 1920 2764; x_wconf 87' lang='lat' dir='ltr'>coelum</span> <span class='ocrx_word' id='word_1_206' title='bbox 1951 2709 2054 2765; x_wconf 91' lang='lat' dir='ltr'>ita-</span> 
     </span>
    </p>
   </div>
   <div class='ocr_carea' id='block_1_30' title="bbox 392 2797 2051 2874">
    <p class='ocr_par' dir='ltr' id='par_1_30' title="bbox 392 2797 2051 2874">
     <span class='ocr_line' id='line_1_30' title="bbox 392 2797 2051 2874; baseline -0.001 -20"><span class='ocrx_word' id='word_1_207' title='bbox 392 2816 512 2874; x_wconf 86' lang='lat' dir='ltr'>que</span> <span class='ocrx_word' id='word_1_208' title='bbox 543 2799 771 2856; x_wconf 91' lang='lat' dir='ltr'>aerium</span> <span class='ocrx_word' id='word_1_209' title='bbox 803 2798 956 2855; x_wconf 88' lang='lat' dir='ltr'>Elias</span> <span class='ocrx_word' id='word_1_210' title='bbox 1005 2797 1353 2853; x_wconf 90' lang='lat' dir='ltr'>sublevatus</span> <span class='ocrx_word' id='word_1_211' title='bbox 1403 2802 1494 2852; x_wconf 90' lang='lat' dir='ltr'>est</span> <span class='ocrx_word' id='word_1_212' title='bbox 1544 2801 1601 2852; x_wconf 91' lang='lat' dir='ltr'>ut</span> <span class='ocrx_word' id='word_1_213' title='bbox 1652 2797 1713 2852; x_wconf 91' lang='lat' dir='ltr'>in</span> <span class='ocrx_word' id='word_1_214' title='bbox 1763 2802 2051 2853; x_wconf 87' lang='lat' dir='ltr'>secretam</span> 
     </span>
    </p>
   </div>
   <div class='ocr_carea' id='block_1_31' title="bbox 391 2885 2054 2961">
    <p class='ocr_par' dir='ltr' id='par_1_31' title="bbox 391 2885 2054 2961">
     <span class='ocr_line' id='line_1_31' title="bbox 391 2885 2054 2961; baseline -0.001 -17"><span class='ocrx_word' id='word_1_215' title='bbox 391 2888 728 2961; x_wconf 89' lang='lat' dir='ltr'>quamdam</span> <span class='ocrx_word' id='word_1_216' title='bbox 759 2893 926 2943; x_wconf 70' lang='lat' dir='ltr'>terrae</span> <span class='ocrx_word' id='word_1_217' title='bbox 963 2887 1271 2957; x_wconf 90' lang='lat' dir='ltr'>regionem</span> <span class='ocrx_word' id='word_1_218' title='bbox 1303 2891 1547 2958; x_wconf 90' lang='lat' dir='ltr'>repente</span> <span class='ocrx_word' id='word_1_219' title='bbox 1577 2885 1917 2952; x_wconf 86' lang='lat' dir='ltr'>duceretur,</span> <span class='ocrx_word' id='word_1_220' title='bbox 1951 2887 2054 2942; x_wconf 91' lang='lat' dir='ltr'>ubi</span> 
     </span>
    </p>
   </div>
   <div class='ocr_carea' id='block_1_32' title="bbox 392 2975 2053 3048">
    <p class='ocr_par' dir='ltr' id='par_1_32' title="bbox 392 2975 2053 3048">
     <span class='ocr_line' id='line_1_32' title="bbox 392 2975 2053 3048; baseline -0.002 -15"><span class='ocrx_word' id='word_1_221' title='bbox 392 2994 616 3048; x_wconf 88' lang='lat' dir='ltr'>magna</span> <span class='ocrx_word' id='word_1_222' title='bbox 631 2977 759 3048; x_wconf 91' lang='lat' dir='ltr'>jam</span> <span class='ocrx_word' id='word_1_223' title='bbox 789 2977 985 3032; x_wconf 89' lang='lat' dir='ltr'>carnis</span> <span class='ocrx_word' id='word_1_224' title='bbox 1015 2981 1072 3032; x_wconf 93' lang='lat' dir='ltr'>et</span> <span class='ocrx_word' id='word_1_225' title='bbox 1104 2975 1344 3047; x_wconf 91' lang='lat' dir='ltr'>spiritus</span> <span class='ocrx_word' id='word_1_226' title='bbox 1375 2975 1572 3047; x_wconf 88' lang='lat' dir='ltr'>quiete</span> <span class='ocrx_word' id='word_1_227' title='bbox 1597 2976 1840 3045; x_wconf 87' lang='lat' dir='ltr'>viveret,</span> <span class='ocrx_word' id='word_1_228' title='bbox 1860 2991 2053 3048; x_wconf 84' lang='lat' dir='ltr'>quou-</span> 
     </span>
    </p>
   </div>
   <div class='ocr_carea' id='block_1_33' title="bbox 2161 484 3813 559">
    <p class='ocr_par' dir='ltr' id='par_1_33' title="bbox 2161 484 3813 559">
     <span class='ocr_line' id='line_1_33' title="bbox 2161 484 3813 559; baseline 0.001 -19"><span class='ocrx_word' id='word_1_229' title='bbox 2161 485 2254 540; x_wconf 89' lang='lat' dir='ltr'>nis</span> <span class='ocrx_word' id='word_1_230' title='bbox 2283 501 2526 559; x_wconf 89' lang='lat' dir='ltr'>quoque</span> <span class='ocrx_word' id='word_1_231' title='bbox 2573 486 2931 541; x_wconf 87' lang='lat' dir='ltr'>munditiem</span> <span class='ocrx_word' id='word_1_232' title='bbox 2982 484 3318 555; x_wconf 86' lang='lat' dir='ltr'>largiretur,</span> <span class='ocrx_word' id='word_1_233' title='bbox 3350 489 3405 539; x_wconf 92' lang='lat' dir='ltr'>et</span> <span class='ocrx_word' id='word_1_234' title='bbox 3457 484 3570 540; x_wconf 91' lang='lat' dir='ltr'>sub</span> <span class='ocrx_word' id='word_1_235' title='bbox 3615 502 3686 540; x_wconf 92' lang='lat' dir='ltr'>eo</span> <span class='ocrx_word' id='word_1_236' title='bbox 3715 503 3813 558; x_wconf 91' lang='lat' dir='ltr'>per</span> 
     </span>
    </p>
   </div>
   <div class='ocr_carea' id='block_1_34' title="bbox 2160 572 3809 646">
    <p class='ocr_par' dir='ltr' id='par_1_34' title="bbox 2160 572 3809 646">
     <span class='ocr_line' id='line_1_34' title="bbox 2160 572 3809 646; baseline -0.001 -16"><span class='ocrx_word' id='word_1_237' title='bbox 2160 575 2528 631; x_wconf 90' lang='lat' dir='ltr'>incrementa</span> <span class='ocrx_word' id='word_1_238' title='bbox 2554 581 2894 646; x_wconf 86' lang='lat' dir='ltr'>temporum</span> <span class='ocrx_word' id='word_1_239' title='bbox 2920 574 3109 629; x_wconf 88' lang='lat' dir='ltr'>virtus</span> <span class='ocrx_word' id='word_1_240' title='bbox 3133 572 3417 628; x_wconf 86' lang='lat' dir='ltr'>castitatis</span> <span class='ocrx_word' id='word_1_241' title='bbox 3439 581 3809 630; x_wconf 77' lang='lat' dir='ltr'>excresceret.</span> 
     </span>
    </p>
   </div>
   <div class='ocr_carea' id='block_1_35' title="bbox 2161 661 3811 737">
    <p class='ocr_par' dir='ltr' id='par_1_35' title="bbox 2161 661 3811 737">
     <span class='ocr_line' id='line_1_35' title="bbox 2161 661 3811 737; baseline 0.001 -20"><span class='ocrx_word' id='word_1_242' title='bbox 2161 663 2225 719; x_wconf 87' lang='lat' dir='ltr'>In</span> <span class='ocrx_word' id='word_1_243' title='bbox 2255 664 2388 735; x_wconf 90' lang='lat' dir='ltr'>ipsa</span> <span class='ocrx_word' id='word_1_244' title='bbox 2415 680 2659 737; x_wconf 90' lang='lat' dir='ltr'>quoque</span> <span class='ocrx_word' id='word_1_245' title='bbox 2690 680 2899 720; x_wconf 89' lang='lat' dir='ltr'>eorum</span> <span class='ocrx_word' id='word_1_246' title='bbox 2946 661 3352 728; x_wconf 88' lang='lat' dir='ltr'>translatione,</span> <span class='ocrx_word' id='word_1_247' title='bbox 3381 661 3484 734; x_wconf 89' lang='lat' dir='ltr'>qui</span> <span class='ocrx_word' id='word_1_248' title='bbox 3525 663 3811 719; x_wconf 85' lang='lat' dir='ltr'>ascensio-</span> 
     </span>
    </p>
   </div>
   <div class='ocr_carea' id='block_1_36' title="bbox 2162 751 3806 822">
    <p class='ocr_par' dir='ltr' id='par_1_36' title="bbox 2162 751 3806 822">
     <span class='ocr_line' id='line_1_36' title="bbox 2162 751 3806 822; baseline -0.001 -13"><span class='ocrx_word' id='word_1_249' title='bbox 2162 769 2301 810; x_wconf 88' lang='lat' dir='ltr'>nem</span> <span class='ocrx_word' id='word_1_250' title='bbox 2320 754 2717 820; x_wconf 90' lang='lat' dir='ltr'>Dominicam,</span> <span class='ocrx_word' id='word_1_251' title='bbox 2734 759 2790 810; x_wconf 92' lang='lat' dir='ltr'>et</span> <span class='ocrx_word' id='word_1_252' title='bbox 2810 752 3079 809; x_wconf 91' lang='lat' dir='ltr'>videlicet</span> <span class='ocrx_word' id='word_1_253' title='bbox 3100 751 3311 808; x_wconf 82' lang='lat' dir='ltr'>famuli</span> <span class='ocrx_word' id='word_1_254' title='bbox 3331 751 3806 822; x_wconf 85' lang='lat' dir='ltr'>designaverunt,</span> 
     </span>
    </p>
   </div>
   <div class='ocr_carea' id='block_1_37' title="bbox 2162 840 3808 916">
    <p class='ocr_par' dir='ltr' id='par_1_37' title="bbox 2162 840 3808 916">
     <span class='ocr_line' id='line_1_37' title="bbox 2162 840 3808 916; baseline -0.002 -17"><span class='ocrx_word' id='word_1_255' title='bbox 2162 848 2216 899; x_wconf 90' lang='lat' dir='ltr'>et</span> <span class='ocrx_word' id='word_1_256' title='bbox 2263 843 2324 898; x_wconf 91' lang='lat' dir='ltr'>in</span> <span class='ocrx_word' id='word_1_257' title='bbox 2372 843 2504 916; x_wconf 91' lang='lat' dir='ltr'>ipso</span> <span class='ocrx_word' id='word_1_258' title='bbox 2551 859 2634 908; x_wconf 92' lang='lat' dir='ltr'>se,</span> <span class='ocrx_word' id='word_1_259' title='bbox 2667 843 2769 915; x_wconf 91' lang='lat' dir='ltr'>qui</span> <span class='ocrx_word' id='word_1_260' title='bbox 2821 842 2900 898; x_wconf 92' lang='lat' dir='ltr'>ad</span> <span class='ocrx_word' id='word_1_261' title='bbox 2949 841 3167 898; x_wconf 64' lang='lat' dir='ltr'>caelum</span> <span class='ocrx_word' id='word_1_262' title='bbox 3217 840 3506 908; x_wconf 90' lang='lat' dir='ltr'>ascendit,</span> <span class='ocrx_word' id='word_1_263' title='bbox 3537 841 3808 898; x_wconf 87' lang='lat' dir='ltr'>Dominus</span> 
     </span>
    </p>
   </div>
   <div class='ocr_carea' id='block_1_38' title="bbox 2161 929 3810 1003">
    <p class='ocr_par' dir='ltr' id='par_1_38' title="bbox 2161 929 3810 1003">
     <span class='ocr_line' id='line_1_38' title="bbox 2161 929 3810 1003; baseline -0.002 -15"><span class='ocrx_word' id='word_1_264' title='bbox 2161 931 2438 988; x_wconf 91' lang='lat' dir='ltr'>ostendit.</span> <span class='ocrx_word' id='word_1_265' title='bbox 2469 935 2616 988; x_wconf 88' lang='lat' dir='ltr'>Nam</span> <span class='ocrx_word' id='word_1_266' title='bbox 2649 931 2848 986; x_wconf 89' lang='lat' dir='ltr'>Enoch</span> <span class='ocrx_word' id='word_1_267' title='bbox 2898 931 3144 1003; x_wconf 90' lang='lat' dir='ltr'>quidem</span> <span class='ocrx_word' id='word_1_268' title='bbox 3177 945 3393 984; x_wconf 87' lang='lat' dir='ltr'>uxores</span> <span class='ocrx_word' id='word_1_269' title='bbox 3434 934 3492 984; x_wconf 91' lang='lat' dir='ltr'>et</span> <span class='ocrx_word' id='word_1_270' title='bbox 3545 929 3692 986; x_wconf 90' lang='lat' dir='ltr'>ﬁlios</span> <span class='ocrx_word' id='word_1_271' title='bbox 3720 930 3810 986; x_wconf 85' lang='lat' dir='ltr'>ha-</span> 
     </span>
    </p>
   </div>
   <div class='ocr_carea' id='block_1_39' title="bbox 2161 1017 3808 1093">
    <p class='ocr_par' dir='ltr' id='par_1_39' title="bbox 2161 1017 3808 1093">
     <span class='ocr_line' id='line_1_39' title="bbox 2161 1017 3808 1093; baseline -0.002 -17"><span class='ocrx_word' id='word_1_272' title='bbox 2161 1020 2312 1090; x_wconf 88' lang='lat' dir='ltr'>buit,</span> <span class='ocrx_word' id='word_1_273' title='bbox 2346 1020 2498 1075; x_wconf 87' lang='lat' dir='ltr'>Elias</span> <span class='ocrx_word' id='word_1_274' title='bbox 2525 1036 2668 1076; x_wconf 90' lang='lat' dir='ltr'>vero</span> <span class='ocrx_word' id='word_1_275' title='bbox 2698 1036 2894 1093; x_wconf 90' lang='lat' dir='ltr'>neque</span> <span class='ocrx_word' id='word_1_276' title='bbox 2920 1035 3169 1075; x_wconf 83' lang='lat' dir='ltr'>uxorem</span> <span class='ocrx_word' id='word_1_277' title='bbox 3202 1033 3397 1090; x_wconf 91' lang='lat' dir='ltr'>neque</span> <span class='ocrx_word' id='word_1_278' title='bbox 3428 1017 3585 1074; x_wconf 88' lang='lat' dir='ltr'>ﬁlios</span> <span class='ocrx_word' id='word_1_279' title='bbox 3612 1017 3808 1087; x_wconf 84' lang='lat' dir='ltr'>legitur</span> 
     </span>
    </p>
   </div>
   <div class='ocr_carea' id='block_1_40' title="bbox 2163 1107 3810 1180">
    <p class='ocr_par' dir='ltr' id='par_1_40' title="bbox 2163 1107 3810 1180">
     <span class='ocr_line' id='line_1_40' title="bbox 2163 1107 3810 1180; baseline -0.001 -16"><span class='ocrx_word' id='word_1_280' title='bbox 2163 1109 2467 1164; x_wconf 84' lang='lat' dir='ltr'>habuisse.</span> <span class='ocrx_word' id='word_1_281' title='bbox 2502 1112 2747 1164; x_wconf 89' lang='lat' dir='ltr'>Pensate</span> <span class='ocrx_word' id='word_1_282' title='bbox 2779 1124 2920 1179; x_wconf 89' lang='lat' dir='ltr'>ergo</span> <span class='ocrx_word' id='word_1_283' title='bbox 2964 1107 3276 1180; x_wconf 90' lang='lat' dir='ltr'>quomodo</span> <span class='ocrx_word' id='word_1_284' title='bbox 3317 1122 3423 1178; x_wconf 91' lang='lat' dir='ltr'>per</span> <span class='ocrx_word' id='word_1_285' title='bbox 3453 1107 3810 1163; x_wconf 82' lang='lat' dir='ltr'>incrementa</span> 
     </span>
    </p>
   </div>
   <div class='ocr_carea' id='block_1_41' title="bbox 2163 1195 3808 1269">
    <p class='ocr_par' dir='ltr' id='par_1_41' title="bbox 2163 1195 3808 1269">
     <span class='ocr_line' id='line_1_41' title="bbox 2163 1195 3808 1269; baseline -0.002 -16"><span class='ocrx_word' id='word_1_286' title='bbox 2163 1198 2410 1254; x_wconf 89' lang='lat' dir='ltr'>creverit</span> <span class='ocrx_word' id='word_1_287' title='bbox 2451 1197 2745 1253; x_wconf 89' lang='lat' dir='ltr'>munditia</span> <span class='ocrx_word' id='word_1_288' title='bbox 2771 1197 3057 1252; x_wconf 82' lang='lat' dir='ltr'>castitatis</span> <span class='ocrx_word' id='word_1_289' title='bbox 3088 1196 3252 1269; x_wconf 90' lang='lat' dir='ltr'>quod</span> <span class='ocrx_word' id='word_1_290' title='bbox 3281 1201 3338 1251; x_wconf 87' lang='lat' dir='ltr'>et</span> <span class='ocrx_word' id='word_1_291' title='bbox 3368 1212 3474 1268; x_wconf 92' lang='lat' dir='ltr'>per</span> <span class='ocrx_word' id='word_1_292' title='bbox 3503 1195 3808 1252; x_wconf 84' lang='lat' dir='ltr'>translatos</span> 
     </span>
    </p>
   </div>
   <div class='ocr_carea' id='block_1_42' title="bbox 2162 1284 3808 1360">
    <p class='ocr_par' dir='ltr' id='par_1_42' title="bbox 2162 1284 3808 1360">
     <span class='ocr_line' id='line_1_42' title="bbox 2162 1284 3808 1360; baseline -0.001 -18"><span class='ocrx_word' id='word_1_293' title='bbox 2162 1285 2420 1342; x_wconf 90' lang='lat' dir='ltr'>famulos</span> <span class='ocrx_word' id='word_1_294' title='bbox 2469 1291 2524 1341; x_wconf 94' lang='lat' dir='ltr'>et</span> <span class='ocrx_word' id='word_1_295' title='bbox 2549 1302 2655 1360; x_wconf 90' lang='lat' dir='ltr'>per</span> <span class='ocrx_word' id='word_1_296' title='bbox 2688 1285 3065 1342; x_wconf 76' lang='lat' dir='ltr'>ascendentis</span> <span class='ocrx_word' id='word_1_297' title='bbox 3094 1284 3325 1340; x_wconf 88' lang='lat' dir='ltr'>Domini</span> <span class='ocrx_word' id='word_1_298' title='bbox 3357 1300 3680 1358; x_wconf 89' lang='lat' dir='ltr'>personam</span> <span class='ocrx_word' id='word_1_299' title='bbox 3710 1301 3808 1357; x_wconf 89' lang='lat' dir='ltr'>pa-</span> 
     </span>
    </p>
   </div>
   <div class='ocr_carea' id='block_1_43' title="bbox 2162 1373 3806 1446">
    <p class='ocr_par' dir='ltr' id='par_1_43' title="bbox 2162 1373 3806 1446">
     <span class='ocr_line' id='line_1_43' title="bbox 2162 1373 3806 1446; baseline -0.001 -16"><span class='ocrx_word' id='word_1_300' title='bbox 2162 1379 2350 1431; x_wconf 89' lang='lat' dir='ltr'>tenter</span> <span class='ocrx_word' id='word_1_301' title='bbox 2391 1375 2740 1431; x_wconf 90' lang='lat' dir='ltr'>ostenditur.</span> <span class='ocrx_word' id='word_1_302' title='bbox 2773 1373 3116 1430; x_wconf 88' lang='lat' dir='ltr'>Translatus</span> <span class='ocrx_word' id='word_1_303' title='bbox 3155 1388 3422 1446; x_wconf 82' lang='lat' dir='ltr'>namque</span> <span class='ocrx_word' id='word_1_304' title='bbox 3459 1378 3547 1428; x_wconf 93' lang='lat' dir='ltr'>est</span> <span class='ocrx_word' id='word_1_305' title='bbox 3599 1373 3806 1440; x_wconf 87' lang='lat' dir='ltr'>Enoch,</span> 
     </span>
    </p>
   </div>
   <div class='ocr_carea' id='block_1_44' title="bbox 2162 1465 3811 1538">
    <p class='ocr_par' dir='ltr' id='par_1_44' title="bbox 2162 1465 3811 1538">
     <span class='ocr_line' id='line_1_44' title="bbox 2162 1465 3811 1538; baseline -0.001 -19"><span class='ocrx_word' id='word_1_306' title='bbox 2162 1481 2268 1538; x_wconf 91' lang='lat' dir='ltr'>per</span> <span class='ocrx_word' id='word_1_307' title='bbox 2299 1466 2519 1521; x_wconf 90' lang='lat' dir='ltr'>coitum</span> <span class='ocrx_word' id='word_1_308' title='bbox 2574 1467 2830 1535; x_wconf 89' lang='lat' dir='ltr'>genitus,</span> <span class='ocrx_word' id='word_1_309' title='bbox 2865 1469 2923 1520; x_wconf 91' lang='lat' dir='ltr'>et</span> <span class='ocrx_word' id='word_1_310' title='bbox 2973 1480 3081 1536; x_wconf 90' lang='lat' dir='ltr'>per</span> <span class='ocrx_word' id='word_1_311' title='bbox 3107 1465 3334 1519; x_wconf 89' lang='lat' dir='ltr'>coitum</span> <span class='ocrx_word' id='word_1_312' title='bbox 3373 1479 3684 1534; x_wconf 86' lang='lat' dir='ltr'>generans.</span> <span class='ocrx_word' id='word_1_313' title='bbox 3715 1466 3811 1518; x_wconf 79' lang='lat' dir='ltr'>As-</span> 
     </span>
    </p>
   </div>
   <div class='ocr_carea' id='block_1_45' title="bbox 2165 1553 3811 1627">
    <p class='ocr_par' dir='ltr' id='par_1_45' title="bbox 2165 1553 3811 1627">
     <span class='ocr_line' id='line_1_45' title="bbox 2165 1553 3811 1627; baseline -0.001 -18"><span class='ocrx_word' id='word_1_314' title='bbox 2165 1559 2442 1627; x_wconf 89' lang='lat' dir='ltr'>sumptus</span> <span class='ocrx_word' id='word_1_315' title='bbox 2485 1559 2572 1610; x_wconf 91' lang='lat' dir='ltr'>est</span> <span class='ocrx_word' id='word_1_316' title='bbox 2597 1569 2738 1609; x_wconf 90' lang='lat' dir='ltr'>vero</span> <span class='ocrx_word' id='word_1_317' title='bbox 2786 1553 3094 1619; x_wconf 83' lang='lat' dir='ltr'>Dominus,</span> <span class='ocrx_word' id='word_1_318' title='bbox 3129 1569 3324 1626; x_wconf 92' lang='lat' dir='ltr'>neque</span> <span class='ocrx_word' id='word_1_319' title='bbox 3351 1568 3459 1626; x_wconf 92' lang='lat' dir='ltr'>per</span> <span class='ocrx_word' id='word_1_320' title='bbox 3485 1553 3702 1609; x_wconf 90' lang='lat' dir='ltr'>coitum</span> <span class='ocrx_word' id='word_1_321' title='bbox 3725 1568 3811 1622; x_wconf 80' lang='lat' dir='ltr'>ge-</span> 
     </span>
    </p>
   </div>
   <div class='ocr_carea' id='block_1_46' title="bbox 2164 1642 3809 1715">
    <p class='ocr_par' dir='ltr' id='par_1_46' title="bbox 2164 1642 3809 1715">
     <span class='ocr_line' id='line_1_46' title="bbox 2164 1642 3809 1715; baseline -0.002 -16"><span class='ocrx_word' id='word_1_322' title='bbox 2164 1659 2403 1710; x_wconf 83' lang='lat' dir='ltr'>nerans,</span> <span class='ocrx_word' id='word_1_323' title='bbox 2456 1659 2651 1715; x_wconf 90' lang='lat' dir='ltr'>neque</span> <span class='ocrx_word' id='word_1_324' title='bbox 2698 1659 2804 1715; x_wconf 92' lang='lat' dir='ltr'>per</span> <span class='ocrx_word' id='word_1_325' title='bbox 2851 1642 3074 1698; x_wconf 90' lang='lat' dir='ltr'>coitum</span> <span class='ocrx_word' id='word_1_326' title='bbox 3131 1649 3472 1711; x_wconf 86' lang='lat' dir='ltr'>generatus.</span> <span class='ocrx_word' id='word_1_327' title='bbox 3535 1643 3809 1708; x_wconf 66' lang='lat' dir='ltr'>Quaeritur</span> 
     </span>
    </p>
   </div>
   <div class='ocr_carea' id='block_1_47' title="bbox 2164 1731 3809 1804">
    <p class='ocr_par' dir='ltr' id='par_1_47' title="bbox 2164 1731 3809 1804">
     <span class='ocr_line' id='line_1_47' title="bbox 2164 1731 3809 1804; baseline -0.002 -15"><span class='ocrx_word' id='word_1_328' title='bbox 2164 1738 2364 1790; x_wconf 89' lang='lat' dir='ltr'>autem</span> <span class='ocrx_word' id='word_1_329' title='bbox 2431 1731 2742 1804; x_wconf 91' lang='lat' dir='ltr'>quomodo</span> <span class='ocrx_word' id='word_1_330' title='bbox 2808 1731 3051 1786; x_wconf 72' lang='lat' dir='ltr'>Elisreus</span> <span class='ocrx_word' id='word_1_331' title='bbox 3135 1747 3274 1786; x_wconf 92' lang='lat' dir='ltr'>cum</span> <span class='ocrx_word' id='word_1_332' title='bbox 3341 1747 3487 1786; x_wconf 91' lang='lat' dir='ltr'>suus</span> <span class='ocrx_word' id='word_1_333' title='bbox 3542 1731 3809 1801; x_wconf 88' lang='lat' dir='ltr'>magister</span> 
     </span>
    </p>
   </div>
   <div class='ocr_carea' id='block_1_48' title="bbox 2165 1817 3809 1893">
    <p class='ocr_par' dir='ltr' id='par_1_48' title="bbox 2165 1817 3809 1893">
     <span class='ocr_line' id='line_1_48' title="bbox 2165 1817 3809 1893; baseline -0.002 -15"><span class='ocrx_word' id='word_1_334' title='bbox 2165 1821 2317 1878; x_wconf 82' lang='lat' dir='ltr'>Elias</span> <span class='ocrx_word' id='word_1_335' title='bbox 2345 1820 2546 1877; x_wconf 89' lang='lat' dir='ltr'>locum</span> <span class='ocrx_word' id='word_1_336' title='bbox 2591 1819 2933 1893; x_wconf 87' lang='lat' dir='ltr'>postulandi</span> <span class='ocrx_word' id='word_1_337' title='bbox 2983 1820 3035 1875; x_wconf 93' lang='lat' dir='ltr'>ei</span> <span class='ocrx_word' id='word_1_338' title='bbox 3064 1821 3320 1886; x_wconf 74' lang='lat' dir='ltr'>offerret,</span> <span class='ocrx_word' id='word_1_339' title='bbox 3353 1819 3658 1892; x_wconf 90' lang='lat' dir='ltr'>duplicem</span> <span class='ocrx_word' id='word_1_340' title='bbox 3704 1817 3809 1891; x_wconf 88' lang='lat' dir='ltr'>spi-</span> 
     </span>
    </p>
   </div>
   <div class='ocr_carea' id='block_1_49' title="bbox 2163 1908 3808 1983">
    <p class='ocr_par' dir='ltr' id='par_1_49' title="bbox 2163 1908 3808 1983">
     <span class='ocr_line' id='line_1_49' title="bbox 2163 1908 3808 1983; baseline -0.002 -16"><span class='ocrx_word' id='word_1_341' title='bbox 2163 1912 2342 1967; x_wconf 89' lang='lat' dir='ltr'>ritum</span> <span class='ocrx_word' id='word_1_342' title='bbox 2393 1911 2528 1967; x_wconf 71' lang='lat' dir='ltr'>Eliae</span> <span class='ocrx_word' id='word_1_343' title='bbox 2567 1909 2974 1983; x_wconf 88' lang='lat' dir='ltr'>postulaverit,</span> <span class='ocrx_word' id='word_1_344' title='bbox 3025 1925 3164 1965; x_wconf 89' lang='lat' dir='ltr'>cum</span> <span class='ocrx_word' id='word_1_345' title='bbox 3227 1909 3516 1965; x_wconf 90' lang='lat' dir='ltr'>Dominus</span> <span class='ocrx_word' id='word_1_346' title='bbox 3567 1909 3704 1965; x_wconf 83' lang='lat' dir='ltr'>dicit</span> <span class='ocrx_word' id='word_1_347' title='bbox 3753 1908 3808 1963; x_wconf 93' lang='lat' dir='ltr'>in</span> 
     </span>
    </p>
   </div>
   <div class='ocr_carea' id='block_1_50' title="bbox 2164 1998 3806 2072">
    <p class='ocr_par' dir='ltr' id='par_1_50' title="bbox 2164 1998 3806 2072">
     <span class='ocr_line' id='line_1_50' title="bbox 2164 1998 3806 2072; baseline -0.002 -16"><span class='ocrx_word' id='word_1_348' title='bbox 2164 2000 2509 2070; x_wconf 85' lang='lat' dir='ltr'>Evangelio:</span> <span class='ocrx_word' id='word_1_349' title='bbox 2535 2023 2562 2048; x_wconf 88' lang='lat'>«</span> <span class='ocrx_word' id='word_1_350' title='bbox 2590 2003 2715 2056; x_wconf 86' lang='lat' dir='ltr'>Non</span> <span class='ocrx_word' id='word_1_351' title='bbox 2746 2004 2836 2055; x_wconf 92' lang='lat' dir='ltr'>est</span> <span class='ocrx_word' id='word_1_352' title='bbox 2859 1998 3194 2072; x_wconf 90' lang='lat' dir='ltr'>discipulus</span> <span class='ocrx_word' id='word_1_353' title='bbox 3224 2014 3407 2071; x_wconf 92' lang='lat' dir='ltr'>super</span> <span class='ocrx_word' id='word_1_354' title='bbox 3431 1999 3806 2068; x_wconf 89' lang='lat' dir='ltr'>magistrum:</span> 
     </span>
    </p>
   </div>
   <div class='ocr_carea' id='block_1_51' title="bbox 2161 2087 3809 2163">
    <p class='ocr_par' dir='ltr' id='par_1_51' title="bbox 2161 2087 3809 2163">
     <span class='ocr_line' id='line_1_51' title="bbox 2161 2087 3809 2163; baseline -0.004 -17"><span class='ocrx_word' id='word_1_355' title='bbox 2161 2089 2458 2163; x_wconf 88' lang='lat' dir='ltr'>perfectus</span> <span class='ocrx_word' id='word_1_356' title='bbox 2507 2093 2706 2144; x_wconf 90' lang='lat' dir='ltr'>autem</span> <span class='ocrx_word' id='word_1_357' title='bbox 2739 2087 2937 2144; x_wconf 89' lang='lat' dir='ltr'>omnis</span> <span class='ocrx_word' id='word_1_358' title='bbox 2982 2087 3090 2143; x_wconf 90' lang='lat' dir='ltr'>erit</span> <span class='ocrx_word' id='word_1_359' title='bbox 3137 2087 3187 2142; x_wconf 89' lang='lat' dir='ltr'>si</span> <span class='ocrx_word' id='word_1_360' title='bbox 3227 2087 3301 2143; x_wconf 91' lang='lat' dir='ltr'>sit</span> <span class='ocrx_word' id='word_1_361' title='bbox 3343 2087 3498 2143; x_wconf 62' lang='lat' dir='ltr'>sicut</span> <span class='ocrx_word' id='word_1_362' title='bbox 3543 2087 3809 2157; x_wconf 86' lang='lat' dir='ltr'>magister</span> 
     </span>
    </p>
   </div>
   <div class='ocr_carea' id='block_1_52' title="bbox 2163 2173 3806 2250">
    <p class='ocr_par' dir='ltr' id='par_1_52' title="bbox 2163 2173 3806 2250">
     <span class='ocr_line' id='line_1_52' title="bbox 2163 2173 3806 2250; baseline -0.002 -16"><span class='ocrx_word' id='word_1_363' title='bbox 2163 2179 2293 2250; x_wconf 91' lang='lat' dir='ltr'>ejus</span> <span class='ocrx_word' id='word_1_364' title='bbox 2346 2177 2586 2250; x_wconf 82' lang='lat' dir='ltr'>(Matth.</span> <span class='ocrx_word' id='word_1_365' title='bbox 2644 2178 2772 2247; x_wconf 78' lang='lat' dir='ltr'>x).»</span> <span class='ocrx_word' id='word_1_366' title='bbox 2842 2176 2946 2232; x_wconf 90' lang='lat' dir='ltr'>Cui</span> <span class='ocrx_word' id='word_1_367' title='bbox 3001 2175 3302 2249; x_wconf 88' lang='lat' dir='ltr'>petitionis</span> <span class='ocrx_word' id='word_1_368' title='bbox 3365 2176 3717 2248; x_wconf 80' lang='lat' dir='ltr'>mysterium</span> <span class='ocrx_word' id='word_1_369' title='bbox 3766 2173 3806 2230; x_wconf 89' lang='lat' dir='ltr'>si</span> 
     </span>
    </p>
   </div>
   <div class='ocr_carea' id='block_1_53' title="bbox 2163 2265 3808 2338">
    <p class='ocr_par' dir='ltr' id='par_1_53' title="bbox 2163 2265 3808 2338">
     <span class='ocr_line' id='line_1_53' title="bbox 2163 2265 3808 2338; baseline -0.003 -14"><span class='ocrx_word' id='word_1_370' title='bbox 2163 2267 2589 2330; x_wconf 89' lang='lat' dir='ltr'>consideretur,</span> <span class='ocrx_word' id='word_1_371' title='bbox 2615 2282 2738 2321; x_wconf 91' lang='lat' dir='ltr'>non</span> <span class='ocrx_word' id='word_1_372' title='bbox 2765 2265 3112 2338; x_wconf 89' lang='lat' dir='ltr'>importuna</span> <span class='ocrx_word' id='word_1_373' title='bbox 3135 2265 3239 2321; x_wconf 93' lang='lat' dir='ltr'>sed</span> <span class='ocrx_word' id='word_1_374' title='bbox 3262 2265 3603 2322; x_wconf 89' lang='lat' dir='ltr'>necessaria</span> <span class='ocrx_word' id='word_1_375' title='bbox 3623 2269 3808 2338; x_wconf 90' lang='lat' dir='ltr'>postu-</span> 
     </span>
    </p>
   </div>
   <div class='ocr_carea' id='block_1_54' title="bbox 2161 2355 2831 2413">
    <p class='ocr_par' dir='ltr' id='par_1_54' title="bbox 2161 2355 2831 2413">
     <span class='ocr_line' id='line_1_54' title="bbox 2161 2355 2831 2413; baseline -0.004 0"><span class='ocrx_word' id='word_1_376' title='bbox 2161 2356 2303 2413; x_wconf 90' lang='lat' dir='ltr'>latio</span> <span class='ocrx_word' id='word_1_377' title='bbox 2327 2373 2454 2412; x_wconf 94' lang='lat' dir='ltr'>esse</span> <span class='ocrx_word' id='word_1_378' title='bbox 2478 2355 2831 2411; x_wconf 89' lang='lat' dir='ltr'>decernitur.</span> 
     </span>
    </p>
   </div>
   <div class='ocr_carea' id='block_1_55' title="bbox 2235 2441 3806 2516">
    <p class='ocr_par' dir='ltr' id='par_1_55' title="bbox 2235 2441 3806 2516">
     <span class='ocr_line' id='line_1_55' title="bbox 2235 2441 3806 2516; baseline -0.001 -17"><span class='ocrx_word' id='word_1_379' title='bbox 2235 2469 2262 2494; x_wconf 88' lang='grc'>‹‹</span> <span class='ocrx_word' id='word_1_380' title='bbox 2289 2445 2442 2502; x_wconf 79' lang='lat' dir='ltr'>Dixit</span> <span class='ocrx_word' id='word_1_381' title='bbox 2463 2460 2606 2514; x_wconf 91' lang='lat' dir='ltr'>ergo</span> <span class='ocrx_word' id='word_1_382' title='bbox 2639 2444 2791 2499; x_wconf 85' lang='lat' dir='ltr'>Elias</span> <span class='ocrx_word' id='word_1_383' title='bbox 2821 2443 2899 2499; x_wconf 89' lang='lat' dir='ltr'>ad</span> <span class='ocrx_word' id='word_1_384' title='bbox 2932 2443 3235 2498; x_wconf 65' lang='lat' dir='ltr'>Eliszeum:</span> <span class='ocrx_word' id='word_1_385' title='bbox 3265 2442 3508 2499; x_wconf 89' lang='lat' dir='ltr'>Postula</span> <span class='ocrx_word' id='word_1_386' title='bbox 3537 2444 3696 2516; x_wconf 91' lang='lat' dir='ltr'>quod</span> <span class='ocrx_word' id='word_1_387' title='bbox 3726 2441 3806 2498; x_wconf 89' lang='lat' dir='ltr'>vis</span> 
     </span>
    </p>
   </div>
   <div class='ocr_carea' id='block_1_56' title="bbox 2164 2531 3810 2606">
    <p class='ocr_par' dir='ltr' id='par_1_56' title="bbox 2164 2531 3810 2606">
     <span class='ocr_line' id='line_1_56' title="bbox 2164 2531 3810 2606; baseline 0.001 -20"><span class='ocrx_word' id='word_1_388' title='bbox 2164 2557 2192 2586; x_wconf 89' lang='grc'>‹‹</span> <span class='ocrx_word' id='word_1_389' title='bbox 2221 2539 2286 2591; x_wconf 93' lang='lat' dir='ltr'>ut</span> <span class='ocrx_word' id='word_1_390' title='bbox 2314 2534 2532 2591; x_wconf 84' lang='lat' dir='ltr'>faciam</span> <span class='ocrx_word' id='word_1_391' title='bbox 2560 2533 2666 2589; x_wconf 88' lang='lat' dir='ltr'>tibi</span> <span class='ocrx_word' id='word_1_392' title='bbox 2689 2537 3018 2605; x_wconf 86' lang='lat' dir='ltr'>antequam</span> <span class='ocrx_word' id='word_1_393' title='bbox 3049 2532 3225 2588; x_wconf 90' lang='lat' dir='ltr'>tollar</span> <span class='ocrx_word' id='word_1_394' title='bbox 3253 2548 3290 2588; x_wconf 90' lang='lat' dir='ltr'>a</span> <span class='ocrx_word' id='word_1_395' title='bbox 3321 2537 3394 2588; x_wconf 92' lang='lat' dir='ltr'>te.</span> <span class='ocrx_word' id='word_1_396' title='bbox 3423 2533 3690 2606; x_wconf 83' lang='lat' dir='ltr'>Dixitque</span> <span class='ocrx_word' id='word_1_397' title='bbox 3713 2531 3810 2586; x_wconf 87' lang='lat' dir='ltr'>Eli-</span> 
     </span>
    </p>
   </div>
   <div class='ocr_carea' id='block_1_57' title="bbox 2165 2620 3805 2694">
    <p class='ocr_par' dir='ltr' id='par_1_57' title="bbox 2165 2620 3805 2694">
     <span class='ocr_line' id='line_1_57' title="bbox 2165 2620 3805 2694; baseline 0.001 -20"><span class='ocrx_word' id='word_1_398' title='bbox 2165 2648 2191 2674; x_wconf 86' lang='grc'>‹‹</span> <span class='ocrx_word' id='word_1_399' title='bbox 2226 2640 2417 2679; x_wconf 66' lang='lat' dir='ltr'>smus:</span> <span class='ocrx_word' id='word_1_400' title='bbox 2451 2622 2710 2679; x_wconf 85' lang='lat' dir='ltr'>Obsecro</span> <span class='ocrx_word' id='word_1_401' title='bbox 2739 2626 2801 2677; x_wconf 88' lang='lat' dir='ltr'>ut</span> <span class='ocrx_word' id='word_1_402' title='bbox 2827 2622 2932 2676; x_wconf 87' lang='lat' dir='ltr'>ﬁat</span> <span class='ocrx_word' id='word_1_403' title='bbox 2953 2620 3193 2694; x_wconf 90' lang='lat' dir='ltr'>spiritus</span> <span class='ocrx_word' id='word_1_404' title='bbox 3208 2626 3345 2677; x_wconf 90' lang='lat' dir='ltr'>tuus</span> <span class='ocrx_word' id='word_1_405' title='bbox 3373 2621 3598 2694; x_wconf 84' lang='lat' dir='ltr'>duplex</span> <span class='ocrx_word' id='word_1_406' title='bbox 3621 2621 3678 2676; x_wconf 92' lang='lat' dir='ltr'>in</span> <span class='ocrx_word' id='word_1_407' title='bbox 3699 2636 3805 2676; x_wconf 90' lang='lat' dir='ltr'>me.</span> 
     </span>
    </p>
   </div>
   <div class='ocr_carea' id='block_1_58' title="bbox 2162 2701 3810 2784">
    <p class='ocr_par' dir='ltr' id='par_1_58' title="bbox 2162 2701 3810 2784">
     <span class='ocr_line' id='line_1_58' title="bbox 2162 2701 3810 2784; baseline -0.003 -16"><span class='ocrx_word' id='word_1_408' title='bbox 2162 2733 2194 2767; x_wconf 89' lang='grc'>‹</span> <span class='ocrx_word' id='word_1_409' title='bbox 2225 2711 2684 2784; x_wconf 89' lang='lat' dir='ltr'>Quirespondit:</span> <span class='ocrx_word' id='word_1_410' title='bbox 2718 2713 2861 2766; x_wconf 83' lang='lat' dir='ltr'>Rem</span> <span class='ocrx_word' id='word_1_411' title='bbox 2882 2701 3186 2766; x_wconf 73' lang='lat' dir='ltr'>difficilem</span> <span class='ocrx_word' id='word_1_412' title='bbox 3206 2710 3810 2782; x_wconf 78' lang='lat' dir='ltr'>postulasti.Attamen</span> 
     </span>
    </p>
   </div>
   <div class='ocr_carea' id='block_1_59' title="bbox 2164 2797 3812 2872">
    <p class='ocr_par' dir='ltr' id='par_1_59' title="bbox 2164 2797 3812 2872">
     <span class='ocr_line' id='line_1_59' title="bbox 2164 2797 3812 2872; baseline 0 -20"><span class='ocrx_word' id='word_1_413' title='bbox 2164 2826 2190 2852; x_wconf 88' lang='grc'>‹‹</span> <span class='ocrx_word' id='word_1_414' title='bbox 2230 2801 2276 2857; x_wconf 92' lang='lat' dir='ltr'>si</span> <span class='ocrx_word' id='word_1_415' title='bbox 2307 2800 2525 2856; x_wconf 91' lang='lat' dir='ltr'>videris</span> <span class='ocrx_word' id='word_1_416' title='bbox 2555 2815 2652 2854; x_wconf 93' lang='lat' dir='ltr'>me</span> <span class='ocrx_word' id='word_1_417' title='bbox 2691 2799 2939 2872; x_wconf 89' lang='lat' dir='ltr'>quando</span> <span class='ocrx_word' id='word_1_418' title='bbox 2971 2798 3144 2854; x_wconf 91' lang='lat' dir='ltr'>tollar</span> <span class='ocrx_word' id='word_1_419' title='bbox 3176 2816 3210 2854; x_wconf 93' lang='lat' dir='ltr'>a</span> <span class='ocrx_word' id='word_1_420' title='bbox 3242 2803 3316 2862; x_wconf 90' lang='lat' dir='ltr'>te,</span> <span class='ocrx_word' id='word_1_421' title='bbox 3345 2799 3456 2854; x_wconf 92' lang='lat' dir='ltr'>erit</span> <span class='ocrx_word' id='word_1_422' title='bbox 3486 2798 3649 2872; x_wconf 90' lang='lat' dir='ltr'>quod</span> <span class='ocrx_word' id='word_1_423' title='bbox 3680 2797 3812 2871; x_wconf 91' lang='lat' dir='ltr'>peti-</span> 
     </span>
    </p>
   </div>
   <div class='ocr_carea' id='block_1_60' title="bbox 2163 2887 3807 2954">
    <p class='ocr_par' dir='ltr' id='par_1_60' title="bbox 2163 2887 3807 2954">
     <span class='ocr_line' id='line_1_60' title="bbox 2163 2887 3807 2954; baseline -0.002 -10"><span class='ocrx_word' id='word_1_424' title='bbox 2163 2914 2190 2941; x_wconf 79' lang='grc' dir='ltr'>ι(</span> <span class='ocrx_word' id='word_1_425' title='bbox 2225 2891 2334 2946; x_wconf 92' lang='lat' dir='ltr'>sti:</span> <span class='ocrx_word' id='word_1_426' title='bbox 2370 2889 2420 2944; x_wconf 92' lang='lat' dir='ltr'>si</span> <span class='ocrx_word' id='word_1_427' title='bbox 2451 2894 2650 2944; x_wconf 90' lang='lat' dir='ltr'>autem</span> <span class='ocrx_word' id='word_1_428' title='bbox 2678 2904 2799 2943; x_wconf 92' lang='lat' dir='ltr'>non</span> <span class='ocrx_word' id='word_1_429' title='bbox 2833 2888 3067 2953; x_wconf 88' lang='lat' dir='ltr'>videris,</span> <span class='ocrx_word' id='word_1_430' title='bbox 3100 2904 3223 2943; x_wconf 91' lang='lat' dir='ltr'>non</span> <span class='ocrx_word' id='word_1_431' title='bbox 3245 2889 3410 2943; x_wconf 85' lang='lat' dir='ltr'>erit.»</span> <span class='ocrx_word' id='word_1_432' title='bbox 3444 2890 3634 2954; x_wconf 87' lang='lat' dir='ltr'>Quem</span> <span class='ocrx_word' id='word_1_433' title='bbox 3660 2887 3807 2944; x_wconf 91' lang='lat' dir='ltr'>enim</span> 
     </span>
    </p>
   </div>
   <div class='ocr_carea' id='block_1_61' title="bbox 2161 2976 3809 3049">
    <p class='ocr_par' dir='ltr' id='par_1_61' title="bbox 2161 2976 3809 3049">
     <span class='ocr_line' id='line_1_61' title="bbox 2161 2976 3809 3049; baseline -0.004 -13"><span class='ocrx_word' id='word_1_434' title='bbox 2161 2981 2274 3036; x_wconf 92' lang='lat' dir='ltr'>hoc</span> <span class='ocrx_word' id='word_1_435' title='bbox 2295 2979 2427 3035; x_wconf 93' lang='lat' dir='ltr'>loco</span> <span class='ocrx_word' id='word_1_436' title='bbox 2450 2977 2742 3047; x_wconf 87' lang='lat' dir='ltr'>signiﬁcat</span> <span class='ocrx_word' id='word_1_437' title='bbox 2764 2977 2933 3043; x_wconf 85' lang='lat' dir='ltr'>Elias,</span> <span class='ocrx_word' id='word_1_438' title='bbox 2955 2977 3066 3031; x_wconf 91' lang='lat' dir='ltr'>nisi</span> <span class='ocrx_word' id='word_1_439' title='bbox 3097 2981 3276 3049; x_wconf 91' lang='lat' dir='ltr'>caput</span> <span class='ocrx_word' id='word_1_440' title='bbox 3305 2982 3602 3044; x_wconf 89' lang='lat' dir='ltr'>nostrum,</span> <span class='ocrx_word' id='word_1_441' title='bbox 3625 2976 3809 3032; x_wconf 90' lang='lat' dir='ltr'>Domi-</span> 
     </span>
    </p>
   </div>
   <div class='ocr_carea' id='block_1_62' title="bbox 393 3063 3809 3158">
    <p class='ocr_par' dir='ltr' id='par_1_62' title="bbox 393 3063 3809 3158">
     <span class='ocr_line' id='line_1_62' title="bbox 393 3063 3809 3158; baseline -0.001 -36"><span class='ocrx_word' id='word_1_442' title='bbox 393 3083 542 3140; x_wconf 91' lang='lat' dir='ltr'>sque</span> <span class='ocrx_word' id='word_1_443' title='bbox 591 3066 670 3122; x_wconf 90' lang='lat' dir='ltr'>ad</span> <span class='ocrx_word' id='word_1_444' title='bbox 715 3067 899 3122; x_wconf 89' lang='lat' dir='ltr'>ﬁnem</span> <span class='ocrx_word' id='word_1_445' title='bbox 938 3064 1152 3121; x_wconf 91' lang='lat' dir='ltr'>mundi</span> <span class='ocrx_word' id='word_1_446' title='bbox 1203 3064 1424 3132; x_wconf 89' lang='lat' dir='ltr'>redeat,</span> <span class='ocrx_word' id='word_1_447' title='bbox 1445 3068 1512 3158; x_wconf 37' lang='lat' dir='ltr'>-et</span> <span class='ocrx_word' id='word_1_448' title='bbox 1543 3063 1750 3120; x_wconf 90' lang='lat' dir='ltr'>mortis</span> <span class='ocrx_word' id='word_1_449' title='bbox 1780 3063 2050 3120; x_wconf 87' lang='lat' dir='ltr'>debitum</span> <span class='ocrx_word' id='word_1_450' title='bbox 2081 3101 2123 3158; x_wconf 64' lang='grc' dir='ltr'>Ο</span> <span class='ocrx_word' id='word_1_451' title='bbox 2161 3085 2309 3124; x_wconf 89' lang='lat' dir='ltr'>num</span> <span class='ocrx_word' id='word_1_452' title='bbox 2339 3067 2558 3124; x_wconf 89' lang='lat' dir='ltr'>scilicet</span> <span class='ocrx_word' id='word_1_453' title='bbox 2593 3066 3092 3138; x_wconf 80' lang='lat' dir='ltr'>Redemptorem?</span> <span class='ocrx_word' id='word_1_454' title='bbox 3125 3069 3190 3120; x_wconf 91' lang='lat' dir='ltr'>Et</span> <span class='ocrx_word' id='word_1_455' title='bbox 3217 3081 3401 3137; x_wconf 90' lang='lat' dir='ltr'>quem</span> <span class='ocrx_word' id='word_1_456' title='bbox 3435 3065 3676 3121; x_wconf 70' lang='lat' dir='ltr'>Elismus</span> <span class='ocrx_word' id='word_1_457' title='bbox 3706 3064 3809 3119; x_wconf 88' lang='lat' dir='ltr'>nisi</span> 
     </span>
    </p>
   </div>
   <div class='ocr_carea' id='block_1_63' title="bbox 389 3151 3810 3230">
    <p class='ocr_par' dir='ltr' id='par_1_63' title="bbox 389 3151 3810 3230">
     <span class='ocr_line' id='line_1_63' title="bbox 389 3151 3810 3230; baseline -0.001 -20"><span class='ocrx_word' id='word_1_458' title='bbox 389 3155 598 3211; x_wconf 89' lang='lat' dir='ltr'>solvat.</span> <span class='ocrx_word' id='word_1_459' title='bbox 657 3154 1013 3212; x_wconf 91' lang='lat' dir='ltr'>Sublevatus</span> <span class='ocrx_word' id='word_1_460' title='bbox 1071 3168 1338 3225; x_wconf 90' lang='lat' dir='ltr'>namque</span> <span class='ocrx_word' id='word_1_461' title='bbox 1401 3151 1574 3221; x_wconf 87' lang='lat' dir='ltr'>Elias,</span> <span class='ocrx_word' id='word_1_462' title='bbox 1631 3153 2050 3208; x_wconf 90' lang='lat' dir='ltr'>ascensionem</span> <span class='ocrx_word' id='word_1_463' title='bbox 2088 3151 2123 3158; x_wconf 59' lang='lat'>&#39;</span> <span class='ocrx_word' id='word_1_464' title='bbox 2161 3174 2383 3230; x_wconf 90' lang='lat' dir='ltr'>corpus</span> <span class='ocrx_word' id='word_1_465' title='bbox 2401 3156 2533 3228; x_wconf 91' lang='lat' dir='ltr'>ejus</span> <span class='ocrx_word' id='word_1_466' title='bbox 2553 3154 2719 3228; x_wconf 89' lang='lat' dir='ltr'>quod</span> <span class='ocrx_word' id='word_1_467' title='bbox 2743 3154 3154 3210; x_wconf 78' lang='lat' dir='ltr'>estEcclesia?</span> <span class='ocrx_word' id='word_1_468' title='bbox 3180 3157 3286 3209; x_wconf 89' lang='lat' dir='ltr'>Dat</span> <span class='ocrx_word' id='word_1_469' title='bbox 3301 3153 3506 3210; x_wconf 90' lang='lat' dir='ltr'>locum</span> <span class='ocrx_word' id='word_1_470' title='bbox 3522 3153 3810 3228; x_wconf 54' lang='lat' dir='ltr'>postulano</span> 
     </span>
    </p>
   </div>
   <div class='ocr_carea' id='block_1_64' title="bbox 390 3241 2048 3314">
    <p class='ocr_par' dir='ltr' id='par_1_64' title="bbox 390 3241 2048 3314">
     <span class='ocr_line' id='line_1_64' title="bbox 390 3241 2048 3314; baseline -0.002 -13"><span class='ocrx_word' id='word_1_471' title='bbox 390 3244 760 3301; x_wconf 89' lang='lat' dir='ltr'>Dominicam</span> <span class='ocrx_word' id='word_1_472' title='bbox 809 3241 1166 3314; x_wconf 88' lang='lat' dir='ltr'>designavit.</span> <span class='ocrx_word' id='word_1_473' title='bbox 1197 3242 1294 3298; x_wconf 89' lang='lat' dir='ltr'>llle</span> <span class='ocrx_word' id='word_1_474' title='bbox 1325 3243 1485 3298; x_wconf 90' lang='lat' dir='ltr'>enim</span> <span class='ocrx_word' id='word_1_475' title='bbox 1517 3247 1771 3298; x_wconf 90' lang='lat' dir='ltr'>mortem</span> <span class='ocrx_word' id='word_1_476' title='bbox 1802 3242 2048 3312; x_wconf 89' lang='lat' dir='ltr'>distulit,</span> 
     </span>
    </p>
   </div>
   <div class='ocr_carea' id='block_1_65' title="bbox 387 3331 2050 3404">
    <p class='ocr_par' dir='ltr' id='par_1_65' title="bbox 387 3331 2050 3404">
     <span class='ocr_line' id='line_1_65' title="bbox 387 3331 2050 3404; baseline -0.002 -15"><span class='ocrx_word' id='word_1_477' title='bbox 387 3349 512 3389; x_wconf 92' lang='lat' dir='ltr'>non</span> <span class='ocrx_word' id='word_1_478' title='bbox 567 3333 776 3400; x_wconf 86' lang='lat' dir='ltr'>evasit,</span> <span class='ocrx_word' id='word_1_479' title='bbox 819 3333 1181 3404; x_wconf 81' lang='lat' dir='ltr'>Redemptor</span> <span class='ocrx_word' id='word_1_480' title='bbox 1224 3334 1427 3386; x_wconf 86' lang='lat' dir='ltr'>autem</span> <span class='ocrx_word' id='word_1_481' title='bbox 1479 3336 1703 3401; x_wconf 90' lang='lat' dir='ltr'>noster,</span> <span class='ocrx_word' id='word_1_482' title='bbox 1733 3331 1880 3404; x_wconf 89' lang='lat' dir='ltr'>quia</span> <span class='ocrx_word' id='word_1_483' title='bbox 1925 3346 2050 3386; x_wconf 92' lang='lat' dir='ltr'>non</span> 
     </span>
    </p>
   </div>
   <div class='ocr_carea' id='block_1_66' title="bbox 389 3419 2052 3492">
    <p class='ocr_par' dir='ltr' id='par_1_66' title="bbox 389 3419 2052 3492">
     <span class='ocr_line' id='line_1_66' title="bbox 389 3419 2052 3492; baseline 0 -16"><span class='ocrx_word' id='word_1_484' title='bbox 389 3421 634 3487; x_wconf 88' lang='lat' dir='ltr'>distulit,</span> <span class='ocrx_word' id='word_1_485' title='bbox 666 3421 992 3492; x_wconf 88' lang='lat' dir='ltr'>superavit,</span> <span class='ocrx_word' id='word_1_486' title='bbox 1024 3435 1282 3492; x_wconf 90' lang='lat' dir='ltr'>eamque</span> <span class='ocrx_word' id='word_1_487' title='bbox 1321 3419 1694 3489; x_wconf 89' lang='lat' dir='ltr'>resurgendo</span> <span class='ocrx_word' id='word_1_488' title='bbox 1724 3435 2052 3492; x_wconf 86' lang='lat' dir='ltr'>consump-</span> 
     </span>
    </p>
   </div>
   <div class='ocr_carea' id='block_1_67' title="bbox 391 3507 2048 3579">
    <p class='ocr_par' dir='ltr' id='par_1_67' title="bbox 391 3507 2048 3579">
     <span class='ocr_line' id='line_1_67' title="bbox 391 3507 2048 3579; baseline 0.001 -15"><span class='ocrx_word' id='word_1_489' title='bbox 391 3509 484 3579; x_wconf 88' lang='lat' dir='ltr'>sit,</span> <span class='ocrx_word' id='word_1_490' title='bbox 514 3515 570 3564; x_wconf 88' lang='lat' dir='ltr'>et</span> <span class='ocrx_word' id='word_1_491' title='bbox 597 3508 1044 3564; x_wconf 87' lang='lat' dir='ltr'>resurrectionis</span> <span class='ocrx_word' id='word_1_492' title='bbox 1076 3525 1201 3563; x_wconf 83' lang='lat' dir='ltr'>suae</span> <span class='ocrx_word' id='word_1_493' title='bbox 1229 3507 1503 3578; x_wconf 86' lang='lat' dir='ltr'>gloriam,</span> <span class='ocrx_word' id='word_1_494' title='bbox 1533 3508 1917 3565; x_wconf 89' lang='lat' dir='ltr'>ascendendo</span> <span class='ocrx_word' id='word_1_495' title='bbox 1943 3510 2048 3566; x_wconf 87' lang='lat' dir='ltr'>de-</span> 
     </span>
    </p>
   </div>
   <div class='ocr_carea' id='block_1_68' title="bbox 390 3597 2049 3670">
    <p class='ocr_par' dir='ltr' id='par_1_68' title="bbox 390 3597 2049 3670">
     <span class='ocr_line' id='line_1_68' title="bbox 390 3597 2049 3670; baseline 0 -16"><span class='ocrx_word' id='word_1_496' title='bbox 390 3598 660 3655; x_wconf 85' lang='lat' dir='ltr'>claravit.</span> <span class='ocrx_word' id='word_1_497' title='bbox 695 3597 1040 3654; x_wconf 87' lang='lat' dir='ltr'>Notandum</span> <span class='ocrx_word' id='word_1_498' title='bbox 1068 3612 1312 3670; x_wconf 88' lang='lat' dir='ltr'>quoque</span> <span class='ocrx_word' id='word_1_499' title='bbox 1338 3602 1425 3653; x_wconf 92' lang='lat' dir='ltr'>est</span> <span class='ocrx_word' id='word_1_500' title='bbox 1455 3597 1621 3669; x_wconf 93' lang='lat' dir='ltr'>quod</span> <span class='ocrx_word' id='word_1_501' title='bbox 1645 3597 1798 3654; x_wconf 88' lang='lat' dir='ltr'>Elias</span> <span class='ocrx_word' id='word_1_502' title='bbox 1830 3598 1891 3653; x_wconf 90' lang='lat' dir='ltr'>in</span> <span class='ocrx_word' id='word_1_503' title='bbox 1919 3614 2049 3654; x_wconf 85' lang='lat' dir='ltr'>cur-</span> 
     </span>
    </p>
   </div>
   <div class='ocr_carea' id='block_1_69' title="bbox 389 3685 2052 3759">
    <p class='ocr_par' dir='ltr' id='par_1_69' title="bbox 389 3685 2052 3759">
     <span class='ocr_line' id='line_1_69' title="bbox 389 3685 2052 3759; baseline -0.001 -15"><span class='ocrx_word' id='word_1_504' title='bbox 389 3704 462 3744; x_wconf 92' lang='lat' dir='ltr'>ru</span> <span class='ocrx_word' id='word_1_505' title='bbox 493 3687 839 3744; x_wconf 89' lang='lat' dir='ltr'>ascendisse</span> <span class='ocrx_word' id='word_1_506' title='bbox 865 3686 1096 3758; x_wconf 90' lang='lat' dir='ltr'>legitur,</span> <span class='ocrx_word' id='word_1_507' title='bbox 1126 3691 1192 3742; x_wconf 93' lang='lat' dir='ltr'>ut</span> <span class='ocrx_word' id='word_1_508' title='bbox 1225 3685 1492 3742; x_wconf 86' lang='lat' dir='ltr'>videlicet</span> <span class='ocrx_word' id='word_1_509' title='bbox 1521 3692 1722 3759; x_wconf 90' lang='lat' dir='ltr'>aperte</span> <span class='ocrx_word' id='word_1_510' title='bbox 1755 3691 2052 3744; x_wconf 90' lang='lat' dir='ltr'>monstra-</span> 
     </span>
    </p>
   </div>
   <div class='ocr_carea' id='block_1_70' title="bbox 387 3774 2046 3850">
    <p class='ocr_par' dir='ltr' id='par_1_70' title="bbox 387 3774 2046 3850">
     <span class='ocr_line' id='line_1_70' title="bbox 387 3774 2046 3850; baseline 0 -16"><span class='ocrx_word' id='word_1_511' title='bbox 387 3784 570 3842; x_wconf 88' lang='lat' dir='ltr'>retur,</span> <span class='ocrx_word' id='word_1_512' title='bbox 601 3779 748 3850; x_wconf 87' lang='lat' dir='ltr'>quia</span> <span class='ocrx_word' id='word_1_513' title='bbox 795 3777 982 3833; x_wconf 92' lang='lat' dir='ltr'>homo</span> <span class='ocrx_word' id='word_1_514' title='bbox 1011 3791 1200 3849; x_wconf 90' lang='lat' dir='ltr'>purus</span> <span class='ocrx_word' id='word_1_515' title='bbox 1252 3774 1553 3846; x_wconf 90' lang='lat' dir='ltr'>adjutorio</span> <span class='ocrx_word' id='word_1_516' title='bbox 1583 3775 1802 3844; x_wconf 89' lang='lat' dir='ltr'>egebat</span> <span class='ocrx_word' id='word_1_517' title='bbox 1830 3775 2046 3834; x_wconf 87' lang='lat' dir='ltr'>alieno.</span> 
     </span>
    </p>
   </div>
   <div class='ocr_carea' id='block_1_71' title="bbox 389 3865 2051 3939">
    <p class='ocr_par' dir='ltr' id='par_1_71' title="bbox 389 3865 2051 3939">
     <span class='ocr_line' id='line_1_71' title="bbox 389 3865 2051 3939; baseline -0.002 -16"><span class='ocrx_word' id='word_1_518' title='bbox 389 3871 496 3923; x_wconf 85' lang='lat' dir='ltr'>Per</span> <span class='ocrx_word' id='word_1_519' title='bbox 515 3867 764 3937; x_wconf 88' lang='lat' dir='ltr'>angelos</span> <span class='ocrx_word' id='word_1_520' title='bbox 791 3867 1017 3939; x_wconf 92' lang='lat' dir='ltr'>quippe</span> <span class='ocrx_word' id='word_1_521' title='bbox 1048 3865 1147 3922; x_wconf 89' lang='lat' dir='ltr'>illa</span> <span class='ocrx_word' id='word_1_522' title='bbox 1176 3865 1336 3922; x_wconf 91' lang='lat' dir='ltr'>facta</span> <span class='ocrx_word' id='word_1_523' title='bbox 1367 3869 1424 3920; x_wconf 91' lang='lat' dir='ltr'>et</span> <span class='ocrx_word' id='word_1_524' title='bbox 1445 3869 1686 3920; x_wconf 89' lang='lat' dir='ltr'>ostensa</span> <span class='ocrx_word' id='word_1_525' title='bbox 1716 3869 1854 3920; x_wconf 91' lang='lat' dir='ltr'>sunt</span> <span class='ocrx_word' id='word_1_526' title='bbox 1883 3865 2051 3936; x_wconf 88' lang='lat' dir='ltr'>adju-</span> 
     </span>
    </p>
   </div>
   <div class='ocr_carea' id='block_1_72' title="bbox 390 3954 2052 4030">
    <p class='ocr_par' dir='ltr' id='par_1_72' title="bbox 390 3954 2052 4030">
     <span class='ocr_line' id='line_1_72' title="bbox 390 3954 2052 4030; baseline -0.001 -18"><span class='ocrx_word' id='word_1_527' title='bbox 390 3963 615 4024; x_wconf 81' lang='lat' dir='ltr'>menta,</span> <span class='ocrx_word' id='word_1_528' title='bbox 648 3959 792 4030; x_wconf 90' lang='lat' dir='ltr'>quia</span> <span class='ocrx_word' id='word_1_529' title='bbox 843 3973 953 4013; x_wconf 92' lang='lat' dir='ltr'>nec</span> <span class='ocrx_word' id='word_1_530' title='bbox 1004 3956 1084 4012; x_wconf 90' lang='lat' dir='ltr'>ad</span> <span class='ocrx_word' id='word_1_531' title='bbox 1126 3955 1347 4011; x_wconf 67' lang='lat' dir='ltr'>caelum</span> <span class='ocrx_word' id='word_1_532' title='bbox 1388 3954 1636 4027; x_wconf 91' lang='lat' dir='ltr'>quidem</span> <span class='ocrx_word' id='word_1_533' title='bbox 1665 3969 1910 4010; x_wconf 92' lang='lat' dir='ltr'>aereum</span> <span class='ocrx_word' id='word_1_534' title='bbox 1945 3971 2052 4027; x_wconf 92' lang='lat' dir='ltr'>per</span> 
     </span>
    </p>
   </div>
   <div class='ocr_carea' id='block_1_73' title="bbox 391 4044 2050 4118">
    <p class='ocr_par' dir='ltr' id='par_1_73' title="bbox 391 4044 2050 4118">
     <span class='ocr_line' id='line_1_73' title="bbox 391 4044 2050 4118; baseline 0 -18"><span class='ocrx_word' id='word_1_535' title='bbox 391 4061 453 4101; x_wconf 91' lang='lat' dir='ltr'>se</span> <span class='ocrx_word' id='word_1_536' title='bbox 483 4047 804 4102; x_wconf 77' lang='lat' dir='ltr'>ascendere</span> <span class='ocrx_word' id='word_1_537' title='bbox 825 4051 1079 4118; x_wconf 87' lang='lat' dir='ltr'>poterat,</span> <span class='ocrx_word' id='word_1_538' title='bbox 1103 4061 1288 4117; x_wconf 88' lang='lat' dir='ltr'>quem</span> <span class='ocrx_word' id='word_1_539' title='bbox 1316 4049 1546 4100; x_wconf 58' lang='lat' dir='ltr'>natura</span> <span class='ocrx_word' id='word_1_540' title='bbox 1577 4060 1699 4099; x_wconf 73' lang='lat' dir='ltr'>suae</span> <span class='ocrx_word' id='word_1_541' title='bbox 1731 4044 2050 4101; x_wconf 86' lang='lat' dir='ltr'>inﬁrmitas</span> 
     </span>
    </p>
   </div>
   <div class='ocr_carea' id='block_1_74' title="bbox 392 4135 2046 4207">
    <p class='ocr_par' dir='ltr' id='par_1_74' title="bbox 392 4135 2046 4207">
     <span class='ocr_line' id='line_1_74' title="bbox 392 4135 2046 4207; baseline 0 -17"><span class='ocrx_word' id='word_1_542' title='bbox 392 4135 703 4204; x_wconf 87' lang='lat' dir='ltr'>gravabat.</span> <span class='ocrx_word' id='word_1_543' title='bbox 755 4135 1114 4207; x_wconf 87' lang='lat' dir='ltr'>Redemptor</span> <span class='ocrx_word' id='word_1_544' title='bbox 1161 4138 1363 4189; x_wconf 90' lang='lat' dir='ltr'>autem</span> <span class='ocrx_word' id='word_1_545' title='bbox 1409 4138 1630 4201; x_wconf 92' lang='lat' dir='ltr'>noster,</span> <span class='ocrx_word' id='word_1_546' title='bbox 1671 4149 1795 4190; x_wconf 94' lang='lat' dir='ltr'>non</span> <span class='ocrx_word' id='word_1_547' title='bbox 1847 4150 2046 4203; x_wconf 91' lang='lat' dir='ltr'>curru,</span> 
     </span>
    </p>
   </div>
   <div class='ocr_carea' id='block_1_75' title="bbox 391 4222 2052 4298">
    <p class='ocr_par' dir='ltr' id='par_1_75' title="bbox 391 4222 2052 4298">
     <span class='ocr_line' id='line_1_75' title="bbox 391 4222 2052 4298; baseline 0.001 -19"><span class='ocrx_word' id='word_1_548' title='bbox 391 4238 514 4280; x_wconf 92' lang='lat' dir='ltr'>non</span> <span class='ocrx_word' id='word_1_549' title='bbox 545 4223 774 4292; x_wconf 86' lang='lat' dir='ltr'>angelis</span> <span class='ocrx_word' id='word_1_550' title='bbox 804 4223 1151 4279; x_wconf 89' lang='lat' dir='ltr'>sublevatus</span> <span class='ocrx_word' id='word_1_551' title='bbox 1186 4222 1418 4292; x_wconf 87' lang='lat' dir='ltr'>legitur,</span> <span class='ocrx_word' id='word_1_552' title='bbox 1448 4223 1593 4296; x_wconf 91' lang='lat' dir='ltr'>quia</span> <span class='ocrx_word' id='word_1_553' title='bbox 1623 4223 1672 4280; x_wconf 90' lang='lat' dir='ltr'>is</span> <span class='ocrx_word' id='word_1_554' title='bbox 1701 4224 1804 4298; x_wconf 92' lang='lat' dir='ltr'>qui</span> <span class='ocrx_word' id='word_1_555' title='bbox 1832 4223 2052 4281; x_wconf 88' lang='lat' dir='ltr'>fecerat</span> 
     </span>
    </p>
   </div>
   <div class='ocr_carea' id='block_1_76' title="bbox 391 4311 2048 4384">
    <p class='ocr_par' dir='ltr' id='par_1_76' title="bbox 391 4311 2048 4384">
     <span class='ocr_line' id='line_1_76' title="bbox 391 4311 2048 4384; baseline 0.001 -16"><span class='ocrx_word' id='word_1_556' title='bbox 391 4311 598 4368; x_wconf 90' lang='lat' dir='ltr'>omnia</span> <span class='ocrx_word' id='word_1_557' title='bbox 623 4311 907 4366; x_wconf 90' lang='lat' dir='ltr'>nimirum</span> <span class='ocrx_word' id='word_1_558' title='bbox 963 4327 1143 4384; x_wconf 90' lang='lat' dir='ltr'>super</span> <span class='ocrx_word' id='word_1_559' title='bbox 1181 4313 1386 4369; x_wconf 90' lang='lat' dir='ltr'>omnia</span> <span class='ocrx_word' id='word_1_560' title='bbox 1411 4329 1522 4369; x_wconf 89' lang='lat' dir='ltr'>sua</span> <span class='ocrx_word' id='word_1_561' title='bbox 1552 4313 1765 4369; x_wconf 89' lang='lat' dir='ltr'>virtute</span> <span class='ocrx_word' id='word_1_562' title='bbox 1814 4313 2048 4370; x_wconf 87' lang='lat' dir='ltr'>fereba-</span> 
     </span>
    </p>
   </div>
   <div class='ocr_carea' id='block_1_77' title="bbox 391 4399 2048 4469">
    <p class='ocr_par' dir='ltr' id='par_1_77' title="bbox 391 4399 2048 4469">
     <span class='ocr_line' id='line_1_77' title="bbox 391 4399 2048 4469; baseline 0.001 -13"><span class='ocrx_word' id='word_1_563' title='bbox 391 4404 506 4456; x_wconf 91' lang='lat' dir='ltr'>tur.</span> <span class='ocrx_word' id='word_1_564' title='bbox 565 4399 705 4454; x_wconf 87' lang='lat' dir='ltr'>llluc</span> <span class='ocrx_word' id='word_1_565' title='bbox 767 4399 927 4455; x_wconf 91' lang='lat' dir='ltr'>enim</span> <span class='ocrx_word' id='word_1_566' title='bbox 974 4400 1381 4457; x_wconf 85' lang='lat' dir='ltr'>revertebatur</span> <span class='ocrx_word' id='word_1_567' title='bbox 1430 4400 1536 4456; x_wconf 93' lang='lat' dir='ltr'>ubi</span> <span class='ocrx_word' id='word_1_568' title='bbox 1587 4406 1733 4469; x_wconf 89' lang='lat' dir='ltr'>erat,</span> <span class='ocrx_word' id='word_1_569' title='bbox 1789 4405 1846 4457; x_wconf 91' lang='lat' dir='ltr'>et</span> <span class='ocrx_word' id='word_1_570' title='bbox 1907 4402 2048 4457; x_wconf 90' lang='lat' dir='ltr'>inde</span> 
     </span>
    </p>
   </div>
   <div class='ocr_carea' id='block_1_78' title="bbox 389 4487 2049 4562">
    <p class='ocr_par' dir='ltr' id='par_1_78' title="bbox 389 4487 2049 4562">
     <span class='ocr_line' id='line_1_78' title="bbox 389 4487 2049 4562; baseline 0.001 -18"><span class='ocrx_word' id='word_1_571' title='bbox 389 4487 626 4544; x_wconf 89' lang='lat' dir='ltr'>redibat</span> <span class='ocrx_word' id='word_1_572' title='bbox 665 4488 767 4544; x_wconf 89' lang='lat' dir='ltr'>ubi</span> <span class='ocrx_word' id='word_1_573' title='bbox 814 4488 1206 4545; x_wconf 91' lang='lat' dir='ltr'>remanebat:</span> <span class='ocrx_word' id='word_1_574' title='bbox 1255 4489 1400 4562; x_wconf 91' lang='lat' dir='ltr'>quia</span> <span class='ocrx_word' id='word_1_575' title='bbox 1445 4505 1584 4546; x_wconf 91' lang='lat' dir='ltr'>cum</span> <span class='ocrx_word' id='word_1_576' title='bbox 1635 4505 1742 4562; x_wconf 94' lang='lat' dir='ltr'>per</span> <span class='ocrx_word' id='word_1_577' title='bbox 1771 4489 2049 4546; x_wconf 88' lang='lat' dir='ltr'>humani-</span> 
     </span>
    </p>
   </div>
   <div class='ocr_carea' id='block_1_79' title="bbox 389 4577 2051 4652">
    <p class='ocr_par' dir='ltr' id='par_1_79' title="bbox 389 4577 2051 4652">
     <span class='ocr_line' id='line_1_79' title="bbox 389 4577 2051 4652; baseline 0 -17"><span class='ocrx_word' id='word_1_578' title='bbox 389 4582 573 4635; x_wconf 86' lang='lat' dir='ltr'>tatem</span> <span class='ocrx_word' id='word_1_579' title='bbox 627 4577 981 4635; x_wconf 89' lang='lat' dir='ltr'>ascenderet</span> <span class='ocrx_word' id='word_1_580' title='bbox 1023 4578 1082 4634; x_wconf 90' lang='lat' dir='ltr'>in</span> <span class='ocrx_word' id='word_1_581' title='bbox 1133 4578 1375 4646; x_wconf 69' lang='lat' dir='ltr'>caelum,</span> <span class='ocrx_word' id='word_1_582' title='bbox 1414 4595 1522 4652; x_wconf 90' lang='lat' dir='ltr'>per</span> <span class='ocrx_word' id='word_1_583' title='bbox 1568 4578 1960 4647; x_wconf 89' lang='lat' dir='ltr'>divinitatem,</span> <span class='ocrx_word' id='word_1_584' title='bbox 1994 4583 2051 4636; x_wconf 86' lang='lat' dir='ltr'>et</span> 
     </span>
    </p>
   </div>
   <div class='ocr_carea' id='block_1_80' title="bbox 389 4667 2048 4740">
    <p class='ocr_par' dir='ltr' id='par_1_80' title="bbox 389 4667 2048 4740">
     <span class='ocr_line' id='line_1_80' title="bbox 389 4667 2048 4740; baseline 0 -16"><span class='ocrx_word' id='word_1_585' title='bbox 389 4672 611 4725; x_wconf 88' lang='lat' dir='ltr'>terram</span> <span class='ocrx_word' id='word_1_586' title='bbox 642 4669 864 4740; x_wconf 89' lang='lat' dir='ltr'>pariter</span> <span class='ocrx_word' id='word_1_587' title='bbox 904 4668 1249 4725; x_wconf 87' lang='lat' dir='ltr'>continebat</span> <span class='ocrx_word' id='word_1_588' title='bbox 1289 4673 1347 4724; x_wconf 90' lang='lat' dir='ltr'>et</span> <span class='ocrx_word' id='word_1_589' title='bbox 1382 4668 1622 4725; x_wconf 89' lang='lat' dir='ltr'>coelum.</span> <span class='ocrx_word' id='word_1_590' title='bbox 1657 4667 1816 4724; x_wconf 91' lang='lat' dir='ltr'>Sicut</span> <span class='ocrx_word' id='word_1_591' title='bbox 1845 4673 2048 4724; x_wconf 89' lang='lat' dir='ltr'>autem</span> 
     </span>
    </p>
   </div>
   <div class='ocr_carea' id='block_1_81' title="bbox 387 4757 2052 4831">
    <p class='ocr_par' dir='ltr' id='par_1_81' title="bbox 387 4757 2052 4831">
     <span class='ocr_line' id='line_1_81' title="bbox 387 4757 2052 4831; baseline 0 -19"><span class='ocrx_word' id='word_1_592' title='bbox 387 4759 612 4831; x_wconf 86' lang='lat' dir='ltr'>Joseph</span> <span class='ocrx_word' id='word_1_593' title='bbox 662 4774 699 4813; x_wconf 92' lang='lat' dir='ltr'>a</span> <span class='ocrx_word' id='word_1_594' title='bbox 728 4757 1007 4813; x_wconf 87' lang='lat' dir='ltr'>fratribus</span> <span class='ocrx_word' id='word_1_595' title='bbox 1036 4757 1314 4814; x_wconf 89' lang='lat' dir='ltr'>venditus</span> <span class='ocrx_word' id='word_1_596' title='bbox 1347 4757 1756 4813; x_wconf 91' lang='lat' dir='ltr'>venditionem</span> <span class='ocrx_word' id='word_1_597' title='bbox 1801 4757 2052 4813; x_wconf 85' lang='lat' dir='ltr'>Redem-</span> 
     </span>
    </p>
   </div>
   <div class='ocr_carea' id='block_1_82' title="bbox 387 4843 2050 4920">
    <p class='ocr_par' dir='ltr' id='par_1_82' title="bbox 387 4843 2050 4920">
     <span class='ocr_line' id='line_1_82' title="bbox 387 4843 2050 4920; baseline -0.001 -16"><span class='ocrx_word' id='word_1_598' title='bbox 387 4849 576 4920; x_wconf 89' lang='lat' dir='ltr'>ptoris</span> <span class='ocrx_word' id='word_1_599' title='bbox 605 4847 791 4904; x_wconf 92' lang='lat' dir='ltr'>nostri</span> <span class='ocrx_word' id='word_1_600' title='bbox 825 4847 1125 4917; x_wconf 85' lang='lat' dir='ltr'>ﬁguravit,</span> <span class='ocrx_word' id='word_1_601' title='bbox 1157 4849 1240 4904; x_wconf 91' lang='lat' dir='ltr'>sic</span> <span class='ocrx_word' id='word_1_602' title='bbox 1274 4848 1477 4903; x_wconf 87' lang='lat' dir='ltr'>Enoch</span> <span class='ocrx_word' id='word_1_603' title='bbox 1506 4843 1838 4902; x_wconf 89' lang='lat' dir='ltr'>translatus</span> <span class='ocrx_word' id='word_1_604' title='bbox 1871 4852 2050 4917; x_wconf 91' lang='lat' dir='ltr'>atque</span> 
     </span>
    </p>
   </div>
   <div class='ocr_carea' id='block_1_83' title="bbox 391 4935 2050 5002">
    <p class='ocr_par' dir='ltr' id='par_1_83' title="bbox 391 4935 2050 5002">
     <span class='ocr_line' id='line_1_83' title="bbox 391 4935 2050 5002; baseline -0.001 -10"><span class='ocrx_word' id='word_1_605' title='bbox 391 4937 472 4992; x_wconf 91' lang='lat' dir='ltr'>ad</span> <span class='ocrx_word' id='word_1_606' title='bbox 499 4936 720 4992; x_wconf 73' lang='lat' dir='ltr'>caelum</span> <span class='ocrx_word' id='word_1_607' title='bbox 764 4953 1008 4992; x_wconf 89' lang='lat' dir='ltr'>aereum</span> <span class='ocrx_word' id='word_1_608' title='bbox 1040 4937 1196 4992; x_wconf 90' lang='lat' dir='ltr'>Elias</span> <span class='ocrx_word' id='word_1_609' title='bbox 1226 4936 1595 5002; x_wconf 89' lang='lat' dir='ltr'>sublevatus,</span> <span class='ocrx_word' id='word_1_610' title='bbox 1630 4935 2050 4992; x_wconf 85' lang='lat' dir='ltr'>ascensionem</span> 
     </span>
    </p>
   </div>
   <div class='ocr_carea' id='block_1_84' title="bbox 391 5023 2052 5096">
    <p class='ocr_par' dir='ltr' id='par_1_84' title="bbox 391 5023 2052 5096">
     <span class='ocr_line' id='line_1_84' title="bbox 391 5023 2052 5096; baseline 0.001 -18"><span class='ocrx_word' id='word_1_611' title='bbox 391 5023 760 5079; x_wconf 91' lang='lat' dir='ltr'>dominicam</span> <span class='ocrx_word' id='word_1_612' title='bbox 798 5024 1136 5094; x_wconf 88' lang='lat' dir='ltr'>designavit</span> <span class='ocrx_word' id='word_1_613' title='bbox 1178 5026 1344 5096; x_wconf 84' lang='lat' dir='ltr'>(Gen.</span> <span class='ocrx_word' id='word_1_614' title='bbox 1377 5025 1626 5096; x_wconf 73' lang='lat' dir='ltr'>xxxv&quot;).</span> <span class='ocrx_word' id='word_1_615' title='bbox 1671 5028 1746 5078; x_wconf 88' lang='lat' dir='ltr'>As</span> <span class='ocrx_word' id='word_1_616' title='bbox 1761 5023 2052 5080; x_wconf 75' lang='lat' dir='ltr'>censionis</span> 
     </span>
    </p>
   </div>
   <div class='ocr_carea' id='block_1_85' title="bbox 394 5111 2051 5184">
    <p class='ocr_par' dir='ltr' id='par_1_85' title="bbox 394 5111 2051 5184">
     <span class='ocr_line' id='line_1_85' title="bbox 394 5111 2051 5184; baseline 0.002 -18"><span class='ocrx_word' id='word_1_617' title='bbox 394 5128 520 5166; x_wconf 84' lang='lat' dir='ltr'>suae</span> <span class='ocrx_word' id='word_1_618' title='bbox 568 5111 854 5166; x_wconf 91' lang='lat' dir='ltr'>Dominus</span> <span class='ocrx_word' id='word_1_619' title='bbox 883 5113 1254 5184; x_wconf 75' lang='lat' dir='ltr'>praenuntios</span> <span class='ocrx_word' id='word_1_620' title='bbox 1302 5117 1359 5168; x_wconf 90' lang='lat' dir='ltr'>et</span> <span class='ocrx_word' id='word_1_621' title='bbox 1387 5117 1564 5169; x_wconf 89' lang='lat' dir='ltr'>testes</span> <span class='ocrx_word' id='word_1_622' title='bbox 1595 5111 1826 5176; x_wconf 86' lang='lat' dir='ltr'>habuit,</span> <span class='ocrx_word' id='word_1_623' title='bbox 1861 5129 2051 5169; x_wconf 91' lang='lat' dir='ltr'>unum</span> 
     </span>
    </p>
   </div>
   <div class='ocr_carea' id='block_1_86' title="bbox 393 5199 2052 5275">
    <p class='ocr_par' dir='ltr' id='par_1_86' title="bbox 393 5199 2052 5275">
     <span class='ocr_line' id='line_1_86' title="bbox 393 5199 2052 5275; baseline 0.001 -18"><span class='ocrx_word' id='word_1_624' title='bbox 393 5205 530 5258; x_wconf 90' lang='lat' dir='ltr'>ante</span> <span class='ocrx_word' id='word_1_625' title='bbox 555 5199 772 5271; x_wconf 91' lang='lat' dir='ltr'>legem,</span> <span class='ocrx_word' id='word_1_626' title='bbox 804 5200 989 5256; x_wconf 89' lang='lat' dir='ltr'>alium</span> <span class='ocrx_word' id='word_1_627' title='bbox 1021 5201 1133 5256; x_wconf 90' lang='lat' dir='ltr'>sub</span> <span class='ocrx_word' id='word_1_628' title='bbox 1165 5201 1313 5272; x_wconf 87' lang='lat' dir='ltr'>lege,</span> <span class='ocrx_word' id='word_1_629' title='bbox 1345 5206 1408 5257; x_wconf 93' lang='lat' dir='ltr'>ut</span> <span class='ocrx_word' id='word_1_630' title='bbox 1431 5201 1802 5275; x_wconf 90' lang='lat' dir='ltr'>quandoque</span> <span class='ocrx_word' id='word_1_631' title='bbox 1829 5204 2052 5260; x_wconf 87' lang='lat' dir='ltr'>veniret</span> 
     </span>
    </p>
   </div>
   <div class='ocr_carea' id='block_1_87' title="bbox 391 5290 2048 5366">
    <p class='ocr_par' dir='ltr' id='par_1_87' title="bbox 391 5290 2048 5366">
     <span class='ocr_line' id='line_1_87' title="bbox 391 5290 2048 5366; baseline 0.002 -19"><span class='ocrx_word' id='word_1_632' title='bbox 391 5291 543 5363; x_wconf 90' lang='lat' dir='ltr'>ipse,</span> <span class='ocrx_word' id='word_1_633' title='bbox 567 5291 671 5363; x_wconf 91' lang='lat' dir='ltr'>qui</span> <span class='ocrx_word' id='word_1_634' title='bbox 688 5291 974 5346; x_wconf 80' lang='lat' dir='ltr'>veraciter</span> <span class='ocrx_word' id='word_1_635' title='bbox 1003 5290 1185 5346; x_wconf 85' lang='lat' dir='ltr'>caelos</span> <span class='ocrx_word' id='word_1_636' title='bbox 1211 5296 1522 5364; x_wconf 89' lang='lat' dir='ltr'>penetrare</span> <span class='ocrx_word' id='word_1_637' title='bbox 1551 5293 1859 5366; x_wconf 91' lang='lat' dir='ltr'>potuisset.</span> <span class='ocrx_word' id='word_1_638' title='bbox 1883 5293 2048 5350; x_wconf 93' lang='lat' dir='ltr'>Unde</span> 
     </span>
    </p>
   </div>
   <div class='ocr_carea' id='block_1_88' title="bbox 393 5381 2050 5456">
    <p class='ocr_par' dir='ltr' id='par_1_88' title="bbox 393 5381 2050 5456">
     <span class='ocr_line' id='line_1_88' title="bbox 393 5381 2050 5456; baseline 0.002 -20"><span class='ocrx_word' id='word_1_639' title='bbox 393 5389 451 5436; x_wconf 91' lang='lat' dir='ltr'>et</span> <span class='ocrx_word' id='word_1_640' title='bbox 475 5382 603 5453; x_wconf 90' lang='lat' dir='ltr'>ipse</span> <span class='ocrx_word' id='word_1_641' title='bbox 655 5381 806 5436; x_wconf 90' lang='lat' dir='ltr'>ordo</span> <span class='ocrx_word' id='word_1_642' title='bbox 853 5381 914 5436; x_wconf 93' lang='lat' dir='ltr'>in</span> <span class='ocrx_word' id='word_1_643' title='bbox 954 5397 1165 5436; x_wconf 90' lang='lat' dir='ltr'>eorum</span> <span class='ocrx_word' id='word_1_644' title='bbox 1220 5398 1462 5456; x_wconf 90' lang='lat' dir='ltr'>quoque</span> <span class='ocrx_word' id='word_1_645' title='bbox 1494 5388 1745 5456; x_wconf 90' lang='lat' dir='ltr'>utraque</span> <span class='ocrx_word' id='word_1_646' title='bbox 1778 5383 2050 5440; x_wconf 89' lang='lat' dir='ltr'>subleva-</span> 
     </span>
    </p>
   </div>
   <div class='ocr_carea' id='block_1_89' title="bbox 392 5469 2045 5542">
    <p class='ocr_par' dir='ltr' id='par_1_89' title="bbox 392 5469 2045 5542">
     <span class='ocr_line' id='line_1_89' title="bbox 392 5469 2045 5542; baseline 0.004 -18"><span class='ocrx_word' id='word_1_647' title='bbox 392 5470 573 5536; x_wconf 90' lang='lat' dir='ltr'>tione,</span> <span class='ocrx_word' id='word_1_648' title='bbox 607 5486 714 5541; x_wconf 91' lang='lat' dir='ltr'>per</span> <span class='ocrx_word' id='word_1_649' title='bbox 742 5470 1027 5541; x_wconf 84' lang='lat' dir='ltr'>quaedam</span> <span class='ocrx_word' id='word_1_650' title='bbox 1048 5469 1418 5528; x_wconf 90' lang='lat' dir='ltr'>incrementa</span> <span class='ocrx_word' id='word_1_651' title='bbox 1453 5471 1858 5542; x_wconf 90' lang='lat' dir='ltr'>distinguitur.</span> <span class='ocrx_word' id='word_1_652' title='bbox 1897 5476 2045 5530; x_wconf 87' lang='lat' dir='ltr'>Nam</span> 
     </span>
    </p>
   </div>
   <div class='ocr_carea' id='block_1_90' title="bbox 395 5559 2048 5630">
    <p class='ocr_par' dir='ltr' id='par_1_90' title="bbox 395 5559 2048 5630">
     <span class='ocr_line' id='line_1_90' title="bbox 395 5559 2048 5630; baseline 0.004 -17"><span class='ocrx_word' id='word_1_653' title='bbox 395 5559 597 5614; x_wconf 87' lang='lat' dir='ltr'>Enoch</span> <span class='ocrx_word' id='word_1_654' title='bbox 627 5559 969 5630; x_wconf 89' lang='lat' dir='ltr'>translatus,</span> <span class='ocrx_word' id='word_1_655' title='bbox 1003 5560 1157 5615; x_wconf 86' lang='lat' dir='ltr'>Elias</span> <span class='ocrx_word' id='word_1_656' title='bbox 1189 5576 1332 5617; x_wconf 87' lang='lat' dir='ltr'>vero</span> <span class='ocrx_word' id='word_1_657' title='bbox 1369 5562 1446 5618; x_wconf 90' lang='lat' dir='ltr'>ad</span> <span class='ocrx_word' id='word_1_658' title='bbox 1477 5562 1697 5618; x_wconf 75' lang='lat' dir='ltr'>coelum</span> <span class='ocrx_word' id='word_1_659' title='bbox 1725 5562 2048 5619; x_wconf 88' lang='lat' dir='ltr'>subvectus</span> 
     </span>
    </p>
   </div>
   <div class='ocr_carea' id='block_1_91' title="bbox 395 5647 2047 5722">
    <p class='ocr_par' dir='ltr' id='par_1_91' title="bbox 395 5647 2047 5722">
     <span class='ocr_line' id='line_1_91' title="bbox 395 5647 2047 5722; baseline 0.004 -22"><span class='ocrx_word' id='word_1_660' title='bbox 395 5661 523 5700; x_wconf 90' lang='lat' dir='ltr'>esse</span> <span class='ocrx_word' id='word_1_661' title='bbox 567 5651 955 5714; x_wconf 91' lang='lat' dir='ltr'>memoratur,</span> <span class='ocrx_word' id='word_1_662' title='bbox 983 5652 1050 5701; x_wconf 89' lang='lat' dir='ltr'>ut</span> <span class='ocrx_word' id='word_1_663' title='bbox 1095 5647 1318 5704; x_wconf 90' lang='lat' dir='ltr'>veniret</span> <span class='ocrx_word' id='word_1_664' title='bbox 1346 5649 1760 5722; x_wconf 90' lang='lat' dir='ltr'>postmodum,</span> <span class='ocrx_word' id='word_1_665' title='bbox 1793 5650 1896 5722; x_wconf 92' lang='lat' dir='ltr'>qui</span> <span class='ocrx_word' id='word_1_666' title='bbox 1936 5666 2047 5706; x_wconf 92' lang='lat' dir='ltr'>nec</span> 
     </span>
    </p>
   </div>
   <div class='ocr_carea' id='block_1_92' title="bbox 394 5733 2048 5809">
    <p class='ocr_par' dir='ltr' id='par_1_92' title="bbox 394 5733 2048 5809">
     <span class='ocr_line' id='line_1_92' title="bbox 394 5733 2048 5809; baseline 0.004 -20"><span class='ocrx_word' id='word_1_667' title='bbox 394 5733 716 5790; x_wconf 88' lang='lat' dir='ltr'>translatus</span> <span class='ocrx_word' id='word_1_668' title='bbox 736 5749 846 5790; x_wconf 89' lang='lat' dir='ltr'>nec</span> <span class='ocrx_word' id='word_1_669' title='bbox 870 5735 1214 5809; x_wconf 85' lang='lat' dir='ltr'>subvectus,</span> <span class='ocrx_word' id='word_1_670' title='bbox 1227 5739 1447 5796; x_wconf 74' lang='lat' dir='ltr'>coelum</span> <span class='ocrx_word' id='word_1_671' title='bbox 1467 5741 1793 5796; x_wconf 80' lang='lat' dir='ltr'>aethereum</span> <span class='ocrx_word' id='word_1_672' title='bbox 1810 5755 1920 5795; x_wconf 89' lang='lat' dir='ltr'>sua</span> <span class='ocrx_word' id='word_1_673' title='bbox 1935 5739 2048 5795; x_wconf 86' lang='lat' dir='ltr'>vir-</span> 
     </span>
    </p>
   </div>
   <div class='ocr_carea' id='block_1_93' title="bbox 2160 3243 3809 3313">
    <p class='ocr_par' dir='ltr' id='par_1_93' title="bbox 2160 3243 3809 3313">
     <span class='ocr_line' id='line_1_93' title="bbox 2160 3243 3809 3313; baseline -0.004 -10"><span class='ocrx_word' id='word_1_674' title='bbox 2160 3247 2218 3303; x_wconf 93' lang='lat' dir='ltr'>di</span> <span class='ocrx_word' id='word_1_675' title='bbox 2251 3247 2402 3302; x_wconf 87' lang='lat' dir='ltr'>Elias</span> <span class='ocrx_word' id='word_1_676' title='bbox 2433 3249 2658 3312; x_wconf 90' lang='lat' dir='ltr'>noster,</span> <span class='ocrx_word' id='word_1_677' title='bbox 2688 3261 2829 3300; x_wconf 90' lang='lat' dir='ltr'>cum</span> <span class='ocrx_word' id='word_1_678' title='bbox 2861 3243 2921 3299; x_wconf 94' lang='lat' dir='ltr'>in</span> <span class='ocrx_word' id='word_1_679' title='bbox 2949 3243 3272 3313; x_wconf 89' lang='lat' dir='ltr'>Evangelio</span> <span class='ocrx_word' id='word_1_680' title='bbox 3297 3243 3474 3300; x_wconf 90' lang='lat' dir='ltr'>dicit:</span> <span class='ocrx_word' id='word_1_681' title='bbox 3510 3267 3537 3294; x_wconf 85' lang='lat'>«</span> <span class='ocrx_word' id='word_1_682' title='bbox 3566 3244 3737 3300; x_wconf 88' lang='lat' dir='ltr'>Petite</span> <span class='ocrx_word' id='word_1_683' title='bbox 3761 3247 3809 3298; x_wconf 90' lang='lat' dir='ltr'>et</span> 
     </span>
    </p>
   </div>
   <div class='ocr_carea' id='block_1_94' title="bbox 2159 3331 3808 3403">
    <p class='ocr_par' dir='ltr' id='par_1_94' title="bbox 2159 3331 3808 3403">
     <span class='ocr_line' id='line_1_94' title="bbox 2159 3331 3808 3403; baseline -0.004 -11"><span class='ocrx_word' id='word_1_684' title='bbox 2159 3335 2404 3392; x_wconf 90' lang='lat' dir='ltr'>dabitur</span> <span class='ocrx_word' id='word_1_685' title='bbox 2432 3333 2604 3390; x_wconf 91' lang='lat' dir='ltr'>vobis</span> <span class='ocrx_word' id='word_1_686' title='bbox 2655 3334 2894 3403; x_wconf 81' lang='lat' dir='ltr'>(Matth.</span> <span class='ocrx_word' id='word_1_687' title='bbox 2928 3337 3090 3398; x_wconf 83' lang='lat' dir='ltr'>vu).»</span> <span class='ocrx_word' id='word_1_688' title='bbox 3133 3335 3198 3388; x_wconf 87' lang='lat' dir='ltr'>Et</span> <span class='ocrx_word' id='word_1_689' title='bbox 3223 3333 3362 3389; x_wconf 89' lang='lat' dir='ltr'>item</span> <span class='ocrx_word' id='word_1_690' title='bbox 3391 3350 3403 3386; x_wconf 97' lang='lat'>:</span> <span class='ocrx_word' id='word_1_691' title='bbox 3457 3357 3486 3382; x_wconf 85' lang='lat'><strong><em>«</em></strong></span> <span class='ocrx_word' id='word_1_692' title='bbox 3514 3334 3704 3403; x_wconf 90' lang='lat' dir='ltr'>Petite,</span> <span class='ocrx_word' id='word_1_693' title='bbox 3733 3331 3808 3386; x_wconf 92' lang='lat' dir='ltr'>in-</span> 
     </span>
    </p>
   </div>
   <div class='ocr_carea' id='block_1_95' title="bbox 2157 3420 3806 3498">
    <p class='ocr_par' dir='ltr' id='par_1_95' title="bbox 2157 3420 3806 3498">
     <span class='ocr_line' id='line_1_95' title="bbox 2157 3420 3806 3498; baseline -0.005 -17"><span class='ocrx_word' id='word_1_694' title='bbox 2157 3425 2307 3498; x_wconf 92' lang='lat' dir='ltr'>quit,</span> <span class='ocrx_word' id='word_1_695' title='bbox 2331 3429 2389 3480; x_wconf 91' lang='lat' dir='ltr'>et</span> <span class='ocrx_word' id='word_1_696' title='bbox 2412 3422 2736 3494; x_wconf 89' lang='lat' dir='ltr'>accipietis,</span> <span class='ocrx_word' id='word_1_697' title='bbox 2759 3427 2824 3478; x_wconf 94' lang='lat' dir='ltr'>ut</span> <span class='ocrx_word' id='word_1_698' title='bbox 2853 3422 3145 3492; x_wconf 89' lang='lat' dir='ltr'>gaudium</span> <span class='ocrx_word' id='word_1_699' title='bbox 3174 3427 3442 3478; x_wconf 89' lang='lat' dir='ltr'>vestrum</span> <span class='ocrx_word' id='word_1_700' title='bbox 3477 3423 3720 3496; x_wconf 90' lang='lat' dir='ltr'>plenum</span> <span class='ocrx_word' id='word_1_701' title='bbox 3743 3420 3806 3474; x_wconf 88' lang='lat' dir='ltr'>sit</span> 
     </span>
    </p>
   </div>
   <div class='ocr_carea' id='block_1_96' title="bbox 2159 3506 3807 3582">
    <p class='ocr_par' dir='ltr' id='par_1_96' title="bbox 2159 3506 3807 3582">
     <span class='ocr_line' id='line_1_96' title="bbox 2159 3506 3807 3582; baseline -0.003 -18"><span class='ocrx_word' id='word_1_702' title='bbox 2159 3510 2357 3582; x_wconf 83' lang='lat' dir='ltr'>(Joan.</span> <span class='ocrx_word' id='word_1_703' title='bbox 2389 3512 2572 3574; x_wconf 68' lang='lat' dir='ltr'>xm.»</span> <span class='ocrx_word' id='word_1_704' title='bbox 2603 3511 2722 3563; x_wconf 86' lang='lat' dir='ltr'>Hac</span> <span class='ocrx_word' id='word_1_705' title='bbox 2753 3523 2895 3577; x_wconf 90' lang='lat' dir='ltr'>ergo</span> <span class='ocrx_word' id='word_1_706' title='bbox 2934 3506 3158 3562; x_wconf 89' lang='lat' dir='ltr'>ﬁducia</span> <span class='ocrx_word' id='word_1_707' title='bbox 3206 3512 3456 3579; x_wconf 89' lang='lat' dir='ltr'>accepta</span> <span class='ocrx_word' id='word_1_708' title='bbox 3482 3524 3519 3564; x_wconf 91' lang='lat' dir='ltr'>a</span> <span class='ocrx_word' id='word_1_709' title='bbox 3549 3506 3807 3573; x_wconf 76' lang='lat' dir='ltr'>Domino,</span> 
     </span>
    </p>
   </div>
   <div class='ocr_carea' id='block_1_97' title="bbox 2158 3595 3809 3672">
    <p class='ocr_par' dir='ltr' id='par_1_97' title="bbox 2158 3595 3809 3672">
     <span class='ocr_line' id='line_1_97' title="bbox 2158 3595 3809 3672; baseline -0.004 -17"><span class='ocrx_word' id='word_1_710' title='bbox 2158 3598 2422 3672; x_wconf 90' lang='lat' dir='ltr'>postulat</span> <span class='ocrx_word' id='word_1_711' title='bbox 2452 3597 2714 3667; x_wconf 69' lang='lat' dir='ltr'>Eliseeus,</span> <span class='ocrx_word' id='word_1_712' title='bbox 2747 3597 2862 3652; x_wconf 87' lang='lat' dir='ltr'>hoc</span> <span class='ocrx_word' id='word_1_713' title='bbox 2911 3600 2999 3652; x_wconf 92' lang='lat' dir='ltr'>est</span> <span class='ocrx_word' id='word_1_714' title='bbox 3045 3595 3308 3669; x_wconf 89' lang='lat' dir='ltr'>populus</span> <span class='ocrx_word' id='word_1_715' title='bbox 3335 3597 3723 3664; x_wconf 90' lang='lat' dir='ltr'>Christianus,</span> <span class='ocrx_word' id='word_1_716' title='bbox 3752 3597 3809 3649; x_wconf 93' lang='lat' dir='ltr'>ut</span> 
     </span>
    </p>
   </div>
   <div class='ocr_carea' id='block_1_98' title="bbox 2159 3683 3808 3760">
    <p class='ocr_par' dir='ltr' id='par_1_98' title="bbox 2159 3683 3808 3760">
     <span class='ocr_line' id='line_1_98' title="bbox 2159 3683 3808 3760; baseline -0.004 -15"><span class='ocrx_word' id='word_1_717' title='bbox 2159 3689 2264 3745; x_wconf 88' lang='lat' dir='ltr'>ﬁat</span> <span class='ocrx_word' id='word_1_718' title='bbox 2301 3687 2542 3760; x_wconf 89' lang='lat' dir='ltr'>spiritus</span> <span class='ocrx_word' id='word_1_719' title='bbox 2572 3686 2782 3743; x_wconf 87' lang='lat' dir='ltr'>Christi</span> <span class='ocrx_word' id='word_1_720' title='bbox 2835 3685 3055 3758; x_wconf 84' lang='lat' dir='ltr'>duplex</span> <span class='ocrx_word' id='word_1_721' title='bbox 3092 3685 3151 3740; x_wconf 93' lang='lat' dir='ltr'>in</span> <span class='ocrx_word' id='word_1_722' title='bbox 3203 3685 3310 3755; x_wconf 92' lang='lat' dir='ltr'>eis,</span> <span class='ocrx_word' id='word_1_723' title='bbox 3343 3685 3460 3742; x_wconf 90' lang='lat' dir='ltr'>hoc</span> <span class='ocrx_word' id='word_1_724' title='bbox 3487 3691 3576 3742; x_wconf 91' lang='lat' dir='ltr'>est</span> <span class='ocrx_word' id='word_1_725' title='bbox 3602 3683 3808 3758; x_wconf 83' lang='lat' dir='ltr'>duplex</span> 
     </span>
    </p>
   </div>
   <div class='ocr_carea' id='block_1_99' title="bbox 2160 3774 3810 3849">
    <p class='ocr_par' dir='ltr' id='par_1_99' title="bbox 2160 3774 3810 3849">
     <span class='ocr_line' id='line_1_99' title="bbox 2160 3774 3810 3849; baseline -0.004 -17"><span class='ocrx_word' id='word_1_726' title='bbox 2160 3776 2352 3847; x_wconf 88' lang='lat' dir='ltr'>gratia</span> <span class='ocrx_word' id='word_1_727' title='bbox 2367 3776 2614 3849; x_wconf 91' lang='lat' dir='ltr'>Spiritus</span> <span class='ocrx_word' id='word_1_728' title='bbox 2637 3775 2849 3844; x_wconf 88' lang='lat' dir='ltr'>sancti,</span> <span class='ocrx_word' id='word_1_729' title='bbox 2869 3775 2930 3830; x_wconf 94' lang='lat' dir='ltr'>in</span> <span class='ocrx_word' id='word_1_730' title='bbox 2951 3774 3365 3830; x_wconf 91' lang='lat' dir='ltr'>remissionem</span> <span class='ocrx_word' id='word_1_731' title='bbox 3384 3775 3592 3848; x_wconf 90' lang='lat' dir='ltr'>utique</span> <span class='ocrx_word' id='word_1_732' title='bbox 3617 3788 3810 3848; x_wconf 88' lang='lat' dir='ltr'>pecca-</span> 
     </span>
    </p>
   </div>
   <div class='ocr_carea' id='block_1_100' title="bbox 2159 3863 3808 3938">
    <p class='ocr_par' dir='ltr' id='par_1_100' title="bbox 2159 3863 3808 3938">
     <span class='ocr_line' id='line_1_100' title="bbox 2159 3863 3808 3938; baseline -0.003 -17"><span class='ocrx_word' id='word_1_733' title='bbox 2159 3870 2356 3922; x_wconf 90' lang='lat' dir='ltr'>torum</span> <span class='ocrx_word' id='word_1_734' title='bbox 2397 3869 2453 3920; x_wconf 91' lang='lat' dir='ltr'>et</span> <span class='ocrx_word' id='word_1_735' title='bbox 2504 3864 2882 3920; x_wconf 91' lang='lat' dir='ltr'>collationem</span> <span class='ocrx_word' id='word_1_736' title='bbox 2925 3864 3227 3919; x_wconf 82' lang='lat' dir='ltr'>virtutum.</span> <span class='ocrx_word' id='word_1_737' title='bbox 3263 3863 3624 3938; x_wconf 82' lang='lat' dir='ltr'>Redemptor</span> <span class='ocrx_word' id='word_1_738' title='bbox 3648 3863 3808 3933; x_wconf 87' lang='lat' dir='ltr'>igitur</span> 
     </span>
    </p>
   </div>
   <div class='ocr_carea' id='block_1_101' title="bbox 2158 3953 3809 4027">
    <p class='ocr_par' dir='ltr' id='par_1_101' title="bbox 2158 3953 3809 4027">
     <span class='ocr_line' id='line_1_101' title="bbox 2158 3953 3809 4027; baseline -0.004 -16"><span class='ocrx_word' id='word_1_739' title='bbox 2158 3961 2381 4019; x_wconf 90' lang='lat' dir='ltr'>noster,</span> <span class='ocrx_word' id='word_1_740' title='bbox 2408 3954 2512 4026; x_wconf 91' lang='lat' dir='ltr'>qui</span> <span class='ocrx_word' id='word_1_741' title='bbox 2544 3977 2570 4002; x_wconf 91' lang='grc'>‹‹</span> <span class='ocrx_word' id='word_1_742' title='bbox 2595 3970 2718 4009; x_wconf 92' lang='lat' dir='ltr'>non</span> <span class='ocrx_word' id='word_1_743' title='bbox 2757 3953 2968 4009; x_wconf 89' lang='lat' dir='ltr'>habuit</span> <span class='ocrx_word' id='word_1_744' title='bbox 2999 3959 3338 4026; x_wconf 89' lang='lat' dir='ltr'>peccatum,</span> <span class='ocrx_word' id='word_1_745' title='bbox 3363 3970 3567 4027; x_wconf 90' lang='lat' dir='ltr'>neque</span> <span class='ocrx_word' id='word_1_746' title='bbox 3618 3967 3809 4026; x_wconf 88' lang='lat' dir='ltr'>pecca-</span> 
     </span>
    </p>
   </div>
   <div class='ocr_carea' id='block_1_102' title="bbox 2158 4042 3805 4116">
    <p class='ocr_par' dir='ltr' id='par_1_102' title="bbox 2158 4042 3805 4116">
     <span class='ocr_line' id='line_1_102' title="bbox 2158 4042 3805 4116; baseline -0.005 -14"><span class='ocrx_word' id='word_1_747' title='bbox 2158 4049 2289 4102; x_wconf 93' lang='lat' dir='ltr'>tum</span> <span class='ocrx_word' id='word_1_748' title='bbox 2314 4043 2467 4110; x_wconf 86' lang='lat' dir='ltr'>fecit,</span> <span class='ocrx_word' id='word_1_749' title='bbox 2487 4059 2596 4099; x_wconf 93' lang='lat' dir='ltr'>nec</span> <span class='ocrx_word' id='word_1_750' title='bbox 2618 4042 2795 4098; x_wconf 89' lang='lat' dir='ltr'>dolus</span> <span class='ocrx_word' id='word_1_751' title='bbox 2812 4043 3088 4098; x_wconf 89' lang='lat' dir='ltr'>inventus</span> <span class='ocrx_word' id='word_1_752' title='bbox 3110 4049 3200 4099; x_wconf 90' lang='lat' dir='ltr'>est</span> <span class='ocrx_word' id='word_1_753' title='bbox 3221 4043 3282 4098; x_wconf 91' lang='lat' dir='ltr'>in</span> <span class='ocrx_word' id='word_1_754' title='bbox 3304 4059 3406 4099; x_wconf 92' lang='lat' dir='ltr'>ore</span> <span class='ocrx_word' id='word_1_755' title='bbox 3427 4045 3561 4116; x_wconf 91' lang='lat' dir='ltr'>ejus</span> <span class='ocrx_word' id='word_1_756' title='bbox 3586 4044 3637 4115; x_wconf 82' lang='grc' dir='ltr'>(Ι</span> <span class='ocrx_word' id='word_1_757' title='bbox 3655 4045 3805 4098; x_wconf 85' lang='lat' dir='ltr'>Petr.</span> 
     </span>
    </p>
   </div>
   <div class='ocr_carea' id='block_1_103' title="bbox 2157 4131 3810 4205">
    <p class='ocr_par' dir='ltr' id='par_1_103' title="bbox 2157 4131 3810 4205">
     <span class='ocr_line' id='line_1_103' title="bbox 2157 4131 3810 4205; baseline -0.003 -16"><span class='ocrx_word' id='word_1_758' title='bbox 2157 4135 2275 4204; x_wconf 74' lang='lat'>11),»</span> <span class='ocrx_word' id='word_1_759' title='bbox 2308 4132 2657 4188; x_wconf 88' lang='lat' dir='ltr'>remissione</span> <span class='ocrx_word' id='word_1_760' title='bbox 2688 4136 3074 4204; x_wconf 85' lang='lat' dir='ltr'>peccatorum</span> <span class='ocrx_word' id='word_1_761' title='bbox 3118 4146 3240 4187; x_wconf 92' lang='lat' dir='ltr'>non</span> <span class='ocrx_word' id='word_1_762' title='bbox 3268 4131 3451 4201; x_wconf 86' lang='lat' dir='ltr'>eguit,</span> <span class='ocrx_word' id='word_1_763' title='bbox 3485 4133 3592 4205; x_wconf 91' lang='lat' dir='ltr'>qui</span> <span class='ocrx_word' id='word_1_764' title='bbox 3619 4144 3810 4204; x_wconf 89' lang='lat' dir='ltr'>pecca-</span> 
     </span>
    </p>
   </div>
   <div class='ocr_carea' id='block_1_104' title="bbox 2156 4217 3808 4293">
    <p class='ocr_par' dir='ltr' id='par_1_104' title="bbox 2156 4217 3808 4293">
     <span class='ocr_line' id='line_1_104' title="bbox 2156 4217 3808 4293; baseline -0.004 -14"><span class='ocrx_word' id='word_1_765' title='bbox 2156 4226 2288 4279; x_wconf 90' lang='lat' dir='ltr'>tum</span> <span class='ocrx_word' id='word_1_766' title='bbox 2314 4221 2547 4277; x_wconf 91' lang='lat' dir='ltr'>nullum</span> <span class='ocrx_word' id='word_1_767' title='bbox 2575 4219 2805 4276; x_wconf 89' lang='lat' dir='ltr'>habuit.</span> <span class='ocrx_word' id='word_1_768' title='bbox 2837 4223 3030 4293; x_wconf 89' lang='lat' dir='ltr'>Opera</span> <span class='ocrx_word' id='word_1_769' title='bbox 3061 4225 3264 4276; x_wconf 90' lang='lat' dir='ltr'>autem</span> <span class='ocrx_word' id='word_1_770' title='bbox 3290 4221 3577 4277; x_wconf 89' lang='lat' dir='ltr'>virtutum</span> <span class='ocrx_word' id='word_1_771' title='bbox 3606 4220 3666 4276; x_wconf 92' lang='lat' dir='ltr'>in</span> <span class='ocrx_word' id='word_1_772' title='bbox 3695 4217 3808 4291; x_wconf 89' lang='lat' dir='ltr'>Spi-</span> 
     </span>
    </p>
   </div>
   <div class='ocr_carea' id='block_1_105' title="bbox 2158 4309 3808 4382">
    <p class='ocr_par' dir='ltr' id='par_1_105' title="bbox 2158 4309 3808 4382">
     <span class='ocr_line' id='line_1_105' title="bbox 2158 4309 3808 4382; baseline -0.004 -14"><span class='ocrx_word' id='word_1_773' title='bbox 2158 4312 2274 4368; x_wconf 89' lang='lat' dir='ltr'>ritu</span> <span class='ocrx_word' id='word_1_774' title='bbox 2302 4315 2512 4367; x_wconf 89' lang='lat' dir='ltr'>sancto</span> <span class='ocrx_word' id='word_1_775' title='bbox 2543 4310 2696 4374; x_wconf 86' lang='lat' dir='ltr'>fecit,</span> <span class='ocrx_word' id='word_1_776' title='bbox 2732 4309 2883 4365; x_wconf 92' lang='lat' dir='ltr'>sicut</span> <span class='ocrx_word' id='word_1_777' title='bbox 2929 4310 3055 4382; x_wconf 90' lang='lat' dir='ltr'>ipse</span> <span class='ocrx_word' id='word_1_778' title='bbox 3103 4310 3166 4366; x_wconf 93' lang='lat' dir='ltr'>in</span> <span class='ocrx_word' id='word_1_779' title='bbox 3209 4310 3535 4379; x_wconf 85' lang='lat' dir='ltr'>Evangelio</span> <span class='ocrx_word' id='word_1_780' title='bbox 3562 4309 3808 4366; x_wconf 84' lang='lat' dir='ltr'>dicitJu-</span> 
     </span>
    </p>
   </div>
   <div class='ocr_carea' id='block_1_106' title="bbox 2160 4399 3807 4472">
    <p class='ocr_par' dir='ltr' id='par_1_106' title="bbox 2160 4399 3807 4472">
     <span class='ocr_line' id='line_1_106' title="bbox 2160 4399 3807 4472; baseline -0.003 -15"><span class='ocrx_word' id='word_1_781' title='bbox 2160 4401 2334 4457; x_wconf 80' lang='lat' dir='ltr'>daeis:</span> <span class='ocrx_word' id='word_1_782' title='bbox 2369 4423 2398 4450; x_wconf 85' lang='lat'><strong><em>«</em></strong></span> <span class='ocrx_word' id='word_1_783' title='bbox 2427 4401 2483 4457; x_wconf 92' lang='lat' dir='ltr'>Si</span> <span class='ocrx_word' id='word_1_784' title='bbox 2513 4415 2624 4470; x_wconf 87' lang='lat' dir='ltr'>ego</span> <span class='ocrx_word' id='word_1_785' title='bbox 2667 4400 2727 4455; x_wconf 93' lang='lat' dir='ltr'>in</span> <span class='ocrx_word' id='word_1_786' title='bbox 2769 4399 2955 4470; x_wconf 90' lang='lat' dir='ltr'>digito</span> <span class='ocrx_word' id='word_1_787' title='bbox 2989 4400 3086 4455; x_wconf 91' lang='lat' dir='ltr'>Dei</span> <span class='ocrx_word' id='word_1_788' title='bbox 3113 4400 3284 4471; x_wconf 86' lang='lat' dir='ltr'>ejicio</span> <span class='ocrx_word' id='word_1_789' title='bbox 3323 4400 3647 4466; x_wconf 80' lang='lat' dir='ltr'>daemonia,</span> <span class='ocrx_word' id='word_1_790' title='bbox 3681 4411 3807 4472; x_wconf 90' lang='lat' dir='ltr'>pro-</span> 
     </span>
    </p>
   </div>
   <div class='ocr_carea' id='block_1_107' title="bbox 2161 4489 3807 4564">
    <p class='ocr_par' dir='ltr' id='par_1_107' title="bbox 2161 4489 3807 4564">
     <span class='ocr_line' id='line_1_107' title="bbox 2161 4489 3807 4564; baseline -0.004 -16"><span class='ocrx_word' id='word_1_791' title='bbox 2161 4491 2315 4548; x_wconf 89' lang='lat' dir='ltr'>fecto</span> <span class='ocrx_word' id='word_1_792' title='bbox 2364 4490 2634 4564; x_wconf 86' lang='lat' dir='ltr'>pervenit</span> <span class='ocrx_word' id='word_1_793' title='bbox 2689 4489 2751 4545; x_wconf 91' lang='lat' dir='ltr'>in</span> <span class='ocrx_word' id='word_1_794' title='bbox 2785 4506 2894 4545; x_wconf 89' lang='lat' dir='ltr'>vos</span> <span class='ocrx_word' id='word_1_795' title='bbox 2939 4505 3195 4560; x_wconf 88' lang='lat' dir='ltr'>regnum</span> <span class='ocrx_word' id='word_1_796' title='bbox 3245 4489 3345 4545; x_wconf 91' lang='lat' dir='ltr'>Dei</span> <span class='ocrx_word' id='word_1_797' title='bbox 3378 4490 3616 4560; x_wconf 77' lang='lat' dir='ltr'>(Matth.</span> <span class='ocrx_word' id='word_1_798' title='bbox 3649 4489 3807 4557; x_wconf 52' lang='lat' dir='ltr'>xu)»</span> 
     </span>
    </p>
   </div>
   <div class='ocr_carea' id='block_1_108' title="bbox 2159 4575 3805 4654">
    <p class='ocr_par' dir='ltr' id='par_1_108' title="bbox 2159 4575 3805 4654">
     <span class='ocr_line' id='line_1_108' title="bbox 2159 4575 3805 4654; baseline -0.005 -17"><span class='ocrx_word' id='word_1_799' title='bbox 2159 4579 2591 4654; x_wconf 89' lang='lat' dir='ltr'>Inseparabilia</span> <span class='ocrx_word' id='word_1_800' title='bbox 2629 4583 2766 4635; x_wconf 93' lang='lat' dir='ltr'>sunt</span> <span class='ocrx_word' id='word_1_801' title='bbox 2808 4579 2988 4651; x_wconf 89' lang='lat' dir='ltr'>igitur</span> <span class='ocrx_word' id='word_1_802' title='bbox 3015 4595 3200 4652; x_wconf 90' lang='lat' dir='ltr'>opera</span> <span class='ocrx_word' id='word_1_803' title='bbox 3249 4584 3475 4635; x_wconf 75' lang='lat' dir='ltr'>sanctae</span> <span class='ocrx_word' id='word_1_804' title='bbox 3507 4575 3805 4643; x_wconf 86' lang='lat' dir='ltr'>Trinitatis,</span> 
     </span>
    </p>
   </div>
   <div class='ocr_carea' id='block_1_109' title="bbox 2159 4668 3806 4740">
    <p class='ocr_par' dir='ltr' id='par_1_109' title="bbox 2159 4668 3806 4740">
     <span class='ocr_line' id='line_1_109' title="bbox 2159 4668 3806 4740; baseline -0.004 -14"><span class='ocrx_word' id='word_1_805' title='bbox 2159 4670 2222 4726; x_wconf 93' lang='lat' dir='ltr'>id</span> <span class='ocrx_word' id='word_1_806' title='bbox 2253 4675 2340 4725; x_wconf 90' lang='lat' dir='ltr'>est</span> <span class='ocrx_word' id='word_1_807' title='bbox 2365 4669 2550 4725; x_wconf 86' lang='lat' dir='ltr'>Patris</span> <span class='ocrx_word' id='word_1_808' title='bbox 2582 4674 2639 4724; x_wconf 91' lang='lat' dir='ltr'>et</span> <span class='ocrx_word' id='word_1_809' title='bbox 2668 4668 2793 4724; x_wconf 85' lang='lat' dir='ltr'>Filii</span> <span class='ocrx_word' id='word_1_810' title='bbox 2821 4673 2877 4724; x_wconf 90' lang='lat' dir='ltr'>et</span> <span class='ocrx_word' id='word_1_811' title='bbox 2918 4668 3166 4740; x_wconf 89' lang='lat' dir='ltr'>Spiritus</span> <span class='ocrx_word' id='word_1_812' title='bbox 3199 4669 3409 4734; x_wconf 88' lang='lat' dir='ltr'>sancti,</span> <span class='ocrx_word' id='word_1_813' title='bbox 3446 4669 3700 4724; x_wconf 80' lang='lat' dir='ltr'>Veritate</span> <span class='ocrx_word' id='word_1_814' title='bbox 3729 4669 3806 4720; x_wconf 89' lang='lat' dir='ltr'>at-</span> 
     </span>
    </p>
   </div>
   <div class='ocr_carea' id='block_1_110' title="bbox 2160 4757 3808 4830">
    <p class='ocr_par' dir='ltr' id='par_1_110' title="bbox 2160 4757 3808 4830">
     <span class='ocr_line' id='line_1_110' title="bbox 2160 4757 3808 4830; baseline -0.004 -15"><span class='ocrx_word' id='word_1_815' title='bbox 2160 4762 2412 4816; x_wconf 64' lang='lat' dir='ltr'>mstante</span> <span class='ocrx_word' id='word_1_816' title='bbox 2442 4774 2576 4830; x_wconf 63' lang='lat' dir='ltr'>quae</span> <span class='ocrx_word' id='word_1_817' title='bbox 2611 4757 2722 4813; x_wconf 89' lang='lat' dir='ltr'>ait:</span> <span class='ocrx_word' id='word_1_818' title='bbox 2773 4757 2973 4823; x_wconf 82' lang='lat' dir='ltr'>«Quia</span> <span class='ocrx_word' id='word_1_819' title='bbox 3002 4774 3138 4829; x_wconf 63' lang='lat' dir='ltr'>quae</span> <span class='ocrx_word' id='word_1_820' title='bbox 3179 4760 3348 4813; x_wconf 91' lang='lat' dir='ltr'>Pater</span> <span class='ocrx_word' id='word_1_821' title='bbox 3378 4757 3540 4828; x_wconf 90' lang='lat' dir='ltr'>facit,</span> <span class='ocrx_word' id='word_1_822' title='bbox 3573 4758 3696 4812; x_wconf 71' lang='lat' dir='ltr'>haac</span> <span class='ocrx_word' id='word_1_823' title='bbox 3723 4770 3808 4810; x_wconf 86' lang='lat' dir='ltr'>ea-</span> 
     </span>
    </p>
   </div>
   <div class='ocr_carea' id='block_1_111' title="bbox 2160 4844 3803 4919">
    <p class='ocr_par' dir='ltr' id='par_1_111' title="bbox 2160 4844 3803 4919">
     <span class='ocr_line' id='line_1_111' title="bbox 2160 4844 3803 4919; baseline -0.005 -15"><span class='ocrx_word' id='word_1_824' title='bbox 2160 4848 2300 4904; x_wconf 90' lang='lat' dir='ltr'>dem</span> <span class='ocrx_word' id='word_1_825' title='bbox 2323 4847 2588 4902; x_wconf 91' lang='lat' dir='ltr'>similiter</span> <span class='ocrx_word' id='word_1_826' title='bbox 2612 4851 2668 4902; x_wconf 88' lang='lat' dir='ltr'>et</span> <span class='ocrx_word' id='word_1_827' title='bbox 2685 4846 2865 4902; x_wconf 90' lang='lat' dir='ltr'>Filius</span> <span class='ocrx_word' id='word_1_828' title='bbox 2883 4846 3025 4902; x_wconf 89' lang='lat' dir='ltr'>facit</span> <span class='ocrx_word' id='word_1_829' title='bbox 3042 4849 3350 4917; x_wconf 82' lang='lat' dir='ltr'>(Joan.v)»</span> <span class='ocrx_word' id='word_1_830' title='bbox 3373 4849 3440 4902; x_wconf 85' lang='lat' dir='ltr'>Et</span> <span class='ocrx_word' id='word_1_831' title='bbox 3463 4844 3803 4919; x_wconf 83' lang='lat' dir='ltr'>Apostolus:</span> 
     </span>
    </p>
   </div>
   <div class='ocr_carea' id='block_1_112' title="bbox 2160 4931 3806 5007">
    <p class='ocr_par' dir='ltr' id='par_1_112' title="bbox 2160 4931 3806 5007">
     <span class='ocr_line' id='line_1_112' title="bbox 2160 4931 3806 5007; baseline -0.002 -21"><span class='ocrx_word' id='word_1_832' title='bbox 2160 4937 2347 4991; x_wconf 79' lang='lat' dir='ltr'>«Haec</span> <span class='ocrx_word' id='word_1_833' title='bbox 2373 4935 2580 4991; x_wconf 90' lang='lat' dir='ltr'>omnia</span> <span class='ocrx_word' id='word_1_834' title='bbox 2609 4939 2894 5007; x_wconf 67' lang='lat' dir='ltr'>operatur</span> <span class='ocrx_word' id='word_1_835' title='bbox 2932 4951 3089 4990; x_wconf 91' lang='lat' dir='ltr'>unus</span> <span class='ocrx_word' id='word_1_836' title='bbox 3133 4939 3312 5006; x_wconf 92' lang='lat' dir='ltr'>atque</span> <span class='ocrx_word' id='word_1_837' title='bbox 3362 4934 3523 4990; x_wconf 91' lang='lat' dir='ltr'>idem</span> <span class='ocrx_word' id='word_1_838' title='bbox 3573 4931 3806 5006; x_wconf 90' lang='lat' dir='ltr'>Spiritus</span> 
     </span>
    </p>
   </div>
   <div class='ocr_carea' id='block_1_113' title="bbox 2160 5023 3805 5096">
    <p class='ocr_par' dir='ltr' id='par_1_113' title="bbox 2160 5023 3805 5096">
     <span class='ocr_line' id='line_1_113' title="bbox 2160 5023 3805 5096; baseline -0.005 -16"><span class='ocrx_word' id='word_1_839' title='bbox 2160 5024 2433 5080; x_wconf 91' lang='lat' dir='ltr'>dividens</span> <span class='ocrx_word' id='word_1_840' title='bbox 2481 5023 2728 5094; x_wconf 87' lang='lat' dir='ltr'>singulis</span> <span class='ocrx_word' id='word_1_841' title='bbox 2781 5029 2960 5096; x_wconf 93' lang='lat' dir='ltr'>prout</span> <span class='ocrx_word' id='word_1_842' title='bbox 2990 5023 3119 5079; x_wconf 87' lang='lat' dir='ltr'>vult</span> <span class='ocrx_word' id='word_1_843' title='bbox 3149 5025 3208 5091; x_wconf 92' lang='grc' dir='ltr'>(Ι</span> <span class='ocrx_word' id='word_1_844' title='bbox 3247 5025 3386 5080; x_wconf 79' lang='lat' dir='ltr'>Cor.</span> <span class='ocrx_word' id='word_1_845' title='bbox 3420 5027 3621 5091; x_wconf 80' lang='lat' dir='ltr'>xxu).»</span> <span class='ocrx_word' id='word_1_846' title='bbox 3666 5023 3805 5076; x_wconf 90' lang='lat' dir='ltr'>Bene</span> 
     </span>
    </p>
   </div>
   <div class='ocr_carea' id='block_1_114' title="bbox 2159 5111 3803 5188">
    <p class='ocr_par' dir='ltr' id='par_1_114' title="bbox 2159 5111 3803 5188">
     <span class='ocr_line' id='line_1_114' title="bbox 2159 5111 3803 5188; baseline -0.005 -17"><span class='ocrx_word' id='word_1_847' title='bbox 2159 5113 2407 5188; x_wconf 89' lang='lat' dir='ltr'>quidem</span> <span class='ocrx_word' id='word_1_848' title='bbox 2426 5113 2690 5184; x_wconf 89' lang='lat' dir='ltr'>postulat</span> <span class='ocrx_word' id='word_1_849' title='bbox 2718 5113 2975 5170; x_wconf 87' lang='lat' dir='ltr'>Ecclesia</span> <span class='ocrx_word' id='word_1_850' title='bbox 2999 5118 3065 5169; x_wconf 92' lang='lat' dir='ltr'>ut</span> <span class='ocrx_word' id='word_1_851' title='bbox 3085 5112 3363 5185; x_wconf 89' lang='lat' dir='ltr'>spiritum</span> <span class='ocrx_word' id='word_1_852' title='bbox 3385 5111 3687 5185; x_wconf 89' lang='lat' dir='ltr'>duplicem</span> <span class='ocrx_word' id='word_1_853' title='bbox 3716 5123 3803 5163; x_wconf 89' lang='lat' dir='ltr'>ac-</span> 
     </span>
    </p>
   </div>
   <div class='ocr_carea' id='block_1_115' title="bbox 2161 5196 3803 5276">
    <p class='ocr_par' dir='ltr' id='par_1_115' title="bbox 2161 5196 3803 5276">
     <span class='ocr_line' id='line_1_115' title="bbox 2161 5196 3803 5276; baseline -0.005 -17"><span class='ocrx_word' id='word_1_854' title='bbox 2161 5203 2340 5276; x_wconf 90' lang='lat' dir='ltr'>cipiat</span> <span class='ocrx_word' id='word_1_855' title='bbox 2388 5202 2620 5269; x_wconf 89' lang='lat' dir='ltr'>Christi,</span> <span class='ocrx_word' id='word_1_856' title='bbox 2651 5218 2775 5275; x_wconf 90' lang='lat' dir='ltr'>qua</span> <span class='ocrx_word' id='word_1_857' title='bbox 2820 5207 2878 5259; x_wconf 90' lang='lat' dir='ltr'>et</span> <span class='ocrx_word' id='word_1_858' title='bbox 2919 5202 3269 5258; x_wconf 91' lang='lat' dir='ltr'>remissione</span> <span class='ocrx_word' id='word_1_859' title='bbox 3315 5205 3699 5274; x_wconf 89' lang='lat' dir='ltr'>peccatorum</span> <span class='ocrx_word' id='word_1_860' title='bbox 3722 5196 3803 5251; x_wconf 93' lang='lat' dir='ltr'>in-</span> 
     </span>
    </p>
   </div>
   <div class='ocr_carea' id='block_1_116' title="bbox 2158 5290 3803 5365">
    <p class='ocr_par' dir='ltr' id='par_1_116' title="bbox 2158 5290 3803 5365">
     <span class='ocr_line' id='line_1_116' title="bbox 2158 5290 3803 5365; baseline -0.005 -16"><span class='ocrx_word' id='word_1_861' title='bbox 2158 5293 2340 5363; x_wconf 91' lang='lat' dir='ltr'>diget,</span> <span class='ocrx_word' id='word_1_862' title='bbox 2359 5293 2503 5365; x_wconf 90' lang='lat' dir='ltr'>quia</span> <span class='ocrx_word' id='word_1_863' title='bbox 2532 5307 2654 5348; x_wconf 90' lang='lat' dir='ltr'>non</span> <span class='ocrx_word' id='word_1_864' title='bbox 2675 5292 2838 5363; x_wconf 88' lang='lat' dir='ltr'>eguit</span> <span class='ocrx_word' id='word_1_865' title='bbox 2861 5292 3145 5359; x_wconf 90' lang='lat' dir='ltr'>Christus,</span> <span class='ocrx_word' id='word_1_866' title='bbox 3179 5297 3236 5348; x_wconf 92' lang='lat' dir='ltr'>et</span> <span class='ocrx_word' id='word_1_867' title='bbox 3261 5307 3510 5348; x_wconf 89' lang='lat' dir='ltr'>munere</span> <span class='ocrx_word' id='word_1_868' title='bbox 3536 5290 3803 5346; x_wconf 89' lang='lat' dir='ltr'>virtutum</span> 
     </span>
    </p>
   </div>
   <div class='ocr_carea' id='block_1_117' title="bbox 2158 5372 3805 5456">
    <p class='ocr_par' dir='ltr' id='par_1_117' title="bbox 2158 5372 3805 5456">
     <span class='ocr_line' id='line_1_117' title="bbox 2158 5372 3805 5456; baseline -0.005 -17"><span class='ocrx_word' id='word_1_869' title='bbox 2158 5399 2312 5456; x_wconf 89' lang='lat' dir='ltr'>quas</span> <span class='ocrx_word' id='word_1_870' title='bbox 2344 5398 2416 5438; x_wconf 83' lang='lat' dir='ltr'>ex</span> <span class='ocrx_word' id='word_1_871' title='bbox 2432 5381 2801 5454; x_wconf 89' lang='lat' dir='ltr'>plenitudine</span> <span class='ocrx_word' id='word_1_872' title='bbox 2834 5398 2948 5437; x_wconf 89' lang='lat' dir='ltr'>sua</span> <span class='ocrx_word' id='word_1_873' title='bbox 2976 5397 3084 5453; x_wconf 90' lang='lat' dir='ltr'>per</span> <span class='ocrx_word' id='word_1_874' title='bbox 3111 5382 3393 5454; x_wconf 89' lang='lat' dir='ltr'>Spiritum</span> <span class='ocrx_word' id='word_1_875' title='bbox 3423 5384 3695 5435; x_wconf 91' lang='lat' dir='ltr'>sanctum</span> <span class='ocrx_word' id='word_1_876' title='bbox 3720 5372 3805 5430; x_wconf 86' lang='lat' dir='ltr'>tri-</span> 
     </span>
    </p>
   </div>
   <div class='ocr_carea' id='block_1_118' title="bbox 2157 5469 3799 5544">
    <p class='ocr_par' dir='ltr' id='par_1_118' title="bbox 2157 5469 3799 5544">
     <span class='ocr_line' id='line_1_118' title="bbox 2157 5469 3799 5544; baseline -0.006 -18"><span class='ocrx_word' id='word_1_877' title='bbox 2157 5470 2288 5526; x_wconf 90' lang='lat' dir='ltr'>buit</span> <span class='ocrx_word' id='word_1_878' title='bbox 2319 5471 2602 5538; x_wconf 90' lang='lat' dir='ltr'>Christus,</span> <span class='ocrx_word' id='word_1_879' title='bbox 2635 5471 2739 5544; x_wconf 91' lang='lat' dir='ltr'>qui</span> <span class='ocrx_word' id='word_1_880' title='bbox 2767 5494 2794 5520; x_wconf 92' lang='grc'>‹‹</span> <span class='ocrx_word' id='word_1_881' title='bbox 2825 5471 3158 5526; x_wconf 89' lang='lat' dir='ltr'>ascendens</span> <span class='ocrx_word' id='word_1_882' title='bbox 3201 5471 3264 5526; x_wconf 93' lang='lat' dir='ltr'>in</span> <span class='ocrx_word' id='word_1_883' title='bbox 3296 5470 3484 5526; x_wconf 88' lang='lat' dir='ltr'>altum</span> <span class='ocrx_word' id='word_1_884' title='bbox 3512 5469 3799 5540; x_wconf 87' lang='lat' dir='ltr'>captivam</span> 
     </span>
    </p>
   </div>
   <div class='ocr_carea' id='block_1_119' title="bbox 2159 5553 3799 5632">
    <p class='ocr_par' dir='ltr' id='par_1_119' title="bbox 2159 5553 3799 5632">
     <span class='ocr_line' id='line_1_119' title="bbox 2159 5553 3799 5632; baseline -0.006 -16"><span class='ocrx_word' id='word_1_885' title='bbox 2159 5559 2329 5616; x_wconf 79' lang='lat' dir='ltr'>duxit</span> <span class='ocrx_word' id='word_1_886' title='bbox 2357 5560 2784 5632; x_wconf 90' lang='lat' dir='ltr'>captivitatem,</span> <span class='ocrx_word' id='word_1_887' title='bbox 2817 5560 2980 5615; x_wconf 89' lang='lat' dir='ltr'>dedit</span> <span class='ocrx_word' id='word_1_888' title='bbox 3005 5560 3169 5616; x_wconf 88' lang='lat' dir='ltr'>dona</span> <span class='ocrx_word' id='word_1_889' title='bbox 3196 5559 3544 5616; x_wconf 91' lang='lat' dir='ltr'>hominibus</span> <span class='ocrx_word' id='word_1_890' title='bbox 3574 5553 3799 5628; x_wconf 82' lang='lat' dir='ltr'>(Ephes.</span> 
     </span>
    </p>
   </div>
   <div class='ocr_carea' id='block_1_120' title="bbox 2157 5642 3800 5722">
    <p class='ocr_par' dir='ltr' id='par_1_120' title="bbox 2157 5642 3800 5722">
     <span class='ocr_line' id='line_1_120' title="bbox 2157 5642 3800 5722; baseline -0.004 -19"><span class='ocrx_word' id='word_1_891' title='bbox 2157 5654 2259 5706; x_wconf 72' lang='lat' dir='ltr'>Iv).</span> <span class='ocrx_word' id='word_1_892' title='bbox 2291 5672 2317 5698; x_wconf 85' lang='lat'>»</span> <span class='ocrx_word' id='word_1_893' title='bbox 2351 5649 2464 5704; x_wconf 90' lang='lat' dir='ltr'>Illis</span> <span class='ocrx_word' id='word_1_894' title='bbox 2491 5648 2759 5704; x_wconf 91' lang='lat' dir='ltr'>videlicet</span> <span class='ocrx_word' id='word_1_895' title='bbox 2788 5649 3138 5705; x_wconf 86' lang='lat' dir='ltr'>hominibus</span> <span class='ocrx_word' id='word_1_896' title='bbox 3169 5649 3273 5722; x_wconf 90' lang='lat' dir='ltr'>qui</span> <span class='ocrx_word' id='word_1_897' title='bbox 3305 5664 3476 5722; x_wconf 90' lang='lat' dir='ltr'>spem</span> <span class='ocrx_word' id='word_1_898' title='bbox 3517 5661 3689 5702; x_wconf 90' lang='lat' dir='ltr'>suam</span> <span class='ocrx_word' id='word_1_899' title='bbox 3711 5642 3800 5697; x_wconf 90' lang='lat' dir='ltr'>ﬁr-</span> 
     </span>
    </p>
   </div>
   <div class='ocr_carea' id='block_1_121' title="bbox 2158 5729 3800 5812">
    <p class='ocr_par' dir='ltr' id='par_1_121' title="bbox 2158 5729 3800 5812">
     <span class='ocr_line' id='line_1_121' title="bbox 2158 5729 3800 5812; baseline -0.005 -18"><span class='ocrx_word' id='word_1_900' title='bbox 2158 5739 2331 5794; x_wconf 90' lang='lat' dir='ltr'>miter</span> <span class='ocrx_word' id='word_1_901' title='bbox 2357 5739 2418 5794; x_wconf 93' lang='lat' dir='ltr'>in</span> <span class='ocrx_word' id='word_1_902' title='bbox 2449 5739 2616 5795; x_wconf 91' lang='lat' dir='ltr'>illum</span> <span class='ocrx_word' id='word_1_903' title='bbox 2645 5744 2902 5812; x_wconf 92' lang='lat' dir='ltr'>ponunt.</span> <span class='ocrx_word' id='word_1_904' title='bbox 2928 5739 3074 5795; x_wconf 87' lang='lat' dir='ltr'>Hinc</span> <span class='ocrx_word' id='word_1_905' title='bbox 3096 5745 3186 5796; x_wconf 91' lang='lat' dir='ltr'>est</span> <span class='ocrx_word' id='word_1_906' title='bbox 3209 5739 3374 5812; x_wconf 90' lang='lat' dir='ltr'>quod</span> <span class='ocrx_word' id='word_1_907' title='bbox 3402 5737 3556 5794; x_wconf 88' lang='lat' dir='ltr'>Elias</span> <span class='ocrx_word' id='word_1_908' title='bbox 3577 5735 3714 5792; x_wconf 92' lang='lat' dir='ltr'>dicit</span> <span class='ocrx_word' id='word_1_909' title='bbox 3731 5729 3800 5787; x_wconf 90' lang='lat' dir='ltr'>ad</span> 
     </span>
    </p>
   </div>
  </div>
