3940 6456
147 278 258 334 m
1139 281 1402 338 ENARR.
1447 281 1518 336 IN
1562 278 1814 336 LIBROS
1855 281 2116 341 BEGUM.
2148 319 2217 329 -—
2251 289 2319 346 IN
2369 293 2498 350 LIB.
2542 292 2637 350 IV.
3505 305 3613 360 498

153 401 450 493 Eliszeum
475 419 495 493 Δε
528 422 564 493 «Α
582 401 640 458 Si
671 401 900 493 Avideris
930 420 1028 460 me
1078 405 1329 478 quando
1357 405 1530 462 tollar
1555 421 1591 461 a
1621 409 1696 475 te,
1729 403 1838 460 erit
1870 406 1918 460 Α
1946 422 2079 464 ram
2105 412 2318 470 Christi
2341 417 2539 486 gessit.
2578 419 2843 493 Denique
2871 422 3240 480 vocabulum
3271 424 3417 480 illud
3447 429 3614 484 salus

149 489 321 564 quod
357 489 604 564 petisti:
633 490 682 546 si
713 495 917 548 autem
939 509 1062 549 non
1089 494 1326 568 videris,
1353 511 1476 551 non
1495 495 1665 551 erit.»
1686 493 1837 560 Quia
1943 500 2056 556 Dei
2082 501 2524 578 interpretatur.
2557 489 2974 568 Salus—autem
3005 515 3116 570 Dei
3143 515 3281 587 quis
3336 521 3424 572 est
3462 516 3614 573 alius

150 579 270 635 nisi
291 579 443 652 quis
473 583 632 676 recte
660 579 1026 638 ﬁdeioculos
1051 583 1112 640 in
1133 583 1304 640 illum
1330 589 1520 658 ponat
1545 587 1602 641 et
1631 584 1839 676 credat
1943 589 2058 646 nisi
2089 593 2264 650 Filius
2290 597 2444 668 ejus,
2473 600 2576 672 qui
2605 604 2662 656 et
2717 600 2988 659 Salvator
3031 579 3258 676 ubique
3309 611 3560 663 vocatur
3584 609 3612 664 ?

147 667 418 726 fideliter
466 668 845 767 passionem,
874 673 1372 730 resurrectionem
1417 678 1474 767 et
1529 673 1834 732 ascensio-
1943 681 2180 738 Parvuli
2214 667 2352 741 vero
2380 685 2462 743 illi
2491 667 2812 746 illudentes
2838 691 3013 748 saluti
3037 667 3243 764 Dei,.id
3269 698 3361 750 est
3381 695 3609 767 Elisaeo,

148 773 294 814 nem
329 759 470 830 ejus
502 758 582 814 ad
625 761 882 832 Patrem,
923 762 1222 834 petitionis
1263 780 1386 819 suae
1419 762 1681 820 fructum
1709 775 1835 823 non
1940 770 2288 830 Judaeorum
2316 775 2585 834 habuere
2616 795 2964 852 personam,
2989 783 3093 855 qui
3125 758 3202 839 ad
3234 801 3473 841 crucem
3503 758 3612 842 Do:

149 847 978 944 capiet.,‘quod.subsequens
1007 852 1158 944 ratio
1183 852 1479 944 designat.
1589 941 1605 944 _
1669 940 1680 944 _
1942 859 2110 916 mino
2161 863 2451 921 Salvatori
2484 847 2968 943 subs'annabant,
3009 847 3123 944 .qui
3177 872 3401 930 dicunt.
3439 897 3466 925 ‹‹
3499 878 3610 930 As—

225 959 254 987 «
298 936 465 992 Elias
496 937 658 993 enim
691 954 900 995 secum
927 941 1248 998 comitante
1277 942 1488 998 Elisaao
1531 941 1610 998 ad
1636 940 1832 1014 ripam
1943 950 2152 1020 cende,
2181 952 2369 1024 calve,
2420 957 2702 1028 ascende,
2733 958 2899 1014 calve
2930 936 3005 1016 ενα
3039 936 3184 1034 quia
3214 962 3273 1017 in
3323 963 3606 1019 Calvariae

151 1050 179 1076 α
219 1026 516 1083 Jordanis
543 1026 813 1090 veniens,
849 1029 978 1086 tulit
1006 1029 1258 1103 pallium
1287 1048 1469 1088 suum
1499 1035 1557 1088 et
1585 1029 1836 1088 involvit
1935 1035 2076 1093 loco
2127 1041 2393 1098 Christus
2450 1026 2813 1102 ascensurus
2859 1054 2986 1104 erat
3039 1026 3100 1105 in
3149 1067 3408 1106 crucem.
3439 1053 3608 1117 Quod

152 1139 181 1166 ‹‹
221 1115 402 1186 illud,
465 1121 522 1173 et
569 1118 867 1190 percussit
908 1134 1101 1192 aquas
1147 1137 1284 1194 quae
1333 1119 1539 1176 divisae
1585 1123 1728 1177 sunt
1769 1119 1832 1175 in

150 1227 178 1254 «
222 1210 554 1280 utramque
585 1211 844 1279 patrem,
875 1213 932 1265 et
986 1209 1352 1266 transierunt
1379 1210 1564 1267 ambo
1588 1226 1698 1284 per
1722 1209 1832 1266 sic-

152 1320 179 1346 «
221 1313 387 1352 cum.
417 1300 690 1370 Cumque
725 1297 876 1354 Elias
906 1304 1116 1372 raptus
1147 1304 1327 1372 esset,
1347 1301 1592 1357 Eliszeus
1612 1301 1832 1358 levavit

151 1406 180 1438 ‹
220 1385 482 1457 pallium
542 1386 699 1456 Elite,
728 1387 894 1459 quod
952 1389 1249 1445 ceciderat
1301 1390 1373 1446 ei.
1408 1393 1816 1463 Reversusque

150 1496 176 1523 ‹‹
223 1475 388 1530 stetit
419 1491 604 1548 super
632 1475 829 1549 ripam
854 1477 1156 1543 Iordanis,
1179 1483 1236 1535 et
1255 1479 1437 1552 pallio
1466 1479 1602 1535 Elite
1649 1479 1820 1553 quod

149 1586 176 1612 κ
219 1564 528 1620 ceciderat
553 1565 605 1620 ei
631 1566 928 1638 percussit
958 1581 1151 1640 aquas
1178 1573 1235 1624 et
1263 1584 1388 1624 non
1421 1573 1562 1625 sunt
1587 1569 1820 1639 divisae,

151 1675 178 1701 ‹‹
219 1658 275 1708 et
306 1653 460 1710 dixit
489 1673 502 1709 :
536 1653 646 1710 Ubi
678 1661 766 1710 est
796 1657 949 1712 Deus
984 1656 1117 1712 Elite
1151 1658 1331 1714 etiam
1359 1658 1564 1713 nunc?
1588 1674 1828 1731 percus-

1939 1142 2084 1184 vero
2114 1145 2443 1188 conversus
2470 1133 2779 1192 maledixit
2811 1137 3076 1202 Eliszeus,
3105 1144 3162 1194 et
3189 1140 3458 1196 exierunt
3484 1141 3608 1198 duo

1941 1216 2064 1272 ursi
2088 1217 2163 1273 de
2194 1219 2362 1291 silva,
2389 1226 2444 1278 et
2483 1222 2905 1281 interfecerunt
2934 1227 3338 1299 quadraginta
3367 1234 3424 1285 et
3452 1230 3608 1285 duos

1939 1322 2161 1378 pueros
2207 1307 2681 1382 basphemautes
2718 1329 2731 1367 :
2765 1313 2848 1369 ita
2896 1319 2953 1370 et
2981 1315 3244 1372 Christus
3288 1323 3424 1390 post
3470 1334 3609 1391 pas-

1940 1394 2172 1452 sionem
2204 1403 2259 1453 et
2288 1400 2784 1457 resurrectionem
2834 1418 2907 1458 ex
2965 1405 3238 1474 mortuis,
3278 1409 3606 1478 postquam

1939 1486 2210 1543 ascendit
2251 1487 2309 1543 in
2361 1487 2564 1556 coelos,
2599 1489 2753 1547 sicut
2800 1491 3048 1547 Eliszeus
3100 1494 3370 1549 ascendit
3417 1495 3476 1550 in
3509 1499 3607 1551 Be-

1940 1573 2079 1642 thel,
2111 1574 2174 1631 id
2225 1581 2313 1633 est
2359 1577 2420 1633 in
2468 1578 2721 1635 domum
2769 1581 2890 1648 Dei,
2925 1597 3253 1638 conversus
3298 1583 3609 1640 maledixit

1937 1663 2183 1734 Judreis,
2215 1671 2273 1722 et
2327 1667 2800 1741 quadragesimo
2860 1671 3127 1728 secundo
3185 1688 3347 1728 anno
3396 1689 3606 1728 ascen-

149 1765 176 1791 «
219 1742 291 1798 sit
337 1759 538 1815 aquas
569 1748 625 1799 et
671 1743 878 1800 divisae
935 1751 1075 1802 sunt
1103 1746 1222 1802 huc
1255 1752 1435 1820 atque
1466 1747 1627 1817 illuc,
1654 1771 1682 1798 »
1710 1753 1820 1805 etc.
1871 1765 1910 1818 Β
1939 1753 2124 1810 sionis
2151 1772 2297 1827 suae,
2327 1757 2582 1814 immisit
2617 1759 2774 1816 duos
2799 1777 2971 1817 ursos
2999 1761 3072 1816 de
3112 1761 3277 1817 silvis
3310 1763 3601 1833 gentium,

151 1833 298 1899 Quid
338 1833 643 1904 signiﬁcat
672 1835 924 1908 pallium
981 1836 1137 1906 Elite,
1182 1837 1299 1894 nisi
1345 1839 1824 1897 lncarnationem

150 1922 409 1992 Domini,
435 1939 545 1996 per
570 1940 759 1996 quam
781 1924 1149 2000 Redemptor
1173 1931 1377 1984 noster
1401 1927 1541 1983 lethi
1571 1928 1824 1985 ﬂuvium

149 2011 498 2086 disrumpit,
530 2013 829 2088 nobisque
861 2017 1176 2072 transitum
1231 2017 1309 2074 ad
1367 2017 1554 2074 vitam
1584 2035 1822 2093 praepa-

149 2103 351 2159 ravit?
383 2104 511 2160 Hoc
561 2119 704 2173 ergo
736 2105 989 2178 pallium
1043 2105 1287 2163 Elisaeus
1329 2113 1466 2182 post
1503 2109 1822 2167 transitum

153 2190 286 2248 Elite
315 2193 584 2263 retinuit,
617 2193 762 2266 quia
791 2194 974 2252 ﬁdem
1006 2196 1436 2254 incarnationis
1462 2197 1675 2255 Christi
1721 2202 1822 2255 Ec-

152 2280 328 2338 clesia
367 2288 511 2356 post
535 2283 958 2340 ascensionem
987 2285 1116 2356 ejus
1147 2285 1226 2342 ad
1253 2286 1438 2342 coelos
1475 2288 1818 2355 reservavit,

150 2383 253 2440 per
273 2385 464 2442 quam
501 2375 812 2444 praesentis
842 2374 975 2430 vita:
1007 2375 1224 2432 ﬂuctus
1277 2376 1526 2432 transire
1579 2378 1818 2449 satagit.

154 2457 262 2513 Sed
295 2459 450 2517 sicut
485 2461 730 2517 Eliszrus
756 2463 1096 2535 percutiens
1118 2464 1304 2537 pallio
1326 2465 1603 2537 ﬂuvium,
1627 2483 1821 2541 aquas

151 2560 270 2602 non
322 2548 549 2618 divisit,
578 2553 906 2623 antequam
959 2551 1152 2608 dixit:
1191 2553 1297 2609 Ubi
1355 2559 1442 2610 est
1490 2557 1644 2610 Deus
1684 2555 1820 2612 Elia;

150 2635 325 2692 etiam
357 2639 643 2695 nunc?et
672 2639 758 2694 sic
787 2641 1088 2712 percussit
1115 2657 1307 2714 aquas
1327 2647 1384 2698 et
1404 2643 1612 2698 divisae
1637 2649 1779 2701 sunt
1803 2663 1816 2701 :

150 2723 226 2780 ita
248 2726 512 2784 Ecclesia
543 2727 656 2783 nisi
687 2744 793 2801 per
814 2730 1257 2787 invocationem
1279 2732 1541 2788 nominis
1561 2734 1816 2802 Domini,

149 2813 384 2871 virtutes
432 2815 594 2872 ullas
644 2816 842 2874 facere
895 2835 1018 2874 non
1050 2825 1271 2892 potest.
1305 2821 1457 2886 Quia
1508 2821 1661 2878 sicut
1687 2822 1816 2896 ipse

148 2903 290 2960 dixit
323 2923 336 2960 :
367 2929 394 2955 «
439 2908 580 2963 Sine
611 2923 708 2962 me
739 2907 886 2964 nihil
917 2910 1162 2982 potestis
1192 2910 1385 2966 facere
1419 2913 1613 2982 (Joan.
1641 2913 1762 2984 xv),
1787 2937 1815 2963 »

151 2993 289 3050 nihil
319 3000 406 3052 est
440 2997 608 3052 enim
659 2997 1001 3054 humanum
1029 2999 1317 3067 studium,
1342 3001 1459 3065 nisi
1489 3003 1643 3059 adsit
1672 3003 1817 3060 divi-

147 3097 289 3180 num
316 3085 711 3180 adjutorium.
747 3086 911 3143 Unde
943 3089 1263 3161 Apostolus
1287 3089 1470 3180 dixit:
1499 3114 1525 3140 ‹‹
1559 3092 1712 3180 Deus
1730 3097 1818 3148 est
1855 3122 1900 3180 ο
1932 3105 1959 3132 ί(

148 3171 247 3243 qui
272 3179 561 3246 operatur
589 3173 650 3229 in
674 3175 853 3230 nobis
876 3180 934 3232 et
960 3176 1108 3232 velle
1131 3182 1188 3233 et
1206 3178 1490 3250 perﬁcere
1518 3195 1626 3253 pro
1652 3179 1818 3238 bona

149 3261 446 3320 voluntate
487 3265 670 3336 (Phil.
705 3266 841 3338 vm).
879 3290 906 3317 »
941 3269 1006 3322 Et
1030 3269 1330 3341 propheta
1362 3269 1441 3325 ad
1472 3270 1812 3339 Dominum,

151 3351 261 3408 ait:
297 3357 359 3409 In
389 3359 442 3410 te
477 3353 756 3412 inimicos
780 3361 1019 3412 nostros
1065 3357 1490 3414 ventilabimus
1521 3375 1730 3428 cornu,
1759 3365 1817 3416 et

150 3439 205 3495 in
261 3443 509 3500 nomine
569 3448 673 3501 tuo
741 3462 1103 3518 spernemus
1152 3447 1534 3518 insurgentes
1585 3449 1646 3505 in
1701 3467 1813 3507 nos

151 3531 333 3596 (Psal.
362 3535 522 3606 XLV),
560 3557 587 3583 »
613 3539 722 3590 etc.

220 3643 246 3668 ‹‹
290 3622 573 3679 Dixerunt
624 3641 872 3698 quoque
931 3626 1036 3682 viri
1080 3627 1332 3683 civitatis
1376 3628 1452 3684 ad
1484 3628 1758 3686 Elisaaum
1795 3648 1808 3686 :

154 3732 179 3757 σι
219 3713 360 3768 Ecce
387 3713 682 3770 habitatio
707 3715 958 3772 civitatis
979 3716 1162 3788 hujus
1189 3717 1419 3790 optima
1440 3723 1547 3788 est,
1573 3719 1724 3776 sicut
1748 3725 1810 3776 tu

153 3821 176 3846 «ι
216 3800 358 3874 ipse,
388 3804 661 3869 Domine,
692 3805 1004 3878 perspicis,
1030 3806 1135 3862 sed
1166 3823 1340 3880 aqua:
1361 3809 1642 3882 pessimae
1670 3813 1812 3867 sunt

154 3912 178 3937 «
219 3895 272 3946 et
299 3897 453 3951 terra
485 3893 717 3949 sterilis.
764 3894 950 3951 Atille
983 3895 1099 3951 ait:
1133 3897 1346 3953 Mferte
1391 3899 1536 3954 mihi
1561 3915 1670 3955 vas
1698 3915 1809 3956 no-

154 3998 178 4024 α
217 3995 374 4048 vum,
406 3987 464 4039 et
497 3982 710 4039 mittite
743 3983 802 4038 in
856 3983 1006 4040 illud
1037 3985 1146 4041 sal.
1184 4009 1210 4035 ››
1233 3987 1653 4044 Postulabatur
1702 3988 1805 4044 Eli-

154 4081 298 4123 saaus
325 4086 358 4125 a
390 4071 620 4145 populo
663 4077 722 4127 rt
760 4089 952 4145 aquas
980 4075 1212 4130 Jericho
1245 4077 1545 4145 malignos
1567 4082 1624 4134 et
1649 4077 1810 4134 steri-

154 4153 233 4210 les
263 4165 520 4217 sanaret.
574 4163 816 4234 Accepit
844 4179 950 4218 vas
994 4179 1224 4220 novum
1273 4164 1448 4221 ﬁctile
1479 4171 1536 4222 et
1577 4167 1718 4236 jecit
1747 4167 1808 4223 in

155 4241 290 4301 illud
342 4249 448 4321 sal,
482 4256 542 4306 et
588 4250 874 4306 demersit
915 4251 1061 4308 illud
1111 4252 1171 4308 in
1220 4253 1468 4321 ﬂumen,
1502 4259 1560 4311 et
1606 4257 1807 4312 statim

157 4331 404 4392 ﬂuminis
435 4355 610 4412 aquae
635 4345 868 4396 sanata:
900 4347 1060 4409 sunt,
1093 4358 1216 4414 quo
1257 4343 1412 4399 facto
1443 4345 1806 4417 praenuntia-

154 4417 250 4477 bat
274 4429 586 4500 propheta,
616 4429 760 4501 quia
781 4428 1038 4486 Verbum
1070 4447 1211 4487 caro
1237 4432 1403 4488 fieret
1422 4437 1478 4488 et
1506 4433 1804 4491 habitaret

155 4505 210 4563 in
239 4513 426 4571 nobis.
462 4517 603 4573 Inde
642 4519 703 4574 in
757 4518 1208 4575 similitudinem
1264 4520 1443 4577 Verbi
1481 4521 1588 4590 sal,
1623 4522 1683 4578 id
1714 4528 1805 4580 est

156 4600 522 4674 sapientiam,
552 4607 717 4663 dedit
744 4607 807 4663 in
837 4623 946 4664 vas
991 4608 1190 4677 fictile,
1217 4609 1277 4665 in
1311 4625 1530 4684 corpus
1584 4612 1809 4670 scilicet

155 4684 498 4764 humanum,
536 4703 591 4753 et
620 4697 925 4754 immitens
949 4699 1008 4754 in
1039 4715 1268 4772 aquam
1297 4699 1599 4758 demersit.
1634 4703 1807 4769 Quod

154 4777 386 4864 quidem
438 4785 822 4855 significabat
872 4787 1016 4860 quia
1059 4803 1270 4844 omnes
1318 4790 1527 4863 populi
1557 4792 1662 4864 qui
1692 4792 1806 4849 sub

159 4863 337 4935 figura
363 4889 663 4947 aquarum
721 4876 780 4932 in
814 4881 936 4933 toto
962 4877 1195 4934 mundo
1226 4880 1452 4935 steriles
1482 4863 1670 4948 erant,
1699 4898 1808 4956 per

159 4953 354 5016 Christi
383 4964 864 5024 lncarnationem
898 4968 1324 5026 fecunditatem
1353 4975 1408 5027 et
1437 4953 1803 5028 benedictio-

159 5055 286 5101 nem
315 5055 610 5127 accepturi
643 5061 860 5112 essent.

225 5157 251 5182 «
290 5142 560 5199 Ascendit
587 5149 784 5200 autem
817 5145 956 5202 inde
982 5146 1041 5202 in
1071 5148 1269 5204 Bethel
1290 5165 1302 5204 :
1325 5165 1583 5222 cumque
1603 5167 1807 5206 ascen-

161 5237 189 5270 «
224 5223 379 5284 deret
407 5247 511 5303 per
541 5235 726 5301 viam,
759 5235 931 5307 pueri
961 5237 1134 5309 parvi
1161 5237 1385 5307 egressi
1419 5239 1649 5294 suntde
1673 5240 1808 5296 civi-

162 5330 188 5359 α
223 5315 432 5385 tate,et
465 5322 799 5382 illudebant
823 5326 899 5391 ei,
944 5325 1210 5382 dicentes
1245 5344 1257 5382 :
1294 5328 1585 5396 Ascende,
1615 5329 1802 5397 calve,

164 5419 188 5445 «
227 5409 491 5481 ascende,
518 5412 705 5470 calve.
767 5414 880 5480 Qui
923 5431 1064 5470 cum
1121 5420 1261 5489 post
1308 5433 1370 5472 se
1418 5417 1801 5487 respexisset,

165 5508 188 5534 «
227 5491 360 5550 vidit
411 5515 512 5555 eos
559 5507 616 5558 et
659 5503 967 5560 maledixit
1005 5505 1090 5560 eis
1137 5506 1198 5561 in
1257 5506 1501 5562 nomine
1547 5507 1801 5565 Domini.

168 5598 191 5624 «
231 5581 570 5662 Egressique
601 5597 742 5648 sunt
791 5592 867 5649 de
898 5593 1055 5650 saltu
1103 5594 1225 5650 duo
1254 5595 1396 5665 ursi,
1424 5601 1481 5651 et
1508 5595 1804 5653 lacerave-

170 5683 194 5710 «ι
231 5677 356 5727 runt
385 5691 455 5732 ex
498 5680 582 5736 eis
629 5681 1033 5754 quadraginta
1085 5687 1142 5739 et
1167 5682 1322 5739 duos
1361 5700 1604 5758 pueros.
1641 5707 1668 5734 ››
1701 5686 1808 5742 Eli-

172 5765 310 5811 mus
333 5777 570 5842 quoque
617 5770 933 5845 propheta,
967 5771 1121 5829 sicut
1149 5788 1309 5848 saape
1338 5772 1622 5840 diximus,
1655 5773 1805 5843 ﬁgu-

1940 1843 2378 1917 Vespasianum
2432 1848 2653 1906 scilicet
2704 1854 2760 1906 et
2806 1851 3020 1920 Titum,
3066 1851 3171 1926 qui
3229 1869 3332 1909 eos
3380 1853 3606 1909 crudeli

1937 1936 2134 2004 strage
2165 1934 2533 2008 dejecerunt.

2581 2067 2806 2122 CAPUT
2858 2069 2951 2122 lll.

2007 2209 2034 2236 ‹‹
2080 2189 2259 2244 Porro
2290 2192 2446 2247 Mesa
2469 2207 2574 2248 rex
2606 2190 2777 2249 Moab
2806 2191 3110 2249 nutriebat
3138 2208 3359 2266 pecora
3387 2194 3600 2263 multa,

1935 2296 1965 2324 «
2007 2278 2062 2332 et
2090 2277 2364 2334 solvebat
2387 2281 2512 2349 regi
2544 2279 2724 2337 Israel
2773 2285 3014 2337 centum
3041 2281 3227 2337 millia
3278 2297 3600 2352 agnorum,

1933 2386 1962 2414 «
2004 2369 2062 2420 et
2111 2372 2351 2423 centum
2384 2369 2572 2426 millia
2630 2369 2884 2426 arietum
2929 2387 3068 2426 cum
3096 2370 3420 2428 velleribus
3450 2373 3598 2429 suis.

1932 2475 1959 2504 «
2002 2455 2273 2529 Cumque
2307 2463 2584 2514 mortuus
2641 2458 2853 2515 fuisset
2908 2459 3140 2527 Achab,
3173 2461 3601 2533 praevaricatus

1934 2567 1962 2593 ‹‹
2003 2550 2095 2602 est
2123 2546 2318 2603 faedus
2347 2548 2517 2621 quod
2572 2549 2839 2606 habebat
2868 2566 3007 2606 cum
3051 2565 3191 2620 rege
3247 2551 3446 2622 Israel,
3485 2574 3512 2601 »
3545 2557 3602 2607 et

1929 2634 2182 2708 reliqua.
2220 2637 2402 2708 igitur
2432 2644 2568 2712 post
2593 2639 2722 2695 haec
2744 2639 2970 2696 bellum
2999 2640 3320 2709 gerebatur
3347 2657 3454 2714 per
3483 2646 3600 2697 tres

1929 2739 2126 2794 reges,
2155 2726 2269 2782 hoc
2312 2731 2400 2784 est
2426 2744 2632 2799 regem
2655 2729 2852 2797 Israel,
2874 2745 3078 2800 regem
3108 2729 3281 2800 Juda,
3313 2735 3370 2786 et
3396 2747 3600 2801 regem

1931 2815 2141 2884 Edom,
2176 2821 2385 2873 contra
2417 2817 2606 2874 Moab.
2632 2819 3076 2893 Consultusque
3104 2819 3184 2876 ab
3233 2819 3321 2875 eis
3357 2819 3600 2875 Elisaeus

1929 2906 2246 2979 propheta,
2272 2910 2409 2978 post
2438 2906 2555 2964 alia
2579 2907 2710 2964 haec
2740 2907 2947 2964 subdit
2973 2909 3182 2964 dicens
3209 2927 3223 2964 :

2006 3017 2034 3044 ‹‹
2074 2994 2268 3051 Facite
2322 2995 2562 3052 alveum
2608 2996 2884 3053 torrentis
2914 2996 3097 3068 hujus
3127 3001 3184 3053 et
3209 2996 3428 3053 fossas.
3461 2997 3599 3054 Haec

2003 3083 2160 3140 enim
2195 3083 2336 3139 dicit
2366 3085 2696 3140 Dominus:
2743 3089 2869 3140 Non
2904 3084 3178 3141 videbitis
3207 3091 3455 3142 ventum
3497 3103 3599 3142 ne-

1929 3193 1956 3221 ‹‹
2000 3188 2119 3245 que
2151 3171 2438 3245 pluviam,
2473 3178 2530 3228 et
2557 3173 2764 3230 alveus
2813 3174 2921 3229 iste
2951 3173 3280 3247 replebitur
3309 3175 3504 3246 aquis,
3541 3179 3598 3230 et

1926 3283 1955 3310 «
1996 3260 2212 3317 bibetis
2241 3277 2349 3317 vos
2376 3266 2434 3317 et
2462 3261 2704 3318 familiai
2732 3267 2946 3318 vestrre
2972 3267 3029 3318 et
3054 3263 3330 3332 jumenta
3372 3267 3587 3318 vestra.

1926 3372 1953 3400 ‹‹
1998 3351 2336 3422 Parumque
2381 3349 2494 3406 hoc
2543 3354 2632 3407 est
2667 3351 2729 3406 in
2785 3355 3111 3423 conspectu
3142 3351 3398 3417 Domini,
3429 3351 3592 3405 insu-

1923 3460 1951 3487 ‹‹
1993 3454 2100 3511 per
2131 3438 2322 3494 tradet
2351 3439 2532 3494 etiam
2560 3439 2732 3496 Moab
2761 3439 2823 3494 in
2855 3455 3074 3495 manus
3097 3443 3351 3506 vestras,
3377 3445 3430 3495 et
3461 3456 3592 3512 per-

1924 3549 1951 3576 »
1994 3528 2224 3584 cutietis
2254 3545 2498 3585 omnem
2531 3530 2830 3586 civitatem
2888 3530 3205 3599 munitam,
3234 3534 3292 3585 et
3342 3545 3588 3585 omnem

1921 3640 1951 3668 ‹‹
1993 3618 2205 3674 urbem
2239 3617 2510 3686 electam,
2544 3624 2602 3676 et
2646 3619 3000 3675 universum
3041 3619 3275 3690 lignum
3329 3619 3588 3675 fructife-

1921 3728 1949 3756 ‹‹
1992 3724 2124 3762 rum
2155 3707 2490 3774 succidetis,
2525 3713 2899 3782 cunctosque
2932 3709 3123 3765 fontes
3155 3724 3456 3780 aquarum
3481 3708 3587 3764 ob-

1921 3819 1951 3846 ‹‹
1993 3797 2287 3861 turabitis,
2321 3801 2378 3853 et
2403 3813 2646 3854 omnem
2689 3814 2906 3867 agrum
2936 3813 3254 3868 egregrum
3305 3797 3584 3869 operietis

1920 3910 1947 3936 ‹‹
1991 3887 2322 3960 lapidibus.
2359 3909 2387 3936 ››
2412 3887 2568 3952 Quid
2609 3903 2753 3957 ergo
2784 3887 3124 3957 signiﬁcant
3145 3890 3264 3942 tres
3287 3886 3386 3941 isti
3413 3901 3584 3954 reges

1917 3981 2132 4032 contra
2187 3976 2358 4033 Moab
2386 3975 2616 4032 bellum
2649 3982 2944 4046 gerentes,
2988 3976 3105 4031 nisi
3134 3980 3393 4030 rectores
3433 3973 3582 4030 fide-

1915 4066 2087 4131 lium,
2117 4065 2222 4138 qui
2248 4082 2356 4138 per
2385 4071 2604 4121 sanctae
2628 4065 2929 4122 Trinitatis
2953 4065 3158 4131 ﬁdem,
3181 4069 3390 4120 contra
3409 4080 3582 4119 mun-

1915 4153 1978 4210 di
2025 4154 2382 4227 principem,
2411 4159 2468 4210 et
2511 4159 2720 4212 contra
2778 4154 3074 4228 pOpulum
3132 4157 3282 4224 ejus,
3323 4154 3438 4209 hoc
3496 4157 3584 4208 est

1918 4242 2312 4317 philosophos
2371 4245 2706 4316 haereticos,
2751 4245 3190 4311 schismaticos,
3225 4248 3404 4316 atque
3453 4259 3581 4299 om-

1919 4348 2026 4388 nes
2050 4332 2311 4406 iniquos,
2345 4349 2484 4389 cum
2516 4339 2684 4390 scuto
2723 4335 2863 4390 fidei
2907 4339 3088 4407 atque
3119 4333 3303 4390 armis
3352 4333 3582 4406 spirita-

1919 4422 2078 4478 libus
2109 4422 2488 4493 conﬂigunt?
2519 4424 2689 4480 Moab
2713 4440 2857 4494 ergo
2882 4425 2987 4497 qui
3017 4423 3093 4479 de
3131 4425 3360 4480 incesto
3403 4426 3580 4479 natus

1918 4519 2028 4578 est,
2055 4518 2112 4568 et
2137 4514 2557 4587 interpretatur
2586 4515 2659 4571 de
2680 4522 2878 4585 patre,
2921 4514 3075 4570 bene
3135 4514 3247 4570 illis
3301 4511 3581 4569 convenit

1919 4603 1998 4658 ad
2028 4619 2182 4676 quos
2213 4603 2499 4660 Dominus
2519 4604 2684 4661 dixit:
2707 4627 2735 4654 ‹‹
2761 4607 2874 4659 Vos
2895 4603 2972 4659 de
3002 4603 3247 4659 diabolo
3264 4602 3387 4657 nati
3416 4601 3576 4667 estis,

1918 4697 1976 4749 et
2022 4693 2201 4748 vultis
2255 4693 2450 4750 facere
2507 4695 2876 4750 voluntatem
2934 4693 3120 4766 patris
3162 4691 3344 4746 vestri
3377 4692 3576 4760 (Joan.

1917 4783 2055 4854 vni).
2086 4801 2116 4835 ›
2143 4782 2204 4837 Hi
2236 4798 2379 4851 ergo
2407 4782 2805 4839 adversantur
2836 4782 3106 4837 Ecclesiae
3131 4779 3349 4852 partim
3375 4777 3574 4844 minis,

1917 4873 2135 4946 partim
2168 4873 2707 4946 persecutionibus,
2738 4871 2956 4944 partim
2988 4871 3129 4926 dolo
3177 4885 3247 4925 ac
3276 4868 3444 4924 falsis
3470 4868 3576 4922 fic-

1915 4964 2183 5021 tionibus
2214 4981 2227 5018 :
2261 4963 2366 5019 sed
2397 4980 2503 5036 per
2550 4963 2765 5019 Christi
2806 4962 3106 5028 virtutem,
3139 4960 3244 5033 qui
3275 4964 3457 5032 caput
3486 4962 3579 5014 est

1915 5054 2124 5128 populi
2185 5053 2517 5125 Christiani,
2569 5056 2932 5126 superantur
2983 5056 3163 5124 atque
3211 5050 3572 5121 eﬂ‘ugantur.

1915 5145 2145 5210 Quibus
2170 5145 2251 5200 ait
2277 5145 2571 5217 propheta
2594 5143 2828 5200 Domini
2861 5161 2873 5198 :
2909 5159 2944 5197 a
2977 5143 3165 5199 Facite
3191 5141 3431 5199 alveum
3464 5147 3578 5197 tor-

1914 5233 2096 5290 rentis
2126 5234 2329 5304 hujus,
2363 5233 2556 5290 fossas
2583 5238 2637 5290 et
2695 5233 2913 5289 fossas.
2964 5236 3092 5289 Non
3120 5233 3398 5289 videbitis
3429 5247 3576 5286 ven-

1917 5327 2043 5380 tum
2074 5340 2270 5398 neque
2292 5324 2875 5396 pluviam,etalveus
2900 5325 3009 5381 iste
3038 5323 3362 5396 replebitur
3377 5323 3574 5393 aquis,

1913 5419 1970 5470 et
1993 5413 2209 5470 bibetis
2236 5430 2344 5469 vos
2392 5419 2449 5470 et
2478 5413 2714 5470 familiae
2746 5421 2970 5474 vestrae.
3007 5437 3034 5462 »
3061 5419 3120 5469 et
3142 5411 3392 5483 reliqua.
3428 5413 3575 5466 Ecce

1913 5503 2209 5577 propheta
2234 5503 2466 5560 Domini
2497 5503 2726 5577 populo
2747 5503 2838 5559 siti
2868 5503 3136 5572 fatigato,
3176 5515 3287 5573 per
3317 5500 3574 5556 miracu-

1912 5593 2038 5649 lum
2084 5593 2308 5648 factum
2361 5609 2397 5650 a
2446 5594 2700 5650 Domino
2731 5592 3006 5658 consulit,
3037 5591 3121 5647 sic
3159 5596 3216 5647 et
3265 5589 3574 5663 propheta:

1913 5684 2072 5740 dicta
2101 5683 2421 5739 consilium
2452 5683 2722 5757 prtebent
2765 5682 3066 5749 fidelibus,
3098 5681 3354 5754 qualiter
3401 5681 3574 5753 spiri-

1919 5773 2023 5830 tali
2051 5773 2326 5832 doctrina
2373 5775 2530 5832 sitim
2580 5791 2755 5832 suam
2787 5775 3192 5843 exstinguant,
3233 5778 3416 5845 atque
3444 5772 3574 5840 ani-
