3940 6412
327 207 435 265 499

1427 198 1787 257 ANGELOMI
1825 194 2294 258 LUXOVIENSIS
2332 198 2647 258 MONACHI

3650 200 3767 257 500

326 344 500 385 mum
523 324 811 383 reﬁciant.
840 324 1015 381 Jubet
1040 339 1182 394 ergo
1214 324 1410 381 fossas
1441 323 1634 380 facere
1670 322 1732 379 in
1758 325 1981 378 torren-
2011 324 2061 384 Α
2100 321 2153 395 (Ι
2179 324 2316 379 (701'.
2350 324 2409 394 ι),
2454 343 2481 375 »
2515 339 2712 397 pauca
2760 321 2834 378 de
2885 321 3192 396 prophetis
3249 320 3525 396 exempla
3578 322 3772 395 repli-

328 417 399 473 tis
434 415 625 482 alveo,
659 418 717 471 et
767 412 850 470 ita
896 411 1165 486 praedicit
1210 411 1441 486 absque
1480 412 1672 468 ventis
1700 415 1755 467 et
1782 410 1987 483 pluvia

326 520 628 582 aquarum
652 502 1014 575 largitatem.
1050 502 1201 569 Quid
1230 505 1319 558 est
1352 501 1546 558 fossas
1578 502 1639 559 in
1673 500 1839 557 alveo
1867 505 1985 556 tor-

322 594 510 653 rentis
535 591 881 660 facere,nisi
904 588 1210 665 profunda
1233 594 1520 666 mysteria
1544 590 1603 648 in
1628 591 1810 647 sacris
1836 590 1986 647 Scri-

325 684 515 758 pturis
539 684 600 741 in
629 683 793 739 bono
810 680 1007 738 studio
1030 683 1336 755 quaerere?
1362 698 1497 756 qua:
1522 681 1751 754 absque
1781 679 1989 755 pluvia

326 778 384 831 et
410 777 587 831 vento
617 786 780 847 aqua
803 769 1126 845 replentur,
1161 771 1305 846 quia
1327 786 1484 843 saepe
1517 770 1746 844 absque
1775 769 1988 824 huma-

323 878 404 919 no
436 862 649 919 solatio
678 859 1035 935 sapientiam
1058 860 1286 916 confert
1316 860 1440 915 suis
1462 857 1986 929 investigatoribus

322 951 590 1026 potentia
642 949 868 1007 divina.
917 948 1081 1006 Unde
1138 948 1282 1005 dicit
1334 951 1593 1005 Joannes
1623 947 1983 1022 apostolus:

324 1066 350 1093 ‹‹
384 1045 513 1099 Non
542 1055 789 1097 necesse
835 1037 1091 1106 habetis,
1121 1041 1187 1094 ut
1215 1036 1431 1111 aliquis
1461 1037 1676 1093 doceat
1720 1053 1847 1107 vos,
1881 1036 1986 1091 sed

322 1131 477 1189 sicut
504 1129 707 1188 unctio
733 1128 783 1201 ej
794 1145 863 1183 us
885 1126 1060 1183 docet
1075 1142 1183 1183 vos
1205 1126 1279 1182 de
1296 1126 1579 1182 omnibus
1599 1127 1658 1195 (Ι
1669 1128 1846 1183 Joan.
1864 1142 1984 1199 11).»

322 1253 390 1265 -
410 1244 437 1271 ‹‹
463 1220 632 1278 Unde
663 1217 881 1275 bibunt
903 1215 1181 1275 homines
1203 1220 1259 1272 et
1285 1216 1579 1290 jumcuta.
1601 1237 1629 1265 ››
1652 1214 1718 1270 Id
1744 1220 1829 1270 est
1850 1215 1986 1270 doc-

318 1311 541 1370 trinam
589 1306 892 1381 accipiunt
945 1304 1242 1376 ingeniosi
1291 1321 1516 1382 quique
1568 1310 1622 1362 et
1657 1304 1980 1378 simplices,

320 1401 467 1477 quia
505 1401 805 1473 quantum
832 1394 1052 1453 idonea
1082 1398 1169 1452 est
1221 1394 1424 1453 anima
1467 1394 1829 1468 accipientis,
1862 1398 1985 1451 tan-

321 1495 454 1548 tum
482 1487 564 1547 ibi
593 1484 858 1544 inveniet
885 1483 1234 1543 documenti
1263 1501 1384 1539 suae
1419 1483 1644 1541 salutis.
1669 1484 1979 1557 Sequitur:

324 1600 353 1629 ι(
382 1580 721 1651 Parumque
746 1574 863 1630 hoc
893 1576 980 1629 est
1008 1572 1070 1629 in
1096 1576 1422 1649 conspectu
1454 1572 1708 1641 Domini,
1739 1573 1985 1645 insuper

2097 428 2205 466 can
2234 411 2293 467 la
2325 417 2484 469 sunt.
2512 417 2697 467 Amos
2728 411 3023 485 loquitur:
3046 433 3073 461 «
3107 411 3242 467 Haec
3271 409 3411 467 dicit
3443 411 3768 477 Dominus,

2100 518 2283 575 super
2315 501 2498 560 tribus
2549 501 2957 576 impietatibus
2981 500 3175 571 Moab,
3207 504 3264 559 et
3290 516 3469 577 super
3496 506 3772 579 quatuor

2095 607 2217 646 non
2251 591 2587 648 adversabo
2619 609 2781 663 eum,
2812 607 2921 669 pro
2952 607 3023 648 eo
3054 590 3220 664 quod
3259 590 3595 652 combussit
3619 607 3769 651 ossa.

2095 681 2250 754 regis
2302 681 2576 737 Idumeere
2607 681 2668 737 in
2717 681 2963 737 eineres.
2994 704 3023 731 »
3058 681 3200 737 Vere
3249 678 3409 741 enim
3455 678 3767 757 quidquid

2094 770 2153 825 in
2186 769 2401 827 saeculo
2450 769 2807 841 dogmatum
2860 786 3303 846 perversorum,
3335 768 3640 845 quidquid
3681 769 3766 827 ad

2093 864 2391 916 terrenam
2442 860 2793 935 sapientiam
2822 860 3075 936 pertinet
3094 863 3340 936 putatur
3382 875 3513 915 esse
3539 857 3761 916 robus-

2096 952 2243 1006 tum.
2282 952 2396 1006 Hoc
2425 949 2804 1005 dialecticum
2837 947 3218 1018 subvertitur,
3254 951 3309 1005 et
3338 947 3525 1004 instar
3550 947 3761 1007 incen-

2095 1039 2176 1096 dii
2226 1039 2287 1097 in
2334 1039 2561 1096 cineres
2602 1039 2955 1113 favillasque
2986 1038 3351 1109 dissolvitur,
3377 1042 3439 1094 ut
3467 1038 3764 1112 probetur

2093 1128 2260 1201 nihil,
2310 1129 2475 1203 quod
2520 1127 2844 1204 putabatur
2888 1144 3015 1185 esse
3067 1127 3479 1185 fortissimum.
3530 1127 3650 1185 Sed
3704 1131 3766 1184 et

2094 1218 2274 1276 Isaias
2306 1218 2653 1291 superbiam
2682 1217 2849 1275 Moab
2876 1218 3091 1290 arguit,
3124 1217 3365 1275 dicens:
3399 1217 3762 1275 Audivimus

2094 1308 2519 1367 contumeliam
2572 1308 2765 1374 Moab,
2798 1307 3265 1365 contumeliosus
3295 1310 3384 1368 est
3413 1307 3613 1375 nimis,
3656 1326 3761 1365 su-

2094 1398 2367 1472 perbiam
2398 1400 2529 1470 ejus
2561 1397 2775 1457 abstuli
2808 1398 2946 1470 (Isa.
2976 1399 3115 1468 xw).
3141 1421 3168 1447 ››
3189 1397 3478 1457 Jeremias
3507 1414 3762 1477 quoque

2094 1495 2303 1545 contra
2333 1503 2545 1545 omnes
2576 1487 2908 1545 vaticinans
2954 1487 3228 1547 nationes
3278 1486 3517 1565 proprie
3557 1486 3760 1565 loqui-

2094 1580 2188 1634 tur
2238 1575 2317 1637 ad
2361 1576 2528 1634 Moab
2572 1578 2714 1648 (Jer.
2755 1581 2972 1645 xum),
3026 1576 3194 1650 quod
3226 1600 3253 1626 ‹‹
3294 1575 3649 1637 conﬁdebas
3696 1577 3761 1633 in

321 1666 517 1724 tradet
569 1663 750 1721 etiam
803 1662 984 1720 Moab
1033 1660 1095 1719 in
1136 1678 1357 1719 manus
1391 1666 1632 1727 vestras,
1664 1686 1691 1712 ››
1714 1666 1822 1719 etc.
1857 1665 1981 1717 Non
2014 1684 2055 1740 Β
2093 1665 2528 1723 munitionibus
2560 1666 2692 1736 tuis,
2714 1689 2739 1713 ››
2773 1669 2848 1733 et,
2876 1670 3009 1741 post
3038 1681 3255 1740 pauca;
3281 1689 3308 1717 ‹‹
3336 1664 3571 1727 habens
3603 1665 3761 1725 ﬁdu-

324 1754 485 1813 enim
514 1752 730 1810 sufficit
758 1751 947 1809 servis
980 1752 1081 1808 Dei
1108 1751 1317 1808 abdita
1334 1751 1622 1827 mysteria
1643 1751 1811 1819 scire,
1835 1751 1984 1825 quin

323 1844 503 1900 etiam
521 1841 649 1898 aliis
665 1841 1012 1915 praedicare,
1028 1843 1083 1897 et
1106 1840 1578 1899 contradicentes
1598 1840 1979 1909 redarguere,

321 1933 544 2006 quibus
574 1932 874 2003 promissa
918 1934 1011 1987 est
1059 1932 1221 1985 certa
1264 1930 1339 1987 de
1386 1930 1556 1986 hoste
1615 1929 1879 1985 victoria.
1916 1931 1983 1985 Ut

320 2021 658 2096 percutiant
686 2035 932 2077 omnem
962 2019 1261 2076 civitatem
1288 2020 1607 2088 munitam,
1640 2024 1697 2076 et
1738 2036 1982 2076 omnem

319 2111 536 2168 urbem
565 2110 836 2179 electam,
868 2131 897 2160 ››
926 2113 1037 2167 etc.
1065 2108 1338 2168 Civitates
1388 2109 1651 2168 munitas
1704 2113 1762 2167 et
1800 2109 1982 2166 urbes

319 2200 555 2271 electas,
588 2214 914 2275 possumus
952 2197 1303 2257 saecularem
1333 2198 1717 2272 prudentiam
1773 2198 1982 2257 intelli-

321 2306 481 2363 gere,
500 2289 564 2349 in
591 2304 780 2366 quam
805 2287 1069 2347 maxime
1098 2287 1443 2362 philosophi
1473 2293 1532 2347 et
1558 2288 1819 2349 haeretici
1845 2304 1984 2348 con-

318 2380 535 2440 ﬁdunt.
567 2382 666 2438 liae
696 2393 841 2450 ergo
869 2393 977 2454 per
1007 2377 1458 2454 praedicatorem
1489 2378 1680 2436 sancti
1712 2381 1980 2449 Evange-

321 2468 384 2529 lii
432 2469 881 2529 subvertuntur.
931 2466 1102 2526 Unde
1148 2466 1291 2527 dicit
1339 2468 1705 2541 Apostolus:
1738 2490 1765 2519 ‹‹
1798 2468 1983 2527 Arma

564 2561 788 2617 nostrae
813 2571 940 2616 non
970 2554 1236 2615 carnalia
1260 2559 1424 2624 sunt,
1446 2556 1552 2613 sed
1576 2557 1842 2631 potentia
1864 2560 1981 2614 Deo

322 2647 404 2707 ad
431 2646 903 2707 destructionem
930 2644 1362 2713 munitionum,
1390 2645 1644 2703 consilia
1673 2644 1983 2704 destruen-

319 2741 429 2806 ωε,
447 2741 768 2796 etomnem
798 2733 1175 2794 altitudinem
1204 2733 1583 2794 extollentem
1607 2752 1671 2791 se
1693 2735 1983 2796 adversus

324 2825 637 2882 scientiam
666 2823 788 2893 Dei,
821 2827 878 2882 et
926 2822 989 2882 in
1033 2823 1441 2899 captivitatem
1488 2824 1826 2896 redigentes
1857 2842 1983 2883 om-

323 2930 467 2974 nem
494 2914 857 2973 intellectum
888 2913 952 2972 in
982 2913 1342 2988 obsequium
1370 2914 1577 2973 Christi
1609 2919 1667 2972 et
1694 2914 1756 2973 in
1782 2930 1983 2989 prom-

320 3009 430 3079 ptu
453 3003 743 3063 habentes
766 3002 971 3063 ulcisci
995 3019 1240 3092 omnem
1256 3002 1726 3062 inobedientiam
1744 3006 1979 3072 (IICor.
2012 3034 2054 3092 ο

318 3098 402 3161 x).
431 3117 459 3145 ››
489 3092 772 3153 Universa
798 3092 966 3166 ligna
992 3091 1295 3152 fructifera
1325 3094 1714 3152 succiduntur
1738 3110 1862 3152 non
1883 3094 1983 3152 illa

319 3183 486 3254 ligna
509 3199 649 3258 quia
674 3182 902 3241 faciunt
954 3181 1215 3240 fructum
1243 3182 1499 3254 bonum,
1527 3183 1629 3240 sed
1659 3200 1797 3257 quae
1827 3200 1984 3243 mor-

321 3272 560 3333 tiferum
611 3274 902 3345 generant
948 3276 1212 3347 pastum,
1241 3288 1380 3346 quae
1429 3273 1735 3332 radicibus
1791 3274 1986 3333 securi

322 3361 619 3421 examinis
650 3361 885 3421 succisa
913 3361 1210 3436 pabulum
1235 3360 1380 3422 ﬁent
1397 3362 1555 3435 ignis
1582 3364 1803 3423 aeterni.
1826 3366 1984 3421 Cun-

324 3451 520 3525 ctique
545 3451 739 3510 fontes
769 3466 1071 3525 aquarum
1101 3449 1484 3510 obturentur.
1508 3455 1655 3511 Cum
1678 3453 1983 3511 haeresiar-

324 3543 469 3607 chas.
501 3540 683 3600 simul
710 3556 853 3601 cum
911 3539 1035 3599 suis
1086 3540 1470 3615 sequacibus,
1504 3557 1611 3616 per
1660 3542 1985 3602 catholicos

324 3632 600 3691 doctores
628 3629 1022 3689 damnantur.
1047 3631 1115 3687 Et
1134 3644 1348 3689 omnes
1375 3630 1506 3701 agri
1530 3632 1751 3701 egregii
1774 3632 1985 3704 lapidi-

322 3720 441 3778 bus
467 3719 841 3794 operiuntur,
875 3734 1016 3777 cum
1043 3722 1331 3777 venustas
1360 3718 1678 3779 locutionis
1702 3721 1985 3777 haeretieaa

324 3815 504 3886 atque
528 3808 966 3884 philosophicas
980 3808 1383 3869 anathematis
1401 3809 1667 3883 pondere
1693 3810 1983 3867 obruitur.

325 3922 355 3952 ι
382 3899 657 3973 Nihilque
684 3898 1022 3961 remanebit
1048 3898 1111 3959 in
1141 3901 1299 3958 terra
1324 3899 1515 3969 Moab,
1548 3899 1664 3957 nisi
1685 3899 1841 3958 muri
1866 3904 1988 3959 tan-

324 3992 454 4048 tum
482 3987 717 4056 ﬁctiles,
749 4007 779 4042 ›
807 3988 925 4049 hoc
952 3992 1045 4046 est
1071 3987 1235 4049 falsas
1257 3988 1521 4047 rationes
1552 3988 1848 4059 fragilium
1877 3989 1987 4047 do-

324 4077 679 4145 ctrinarum,
725 4092 860 4153 quae
914 4092 953 4135 a
1007 4076 1451 4146 fundibulariis,
1500 4076 1563 4133 id
1620 4083 1708 4135 est
1764 4080 1987 4138 sanctis

322 4164 818 4241 praedicatoribus
863 4164 1136 4242 Ecclesiae
1182 4165 1583 4239 circumdatae,
1616 4169 1885 4229 maxime
1914 4186 1986 4225 ex

323 4256 495 4328 parte
520 4252 856 4313 refutantur
879 4258 939 4313 et
960 4253 1041 4317 ed
1069 4253 1324 4314 nihilum
1368 4256 1721 4328 rediguntur
1753 4276 1766 4315 :
1809 4259 1983 4326 Quod

326 4346 531 4403 autem
578 4340 866 4408 Moabitae.
893 4346 1028 4401 orto
1080 4342 1204 4403 sole
1252 4360 1324 4404 ex
1371 4346 1631 4405 adverso
1684 4364 1982 4421 aquarum

324 4431 526 4492 videre
568 4433 780 4491 contra
851 4447 1047 4506 aquas
1097 4433 1335 4505 rubras,
1385 4437 1561 4508 quasi
1626 4436 1986 4505 sanguinem

326 4520 512 4595 gladii
567 4520 1080 4588 existimaverunt,
1111 4521 1376 4583 dicentes
1424 4525 1593 4598 quod
1642 4531 1759 4583 tres
1817 4541 1987 4595 reges

326 4610 433 4686 qui
459 4615 671 4673 contra
717 4627 782 4670 se
828 4617 1118 4673 venerunt
1159 4613 1240 4673 ad
1277 4630 1573 4688 pugnam,
1614 4615 1873 4673 invicem
1926 4633 1987 4673 se

327 4701 704 4771 occidissent,
734 4705 796 4763 et
839 4702 924 4763 sic
979 4702 1178 4765 delusi
1220 4710 1397 4763 sunt:
1430 4705 1513 4767 ita
1534 4708 1594 4763 et
1622 4704 1985 4777 philosophi,

323 4791 580 4852 verbum
605 4792 801 4851 erucis
839 4792 1055 4853 Christi
1082 4794 1395 4855 stultitiam
1423 4795 1858 4863 existimantes,
1890 4795 1990 4853 de-

325 4882 522 4944 rident
551 4883 902 4965 passionem
929 4887 989 4943 et
1017 4884 1293 4944 Ecclesiae
1346 4885 1703 4959 martyrium
1734 4884 1986 4941 demen-

325 4972 470 5033 tiam
488 4972 853 5035 existimant.
877 4972 996 5033 Sed
1016 4974 1356 5036 secundum
1374 4972 1725 5046 Apostolum
1749 4995 1799 5026 ευ
1818 4973 1990 5041 Quod

326 5059 577 5119 stultum
631 5065 722 5121 est
777 5062 901 5132 Dei,
966 5062 1297 5135 sapientius
1351 5066 1443 5121 est
1502 5061 1875 5134 hominibus,
1930 5067 1991 5121 et

326 5150 496 5223 quod
551 5149 864 5211 infirmum
909 5155 1002 5208 est
1052 5151 1154 5208 Dei
1232 5150 1446 5211 fortius
1498 5156 1610 5216 est,
1640 5151 1989 5210 hominibus

326 5240 543 5313 (1007'.
573 5240 657 5311 i):
689 5240 985 5313 quoniam
1028 5239 1349 5312 prudentia
1397 5240 1595 5296 carnis
1641 5257 1805 5300 mors
1852 5247 1939 5300 est
1972 5259 1985 5299 :

326 5329 652 5403 prudentia
668 5334 875 5391 autem
906 5328 1149 5405 spiritus
1177 5328 1301 5389 vita
1326 5335 1386 5389 et
1404 5346 1523 5403 pax
1555 5330 1743 5402 (Rom.
1766 5332 1909 5403 vni).
1958 5354 1987 5384 ιι

327 5418 419 5477 Ad
464 5418 855 5493 probandum
904 5420 1111 5477 autem
1164 5418 1326 5491 quod
1386 5419 1556 5476 Moab
1602 5420 1663 5477 in
1711 5421 1991 5493 praesenti

328 5504 464 5569 loco
506 5522 688 5579 super
726 5505 1227 5579 philosophorum
1274 5507 1635 5579 intelligatur
1683 5510 1988 5583 superbia,

331 5593 407 5650 de
453 5594 678 5667 quibus
722 5594 981 5651 dicitur:
1013 5616 1043 5646 α
1074 5596 1328 5656 Perdam
1372 5599 1726 5675 sapientiam
1758 5600 1992 5673 sapien-

330 5681 504 5755 tium,
553 5685 611 5741 et
647 5681 1102 5754 intelligentiam
1147 5685 1599 5777 intelligendum
1648 5689 1990 5763 reprobabo

2095 1753 2249 1813 ciam
2276 1754 2335 1811 in
2378 1753 2566 1825 gloria
2598 1762 2715 1810 tua.
2748 1778 2771 1801 ››
2806 1757 2872 1811 Et
2898 1753 3151 1813 iterum:
3184 1777 3210 1803 ‹‹
3243 1753 3537 1827 quoniam
3561 1754 3761 1815 dicitis

2093 1849 2280 1903 sortes
2306 1860 2530 1903 remes.
2566 1869 2590 1894 ››
2624 1847 2706 1901 Ac
2740 1843 2955 1903 deinde
2989 1863 3001 1905 :
3034 1868 3060 1894 ‹‹
3095 1842 3271 1903 Juxta
3296 1849 3387 1901 est
3424 1843 3554 1903 dies
3583 1843 3760 1903 Moab

2093 1939 2157 1992 ut
2195 1935 2396 1993 veniat
2444 1941 2500 1994 et
2549 1933 2777 1995 malitia
2812 1935 2943 2007 ejus
2974 1933 3173 1995 nimis.
3209 1958 3237 1984 »
3272 1937 3338 1993 Et
3378 1932 3762 1995 manifestius

2091 2024 2232 2082 dicit
2265 2043 2277 2081 :
2314 2046 2340 2073 ‹‹
2376 2024 2692 2092 Quomodo
2721 2024 3007 2083 contritus
3038 2030 3124 2081 est
3151 2021 3405 2083 baculus
3430 2021 3759 2095 gloriosus,

2090 2113 2259 2185 virga
2299 2112 2800 2185 magnificentiae?
2829 2136 2856 2162 ››
2891 2117 2955 2171 Et
3000 2114 3215 2173 iterum
3249 2130 3261 2173 :
3297 2111 3630 2173 Contritum
3672 2118 3766 2175 est

2092 2220 2281 2261 cornu
2312 2204 2503 2263 Moab.
2539 2226 2566 2253 ››
2595 2205 2727 2261 Haec
2772 2209 2974 2263 autem
3025 2202 3305 2263 dicuntur
3363 2202 3475 2261 sub
3506 2203 3762 2263 nomine

2092 2294 2366 2361 Moab,ut
2401 2292 2579 2353 stulta
2611 2292 2837 2365 saeculi,
2858 2298 2915 2354 et
2945 2293 3006 2355 in
3031 2292 3252 2353 coelum
3285 2308 3525 2365 semper
3550 2291 3756 2351 ferens

2090 2383 2319 2443 malitia
2348 2388 2711 2444 conteratur.

2752 2511 2975 2566 CAPUT
3014 2511 3102 2566 ιν.

2166 2659 2191 2684 ‹‹
2237 2633 2435 2692 Mulier
2462 2639 2664 2693 autem
2690 2633 2974 2713 quaedam
3004 2634 3078 2691 de
3108 2632 3398 2694 uxoribus
3424 2633 3757 2713 propheta-

2095 2747 2120 2775 ι(
2164 2741 2298 2781 rum
2332 2724 2629 2781 clamabat
2664 2724 2739 2781 ad
2785 2723 3057 2780 Elisseum
3082 2723 3289 2782 dicens
3324 2740 3337 2780 :
3373 2726 3589 2781 Servus
3616 2729 3761 2783 tuus

2095 2836 2120 2864 ‹‹
2164 2814 2254 2871 vir
2280 2831 2452 2871 meus
2496 2819 2768 2871 mortuus
2798 2821 2907 2880 est,
2936 2818 2993 2872 et
3033 2820 3096 2875 tu
3143 2813 3332 2871 nostri
3370 2814 3515 2891 quia
3544 2831 3761 2873 servus

2095 2926 2122 2953 «
2167 2907 2304 2960 tuus
2336 2902 2443 2960 fuit
2486 2904 2701 2961 timens
2737 2905 3078 2977 Dominum,
3110 2909 3166 2960 ct
3195 2920 3334 2963 ecce
3374 2904 3632 2962 creditor
3662 2922 3763 2963 ve-

2095 3016 2121 3041 «ι
2165 2992 2254 3048 nit
2281 2997 2346 3050 ut
2369 2992 2531 3050 tollat
2549 2993 2703 3050 duos
2737 2992 2891 3053 filios
2918 3009 3085 3051 meos
3105 2993 3184 3053 ad
3207 2992 3589 3051 serviendum
3618 2993 3756 3052 sibi.

2095 3106 2122 3133 «
2167 3082 2269 3140 Cui
2301 3082 2447 3140 dixit
2478 3083 2718 3139 Elisaeus
2750 3102 2763 3140 :
2799 3081 2954 3154 Quid
2982 3080 3068 3141 vis
3117 3086 3182 3145 ut
3208 3081 3428 3140 faciam
3473 3080 3605 3139 tibi?
3654 3085 3760 3141 Dic

2096 3194 2122 3222 «ι
2165 3172 2312 3228 mihi
2332 3172 2480 3247 quid
2509 3172 2699 3229 habes
2719 3172 2780 3229 in
2807 3171 2993 3233 domo
3016 3171 3160 3229 tua?
3186 3176 3258 3229 At
3275 3171 3377 3232 illa
3403 3173 3756 3249 respondit:

2096 3284 2122 3311 ‹‹
2166 3263 2293 3318 Non
2322 3260 2520 3319 habeo
2549 3260 2765 3321 ancilla
2791 3264 2893 3318 tua
2916 3260 3257 3338 quidquam
3281 3260 3340 3318 in
3374 3260 3558 3318 domo
3596 3278 3756 3329 mea,

2098 3375 2123 3401 ‹‹
2167 3351 2280 3408 nisi
2307 3368 2522 3426 parum
2556 3352 2667 3408 olei
2700 3368 2822 3428 quo
2871 3367 3085 3425 ungar.
3116 3352 3219 3409 Cui
3258 3351 3340 3411 ait
3372 3369 3385 3408 :
3416 3352 3593 3422 Vade,
3620 3356 3759 3429 pete

2096 3465 2125 3494 ‹‹
2166 3447 2379 3498 mutuo
2409 3441 2488 3498 ab
2517 3441 2801 3498 omnibus
2827 3440 3036 3499 vicinis
3067 3440 3183 3498 tuis
3234 3457 3382 3500 vasa
3406 3458 3602 3500 vacua
3630 3458 3758 3501 non

2096 3553 2124 3582 ‹‹
2166 3547 2385 3606 pauca,
2408 3538 2466 3591 et
2486 3531 2797 3601 ingredere
2823 3536 2881 3588 et
2908 3530 3120 3587 claude
3150 3530 3370 3588 ostium
3390 3534 3585 3603 tuum,
3615 3548 3758 3589 cum

2099 3644 2125 3671 ‹‹
2168 3621 2521 3681 intrinsecus
2561 3622 2743 3678 fueris
2777 3626 2839 3678 tu
2871 3624 2928 3680 et
2955 3620 3061 3678 ﬁlii
3103 3620 3207 3695 tui,
3241 3627 3298 3680 et
3325 3622 3490 3681 mitte
3528 3621 3669 3680 inde
3694 3622 3758 3679 in

2098 3733 2124 3760 α
2170 3711 2376 3767 omnia
2401 3727 2546 3767 vasa
2574 3711 2723 3782 haec,
2747 3714 2804 3770 et
2828 3726 2968 3767 cum
2992 3708 3171 3789 plena
3202 3709 3420 3768 fuerint
3449 3711 3632 3771 tolles.
3653 3712 3761 3769 lvit

2098 3822 2125 3848 ‹‹
2170 3800 2370 3876 itaque
2414 3800 2647 3871 mulier,
2683 3823 2710 3852 »
2743 3805 2799 3861 et
2824 3800 3076 3877 reliqua.
3124 3799 3279 3866 Quid
3312 3817 3420 3879 per
3442 3801 3600 3859 hanc
3625 3818 3759 3859 mu-

2098 3914 2124 3940 «
2167 3890 2372 3948 lierem
2402 3890 2515 3947 nisi
2537 3895 2743 3949 sancta
2774 3888 3035 3951 Ecclesia
3061 3888 3412 3963 designatur
3434 3893 3462 3948 ?
3490 3894 3759 3949 Duorum

2097 3979 2487 4056 populorum,
2519 3979 2579 4035 id
2626 3985 2715 4036 est
2752 3979 2982 4039 Iudaici
3020 3984 3076 4036 et
3105 3979 3359 4048 gentilis,
3389 3981 3565 4054 quasi
3612 3980 3761 4037 duo-

2097 4088 2231 4125 rum
2264 4069 2525 4126 filiorum
2549 4074 2759 4138 mater,
2783 4086 2915 4148 quae
2946 4068 3112 4143 prius
3141 4087 3211 4126 ex
3236 4086 3523 4149 perverso
3552 4085 3756 4144 opere,

2100 4158 2530 4217 consentiendo
2585 4158 2785 4219 callidi
2833 4159 3075 4234 spiritus
3132 4158 3528 4234 persuasioni,
3581 4161 3758 4232 quasi

2099 4248 2431 4325 quemdam
2458 4248 2691 4325 peccati
2742 4265 3064 4308 nummum
3108 4265 3145 4309 a
3194 4249 3483 4306 creditore
3513 4264 3760 4326 accepe-

2098 4340 2191 4394 rat
2237 4343 2293 4394 et
2321 4338 2475 4397 duos
2520 4356 2676 4414 quos
2718 4340 2779 4399 in
2829 4338 2949 4398 ﬁde
2993 4338 3219 4411 genuit,
3274 4338 3545 4399 amittere
3600 4339 3758 4400 filios

2100 4428 2366 4489 timebat.
2403 4430 2517 4489 Sed
2562 4431 2872 4504 prophetas
2922 4430 3139 4497 verbis,
3172 4429 3235 4487 id
3257 4434 3348 4491 est
3390 4446 3573 4489 sacrm
3603 4430 3758 4491 Scri-

2099 4523 2286 4592 plura:
2318 4520 2632 4594 praeceptis
2661 4520 2949 4579 obedieus
2977 4536 3049 4577 ex
3076 4535 3267 4593 parvo
3296 4519 3465 4597 quod
3491 4517 3759 4581 habebat

2097 4608 2230 4676 olei,
2260 4625 2453 4669 vacua
2479 4626 2626 4668 vasa
2649 4609 2930 4680 infundit,
2957 4609 3103 4687 quia
3133 4608 3282 4669 dum
3330 4609 3409 4671 ab
3440 4608 3620 4669 unius
3651 4624 3757 4669 ore

2094 4697 2378 4767 doctoris,
2411 4716 2626 4774 parum
2658 4700 2905 4775 quidem
2953 4699 3176 4759 amoris
3230 4697 3572 4768 divinitatis,
3605 4699 3757 4757 mul-

2098 4793 2298 4847 torum
2327 4804 2533 4849 vacuas
2559 4795 2790 4848 mentes
2816 4788 3124 4858 hauriunt,
3156 4788 3522 4849 exuberante
3551 4794 3755 4848 autem

2098 4878 2290 4949 gratia
2319 4885 2765 4951 unguentorum
2790 4879 2977 4940 divini
3005 4880 3252 4951 amoris,
3269 4896 3463 4954 usque
3492 4879 3572 4939 ad
3592 4896 3757 4939 sum~

2098 4984 2268 5023 mum
2297 4969 2619 5042 replentur.
2645 4970 2832 5027 Etiam
2864 4987 3026 5027 nunc
3052 4969 3237 5031 corda
3261 4968 3587 5029 multorum
3616 4986 3756 5045 quas

2098 5058 2262 5131 prius
2314 5058 2550 5119 fuerant
2595 5077 2787 5120 vacua
2836 5060 3105 5132 vascula,
3142 5065 3452 5132 unguento
3507 5059 3757 5134 Spiritus

2099 5146 2278 5220 plena
2300 5155 2460 5218 sunt,
2493 5167 2629 5225 quas
2657 5168 2731 5210 ex
2780 5151 3080 5225 paucitate
3110 5150 3226 5211 olei
3255 5150 3643 5211 solummodo
3670 5150 3759 5209 in-

2100 5240 2234 5299 fusa
2263 5239 2642 5299 videbantur.
2668 5242 2840 5310 Quod
2869 5258 3010 5301 cum
3038 5240 3171 5299 aliis
3190 5245 3373 5315 atque
3397 5240 3530 5300 aliis
3555 5239 3754 5313 datur,

2098 5334 2153 5385 et
2182 5328 2262 5386 ab
2308 5329 2683 5389 auditoribus
2728 5330 2879 5389 ﬁdes
2926 5330 3233 5404 accipitur,
3264 5333 3472 5405 erepta
3514 5330 3755 5407 mulier,

2097 5418 2370 5475 videlicet
2416 5426 2624 5479 sancta
2682 5420 2938 5481 Ecclesia
2985 5420 3101 5479 sub
3146 5419 3455 5483 creditoris
3484 5420 3579 5479 sui
3622 5420 3757 5495 jam

2098 5508 2300 5566 debito
2332 5525 2456 5567 non
2487 5516 2736 5568 tenetur.

2170 5621 2197 5649 «
2242 5602 2421 5658 Facta
2440 5604 2528 5659 est
2549 5605 2752 5659 autem
2765 5602 3055 5677 quaedam
3079 5602 3233 5671 dies,
3254 5607 3315 5663 et
3332 5602 3629 5663 transibat
3648 5603 3760 5662 Eli-

2101 5711 2127 5739 ‹‹
2173 5706 2331 5768 sieus
2358 5705 2466 5763 per
2488 5692 2738 5765 Sanam.
2762 5696 2896 5761 Erat
2923 5697 3127 5757 autem
3154 5693 3238 5757 ibi
3262 5692 3477 5763 millia:
3503 5708 3755 5772 magna.
