3940 6436
148 263 252 318 501

1155 263 1406 320 ENARR.
1451 263 1519 318 IN
1562 258 1812 316 LIBROS
1852 256 2116 328 REGUM.
2161 287 2229 296 —
2270 257 2339 324 IN
2386 258 2518 316 LIB.
2560 258 2655 314 IV.

3521 269 3626 324 502

147 409 178 436 ‹‹
223 401 367 458 quae
399 385 587 450 tenuit
625 401 764 442 eum
804 390 868 442 ut
912 387 1252 442 comederet
1282 403 1525 460 panem.
1562 388 1834 456 Cumque
1868 384 1915 437 A
1951 382 2131 438 misit.
2160 382 2270 438 Per
2320 384 2517 457 legem
2570 383 2797 459 quippe
2848 383 3003 440 Deus
3046 382 3284 454 virgam
3331 388 3620 458 tenuerat,

147 499 175 527 α
224 476 575 549 frequenter
613 475 752 532 inde
806 476 1101 548 transiret,
1135 476 1469 534 divertebat
1499 475 1576 532 ad
1609 489 1744 530 eam
1775 475 1839 527 ut

148 588 175 614 ι(
224 565 574 622 comederet
622 582 868 639 panem.
905 568 1047 634 Quae
1099 566 1249 622 dixit
1277 567 1354 623 ad
1388 566 1584 622 virum
1624 578 1831 619 suum:

146 673 180 712 ‹
223 655 660 712 Animadverto
691 655 857 728 quod
909 656 1001 712 vir
1030 657 1126 713 Dei
1161 661 1405 714 sanctus
1457 661 1547 712 est
1570 657 1698 724 iste,
1732 652 1835 726 qui

149 768 177 793 ‹‹
225 745 440 801 transit
467 761 574 818 per
597 761 710 801 nos
734 745 1094 818 frequenter.
1130 746 1447 802 Faciamus
1476 745 1527 801 ei
1559 757 1836 800 caenacu-

147 857 174 883 α
223 834 356 891 lum
386 851 670 909 parvum,
712 839 768 890 et
824 851 1126 908 ponamus
1161 837 1212 892 ei
1242 836 1304 891 in
1361 852 1432 891 eo
1463 834 1749 891 lectulum
1781 836 1838 888 et

147 949 176 973 ‹‹
225 941 509 980 mensam
542 929 600 981 et
644 924 854 981 sellam
886 930 942 982 et
972 925 1431 995 candelabrum,
1468 930 1530 981 ut
1561 941 1700 980 cum
1733 940 1834 979 ve-

151 1034 179 1064 α
222 1014 380 1070 nerit
424 1013 504 1069 ad
560 1029 674 1069 nos
731 1019 975 1070 maneat
1024 1014 1126 1070 ibi.
1160 1017 1339 1072 Facta
1367 1018 1457 1070 est
1492 1013 1670 1085 igitur
1708 1012 1833 1067 dies

146 1125 178 1151 «
221 1102 539 1178 quz‘edam.
573 1124 599 1151 »
623 1106 732 1158 etc.
765 1103 966 1159 Mulier
1020 1109 1221 1159 autem
1255 1104 1366 1159 ista
1395 1121 1529 1176 qum
1571 1103 1832 1176 prophe-

145 1195 276 1248 tam
308 1192 570 1264 hospitio
603 1192 882 1265 suscepit,
937 1192 1091 1249 bene
1135 1197 1331 1266 potest
1360 1193 1655 1262 originem
1688 1191 1832 1247 insi-

146 1298 342 1338 nuare
398 1281 609 1356 populi
671 1281 971 1338 lsraelitici
1031 1300 1166 1355 quae
1214 1283 1322 1338 fuit
1365 1282 1425 1339 in
1457 1281 1828 1356 patriarchis.

147 1372 320 1427 Unde
349 1371 503 1427 sicut
531 1372 644 1428 ista
677 1371 953 1427 Elisaeum
986 1373 1368 1444 prophetam,
1403 1372 1482 1428 ita
1503 1376 1560 1428 et
1583 1371 1685 1427 illa
1718 1371 1830 1426 Do-

146 1461 388 1516 minum
428 1461 864 1536 prophetarum
910 1461 1174 1533 hospitio
1231 1461 1532 1534 suscipere
1591 1461 1827 1520 meruit.

146 1554 299 1606 Nam
354 1550 663 1606 Abraham
719 1555 775 1606 et
824 1552 970 1606 Sara
1017 1555 1131 1606 tres
1183 1551 1342 1606 viros
1389 1552 1563 1623 juxta
1610 1550 1831 1606 vallem

146 1641 414 1696 Mambre
445 1641 748 1716 suscipere
782 1645 838 1696 et
867 1656 1112 1712 pascere
1147 1645 1510 1697 meruerunt.
1537 1640 1680 1696 Huic
1703 1657 1831 1696 mu-

145 1729 272 1785 lieri
304 1745 431 1785 non
460 1729 706 1786 habenti
737 1729 927 1784 ﬁlium
962 1730 1254 1801 propheta
1284 1731 1557 1802 promisit
1599 1729 1824 1786 dicens.

219 1841 246 1864 ‹‹
294 1819 357 1873 In
395 1823 661 1891 tempore
688 1818 804 1872 isto
835 1821 891 1873 et
916 1818 978 1873 in
1031 1818 1145 1873 hac
1177 1820 1392 1874 eadem
1423 1820 1596 1887 hora,
1633 1818 1682 1874 si
1712 1818 1830 1875 vita

146 1931 172 1956 ‹‹
217 1923 425 1963 comes
454 1907 649 1979 fuerit,
680 1906 934 1963 habebis
963 1907 1024 1962 in
1055 1913 1222 1963 utero
1254 1909 1587 1965 tilium.Cui
1618 1908 1720 1966 illa
1741 1924 1829 1963 re-

147 2020 172 2046 ι(
219 1997 468 2071 spondit
498 2015 509 2053 :
563 1997 710 2064 Noli,
745 2013 976 2070 quasso,
1013 1998 1261 2053 Domine
1296 1999 1378 2054 mi
1419 1998 1508 2054 vir
1539 1999 1662 2065 Dei,
1702 1997 1827 2054 noli

148 2109 174 2135 «
218 2087 461 2143 mentiri
481 2087 709 2143 ancillae
742 2092 880 2143 tuae.
915 2090 981 2143 Et
1001 2087 1275 2160 concepit
1303 2088 1535 2156 mulier,
1568 2093 1625 2144 et
1650 2104 1827 2161 pepe-

147 2202 173 2227 ‹‹
218 2178 294 2234 rit
345 2178 535 2233 tilium
568 2177 627 2233 in
674 2183 966 2250 tempore,
1020 2182 1078 2236 et
1130 2178 1189 2233 in
1247 2179 1398 2234 hora
1457 2177 1670 2234 eadem
1705 2195 1829 2251 qua

148 2291 174 2317 ‹‹
217 2269 452 2324 dixerat
478 2268 729 2324 Eliseus.
761 2268 952 2324 Crevit
985 2272 1188 2324 autem
1213 2285 1385 2341 puer,
1419 2273 1476 2324 et
1505 2285 1644 2324 cum
1674 2273 1829 2324 esset

149 2381 176 2406 ‹‹
219 2358 508 2431 quaedam
537 2357 684 2420 dies,
719 2362 775 2413 et
797 2374 1074 2427 egressus
1106 2359 1249 2412 isset
1278 2359 1356 2413 ad
1386 2363 1619 2430 patrem
1647 2374 1826 2413 suum

149 2472 175 2499 ‹‹
220 2448 296 2504 ad
331 2464 648 2514 messores,
674 2447 755 2503 ait
783 2448 937 2522 patri
971 2465 1112 2503 suo:
1166 2452 1356 2521 Caput
1385 2465 1611 2515 meum,
1647 2453 1828 2521 caput

148 2562 175 2588 α
219 2554 428 2593 meum
473 2538 668 2594 doleo.
704 2542 773 2593 At
826 2537 920 2594 ille
952 2537 1099 2594 dixit
1125 2554 1347 2611 puero:
1382 2538 1565 2603 Tolle,
1609 2543 1664 2594 et
1706 2538 1825 2595 duc

148 2651 176 2677 «
219 2645 384 2698 eum,
422 2652 450 2676 ››
507 2632 617 2682 etc.
671 2627 764 2684 His
821 2644 1066 2700 quoque
1126 2628 1345 2684 similia
1396 2628 1687 2684 Dominus
1746 2630 1823 2684 ad

151 2718 460 2774 Abraham
490 2717 687 2772 retulit
715 2717 951 2772 dicens:
983 2741 1010 2767 ‹‹
1045 2741 1070 2766 ‹‹
1105 2721 1426 2774 Revertens
1475 2719 1712 2774 veniam
1746 2719 1822 2775 ad

148 2813 217 2874 te,
255 2813 526 2880 tempore
559 2807 673 2862 isto
691 2807 810 2862 vita
843 2807 1080 2877 comite,
1107 2812 1163 2862 ct
1188 2808 1434 2863 habebit
1458 2809 1602 2864 Sara
1631 2806 1821 2864 filium

145 2914 295 2953 uxor
326 2902 447 2953 tua.
485 2899 614 2962 Quo
647 2896 878 2963 audito,
943 2898 1088 2952 Sara
1127 2897 1257 2952 risit
1294 2902 1430 2970 post
1483 2897 1701 2953 ostium
1730 2903 1820 2954 ta-

139 2985 476 3055 bernaculi,
518 2985 748 3041 occulte
778 2985 1014 3042 dicens:
1049 2989 1378 3058 Postquam
1409 2987 1722 3054 consenui,
1765 2981 1822 3043 et

1950 486 2088 527 cum
2120 471 2393 530 dicebat:
2430 473 2484 531 Si
2536 473 2673 546 quis
2716 473 2842 528 haec
2895 472 2993 528 vel
3034 472 3136 530 illa
3179 472 3400 545 fecerit,
3431 484 3625 536 morte

1948 561 2256 617 moriatur.
2288 568 2331 618 Α
2393 568 2656 638 peccatis
2707 562 2887 633 igitur
2942 565 3156 634 morte,
3186 579 3301 620 nos
3334 565 3624 623 suscitare

1945 665 2068 705 non
2094 650 2300 722 valuit,
2336 651 2441 708 sed
2471 653 2550 708 ad
2577 655 2800 708 statum
2828 650 2962 707 vitae
2992 652 3260 724 aspirata
3278 659 3626 713 mansuetu-

1907 742 1910 744 ⁷
1945 738 2102 794 diuis
2134 741 2326 812 gratia
2354 742 2556 798 erexit.
2589 741 2703 798 Sed
2730 757 2882 815 puer
2908 756 3048 797 cum
3079 741 3298 799 baculo
3331 745 3623 802 suscitare

1944 833 2253 886 mortuum
2280 847 2402 887 non
2434 831 2642 899 valuit,
2676 830 2842 904 quia,
2872 829 3058 888 Paulo
3089 834 3436 890 attestante:
3469 834 3624 891 Nihil

1946 918 2020 972 ad
2050 919 2382 995 perfectum
2415 919 2667 976 adduxit
2694 919 2813 976 lex.
2851 922 2980 994 Ipse
3011 924 3214 978 autem
3263 938 3373 996 per
3403 928 3622 982 semet-

1943 1006 2149 1080 ipsum
2175 1009 2447 1076 veniens,
2471 1014 2527 1066 et
2548 1025 2730 1084 super
2760 1009 3017 1066 cadaver
3046 1010 3350 1068 humiliter
3383 1029 3447 1068 se
3474 1018 3619 1071 ster-

1944 1113 2116 1168 nens,
2141 1104 2198 1154 et
2227 1099 2614 1172 exsequenda
2642 1099 2758 1155 sibi
2788 1099 3010 1156 mortui
3031 1101 3311 1158 membra
3347 1117 3409 1158 se
3440 1103 3618 1160 colle-

1946 1187 2048 1258 git,
2077 1187 2222 1262 quia
2253 1210 2280 1238 ‹‹
2311 1205 2450 1244 cum
2481 1189 2540 1244 in
2593 1189 2790 1245 forma
2832 1188 2934 1244 Dei
2977 1193 3152 1256 esset,
3181 1205 3307 1246 non
3335 1191 3618 1265 rapinam

1951 1299 1974 1326 μ
2017 1277 2339 1334 arbitratus
2367 1284 2454 1336 est
2495 1295 2624 1334 esse
2657 1295 2717 1333 se
2745 1278 3044 1352 aequalem
3078 1282 3219 1351 Deo,
3251 1281 3356 1337 sed
3387 1284 3622 1340 semeti-

1946 1390 1971 1416 ‹‹
2015 1383 2196 1441 psum
2228 1368 2557 1425 exinanivit
2588 1369 2846 1424 formam
2874 1369 3024 1424 servi
3048 1370 3348 1443 accipiens
3371 1371 3433 1427 in
3459 1372 3620 1429 simi-

1945 1479 1972 1506 ‹‹
2015 1457 2331 1513 litudinem
2383 1458 2705 1515 hominum
2754 1458 2946 1515 factus
2979 1461 3036 1515 et
3085 1459 3298 1516 habitu
3342 1459 3618 1520 inventus

1944 1568 1971 1595 «
2013 1551 2078 1602 ut
2103 1546 2288 1603 homo
2321 1547 2508 1619 (Phil.
2544 1552 2624 1615 ιι).
2663 1570 2690 1598 η

2018 1660 2045 1686 ‹‹
2072 1637 2197 1693 Huc
2224 1638 2486 1712 illucque
2517 1637 2975 1710 deambulabat,
3010 1660 3038 1689 »
3071 1639 3216 1713 quia
3261 1642 3319 1696 et
3345 1640 3619 1699 Iudaeam

1874 1745 1915 1800 Β
1938 1727 2112 1799 juxta
2151 1732 2208 1784 et
2253 1729 2432 1799 longe
2463 1728 2692 1802 positas
2725 1733 2934 1798 gentes
2965 1733 3161 1786 vocat.
3197 1731 3424 1806 «Super
3453 1746 3618 1787 mor-

1943 1821 2114 1873 tuum
2147 1818 2362 1892 septies
2391 1818 2663 1890 inspirat,
2690 1840 2718 1867 »
2756 1818 2899 1891 quia
2928 1835 3038 1891 per
3067 1819 3442 1896 apertionem
3471 1820 3620 1877 divi-

1942 1908 2003 1962 ni
2053 1907 2337 1975 muneris,
2369 1908 2624 1979 gratiam
2654 1908 3016 1982 septiformis
3063 1909 3327 1983 spiritus,
3378 1909 3440 1966 in
3483 1927 3619 1984 pec-

1941 1997 2055 2054 cati
2080 2002 2272 2052 morte
2293 1998 2634 2068 jacentibus
2663 1997 2907 2072 aspirat.
2925 2020 2954 2047 «
2983 2000 3233 2070 Moxque
3260 1997 3470 2055 vivens
3505 2000 3613 2056 eri-

1939 2088 2115 2158 gitur,
2152 2111 2180 2137 »
2211 2087 2355 2162 quia
2395 2089 2445 2145 is
2489 2104 2671 2162 quem
2723 2087 2963 2144 terroris
2998 2087 3133 2159 viga
3163 2088 3451 2146 suscitare
3489 2104 3616 2146 non

1938 2177 2154 2252 potuit,
2186 2192 2294 2250 per
2324 2178 2548 2233 amoris
2599 2175 2874 2250 spiritum
2904 2192 3056 2250 puer
3083 2176 3163 2233 ad
3214 2177 3402 2234 vitam
3437 2177 3612 2237 redit.

2011 2290 2038 2315 «
2084 2269 2218 2322 Erat
2248 2272 2451 2323 autem
2490 2266 2683 2322 fames
2737 2265 2799 2322 in
2831 2270 3007 2335 terra,
3054 2269 3111 2322 et
3139 2265 3243 2322 ﬁlii
3296 2254 3615 2342 propheta-

1939 2377 1964 2405 «
2008 2373 2144 2412 rum
2189 2355 2544 2414 habitabant
2575 2372 2779 2413 coram
2808 2372 2902 2428 eo,
2931 2356 3197 2430 dixitque
3227 2356 3333 2412 uni
3363 2357 3438 2414 de
3463 2373 3612 2431 pue-

1938 2470 1962 2494 ‹‹
2008 2447 2088 2502 ris
2121 2447 2277 2502 suis:
2306 2450 2460 2502 Pone
2496 2447 2679 2504 ollam
2711 2447 3027 2519 grandem,
3048 2451 3105 2503 et
3125 2462 3317 2521 coque
3336 2447 3612 2520 pulmen-

1937 2559 1964 2587 «
2007 2541 2134 2591 tum
2176 2535 2311 2594 filiis
2342 2537 2800 2611 prophetarum.
2829 2555 2859 2590 ›
2893 2539 3047 2608 Erat,
3078 2535 3292 2610 inquit,
3325 2535 3518 2593 fames
3548 2538 3613 2595 in

1935 2627 2114 2693 terra,
2145 2639 2268 2680 non
2304 2625 2493 2681 fames
2527 2625 2730 2698 utique
2760 2624 2958 2700 panis,
2982 2642 3094 2682 nec
3130 2625 3255 2682 sitis
3281 2643 3476 2699 aquae,
3504 2627 3612 2684 sed

1933 2713 2224 2769 audiendi
2253 2714 2506 2771 verbum
2564 2714 2819 2771 Domini.
2855 2737 2883 2764 ‹‹
2920 2717 2987 2772 Et
3031 2714 3137 2772 filii
3167 2716 3605 2790 prophetarum

1931 2804 2291 2862 habitabant
2338 2821 2543 2863 coram
2577 2805 2805 2863 Eliszeo.
2840 2829 2869 2856 »
2901 2809 3051 2867 Cum
3080 2805 3186 2863 ﬁlii
3210 2822 3422 2864 eorum
3450 2823 3604 2881 prae-

1934 2893 2294 2966 dicatorum,
2327 2895 2435 2968 qui
2492 2895 2896 2954 ambulabant
2949 2896 3009 2952 in
3053 2896 3184 2968 lege
3238 2893 3496 2966 Domini,
3550 2901 3608 2954 et

1934 2989 2278 3042 scrutantur
2330 2985 2674 3043 testimonia
2707 2986 2837 3056 ejus
2885 2986 2946 3042 in
2992 2991 3116 3044 toto
3170 2987 3353 3046 corde
3394 2988 3604 3061 exqui-

133 3077 426 3133 dominus
456 3092 626 3132 meus
661 3075 895 3132 vetulus
929 3081 1037 3146 est,
1061 3075 1353 3149 voluptati
1377 3093 1628 3149 operam
1655 3077 1818 3134 dabo
1861 3107 1900 3162 ρ
1930 3079 2128 3130 rentes
2153 3091 2313 3146 eum,
2333 3074 2392 3130 in
2411 3075 2730 3147 praesentia
2754 3075 2990 3134 Domini
3019 3076 3340 3134 Salvatoris
3366 3093 3606 3151 semper

135 3170 305 3239 (Gen.
333 3167 536 3237 xvm)?
559 3185 589 3219 ›
635 3166 899 3223 Visitavit
929 3171 1131 3223 autem
1166 3167 1455 3222 Dominus
1495 3170 1704 3224 Saram
1737 3168 1817 3224 si-

131 3263 236 3313 cut
267 3256 628 3330 promiserat
653 3255 724 3323 ei,
754 3261 810 3312 et
837 3255 1106 3328 implevit
1135 3256 1524 3328 quaelocutus
1543 3261 1650 3323 est,
1680 3273 1818 3313 con-

133 3347 414 3420 cepitque
443 3350 500 3402 et
523 3345 754 3419 peperit
781 3345 973 3401 tilium
999 3345 1060 3401 in
1088 3350 1389 3401 senectute
1419 3363 1554 3416 sua,
1583 3350 1816 3420 tempo-

132 3453 197 3493 re
227 3453 354 3510 quo
386 3436 742 3508 praedixerat
782 3436 831 3491 ei
866 3438 1041 3492 Deus.
1077 3435 1258 3506 Igitur
1297 3452 1603 3508 posquam
1635 3438 1818 3495 crevit

131 3541 305 3599 puer,
342 3529 536 3581 tactus
570 3524 775 3580 dolore
823 3524 1032 3596 capitis
1079 3525 1400 3591 immenso,
1455 3525 1613 3581 circa
1642 3527 1815 3582 meri-

128 3615 296 3670 diem
326 3613 647 3670 defunctus
678 3619 785 3670 est.
813 3616 960 3669 Cum
983 3612 1246 3685 populus
1266 3613 1622 3669 Israeliticus
1655 3620 1815 3687 post-

127 3720 321 3777 quam
350 3703 413 3758 in
441 3706 695 3775 Egypto
725 3702 1004 3770 excrevit,
1035 3707 1092 3758 et
1118 3718 1223 3774 per
1250 3705 1490 3774 Moysen
1516 3703 1578 3758 in
1610 3703 1811 3759 deser-

129 3806 192 3856 to
223 3793 478 3848 eductus
507 3792 742 3848 Domini
773 3807 982 3848 vocem
1015 3791 1289 3848 audierat
1319 3792 1379 3847 in
1418 3792 1558 3862 igne
1586 3797 1643 3849 et
1671 3793 1812 3849 cali-

128 3887 291 3952 gine,
351 3881 604 3954 quando
655 3881 884 3937 lumine
939 3881 1199 3937 scientia».
1249 3881 1456 3937 debuit
1508 3881 1809 3960 illustrari,

127 3987 274 4028 mox
327 3972 535 4027 animo
584 3970 662 4027 ad
707 3970 1113 4028 idololatriam
1174 3987 1488 4028 recurrens
1534 3977 1808 4029 mortuus

124 4066 240 4117 est.

204 4173 230 4199 ‹‹
281 4153 344 4206 Et
371 4150 451 4206 ait
480 4151 704 4206 Eliseus
735 4151 814 4207 ad
845 4150 996 4207 Giezi
1019 4167 1276 4224 puerum
1299 4168 1516 4208 suum:
1551 4151 1806 4223 Accinge

126 4264 154 4290 (ι
200 4239 446 4296 lumbos
476 4245 634 4308 tuos,
677 4246 736 4297 et
783 4241 920 4298 tolle
969 4242 1258 4297 baculum
1289 4258 1496 4298 meum
1528 4241 1588 4298 in
1617 4258 1808 4299 manu

123 4351 157 4384 ‹
205 4333 329 4394 tua,
361 4335 415 4386 et
444 4330 614 4386 vade.
650 4331 705 4386 Si
747 4332 1007 4388 occurrit
1037 4331 1141 4387 tibi
1172 4332 1378 4401 homo,
1427 4347 1550 4387 non
1582 4332 1804 4388 salutes

124 4443 154 4468 ι(
201 4434 365 4487 eum,
389 4422 445 4474 et
483 4419 531 4474 si
564 4419 909 4476 salutaverit
934 4423 987 4475 te
1037 4420 1363 4492 quispiam,
1396 4435 1517 4476 non
1548 4435 1803 4492 respon-

123 4533 152 4559 ‹‹
199 4509 347 4565 deas
369 4508 470 4566 illi.
507 4512 571 4565 Et
601 4525 792 4581 pones
821 4509 1109 4566 baculum
1137 4527 1341 4566 meum
1373 4526 1556 4582 super
1585 4510 1800 4567 faciem

120 4621 152 4648 «
201 4597 393 4670 pueri.
422 4602 601 4654 Porro
632 4604 824 4655 mater
853 4599 1023 4673 pueri
1071 4601 1152 4655 ait
1180 4619 1191 4654 :
1225 4601 1373 4656 Vivit
1401 4599 1712 4665 Dominus,
1744 4607 1801 4658 et

120 4713 150 4738 ι(
198 4688 341 4744 vivit
365 4689 570 4745 anima
601 4695 724 4757 tua,
740 4706 861 4746 non
879 4690 1178 4747 dimittam
1205 4695 1276 4747 te.
1295 4690 1556 4746 Surrexit
1580 4707 1722 4761 ergo
1744 4696 1801 4748 et

119 4800 152 4832 ‹
199 4782 440 4834 secutus
472 4783 561 4835 est
614 4796 770 4836 eam.
805 4780 958 4836 Giezi
990 4785 1192 4837 autem
1246 4785 1635 4854 praecesserat
1661 4786 1798 4838 ante

119 4895 146 4918 ‹‹
197 4885 327 4932 eos,
352 4892 381 4918 »
415 4875 523 4925 etc.
560 4870 712 4935 Quid
735 4877 936 4927 autem
965 4871 1277 4940 signiﬁcat,
1312 4871 1480 4944 quod
1523 4888 1674 4944 puer
1718 4872 1796 4929 ab

121 4958 335 5015 Elisaeo
368 4959 589 5014 missus
622 4977 762 5015 cum
786 4960 1006 5016 baculo
1029 4977 1151 5015 non
1182 4961 1541 5016 resuscitat?
1568 4964 1672 5017 Per
1711 4978 1796 5018 se-

117 5047 451 5119 metipsum
481 5064 622 5106 vero
652 5048 892 5106 Elisaaus
922 5049 1193 5115 veniens,
1224 5065 1407 5121 seque
1441 5065 1620 5121 super
1641 5065 1796 5105 mor-

114 5144 293 5198 tuum
350 5142 642 5206 sternens,
675 5144 855 5214 atque
910 5138 989 5196 ad
1039 5139 1171 5210 ejus
1207 5138 1482 5194 membra
1528 5154 1588 5192 se
1640 5139 1797 5194 colli-

116 5243 293 5297 gens.
318 5227 437 5282 huc
482 5226 743 5301 illucque
767 5215 769 5218 ⁴
792 5228 1218 5295 deambulans,
1254 5232 1308 5284 et
1352 5228 1414 5283 in
1441 5243 1541 5284 ore
1574 5229 1796 5288 mortui

117 5316 340 5389 septies
367 5317 665 5389 aspirans,
692 5317 853 5373 hunc
887 5317 965 5374 ad
997 5317 1327 5380 redivivam
1371 5317 1567 5376 lucem
1615 5317 1794 5390 proti-

117 5424 236 5464 nus
268 5423 376 5479 per
405 5408 805 5464 ministerium
837 5409 1275 5482 compassionis
1327 5407 1634 5475 animavit,
1679 5408 1793 5464 nisi

119 5496 290 5570 quod
349 5502 560 5554 auctor
612 5498 867 5556 humani
923 5499 1156 5570 generis
1212 5500 1388 5565 Deus,
1421 5497 1595 5572 quasi
1640 5515 1795 5554 mor-

124 5594 293 5644 tuum
319 5604 578 5660 puerum
606 5588 814 5658 doluit,
858 5605 996 5645 cum
1029 5588 1349 5644 exstinctos
1382 5603 1495 5644 n0s
1517 5587 1792 5662 iniquita-

126 5678 198 5734 tis
229 5677 438 5735 aculeo
468 5678 788 5736 miseratus
821 5679 1052 5753 aspexit
1079 5680 1106 5736 ?
1144 5681 1208 5736 Et
1236 5678 1380 5751 quia
1413 5693 1520 5751 per
1549 5680 1792 5752 Moysen

126 5774 410 5836 terrorem
453 5768 606 5840 legis
637 5769 901 5854 protulit,
934 5769 1112 5852 quasi
1141 5785 1248 5850 per
1273 5784 1531 5856 puerum
1557 5769 1791 5842 virgam

1930 3165 2160 3221 vivunt.

2002 3277 2029 3304 ‹‹
2075 3253 2384 3323 Egreditur
2414 3269 2565 3325 puer
2604 3253 2664 3308 in
2709 3267 2926 3322 agrum
2963 3256 3031 3310 ut
3081 3253 3322 3325 colligat
3369 3253 3592 3312 herbas

1928 3363 1958 3396 α
1999 3347 2287 3413 agrestes,
2313 3347 2614 3415 quatenus
2644 3342 2784 3400 inde
2813 3347 3036 3415 coquat
3078 3343 3480 3416 pulmentum.
3513 3345 3603 3401 In-

1926 3455 1953 3483 «
1997 3433 2280 3504 venitque
2310 3432 2485 3506 quasi
2529 3431 2712 3489 vitem
2744 3433 3101 3505 silvestrem,
3135 3437 3193 3490 et
3247 3433 3484 3506 collegit
3525 3451 3598 3492 ex

1927 3546 1953 3573 ‹‹
2004 3538 2074 3578 ea
2108 3521 2520 3594 colocyntidas
2551 3522 2698 3591 agri.
2733 3525 2894 3590 Quas
2925 3522 3250 3580 concidens
3292 3523 3353 3580 in
3389 3523 3594 3592 ollam,

1925 3634 1952 3659 «
1997 3612 2378 3684 plumentum
2435 3611 2593 3668 facit.
2631 3633 2658 3660 ››
2712 3613 2863 3669 Cum
2912 3614 3050 3687 quis
3081 3613 3287 3672 litterae
3334 3613 3482 3686 legis
3513 3619 3596 3672 at-

1924 3706 2141 3772 tentus,
2169 3702 2262 3757 vel
2293 3701 2726 3775 philosophicis
2756 3702 3094 3777 disciplinis
3116 3703 3441 3776 studiosus,
3463 3721 3600 3779 pas-

1925 3797 2053 3848 tum
2083 3792 2250 3848 verbi
2281 3808 2582 3865 quaerens,
2631 3791 3098 3858 amaritudinem
3140 3792 3344 3850 litterae
3381 3792 3592 3864 legalis

1922 3881 2015 3936 vel
2047 3881 2422 3938 mortiferum
2452 3880 2748 3954 quiddam
2779 3881 2841 3938 in
2870 3881 3382 3956 philosophorum
3426 3881 3593 3938 libris

1917 3970 2256 4042 inveniens,
2288 3970 2652 4027 intermiscet
2706 3970 2939 4029 veritati
2989 3969 3377 4042 Evangelicaa,
3438 3970 3585 4028 etin

1917 4060 2037 4117 olla
2069 4077 2154 4116 co.
2174 4060 2266 4116 dis
2321 4059 2414 4115 sui
2467 4076 2737 4134 coquens
2768 4059 2883 4118 tale
2916 4060 3321 4136 pulmentum,
3356 4061 3474 4120 hoc
3503 4064 3592 4119 est

1917 4150 2372 4219 documentum,
2401 4155 2704 4228 praeparat
2759 4150 2837 4207 ad
2875 4150 3262 4215 refectionem
3294 4151 3583 4209 auditori-

1915 4241 2030 4297 bus
2053 4241 2199 4296 suis.
2229 4241 2375 4296 Dicit
2402 4241 2561 4297 enim
2595 4241 2917 4318 Apostolus
2962 4259 3010 4298 ;‹‹
3047 4240 3261 4300 Littera
3301 4241 3465 4300 enim
3493 4257 3589 4298 oc-

1916 4351 1943 4379 ‹‹
1987 4329 2146 4396 cidit,
2182 4328 2425 4402 spiritus
2485 4332 2687 4388 autem
2737 4329 3002 4388 vivificat
3053 4330 3113 4403 (I
3130 4331 3268 4388 Cor.
3301 4331 3408 4404 ut).
3443 4351 3472 4381 »
3521 4332 3589 4388 Et

1913 4418 2096 4475 item:
2143 4442 2170 4467 «
2201 4418 2543 4489 Prudentia,
2595 4418 2808 4492 inquit,
2843 4419 3040 4478 carnis
3077 4435 3242 4478 mors
3287 4424 3410 4478 est:
3445 4434 3586 4494 pru-

1913 4509 2116 4565 dentia
2147 4513 2347 4564 autem
2375 4507 2617 4582 spiritus
2645 4508 2768 4566 vita
2798 4512 2854 4567 et
2876 4525 2998 4583 pax
3019 4510 3211 4581 (Rom.
3240 4509 3384 4581 vui).
3410 4531 3438 4560 ι
3464 4511 3585 4565 Hoc

1909 4599 2110 4669 itaque
2143 4600 2464 4656 sentientes
2494 4598 2703 4656 ﬁdeles
2731 4599 2943 4678 populi
2969 4603 3227 4657 mortem
3248 4599 3310 4656 in
3331 4599 3451 4656 olla
3479 4614 3582 4654 ex-

1908 4689 2191 4756 clamant,
2221 4706 2360 4745 cum
2389 4688 2569 4756 talem
2592 4689 2931 4748 doctrinam
2962 4688 3136 4764 quasi
3162 4688 3582 4761 deceptionem

1907 4779 2252 4835 animarum
2300 4778 2664 4834 detestantes
2710 4778 3137 4835 vociferantur.
3187 4775 3302 4834 Sed
3329 4775 3580 4848 jubente

1907 4870 2114 4924 Eliszeo
2148 4867 2338 4934 farina
2370 4867 2429 4932 in
2448 4866 2633 4938 ollam
2664 4867 2933 4935 mittitur,
2964 4881 3104 4923 cum
3132 4864 3382 4922 scientia
3407 4864 3577 4939 spiri-

1906 4959 2082 5016 tualis
2106 4959 2167 5014 in
2199 4957 2311 5014 tale
2334 4957 2769 5014 documentum
2789 4954 3220 5025 intromittitur,
3236 4958 3302 5012 ut
3326 4953 3574 5020 exclusa

1906 5048 2073 5104 omni
2100 5047 2500 5104 amaritudine
2527 5045 2834 5119 pravitatis
2861 5050 3074 5122 pastus
3104 5043 3387 5108 ﬁdelibus
3418 5061 3574 5120 pra:-

1906 5141 2149 5210 paretur
2179 5136 2462 5192 salubris.
3083 5192 3085 5194 .

1979 5251 2007 5278 ‹‹
2040 5227 2135 5283 Vir
2165 5231 2368 5285 autem
2416 5225 2669 5300 quidam
2698 5225 2862 5288 venit
2907 5225 2981 5290 de
3031 5226 3380 5300 Baalsalisa,
3412 5226 3575 5284 defe-

1907 5339 1933 5366 ‹‹
1976 5331 2114 5372 rens
2136 5315 2264 5372 viro
2297 5315 2398 5371 Dei
2418 5331 2606 5390 panes
2623 5315 3043 5389 primitiarum,
3068 5321 3125 5376 et
3149 5317 3360 5389 viginti
3380 5331 3574 5389 panes

1906 5431 1933 5457 «
1976 5406 2370 5477 hordeaceos,
2395 5411 2451 5461 et
2481 5405 2853 5470 frumentum
2876 5423 3108 5465 novum
3128 5407 3191 5479 in
3222 5423 3408 5481 opera
3435 5422 3572 5464 sua.

1905 5521 1934 5548 «
1976 5499 2050 5554 At
2090 5496 2183 5552 ille
2215 5496 2396 5552 dixit:
2430 5497 2515 5556 Da
2545 5497 2773 5582 populo
2805 5502 2870 5556 ut
2893 5498 3194 5558 comebat.
3225 5497 3575 5572 Respondit-

1904 5611 1931 5638 ‹‹
1974 5604 2092 5660 quc
2113 5585 2378 5666 minister
2404 5587 2567 5658 ejus:
2602 5591 2904 5654 Quantum
2921 5592 3011 5646 est
3032 5589 3150 5650 hoc
3177 5593 3245 5648 ut
3262 5604 3575 5664 apponam

1904 5701 1932 5728 ‹‹
1974 5693 2179 5736 coram
2211 5680 2452 5736 centum
2478 5677 2660 5735 viris?
2681 5681 2940 5744 Rursum
2964 5679 3094 5740 ille:
3128 5681 3352 5750 Da,ait,
3380 5695 3576 5754 popu-

1904 5791 1933 5820 ‹‹
1971 5767 2030 5842 1o
2063 5770 2126 5830 ut
2151 5766 2449 5852 comedat,
2474 5791 2504 5820 »
2521 5773 2580 5828 et
2606 5770 2865 5845 reliqua.
2892 5770 3162 5844 Denique
3192 5771 3282 5830 vir
3310 5770 3387 5830 de.
3414 5768 3577 5828 Baal-
