3940 6402
392 279 499 334 503

1486 278 1842 334 ANGELOMI
1900 277 2353 336 LUXOVIENSIS
2403 276 2720 336 MONACHI

3700 276 3797 332 504

388 402 568 459 salisa
608 401 811 458 venire
850 399 1219 467 describitur,
1254 397 1526 455 deferens
1554 399 1681 455 viro
1721 400 1821 457 Dei
1852 416 2043 473 panes
2079 405 2127 458 Α
2157 402 2341 458 Israel
2367 402 2719 469 testabatur,
2750 402 2896 475 quia
2946 400 3111 456 fama
3138 398 3213 455 de
3256 397 3438 453 Israel
3477 412 3585 471 per
3623 413 3798 469 nego-

385 489 806 564 primitiarum,
840 493 896 544 et
925 487 1131 557 viginti
1171 502 1361 559 panes
1406 487 1798 556 hordeaceos,
1837 493 1892 545 et
1924 488 2048 544 fru-

388 584 660 637 mentum
712 594 936 634 novum
962 576 1023 632 in
1052 591 1198 647 pera
1225 592 1353 633 sua.
1385 578 1574 642 Quem
1605 582 1807 634 autem
1849 578 2047 636 virum

388 669 569 724 istum
627 667 894 738 accipere
950 664 1163 720 melius
1217 682 1559 736 possumus,
1591 683 1779 740 quam
1824 672 2046 724 emtum

390 762 733 812 sanctorum
758 758 1022 827 patrum,
1048 752 1153 826 qui
1192 754 1405 810 virtute
1437 755 1622 810 animi
1647 760 1702 811 et
1744 755 2049 815 bonorum

386 861 637 918 Operum
667 842 937 916 pollent?
969 843 1080 909 Qui
1128 842 1281 899 bene
1329 843 1403 898 de
1446 844 1772 901 Baalsalisa
1813 847 2048 903 venisse

386 934 619 989 dicitur.
653 930 982 988 Baalsalisa
1012 931 1173 987 enim
1214 931 1436 988 habens
1471 936 1712 989 tertium
1761 934 2047 1008 interpre-

382 1026 559 1077 tatur.
594 1024 765 1077 Recte
797 1036 940 1091 ergo
970 1020 1044 1075 de
1077 1019 1404 1077 Baalsalisa
1448 1025 1555 1090 est,
1590 1022 1694 1094 qui
1718 1024 2048 1080 ternarium

384 1126 708 1165 numerum
742 1110 802 1165 in
831 1109 1178 1165 credulitate
1202 1114 1259 1164 et
1290 1109 1666 1166 confessione
1689 1116 1909 1167 sanctae
1928 1112 2049 1168 Tri-

380 1199 576 1255 nitatis
603 1203 819 1255 servat.
846 1197 949 1253 Hic
974 1215 1116 1267 ergo
1144 1199 1271 1253 viro
1299 1199 1396 1253 Dei
1438 1216 1625 1271 panes
1647 1200 2047 1272 primitiarum

380 1290 571 1359 olfert,
604 1306 745 1344 cum
804 1288 1188 1361 Redemptori
1228 1293 1433 1366 nostro
1464 1305 1569 1361 per
1620 1290 1873 1361 gratiam
1916 1295 2046 1361 ejus

377 1378 705 1450 inspiratus
766 1377 937 1432 offert
983 1377 1168 1433 libros
1228 1378 1301 1432 de
1358 1378 1585 1448 origine
1635 1384 2045 1437 creaturarum

380 1466 771 1538 compositos.
807 1465 987 1521 Offert
1034 1466 1241 1535 viginti
1271 1482 1458 1539 panes
1507 1467 1898 1533 hordeaceos,
1930 1469 2044 1525 hoc

379 1559 471 1610 est
520 1554 879 1623 decalogum
934 1554 1082 1623 legis
1134 1554 1194 1610 in
1255 1555 1441 1627 Moysi
1501 1560 1559 1611 et
1612 1558 2043 1629 prophetarum

380 1642 613 1715 scriptis
644 1643 1169 1715 comprehensum.
1207 1644 1385 1700 Oti‘ert
1416 1643 1783 1701 frumentum
1813 1661 2043 1702 novum

2157 489 2398 547 tiatores
2425 492 2688 562 gentium
2724 489 3013 547 translata
3043 488 3104 544 in
3133 492 3258 545 tota
3299 486 3446 543 urbe
3488 486 3799 543 curiositati

2155 578 2496 652 hominum,
2523 597 2712 654 quam
2746 594 2898 635 uxor
2956 581 3226 634 Naaman
3276 575 3574 648 signiﬁcat
3599 591 3801 632 verum

2157 670 2513 741 prophetam
2545 673 2599 726 et
2630 669 2987 727 salvatorem
3034 665 3306 723 omnium
3337 664 3401 720 in
3442 663 3631 721 Judea
3679 679 3801 720 ma-

2156 772 2298 813 nere
2327 759 2620 831 patefecit.

2229 866 2596 936 «Ingressus
2647 869 2735 921 est
2781 864 2983 937 itaque
3035 866 3304 919 Naaman
3361 860 3436 917 ad
3495 859 3798 916 dominum

2157 974 2188 1003 «
2229 971 2429 1022 suum,
2462 961 2519 1011 et
2562 953 2856 1011 nuntiavit
2886 954 2957 1019 ei,
2999 952 3244 1008 dicens:
3281 951 3373 1007 Sic
3414 953 3471 1005 et
3500 950 3582 1004 sic
3611 948 3799 1004 locuta
3900 988 3910 1008 .

2157 1064 2188 1091 κ
2229 1047 2317 1098 est
2368 1043 2569 1115 puella
2621 1043 2697 1098 de
2754 1046 2907 1097 terra
2947 1040 3142 1096 Israel.
3178 1039 3331 1096 Dixit
3359 1039 3410 1095 ei
3454 1055 3558 1094 rex
3591 1038 3795 1110 Syriae:

2159 1155 2188 1183 «
2228 1133 2409 1200 Vade,
2452 1137 2510 1188 et
2538 1132 2770 1189 mittam
2827 1132 3051 1188 litteras
3096 1130 3175 1186 ad
3218 1144 3423 1198 regem
3460 1127 3656 1185 lsrael.
3697 1126 3800 1193 Qui

2157 1242 2186 1270 ‹‹
2227 1238 2365 1277 cum
2386 1221 2687 1295 profectus
2717 1226 2871 1276 esset
2903 1225 2959 1275 et
3001 1218 3227 1275 tulisset
3250 1234 3459 1274 secum
3489 1216 3697 1272 decem
3719 1219 3799 1272 ta-

2156 1332 2184 1360 α
2224 1309 2384 1366 lenta
2413 1310 2661 1379 argenti,
2696 1314 2751 1365 et
2777 1326 2878 1365 sex
2907 1308 3092 1365 millia
3114 1324 3348 1374 aureos,
3374 1310 3429 1362 et
3448 1306 3658 1362 decem
3683 1320 3802 1360 mu-

2158 1422 2184 1448 «
2225 1400 2438 1457 tatoria
2466 1400 2983 1468 vestimentorum,
3011 1397 3220 1454 detulit
3247 1396 3467 1452 litteras
3491 1395 3569 1452 ad
3607 1410 3799 1465 regem

2156 1512 2183 1538 ‹‹
2226 1489 2403 1545 Israel
2427 1489 2487 1545 in
2518 1490 2646 1545 haec
2690 1488 2903 1545 verba:
2964 1490 3113 1543 Cum
3163 1485 3463 1559 acceperis
3494 1483 3800 1558 epistolam

2155 1601 2183 1629 «
2223 1580 2404 1651 hanc,
2437 1581 2584 1635 scito
2604 1580 2771 1655 quod
2797 1578 3060 1634 miserim
3092 1576 3170 1633 ad
3199 1581 3253 1632 te
3278 1579 3549 1632 Naaman
3576 1588 3800 1629 servum
3905 1604 3910 1622 ς

2153 1688 2184 1723 ‹
2224 1685 2451 1739 meum,
2486 1673 2550 1724 ut
2573 1684 2742 1725 cures
2774 1684 2913 1724 eum
2947 1684 2983 1723 a
3037 1665 3206 1739 lepra
3237 1682 3368 1721 sua.
3404 1686 3431 1715 »
3472 1665 3623 1719 Cum
3644 1662 3702 1718 hi
3730 1661 3801 1717 ad

378 1731 439 1831 i9
466 1747 612 1831 Per?
641 1747 773 1795 sua"
806 1748 943 1831 09m
975 1735 1206 1831 {vomitu
1256 1735 1700 1831 T‘?Stame‘1_t_ur_’1
1755 1737 2046 1831 ΡοδξηΜθῗ
2072 1757 2113 1811 Β
2151 1774 2307 1831 quos
2347 1731 2556 1814 notitia
2585 1757 2752 1813 verbi
2803 1755 2902 1811 Dei
2945 1731 3235 1828 pervenit,
3266 1753 3358 1809 his
3388 1753 3493 1826 qui
3521 1751 3640 1808 sibi
3667 1767 3803 1824 prae-

378 1820 623 1876 diatoris
676 1820 865 1877 nostri
918 1821 1266 1889 adventum,
1308 1822 1369 1877 in
1402 1823 1593 1878 sancti
1642 1823 1945 1893 Evangelii
1988 1829 2043 1880 et

376 1908 793 1980 apostolorum
826 1910 1059 1981 scriptis
1102 1909 1327 1983 profert
1372 1911 1609 1982 (Matth.
1661 1913 1808 1983 xui).
1864 1912 2043 1968 Jubet

375 2011 517 2066 ergo
548 1996 791 2050 Eliseeus
841 2002 1042 2052 noster
1072 1997 1356 2052 ministris
1396 1997 1540 2066 suis,
1584 2001 1805 2055 sanctis
1834 2001 2039 2057 videli-

374 2089 463 2138 cet
516 2082 1037 2156 praedicatoribus,
1087 2089 1151 2140 ut
1206 2084 1363 2141 hanc
1395 2086 1762 2142 oblationem
1813 2089 2041 2161 populo

371 2172 641 2227 ﬁdelium
671 2172 1037 2245 dispensent,
1072 2178 1135 2230 ut
1168 2175 1502 2230 secundum
1552 2175 1698 2231 illud
1740 2177 2042 2248 Evangelii

372 2262 614 2331 (Matth.
648 2265 782 2328 xw).
816 2262 890 2317 de
927 2264 1209 2318 thesauro
1264 2279 1373 2319 suo
1398 2263 1559 2320 velut
1600 2265 1798 2321 scriba
1827 2266 2040 2323 doctus

370 2351 433 2407 in
480 2368 666 2423 regno
708 2352 997 2407 caelorum
1030 2352 1337 2425 proferant
1365 2370 1525 2411 nova
1556 2360 1614 2411 et
1640 2361 1861 2425 vetera,
1894 2373 2042 2431 qua-

370 2447 543 2498 tenus
571 2442 799 2514 pabulo
829 2443 1012 2498 divini
1035 2442 1196 2497 verbi
1224 2444 1586 2500 reﬁciantur.
1622 2444 1793 2507 Quod
1814 2453 2038 2519 myste-

367 2531 527 2588 rium
563 2531 625 2585 iu
670 2530 992 2599 Evangelia
1024 2530 1301 2587 iteratum
1339 2532 1597 2603 legimus
1637 2535 1881 2605 (Matth.
1913 2536 2034 2609 xv),

371 2635 509 2673 cum
541 2618 603 2674 in
652 2618 938 2674 fractione
968 2619 1237 2693 quinque
1270 2636 1501 2693 panum
1539 2623 1808 2695 quinque
1850 2625 2038 2682 millia

369 2706 695 2761 hominum
727 2706 939 2761 satiata
963 2722 1095 2761 esse
1145 2716 1715 2777 commemorantur,
1762 2716 1817 2767 et
1862 2710 2037 2769 satia-

368 2794 442 2848 tis
492 2792 700 2863 turbis,
748 2794 1115 2863 collegerunt
1158 2794 1479 2852 duodecim
1536 2798 1851 2872 cophinos,
1911 2801 2034 2857 sive

369 2887 600 2954 septem
634 2886 870 2955 sportas
900 2883 1398 2954 fragmentorum,
1423 2888 1567 2960 quia
1596 2887 1796 2943 nullus
1823 2890 2035 2965 estqui

369 2977 751 3029 sacramenta
794 2972 1013 3028 divinae
1065 2974 1379 3047 Scripturte
1434 2991 1540 3049 per
1586 2978 1792 3035 omnia
1819 2995 2033 3052 capere

367 3063 581 3134 possit,
608 3063 753 3136 quin
809 3063 924 3119 sibi
980 3065 1191 3121 satiato
1224 3068 1513 3139 supererit
1558 3068 1730 3138 juxta
1778 3070 2032 3128 verbum

369 3152 627 3208 Domini.

1027 3300 1261 3356 CAPUT
1278 3301 1366 3354 ον.

440 3442 468 3469 ‹‹
503 3421 773 3475 Naaman
803 3420 1084 3495 princeps
1112 3422 1335 3479 militiae
1366 3425 1522 3495 regis
1554 3427 1757 3499 Syriae,
1791 3434 1917 3486 erat
1946 3431 2033 3487 vir

370 3529 397 3555 ‹‹
441 3522 701 3577 magnus
736 3509 903 3580 apud
947 3510 1265 3568 dominum
1315 3530 1516 3583 suum,
1567 3522 1625 3571 et
1677 3517 2028 3576 honoratus.

369 3617 397 3645 ‹‹
438 3599 546 3650 Ρθι·
572 3594 740 3652 illum
770 3596 930 3653 enim
977 3599 1142 3657 dedit
1182 3603 1470 3659 Dominus
1520 3605 1775 3662 salutem
1825 3610 2027 3680 Syriae.

369 3707 397 3734 ‹‹
440 3688 577 3742 Erat
605 3694 807 3743 autem
840 3687 929 3743 vir
959 3688 1124 3746 fortis
1154 3696 1209 3746 et
1238 3691 1426 3762 dives,
1459 3693 1564 3749 sed
1594 3694 1890 3768 leprosus.
1921 3700 2030 3755 Iste

367 3779 570 3830 autem
611 3778 881 3833 Naaman
934 3779 1039 3852 qui
1067 3782 1347 3855 princeps
1399 3783 1619 3839 militiae
1658 3786 1815 3856 regis
1850 3788 2030 3860 Syriae

367 3881 495 3920 esse
543 3864 919 3939 describitur,
974 3884 1159 3942 quem
1203 3871 1416 3927 melius
1447 3874 1783 3943 signiﬁcare
1815 3882 2028 3949 potest,

365 3968 553 4024 quam
602 3954 899 4027 populum
955 3959 1281 4028 gentilem?
1325 3962 1429 4033 qui
1472 3961 1534 4017 in
1572 3963 1717 4019 orbe
1748 3966 2029 4038 triquetro

364 4056 474 4113 per
522 4042 800 4100 virtutem
857 4043 1155 4104 bellorum
1188 4050 1595 4124 principatum
1636 4055 1901 4127 gerebat,
1957 4074 2027 4114 ac

365 4143 569 4185 rerum
598 4131 813 4188 decore
845 4134 1172 4205 fruebatur,
1205 4138 1372 4209 quod
1401 4140 1462 4195 in
1491 4142 1752 4199 nominis
1783 4145 1913 4215 ejus
1944 4146 2029 4202 in-

366 4219 785 4289 terpretatione
814 4222 1183 4295 exprimitur.
1210 4227 1632 4300 Interpretatur
1656 4238 1859 4289 autem
1878 4237 2028 4292 Naa-

367 4319 512 4359 man
533 4305 711 4362 decus
733 4309 852 4365 sive
884 4316 1191 4369 commotio
1220 4326 1445 4373 eorum.
1479 4319 1592 4374 Sed
1622 4317 1731 4376 iste
1758 4322 1864 4393 vir,
1893 4322 2029 4381 licet

367 4393 533 4449 fortis
558 4398 616 4451 et
643 4395 806 4452 dives
835 4397 1028 4468 fuerit,
1051 4406 1253 4459 tamen
1277 4404 1549 4477 leprosus
1580 4424 1711 4465 esse
1732 4428 2029 4470 memora-

367 4484 482 4569 tur,
517 4484 661 4555 quia
691 4488 969 4557 quamvis
1024 4506 1130 4563 per
1154 4494 1483 4565 potentiam
1515 4498 1703 4569 regni,
1734 4516 1804 4555 ac
1827 4518 2026 4557 rerum

365 4568 805 4631 abundantiam
836 4576 1134 4636 dominari
1158 4582 1475 4653 videretur,
1511 4568 1711 4644 tamen
1736 4605 1846 4663 per
1870 4607 2027 4649 erro-

361 4659 443 4715 ris
464 4662 795 4753 nequitiam
818 4671 874 4722 et
893 4667 1243 4727 idololatriae
1265 4671 1494 4746 lepram
1512 4675 1702 4734 faadus
1724 4659 2021 4753 apparuit.

436 4751 765 4844 c-Porrode
787 4756 956 4827 Syria
986 4760 1207 4829 egressi
1225 4751 1792 4824 fuerantlatrunculi
1806 4751 1870 4826 et
1891 4787 2028 4844 cap-

362 4851 394 4887 ‹
432 4836 617 4930 tivam
648 4840 946 4901 duxerant
973 4846 1045 4903 de
1073 4853 1228 4905 terra
1282 4850 1466 4908 Israel
1495 4853 1759 4925 puellam
1804 4836 2025 4930 parvu-

365 4945 393 4974 ‹‹
432 4923 582 5015 lum,
604 4944 740 5001 quae
768 4939 895 4990 erat
917 4934 978 4990 in
1000 4936 1293 5013 obsequio
1318 4923 1523 4998 uxoris
1554 4923 1843 5004 Naaman.
1880 4949 2025 5015 Quae

366 5034 396 5061 ‹‹
435 5014 516 5069 ait
536 5015 616 5071 ad
645 5019 956 5080 dominam
989 5042 1200 5085 suam:
1237 5030 1477 5088 Utinam
1506 5033 1711 5092 fuisset
1739 5014 2025 5095 dominus

363 5122 393 5150 «ι
434 5118 607 5159 meus
638 5107 715 5161 ad
744 5112 1103 5182 prophetam
1132 5118 1237 5191 qui
1261 5122 1433 5177 estin
1463 5124 1768 5181 Samaria!
1802 5128 2026 5184 Profec-

362 5209 393 5237 ‹‹
432 5193 492 5282 to
530 5202 803 5253 curasset
822 5213 961 5257 eum
990 5218 1026 5259 a
1055 5203 1221 5278 lepra
1250 5224 1437 5282 quam
1481 5212 1683 5270 habet.
1713 5237 1739 5263 »
1776 5218 2022 5273 Latrun-

360 5278 477 5334 culi
505 5282 731 5381 quippe
760 5285 836 5343 de
864 5290 1053 5363 Syria,
1085 5311 1221 5368 qute
1241 5278 1659 5374 interpretatur
1685 5305 2024 5365 sublimitas

358 5380 769 5469 (ξεςεεειβωιι,
797 5394 950 5469 cum
982 5384 1303 5457 cupiditate
1335 5388 1497 5447 ducti
1536 5398 1593 5448 et
1636 5392 1888 5451 diversis
1917 5412 2023 5451 ne-

360 5459 534 5553 gotiis
586 5459 876 5533 impliciti,
903 5477 1217 5540 sperantes
1270 5476 1333 5532 in
1378 5477 1604 5537 incerto
1656 5482 2019 5553 divitiarum,

359 5544 605 5638 gentiles
633 5564 741 5618 per
762 5556 948 5611 totam
978 5562 1199 5619 terram
1229 5568 1635 5638 vagabuntur.
1676 5571 1822 5628 Hinc
1848 5577 1905 5629 et
1941 5544 2023 5630 ad

358 5632 576 5726 terram
604 5638 782 5693 Israel
802 5644 1437 5726 venientes,captivam
1466 5659 1883 5717 mulierculam
1915 5662 2023 5719 du—

355 5724 592 5784 xerunt,
618 5738 753 5795 quae
782 5728 843 5785 in
873 5724 1231 5806 captivitate
1263 5747 1483 5817 posita,
1527 5750 1603 5816 de
1630 5749 1927 5821 propheta
1956 5751 2025 5810 in

2153 1852 2312 1911 sunt,
2332 1850 2661 1916 suggerunt
2688 1846 2947 1901 scientius
2967 1843 3287 1916 spiritualis
3309 1840 3797 1913 magnitudinem.

2154 1934 2312 1990 Mittit
2338 1950 2441 1989 rex
2474 1933 2654 2006 Syriae
2680 1933 2901 1989 litteras
2931 1932 3007 1988 ad
3040 1948 3240 2002 regem
3275 1929 3453 1987 Israel
3478 1945 3591 2003 pro
3621 1927 3800 1984 salute

2153 2022 2304 2078 servi
2348 2023 2459 2079 sui.
2488 2024 2637 2078 Cum
2682 2024 2977 2095 primatus
3035 2021 3302 2091 gentium
3334 2019 3589 2075 audiens
3620 2020 3795 2074 Deum

2150 2126 2278 2165 esse
2298 2110 2359 2166 in
2384 2110 2579 2178 Israel,
2602 2111 2748 2183 quia
2768 2134 2794 2160 ‹‹
2825 2114 3003 2166 notus
3024 2110 3083 2165 in
3104 2108 3311 2165 Iudaea
3338 2109 3493 2163 Deus
3512 2124 3524 2161 :
3545 2106 3608 2162 in
3634 2103 3800 2161 Israel

2151 2221 2180 2248 α
2211 2215 2506 2269 magnum
2558 2215 2781 2255 nomen
2838 2200 2968 2270 ejus
3028 2199 3211 2269 (Psat.
3245 2199 3437 2268 Lxxv),
3468 2219 3498 2247 ››
3557 2194 3799 2252 salutem

2151 2304 2403 2345 suorum
2429 2288 2766 2363 praavidens
2822 2288 3185 2358 legationem
3223 2286 3285 2342 in
3312 2285 3585 2342 Iudaeam
3614 2284 3798 2344 mittit.

2149 2382 2216 2434 ut
2232 2394 2340 2451 per
2370 2378 2767 2451 apostolicam
2798 2376 3136 2434 doctrinam
3170 2374 3494 2433 Salvatoris
3512 2374 3692 2430 ﬁdem
3716 2389 3802 2429 ac-

2151 2467 2349 2541 cipiat.
2409 2467 2573 2524 Unde
2629 2466 2939 2525 Cornelius
2999 2465 3267 2522 centurio
3297 2464 3373 2521 de
3431 2464 3701 2519 Caesarea
3744 2462 3799 2517 in

2145 2558 2335 2629 Joppe
2364 2556 2444 2613 ad
2492 2558 2729 2612 Petrum
2762 2555 2924 2612 misit
2952 2556 3109 2625 (Act.
3143 2555 3225 2626 χ).
3258 2556 3326 2610 Et
3364 2553 3558 2609 Paulo
3599 2567 3703 2625 per
3730 2550 3802 2606 vi-

2149 2645 2382 2701 sionem
2414 2645 2499 2701 vir
2550 2646 2790 2702 Macedo
2843 2645 3125 2717 apparuit
3169 2645 3326 2714 (Act.
3357 2644 3502 2714 xvi),
3535 2641 3636 2716 qui
3668 2656 3798 2697 eum

2147 2734 2576 2791 exhortabatur
2609 2739 2672 2790 ut
2704 2734 2942 2789 veniens
2995 2733 3310 2803 adjuvaret
3339 2748 3442 2787 eos
3463 2731 3571 2804 qui
3600 2730 3660 2786 in
3696 2731 3799 2786 Πει-
3908 2802 3911 2808 η

2146 2822 2401 2880 cedonia
2427 2827 2614 2890 erant,
2654 2824 2805 2879 sicut
2848 2822 2910 2878 in
2960 2821 3203 2878 Actibus
3259 2820 3680 2894 apostolorum
3728 2816 3798 2872 Ie-

2145 2912 2323 2985 gitur.

2216 3062 2243 3090 ‹‹
2271 3043 2538 3114 Cumque
2567 3040 2813 3112 legisset
2836 3058 2939 3098 rex
2976 3040 3157 3098 Israel
3206 3040 3455 3108 litteras,
3505 3039 3679 3096 scidit
3704 3053 3792 3093 ve-

2071 3113 2112 3167 ο
2142 3152 2170 3178 «
2215 3113 2496 3186 stimenta
2527 3146 2658 3199 sua,
2688 3135 2746 3186 et
2776 3130 2884 3187 ait:
2916 3130 3198 3204 Nunquid
3230 3133 3384 3187 Deus
3427 3144 3544 3199 ego
3574 3144 3707 3184 sum
3736 3129 3795 3181 ut

2142 3242 2171 3267 «
2210 3218 2480 3275 occidere
2511 3219 2741 3292 possim
2765 3225 2823 3276 et
2848 3219 3151 3276 viviﬁcare
3171 3220 3199 3276 ?
3224 3219 3377 3286 Quia
3399 3219 3510 3275 iste
3536 3217 3696 3274 misit
3719 3213 3791 3271 ad

2141 3332 2169 3358 ει
2210 3324 2308 3363 me
2334 3312 2399 3365 ut
2430 3324 2635 3364 curem
2656 3308 2967 3365 hominem
2990 3326 3028 3365 a
3057 3309 3228 3382 lepra
3252 3324 3383 3364 sua.
3413 3305 3791 3364 Animadver-

2141 3418 2169 3445 ‹‹
2210 3396 2312 3453 tite
2337 3401 2395 3452 et
2421 3397 2637 3464 videte,
2662 3397 2830 3471 quod
2847 3398 3194 3455 occasiones
3218 3401 3450 3471 quaerat
3478 3396 3790 3454 adversum

2140 3507 2169 3535 «
2214 3502 2330 3541 me.
2385 3485 2557 3551 Quod
2608 3502 2745 3542 cum
2795 3486 3094 3543 audissset
3150 3486 3393 3542 Elisaaus
3425 3483 3661 3552 virDei,
3692 3480 3791 3538 sci-

2143 3596 2171 3624 ‹‹
2211 3573 2372 3629 disse
2398 3574 2673 3631 videlicet
2702 3590 2904 3644 regem
2931 3575 3111 3631 Israel
3139 3575 3502 3632 vestimenta
3540 3589 3671 3641 sua,
3697 3571 3794 3628 mi-

2140 3680 2171 3715 ‹
2211 3662 2285 3717 sit
2319 3662 2397 3717 ad
2424 3679 2588 3731 eum,
2646 3664 2893 3719 dicens:
2936 3667 3130 3730 Quare
3180 3664 3407 3720 scidisti
3448 3662 3794 3719 vestimenta

2141 3771 2169 3800 «
2211 3752 2356 3807 tua?
2386 3773 2414 3801 »
2447 3752 2600 3817 Quid
2630 3752 2925 3822 significat
2972 3768 3077 3809 rex
3132 3753 3240 3809 iste
3282 3751 3460 3808 Israel
3503 3752 3792 3826 quaerente

2141 3861 2171 3889 «
2211 3840 2562 3912 expectavit,
2591 3842 2705 3896 nisi
2737 3841 3100 3908 sacerdotes,
3131 3842 3361 3898 scribas
3390 3846 3447 3898 et
3471 3840 3791 3914 pharisaeos

2138 3932 2396 3984 rectores
2422 3927 2769 3986 Judaeorum
2794 3930 2823 3985 ?
2846 3930 2976 3997 Qui,
3002 3930 3451 3987 considerantes
3481 3929 3649 4003 quod
3695 3942 3792 3983 un—

2138 4016 2321 4088 dique
2377 4017 2588 4090 plebes
2622 4018 2702 4074 ad
2752 4019 3217 4091 Redemptorem
3269 4022 3547 4075 nostrum
3595 4014 3790 4072 salutis

2139 4122 2262 4161 suae
2287 4121 2472 4163 causa
2500 4107 2839 4176 veniebant,
2876 4108 3050 4181 quasi
3102 4108 3550 4181 blasphemiam
3609 4104 3791 4163 existi-

2137 4200 2392 4263 mantes,
2423 4196 2783 4253 vestimenta
2800 4213 2909 4253 sua
2934 4196 3309 4267 scindebant,
3342 4196 3496 4253 sicut
3522 4196 3585 4253 in
3614 4199 3791 4252 Evanv

2138 4284 2291 4353 gelio
2321 4286 2561 4357 (Matth.
2596 4288 2755 4359 xxw)
2778 4287 3109 4359 principem
3141 4286 3552 4355 sacerdotum,
3596 4284 3791 4342 audita

2138 4374 2346 4431 Christi
2366 4376 2811 4449 praedicatione,
2840 4376 3051 4432 fecisse
3081 4376 3358 4447 legimus.
3395 4376 3514 4433 Sed
3538 4375 3791 4432 licetrex

2058 4469 2101 4524 D
2138 4463 2316 4520 Israel
2344 4464 2406 4521 in
2437 4464 2537 4522 tali
2566 4465 2776 4522 auditu
2823 4466 3221 4538 pertimescat,
3263 4470 3463 4522 tamen
3503 4464 3791 4538 propheta

2136 4552 2235 4607 Dei
2259 4568 2412 4625 quos
2441 4552 2520 4609 ad
2546 4570 2607 4609 se
2630 4554 2920 4624 migrasse
2952 4559 3334 4625 cognoverat,
3369 4554 3447 4611 ad
3480 4570 3546 4609 se
3598 4566 3792 4626 perve-

2134 4640 2261 4697 nire
2289 4643 2713 4714 persuadebat,
2736 4643 2971 4700 dicens:
3005 4666 3033 4693 ‹‹
3061 4643 3271 4701 Veniat
3297 4643 3378 4700 ad
3410 4659 3528 4712 me,
3563 4647 3622 4699 et
3650 4640 3788 4698 sciat

2134 4746 2263 4787 esse
2293 4731 2649 4804 prophetam
2694 4733 2756 4788 in
2814 4732 3014 4789 Israel.
3048 4756 3076 4783 η
3105 4736 3173 4789 Et
3223 4732 3514 4790 Dominus
3569 4736 3781 4788 noster:

2136 4842 2164 4871 ‹‹
2192 4822 2350 4886 Quos
2380 4821 2692 4893 prtescivit,
2721 4823 2833 4878 hos
2883 4829 2939 4879 et
2985 4822 3242 4891 vocavit,
3266 4827 3322 4879 et
3351 4838 3509 4895 quos
3535 4817 3782 4885 vocavit,

2134 4908 2268 4965 illos
2291 4912 2349 4965 et
2372 4909 2723 4981 justiﬁcavit
2750 4913 2939 4983 (Rom.
2974 4912 3116 4985 vni).
3148 4933 3177 4961 ››

2206 5056 2234 5085 ‹‹
2268 5034 2443 5090 Venit
2461 5050 2605 5105 ergo
2631 5038 2906 5093 Naaman
2926 5052 3067 5093 cum
3097 5037 3270 5110 equis
3295 5040 3353 5092 et
3399 5034 3692 5101 curribus,
3730 5034 3785 5088 et

2135 5146 2163 5173 ‹‹
2197 5124 2353 5180 stetit
2377 5125 2456 5180 ad
2486 5125 2707 5181 ostium
2738 5126 2960 5181 domus
2990 5125 3200 5182 Elisaei.
3239 5125 3515 5198 Misitque
3544 5123 3623 5181 ad
3651 5135 3781 5177 eum

2135 5234 2163 5264 «
2204 5212 2450 5269 Elisaeus
2471 5214 2774 5285 nuntium,
2798 5214 3032 5270 dicens:
3053 5214 3233 5283 Vade,
3253 5221 3311 5271 et
3337 5215 3542 5271 lavare
3573 5210 3781 5285 septies

2133 5324 2163 5352 α
2201 5303 2264 5359 in
2292 5303 2572 5371 Iordane,
2604 5308 2664 5360 et
2692 5304 2939 5370 recipiet
2952 5304 3275 5361 sanitatem
3305 5320 3449 5361 caro
3471 5308 3595 5374 tua,
3612 5306 3782 5372 atque

2133 5415 2163 5444 «
2203 5392 2616 5449 muudaberis.
2646 5393 2833 5450 Iratus
2863 5397 3136 5450 Naaman
3179 5394 3515 5461 recedebat,
3539 5392 3778 5448 dicens:

2134 5505 2164 5533 «
2203 5482 2498 5539 Putabam
2522 5482 2689 5556 quod
2720 5483 3104 5552 egrederetur
3132 5484 3212 5539 ad
3238 5499 3359 5555 me,
3402 5489 3460 5539 et
3503 5488 3671 5539 stans
3695 5479 3781 5535 in-

2131 5590 2164 5626 ‹
2200 5578 2442 5628 vocaret
2472 5588 2695 5628 nomen
2725 5573 2957 5629 Domini
2987 5573 3088 5629 Dei
3119 5574 3212 5629 sui
3234 5579 3289 5630 et
3313 5578 3584 5644 tangeret
3602 5584 3782 5629 manu

2133 5681 2162 5711 α
2204 5678 2311 5718 sua
2341 5661 2544 5721 locum
2592 5662 2797 5735 lepraa,
2832 5668 2891 5719 et
2928 5668 3171 5720 curaret
3198 5680 3321 5721 me.
3354 5662 3636 5735 Nunquid
3664 5674 3780 5717 non

2133 5772 2161 5801 ‹‹
2205 5752 2489 5809 meliores
2516 5762 2658 5813 sunt
2675 5752 2892 5811 Abana
2914 5760 2974 5812 et
2993 5755 3303 5827 Pharphar
3329 5754 3496 5812 ﬂuvii
3512 5747 3779 5811 Damasci
