3940 6410
117 297 212 350 505

1083 303 1336 360 ENABR.
1377 305 1448 361 IN
1487 305 1735 362 LIBROS
1773 306 2031 366 REGUM.
2073 341 2144 352 -—
2181 312 2252 369 IN
2293 314 2426 371 LIB.
2467 313 2556 372 IV.

3446 323 3551 379 806

117 441 142 469 ‹‹
168 417 458 475 omnibus
502 420 680 493 aquis
720 422 920 494 Israel,
973 428 1043 481 ut
1086 425 1251 483 laver
1297 427 1358 483 in
1407 428 1492 484 eis
1521 432 1577 485 et
1606 445 1782 485 mun-
1811 433 1858 486 Α
1891 454 1918 484 ‹‹
1953 434 2248 508 accipiam
2289 437 2517 512 aliquid
2548 438 2627 495 ab
2672 455 2766 508 eo,
2801 461 2828 489 »
2861 443 2919 496 et
2947 440 3199 515 reliqua.
3256 444 3394 500 Post
3420 442 3551 501 haec

119 532 141 557 ‹‹
168 507 316 564 der?
351 531 380 558 »
406 510 658 567 Veniens
687 512 936 585 quidem
969 515 1204 584 gentilis
1250 518 1514 589 populus
1547 519 1627 576 ad
1669 519 1778 576 do-

116 615 278 654 mum
310 599 506 656 Elisaei
545 602 754 672 nostri,
806 609 1079 662 sanctam
1111 606 1385 664 videlicet
1431 608 1777 680 Ecclesiam,

114 689 484 761 promissum
521 691 600 747 ab
633 707 705 748 eo
734 694 1012 750 nuntium
1028 696 1278 769 accepit,
1304 701 1368 754 ut
1393 713 1455 754 se
1485 698 1546 755 in
1573 699 1780 757 Jorda-

112 793 182 833 ne
213 779 436 851 septies
466 779 714 849 lavaret,
762 786 819 838 et
857 784 940 840 sic
983 785 1300 842 sanitatem
1341 787 1649 861 reciperet,
1689 793 1778 846 at-

114 883 225 940 que
257 869 696 926 mundaretur:
743 872 886 946 quia
935 890 1043 947 per
1071 875 1454 946 evangelicos
1483 879 1778 951 praedica-

116 963 260 1012 tores
286 958 583 1015 Dominus
613 960 783 1018 dicit:
819 986 847 1013 ‹‹
900 963 1016 1020 Nisi
1048 965 1187 1037 quis
1228 971 1472 1023 renatus
1501 967 1673 1025 fuerit
1703 985 1778 1026 ex

114 1062 265 1119 aqua
295 1050 354 1102 et
381 1048 603 1120 Spiritu
637 1055 866 1118 sancto,
901 1068 1025 1108 non
1066 1059 1262 1126 potest
1290 1055 1532 1113 introire
1578 1057 1641 1114 in
1683 1074 1776 1114 re-

112 1154 292 1206 gnum
324 1138 429 1193 Dei
465 1141 666 1212 (Joan.
699 1147 854 1210 111).»
889 1145 956 1200 Et
983 1144 1160 1201 item:
1197 1167 1225 1196 «
1247 1146 1359 1213 Qui
1384 1147 1701 1205 crediderit
1721 1152 1779 1207 et

110 1228 442 1301 baptizatus
471 1230 678 1287 fuerit:
713 1231 916 1289 salvus
947 1235 1087 1291 erit:
1125 1235 1230 1308 qui
1259 1253 1398 1293 vero
1429 1253 1552 1294 non
1585 1239 1776 1296 credi-

1890 527 2091 580 autem
2125 527 2431 601 Scriptura
2457 535 2683 599 narrat,
2734 530 2902 604 quod
2928 530 3080 587 Giezi
3109 547 3260 605 puer
3291 532 3402 588 viri
3449 534 3550 590 Dei

1887 614 2296 688 concupiverit
2323 617 2398 674 de
2411 618 2682 691 pecuniis
2703 635 2858 692 quas
2885 619 3209 693 prmdictus
3237 621 3425 694 Syrus
3448 620 3553 680 ho-

1887 701 2036 759 mini
2062 703 2165 762 Dei
2191 706 2468 776 attulerit,
2490 707 2596 764 sed
2627 724 2699 765 eo
2729 708 2969 766 nolente
3001 708 3228 782 ahquid
3255 710 3548 784 accipere,

1885 789 2027 849 inde
2055 793 2184 866 ipse
2213 810 2321 868 per
2349 796 2738 854 mendacium
2787 803 2956 872 turpe
3012 798 3352 871 acquisivit,
3382 800 3550 873 quod

1888 897 2038 937 suus
2076 884 2362 954 magister
2407 886 2679 960 accipere
2739 903 2846 961 per
2893 886 3077 944 ﬁdem
3125 888 3342 945 renuit.
3399 888 3550 946 Giezi

1884 987 2131 1045 quoque
2153 973 2575 1048 interpretatur
2595 984 2975 1048 praeruptum
3008 979 3234 1047 videns,
3268 979 3392 1036 sive
3422 981 3550 1037 val-

1888 1063 1961 1125 lis
1983 1064 2149 1132 visio,
2182 1070 2240 1122 et
2268 1066 2569 1137 signiﬁcat
2593 1068 2912 1125 Iudaicum
2954 1068 3275 1142 populum,
3306 1069 3411 1143 qui
3441 1069 3549 1127 ali-

1884 1153 2135 1226 quando
2162 1171 2317 1229 puer
2352 1157 2461 1213 viri
2495 1157 2617 1228 Dei,
2648 1159 2946 1232 propheta
3006 1163 3342 1229 attestante,
3370 1175 3549 1218 voca-

1881 1241 2084 1312 batur,
2133 1245 2287 1302 sicut
2330 1248 2479 1303 Osee
2523 1247 2702 1304 dicit:
2739 1271 2767 1299 «
2798 1251 2950 1306 Puer
2997 1249 3177 1306 Israel
3234 1254 3291 1306 et
3345 1249 3551 1307 dilexit

109 1319 271 1388 derit,
305 1321 821 1379 condemnabitur
848 1325 1060 1395 (Marc.
1109 1328 1252 1399 xv1).
1289 1349 1316 1377 ››
1359 1328 1638 1386 Jordanis
1670 1331 1776 1387 ita-
1813 1364 1820 1370 -

107 1426 217 1482 que
239 1426 419 1484 aquae
449 1427 691 1468 sacrum
711 1413 1017 1488 baptisma
1043 1416 1404 1487 signiﬁcant,
1429 1421 1574 1493 quia
1601 1420 1661 1476 in
1692 1421 1776 1478 eis

111 1499 376 1557 Salvator
391 1502 984 1577 nosterbaptismum
1003 1507 1180 1564 nobis
1199 1509 1776 1577 consecravit.Quod

109 1595 301 1646 autem
331 1594 612 1648 Naaman
636 1593 986 1665 indignatus
1016 1595 1092 1653 de
1123 1595 1225 1653 tali
1264 1614 1576 1673 responso,
1605 1600 1774 1658 lava-
1883 1605 1980 1658 tus
2003 1607 2092 1659 est
2137 1608 2459 1677 terrenam,
2508 1622 2697 1678 quam
2729 1605 2853 1662 Filii
2885 1606 2986 1662 Dei
3033 1622 3142 1680 per
3168 1605 3548 1679 baptismum

110 1683 328 1738 tionem
357 1697 537 1755 aqua:
558 1683 897 1741 Jordanicae
923 1686 1216 1761 despexit,
1237 1689 1683 1762 simplicitatem
1701 1693 1774 1748 si-
1882 1691 2069 1748 renati
2105 1700 2475 1765 spreverunt,
2496 1710 2605 1768 per
2634 1695 2992 1752 sententiam
3022 1695 3161 1768 justi
3176 1694 3398 1767 judicis
3424 1694 3546 1763 Dei,

109 1770 349 1839 gniﬁcat
379 1771 647 1838 rudium,
681 1774 787 1846 qui
846 1775 1216 1848 spiritualem
1271 1795 1397 1834 non
1448 1785 1775 1852 potuerunt
1806 1790 1844 1844 Β
1880 1779 2114 1855 lepram
2154 1783 2369 1839 erroris
2398 1800 2587 1857 quam
2622 1785 2931 1841 credentes
2960 1785 3385 1859 deposuerant,
3417 1783 3547 1858 ipse

105 1860 428 1932 intelligere
455 1860 832 1931 efﬁcaciam;
873 1884 902 1917 α
933 1866 1078 1939 quia
1110 1867 1391 1924 animalis
1421 1869 1608 1926 homo
1647 1887 1772 1928 non
1883 1870 1998 1926 sibi
2036 1871 2346 1943 conscivit,
2377 1888 2616 1930 necnon
2660 1879 2717 1930 et
2745 1889 2959 1930 omnes
3009 1873 3117 1946 qui
3159 1878 3295 1947 post
3323 1873 3549 1946 baptis-

107 1951 366 2023 percepit
396 1967 471 2007 ea
498 1967 636 2024 qua:
668 1959 808 2010 sunt
834 1954 1085 2028 Spiritus
1117 1957 1219 2013 Dei
1239 1958 1299 2029 (Ῑ
1326 1958 1465 2015 Cor.
1497 1962 1579 2031 ιι).
1613 1982 1640 2011 ››
1881 1975 2052 2015 mum
2078 1965 2137 2016 et
2185 1961 2672 2018 emendationem
2704 1962 2840 2018 vitae
2870 1961 2951 2018 ad
2999 1962 3258 2035 pristina
3285 1961 3432 2017 vitia
3457 1977 3546 2017 re-

1885 1349 2025 1389 eum
2057 1334 2212 1405 (Ose.
2238 1339 2343 1404 x1).
2381 1359 2408 1386 ι
2442 1336 2557 1394 Sed
2595 1342 2924 1411 postquam
2955 1343 3157 1412 spreto
3203 1339 3545 1410 Evangelio,

1885 1428 1942 1479 et
1962 1423 2248 1482 cruciﬁxo
2268 1425 2408 1482 Filio
2430 1427 2550 1495 Dei,
2584 1428 2975 1500 semetipsum
3004 1428 3105 1484 Dei
3135 1427 3234 1484 tali
3260 1428 3548 1500 dignitate

1883 1512 1946 1569 in
1976 1513 2213 1570 foveam
2247 1515 2512 1572 avaritiae
2541 1517 2945 1591 praecipitans,
2963 1517 3354 1591 cupiditatem
3385 1533 3550 1573 secu-

170 2062 196 2089 ‹‹
233 2042 386 2096 Cum
419 2058 566 2112 ergo
607 2044 881 2100 vertisset
911 2062 973 2102 se
999 2051 1056 2103 et
1077 2046 1270 2104 abiret
1297 2049 1647 2121 indignans,
1676 2068 1771 2109 ac-

109 2151 133 2181 ‹
158 2137 466 2189 cesserunt
496 2133 575 2189 ad
605 2150 745 2190 eum
778 2137 935 2192 servi
985 2138 1100 2206 sui,
1153 2144 1212 2195 et
1265 2139 1449 2197 locuti
1488 2147 1630 2198 sunt
1670 2142 1721 2198 ei
1752 2159 1765 2198 :

110 2244 134 2270 «
168 2224 355 2292 Pater,
383 2223 495 2280 etsi
526 2239 654 2280 rem
687 2225 983 2294 grandem
1013 2227 1259 2285 dixisset
1307 2229 1412 2286 tibi
1450 2231 1766 2304 propheta,

108 2332 133 2358 «
160 2315 312 2367 certe
334 2311 533 2369 facere
573 2312 874 2370 debueras
905 2332 917 2371 :
950 2321 1182 2388 quanto
1211 2319 1408 2388 magis
1437 2319 1582 2392 quia
1605 2336 1770 2378 nunc

109 2419 136 2451 ‹
162 2399 304 2456 dixit
337 2401 467 2469 tibi,
499 2402 706 2459 lavare
745 2407 804 2460 et
850 2405 1298 2464 mundaberis?
1355 2408 1675 2466 Descendit
1711 2417 1768 2467 et

106 2510 132 2536 ‹‹
159 2488 298 2545 lavit
324 2490 386 2546 in
432 2489 696 2548 Iordane
745 2493 984 2566 septies,
1039 2494 1214 2565 juxta
1265 2512 1608 2554 sermonem
1656 2499 1767 2555 viri

107 2600 132 2626 «
167 2580 343 2647 Dei,et
362 2580 642 2638 restituta
661 2585 749 2638 est
774 2597 915 2639 caro
939 2584 989 2655 ej
1000 2601 1071 2639 us
1091 2586 1243 2642 sicut
1272 2603 1412 2644 caro
1434 2588 1606 2660 pueri
1623 2604 1763 2661 par—

105 2688 130 2715 ‹‹
160 2668 294 2738 vuli,
325 2674 382 2726 et
409 2670 744 2727 mundatus
775 2677 881 2729 est.
920 2695 949 2723 »
973 2675 1126 2730 Bene
1143 2691 1287 2745 ergo
1313 2677 1469 2733 servi
1493 2681 1763 2734 Naaman

104 2757 334 2815 meliore
379 2759 658 2828 consilio,
717 2761 796 2816 ad
843 2762 1279 2834 perﬁciendum
1323 2765 1472 2822 illud
1510 2767 1765 2825 manda-

104 2849 221 2902 tum
260 2848 708 2921 propheticum,
742 2858 1196 2924 persuaserunt,
1249 2854 1396 2927 quia
1448 2872 1608 2929 saepe
1658 2859 1764 2912 Do-

106 2936 294 2993 minus
317 2938 550 3010 juniori
570 2938 794 2996 revelat
822 2941 989 3013 quod
1021 2942 1235 2998 melius
1265 2948 1355 3000 est
1388 2945 1632 3012 (Matth.
1656 2945 1760 3018 x1).

107 3027 165 3081 Et
193 3027 531 3083 secundum
580 3029 730 3085 Petri
762 3045 995 3094 vocem,
1030 3054 1058 3080 «
1110 3048 1436 3106 personam
1482 3039 1764 3107 acceptor

1879 2053 2202 2118 vertentur,
2239 2049 2523 2106 sordibus
2566 2050 2789 2124 quibus
2817 2067 2882 2106 se
2926 2055 3137 2106 exutos
3195 2048 3543 2123 sperabant,

1879 2136 2094 2194 iterum
2125 2139 2395 2213 impliciti
2443 2140 2852 2197 involvuntur.
2890 2140 3054 2196 Unde
3093 2139 3385 2214 scriptum
3415 2144 3541 2196 est:

1879 2247 1910 2280 ‹
1951 2229 2128 2285 Canis
2160 2245 2439 2285 reversus
2488 2229 2566 2286 ad
2610 2230 2906 2287 vomitum
2935 2247 3136 2300 suum,
3176 2234 3234 2286 et
3263 2245 3368 2284 sus
3419 2227 3546 2285 lota

1878 2315 1940 2371 in
1971 2316 2286 2374 volutabro
2316 2318 2446 2384 luti,
2489 2319 2573 2376 sic
2606 2319 2823 2376 stultus
2877 2319 2983 2393 qui
3026 2319 3199 2376 iterat
3229 2317 3540 2375 stultitiam

1879 2422 2055 2462 suam
2089 2407 2289 2478 (Prov.
2321 2411 2499 2481 xxvx).
2528 2430 2556 2457 »

2521 2551 2752 2608 CAPUT
2796 2550 2894 2608 VI.

1947 2697 1974 2724 «ί
2009 2675 2294 2732 Dixerunt
2312 2681 2514 2734 autem
2531 2677 2635 2733 ﬁlii
2665 2678 3099 2751 prophetarum
3130 2677 3209 2734 ad
3237 2676 3535 2733 Elisaaum:

1874 2784 1905 2812 «ί
1938 2767 2086 2820 Ecce
2113 2765 2284 2821 locus
2313 2766 2374 2822 in
2405 2782 2530 2839 quo
2556 2766 2905 2823 habitamus
2959 2781 3164 2824 coram
3199 2771 3274 2836 te,
3319 2780 3541 2836 angus-

1874 2873 1905 2903 α
1937 2856 2030 2909 tus
2059 2859 2145 2911 est
2195 2855 2393 2911 nobis.
2453 2859 2674 2911 Eamus
2717 2872 2910 2929 usque
2967 2858 3046 2912 ad
3087 2854 3435 2922 Jordanem,
3483 2858 3542 2911 et

1873 2959 1904 2994 ‹
1936 2941 2144 2999 tollant
2169 2943 2387 3014 singuli
2418 2944 2492 3000 de
2516 2945 2663 3000 silva
2681 2945 2964 3001 materias
2986 2943 3279 3015 singulas,
3311 2947 3377 2999 ut
3395 2942 3540 2998 aedi-

1873 3057 1902 3084 κ
1932 3031 2185 3089 ﬁcemus
2215 3033 2391 3089 nobis
2411 3033 2495 3089 ibi
2521 3033 2726 3090 locum
2766 3033 2846 3090 ad
2866 3033 3294 3090 habitandum.
3319 3031 3429 3094 Qui
3450 3031 3539 3088 di-

106 3114 249 3170 Deus
276 3131 400 3172 non
431 3121 524 3173 est
549 3118 740 3185 (Rom.
768 3119 850 3191 ιι),
904 3119 1013 3175 sed
1042 3120 1104 3176 in
1151 3121 1319 3178 omni
1350 3126 1524 3192 gente
1555 3123 1660 3196 qui
1698 3123 1763 3178 ti-
1793 3147 1833 3202 ο
1873 3147 1900 3174 «ι
1934 3123 2017 3178 xit
2049 3139 2062 3178 :
2093 3127 2192 3177 Ite.
2218 3125 2284 3177 Et
2313 3122 2581 3177 aitmnus
2608 3137 2681 3177 ex
2702 3121 2849 3177 illis:
2881 3122 3024 3177 Veni
3050 3135 3195 3190 ergo
3223 3125 3281 3176 et
3310 3124 3374 3175 tu
3399 3136 3538 3175 cum

107 3210 220 3261 met
248 3205 460 3273 Deum,
484 3211 545 3262 et
577 3212 863 3281 operatur
887 3209 1210 3280 justitiam,
1244 3215 1529 3284 acceptus
1558 3216 1648 3268 est
1679 3212 1762 3268 illi

105 3293 247 3364 (Act.
268 3296 342 3365 ιι).
376 3319 406 3347 ››
437 3328 510 3338 -
540 3297 700 3354 Abiit
727 3301 785 3354 et
815 3297 959 3356 lavit
987 3301 1206 3374 septies
1222 3301 1396 3372 juxta
1417 3317 1762 3359 sermonem

104 3382 203 3439 viri
237 3385 357 3458 Dei,
390 3391 448 3442 et
470 3387 747 3444 restituta
792 3393 879 3445 est
906 3405 1050 3446 caro
1079 3390 1210 3459 ejus
1236 3390 1389 3447 sicut
1418 3407 1561 3447 caro
1592 3391 1764 3463 pueri

103 3474 361 3544 parvuli:
409 3477 560 3549 quia
597 3477 930 3534 mundatus
982 3479 1156 3552 aquis
1203 3480 1605 3554 baptismatis,
1655 3497 1764 3555 per

105 3560 536 3622 invocationem
565 3566 930 3639 septiformis
961 3568 1234 3641 Spiritus,
1267 3569 1528 3642 quisque
1556 3586 1761 3627 veram

103 3651 770 3724 recipietsanitatem,ut
801 3656 879 3712 ad
908 3656 1244 3714 innocentis
1273 3658 1408 3714 vitae
1440 3658 1762 3716 infantiam

103 3740 416 3811 redigatur,
434 3747 494 3800 et
517 3744 652 3799 vitae
682 3749 915 3801 aeternae
942 3745 1282 3817 ingressum
1309 3748 1617 3821 percipere
1640 3764 1762 3805 me-

104 3836 305 3888 reatur.
340 3832 509 3890 Unde
538 3833 674 3907 ipsa
707 3835 929 3892 Veritas
961 3836 1087 3891 suis
1129 3837 1442 3910 discipulis
1467 3839 1581 3894 ait:
1617 3861 1644 3888 ‹‹
1673 3837 1763 3894 Ni-

106 3917 150 3973 si
211 3922 480 3979 conversi
539 3921 768 3979 fueritis
833 3928 891 3980 et
939 3923 1286 3982 eiﬁciamini
1339 3926 1490 3982 sicut
1545 3942 1764 4001 parvu-

104 4005 156 4074 li,
213 4025 332 4068 non
377 4011 679 4070 intrabitis
729 4014 793 4070 in
852 4029 1109 4085 regnum
1162 4015 1456 4072 caelorum
1518 4017 1757 4088 (Matth.

105 4101 272 4171 xvm).
308 4125 336 4151 »

173 4190 484 4265 «Denique
515 4207 797 4248 reversus
829 4195 1101 4248 Naaman
1153 4191 1233 4248 ad
1262 4193 1462 4250 virum
1493 4193 1593 4250 Dei
1619 4211 1761 4251 cum

108 4298 134 4324 κ
164 4277 433 4336 universo
496 4281 785 4337 comitatu
836 4297 970 4348 suo,
1013 4281 1171 4338 venit
1227 4288 1284 4338 et
1340 4283 1496 4339 stetit
1552 4299 1760 4340 coram

112 4386 137 4412 «
164 4381 252 4437 eo,
282 4374 337 4425 et
359 4369 476 4427 ait:
515 4371 658 4426 Vere
689 4369 814 4428 scio
843 4370 1013 4444 quod
1062 4387 1190 4427 non
1217 4371 1290 4427 sit
1317 4371 1472 4428 alius
1505 4375 1660 4429 Deus
1698 4373 1760 4430 in

107 4457 432 4517 «universa
462 4465 643 4525 terra,
674 4460 790 4515 nisi
822 4463 1057 4517 tantum
1103 4460 1165 4516 in
1212 4461 1408 4518 Israel.
1447 4485 1474 4511 »
1517 4465 1649 4518 Haec
1672 4467 1761 4519 est

107 4544 255 4601 enim
286 4548 582 4606 catholica
613 4548 935 4621 professio,
965 4550 1132 4622 quod
1186 4574 1213 4600 «
1241 4553 1396 4607 Deus
1424 4551 1756 4622 Abraham,

108 4633 249 4692 Deus
271 4641 436 4696 Isaac
456 4644 516 4696 et
537 4641 693 4695 Deus
723 4640 932 4711 Jacob,
960 4657 1083 4697 non
1115 4646 1203 4698 est
1223 4647 1622 4710 mortuorum,
1653 4643 1760 4698 sed

107 4721 442 4784 viventium.
479 4750 510 4778 »
541 4730 758 4800 (Marc.
801 4734 928 4798 xu).
967 4753 996 4780 ‹‹
1051 4731 1351 4796 Quoniam
1402 4748 1616 4787 omnes
1677 4732 1758 4787 dii

109 4815 360 4878 gentium
397 4818 725 4883 daemonia,
784 4819 1075 4875 Dominus
1125 4825 1330 4877 autem
1390 4821 1573 4877 caelos
1625 4820 1761 4877 fecit

109 4901 284 4968 (Psat.
315 4907 473 4978 xcv).
509 4928 526 4959 ι
569 4910 636 4963 Et
659 4911 724 4963 ut
750 4912 971 4964 cuncta
999 4908 1096 4963 hic
1133 4908 1423 4982 baptismi
1455 4910 1638 4966 scires
1670 4926 1760 4967 sa-

109 4998 406 5051 cramenta
433 5000 924 5069 praemonstrata,
958 4996 1020 5052 in
1047 5013 1172 5070 quo
1195 4998 1624 5054 abrenuntiare
1653 5001 1756 5056 Sa-

109 5076 274 5147 tanae,
314 5097 382 5138 ac
419 5084 604 5141 ﬁdem
634 5085 873 5142 Domini
902 5085 1172 5142 conﬁteri
1200 5087 1610 5161 prmcipimur,
1659 5103 1758 5142 ne-

111 5171 204 5232 Sat
233 5185 292 5224 se
313 5173 584 5230 Naaman
617 5173 775 5232 ultra
792 5174 908 5230 diis
937 5173 1146 5231 alienis
1167 5174 1497 5245 litaturum,
1521 5174 1629 5232 soli
1651 5192 1759 5248 per

109 5257 300 5314 omnia
329 5262 581 5319 Domino
621 5263 1004 5320 serviturum.
1039 5263 1276 5322 Partem
1307 5279 1552 5337 quoque
1580 5268 1748 5320 terrea

113 5353 322 5405 sanctae
379 5368 585 5410 secum
655 5353 856 5410 tollere
913 5354 1158 5427 gaudet,
1212 5356 1360 5428 quia
1411 5353 1748 5428 baptizatos

113 5442 331 5504 oportet
355 5441 649 5499 Dominici
678 5459 927 5517 quoque
973 5443 1244 5517 corporis
1296 5443 1757 5517 participatione

113 5524 460 5586 conﬁrmari.

182 5634 207 5660 «ι
233 5616 493 5693 Dixitque
516 5621 670 5678 Giezi
685 5637 838 5696 puer
853 5621 962 5678 viri
994 5621 1093 5678 Dei
1130 5640 1142 5677 :
1183 5621 1447 5695 Pepercit
1474 5621 1758 5678 dominus

119 5718 143 5743 «
176 5701 430 5764 Naaman
485 5710 634 5782 Syro
680 5711 796 5777 isti,
830 5715 893 5767 ut
932 5725 1055 5767 non
1087 5711 1384 5784 acciperet
1411 5710 1488 5767 ab
1519 5727 1590 5766 eo
1621 5727 1758 5783 quae

119 5805 145 5832 α
175 5792 369 5852 attulit.
400 5796 549 5856 Vivit
587 5799 880 5857 Dominus
924 5800 1071 5874 quia
1116 5816 1355 5858 curram
1401 5805 1544 5875 post
1594 5816 1756 5874 eum,

1873 3234 1900 3263 «
1937 3210 2124 3267 servis
2156 3211 2291 3267 tuis.
2318 3211 2678 3284 Respondit:
2709 3213 2832 3281 Ego
2861 3210 3123 3267 veniam.
3147 3211 3214 3265 Et
3233 3208 3380 3264 abiit
3398 3223 3540 3264 cum

1873 3324 1902 3353 ς(
1937 3301 2043 3358 eis.
2077 3303 2349 3373 Cumque
2379 3299 2685 3356 venissent
2713 3299 2793 3356 ad
2821 3299 3170 3367 Jordanem,
3221 3296 3541 3354 caedebant

1874 3413 1902 3440 «
1930 3391 2114 3463 ligna.
2163 3389 2392 3445 Accidit
2432 3393 2636 3445 autem
2685 3393 2772 3456 ut,
2822 3404 2962 3445 cum
3010 3403 3170 3444 unus
3223 3387 3540 3444 materiam

1874 3503 1902 3529 «
1937 3479 2306 3549 succidisset,
2349 3473 2592 3534 caderet
2644 3477 2867 3536 ferrum
2903 3477 3130 3534 securis
3186 3477 3246 3533 in
3287 3488 3537 3550 aquam.

1874 3591 1902 3620 ‹‹
1938 3567 2427 3641 Exclamavitque
2480 3567 2598 3624 ille.
2631 3571 2688 3624 et
2742 3567 2855 3624 ait:
2892 3570 3034 3635 Heu,
3067 3566 3207 3634 heu,
3257 3565 3398 3634 heu,
3429 3565 3540 3621 Do-

1876 3681 1902 3708 «
1932 3658 2096 3714 mine
2129 3657 2233 3726 mi,
2278 3663 2336 3714 et
2377 3657 2495 3713 hoc
2546 3656 2750 3730 ipsum
2800 3661 3015 3714 mutuo
3045 3670 3422 3728 acceperam.
3453 3654 3542 3710 Di-

1875 3770 1902 3799 ‹‹
1929 3749 2015 3804 xit
2044 3751 2247 3804 autem
2277 3747 2463 3803 homo
2492 3746 2612 3803 Dei.
2655 3746 2764 3803 Ubi
2790 3745 3039 3802 cecidit?
3094 3749 3166 3801 At
3206 3743 3303 3800 ille
3337 3758 3540 3799 mons-

1874 3861 1902 3888 ‹‹
1937 3837 2112 3894 travit
2140 3836 2194 3893 ei
2223 3835 2449 3893 locum.
2494 3835 2768 3892 Prmcidit
2796 3850 2940 3906 ergo
2969 3833 3227 3904 lignum,
3279 3835 3338 3888 et
3380 3830 3542 3888 misit

1872 3947 1903 3982 ‹
1929 3927 2088 3983 illuc.
2123 3927 2481 4000 Natavitque
2536 3924 2784 3996 ferrum,
2813 3929 2872 3980 et
2913 3925 3021 3981 ait:
3069 3922 3258 3980 Tolle.
3301 3921 3413 3988 Qui
3443 3936 3532 3978 ex

1874 4039 1901 4066 «
1932 4015 2121 4073 tendit
2149 4032 2426 4081 manum,
2447 4022 2505 4072 et
2541 4013 2671 4071 tulit
2707 4013 2874 4071 illud.
2913 4036 2942 4064 »
2974 4013 3111 4069 Haec
3149 4012 3352 4086 itaque
3381 4011 3539 4069 actio

1871 4106 2026 4161 bene
2051 4104 2437 4177 Redemptori
2466 4107 2677 4159 nostro
2708 4101 2986 4159 convenit
3013 4117 3122 4176 per
3150 4101 3538 4172 signiﬁcatio-

1870 4211 2032 4251 nem.
2094 4197 2243 4251 Cum
2274 4194 2454 4264 igitur
2479 4193 2792 4250 securibus
2823 4192 2990 4264 ligna
3038 4192 3430 4263 caederentur,
3462 4190 3539 4247 de

1869 4284 2035 4356 ligno
2063 4284 2288 4340 ferrum
2320 4283 2598 4340 exsiliens
2620 4284 2681 4339 in
2697 4284 3072 4358 profundum
3100 4283 3368 4340 ﬂuminis
3387 4297 3540 4339 mer-

1871 4389 2007 4429 sum
2030 4376 2138 4440 est,
2167 4377 2347 4446 atque
2372 4372 2433 4427 in
2457 4371 2692 4443 lignum
2734 4373 3002 4446 desuper
3029 4372 3109 4428 ab
3159 4371 3371 4428 Elisteo
3401 4386 3539 4444 pro-

1795 4501 1842 4555 υ
1865 4462 2092 4534 jectum
2132 4478 2440 4518 reversum
2470 4466 2594 4518 est:
2647 4461 2730 4517 ita
2768 4463 2952 4518 etiam
2981 4478 3121 4518 cum
3171 4461 3393 4535 impios
3440 4461 3539 4516 Ju-

1871 4551 2060 4623 daeos,
2091 4567 2200 4624 per
2225 4567 2446 4625 corpus
2488 4556 2739 4624 operata
2787 4551 3110 4624 praesentia
3142 4550 3378 4619 Christi,
3406 4554 3538 4605 tan-

1868 4657 2057 4714 quam
2089 4640 2499 4697 infructuosas
2524 4639 2770 4696 arbores
2798 4638 3073 4705 caederet,
3121 4639 3266 4710 quia
3313 4636 3389 4691 de
3433 4634 3538 4692 illa

1868 4731 2134 4786 Joannes
2166 4728 2425 4785 dixerat:
2451 4751 2477 4777 (ί
2523 4731 2670 4784 Ecce
2701 4727 2925 4783 securis
2955 4724 3036 4782 ad
3064 4724 3331 4780 radicem
3353 4721 3534 4778 arbo-

1868 4835 2006 4876 rum
2046 4817 2246 4892 posita
2275 4821 2364 4872 est
2384 4816 2626 4888 (Matth.
2658 4821 2768 4885 in),
2794 4837 2822 4864 »
2872 4815 2951 4870 ab
2992 4814 3078 4869 eis
3105 4811 3534 4868 interveniente

1868 4908 2148 4981 passione
2177 4922 2396 4980 corpus
2417 4905 2623 4978 ipsum
2644 4903 2924 4970 deseruit,
2950 4900 3255 4976 profunda
3282 4900 3532 4956 descen-

1868 4996 1974 5064 dit,
2005 4995 2173 5070 quod
2199 4995 2261 5052 in
2285 4993 2594 5068 sepultura
2623 4991 2986 5066 depositum,
3009 4993 3306 5063 tanquam
3317 4988 3396 5046 ad
3408 5004 3536 5045 ma-

1867 5085 2178 5156 nubrium,
2211 5085 2422 5158 spiritu
2449 5081 2737 5140 redeunte
2775 5081 3112 5138 resurrexit.
3146 5080 3328 5137 Aliter
3355 5095 3368 5135 :
3400 5080 3532 5136 Fer-

1867 5192 2001 5232 rum
2023 5175 2085 5230 in
2118 5174 2462 5242 manubrio,
2496 5173 2728 5228 donum
2754 5171 3089 5228 intellectus
3123 5171 3183 5227 in
3213 5170 3395 5227 corde
3421 5174 3530 5225 est.

1871 5263 2055 5334 Ligna
2086 5279 2225 5319 vero
2257 5277 2365 5334 per
2385 5264 2500 5318 hoc
2529 5259 2780 5327 caedere,
2805 5264 2898 5316 est
2927 5275 3112 5334 prave
3139 5263 3389 5331 agentes
3447 5256 3535 5312 in-

1869 5367 2135 5424 crepare.
2194 5350 2368 5418 Quod
2416 5365 2862 5422 nonnunquam
2920 5349 3066 5404 dum
3120 5347 3281 5402 ﬂuxe
3311 5344 3530 5416 agitur,

1868 5441 2016 5498 dum
2046 5441 2256 5514 lapsus
2284 5456 2460 5497 vanae
2489 5439 2692 5511 gloriae
2719 5439 2782 5494 in
2813 5442 3062 5511 accepta
3091 5436 3304 5492 eadem
3336 5433 3532 5490 scien-

1869 5531 1951 5587 tia
1975 5545 2099 5587 non
2129 5530 2368 5596 vitatur,
2402 5529 2626 5585 ferrum
2658 5528 2719 5584 in
2742 5543 2906 5602 aqua
2945 5525 3234 5600 perditur,
3279 5523 3428 5598 quia
3457 5539 3532 5580 ex

1869 5619 2162 5677 dissoluto
2245 5633 2426 5690 opere
2490 5616 2881 5687 intelligentia
2947 5615 3246 5671 fatuatur.
3335 5614 3531 5680 Quam

1869 5708 2134 5782 profecto
2165 5706 2638 5777 intelligentiam,
2672 5706 2749 5762 ad
2776 5707 2889 5762 hoc
2925 5705 3208 5761 novimus
3253 5702 3407 5770 dari,
3464 5706 3533 5757 ut

1869 5802 2007 5856 ante
2030 5797 2232 5856 dantis
2269 5797 2500 5865 oculos,
2550 5811 2625 5860 ex
2671 5795 2837 5861 bona
2885 5795 3106 5858 debeat
3140 5793 3373 5854 actione
3402 5806 3530 5846 res-
