  <div class='ocr_page' id='page_1' title='image "/cluster/home/n/w/nwhite01/storage/ocr_20150623/115-116/uc1.31175006916467/261.png"; bbox 0 0 3940 6410; ppageno 0'>
   <div class='ocr_carea' id='block_1_1' title="bbox 397 259 500 333">
    <p class='ocr_par' dir='ltr' id='par_1_1' title="bbox 397 259 500 333">
     <span class='ocr_line' id='line_1_1' title="bbox 397 259 500 333; baseline -0.039 0"><span class='ocrx_word' id='word_1_1' title='bbox 397 259 500 333; x_wconf 62' lang='grc' dir='ltr'>ξοιῖ</span> 
     </span>
    </p>
   </div>
   <div class='ocr_carea' id='block_1_2' title="bbox 1497 251 2701 332">
    <p class='ocr_par' dir='ltr' id='par_1_2' title="bbox 1497 251 2701 332">
     <span class='ocr_line' id='line_1_2' title="bbox 1497 251 2701 332; baseline 0.001 -22"><span class='ocrx_word' id='word_1_2' title='bbox 1497 253 1856 328; x_wconf 62' lang='lat' dir='ltr'>ANGELOMI</span> <span class='ocrx_word' id='word_1_3' title='bbox 1893 251 2346 332; x_wconf 67' lang='lat' dir='ltr'>Lexovieusls</span> <span class='ocrx_word' id='word_1_4' title='bbox 2385 253 2701 314; x_wconf 69' lang='lat' dir='ltr'>nomen!</span> 
     </span>
    </p>
   </div>
   <div class='ocr_carea' id='block_1_3' title="bbox 3733 255 3838 319">
    <p class='ocr_par' dir='ltr' id='par_1_3' title="bbox 3733 255 3838 319">
     <span class='ocr_line' id='line_1_3' title="bbox 3733 255 3838 319; baseline -0.105 0"><span class='ocrx_word' id='word_1_5' title='bbox 3733 255 3838 319; x_wconf 64' lang='grc' dir='ltr'>ξοδ</span> 
     </span>
    </p>
   </div>
   <div class='ocr_carea' id='block_1_4' title="bbox 398 373 3832 467">
    <p class='ocr_par' dir='ltr' id='par_1_4' title="bbox 398 373 3832 467">
     <span class='ocr_line' id='line_1_4' title="bbox 398 373 3832 467; baseline -0.001 -30"><span class='ocrx_word' id='word_1_6' title='bbox 398 383 545 456; x_wconf 77' lang='lat' dir='ltr'>titni.</span> <span class='ocrx_word' id='word_1_7' title='bbox 567 382 734 447; x_wconf 84' lang='lat' dir='ltr'>Unde</span> <span class='ocrx_word' id='word_1_8' title='bbox 758 385 914 443; x_wconf 90' lang='lat' dir='ltr'>recte</span> <span class='ocrx_word' id='word_1_9' title='bbox 933 381 986 456; x_wconf 85' lang='lat' dir='ltr'>is</span> <span class='ocrx_word' id='word_1_10' title='bbox 1012 381 1114 467; x_wconf 85' lang='lat' dir='ltr'>qui</span> <span class='ocrx_word' id='word_1_11' title='bbox 1142 379 1366 437; x_wconf 89' lang='lat' dir='ltr'>ferrum</span> <span class='ocrx_word' id='word_1_12' title='bbox 1387 377 1685 446; x_wconf 83' lang='lat' dir='ltr'>amiserat,</span> <span class='ocrx_word' id='word_1_13' title='bbox 1713 375 2049 432; x_wconf 87' lang='lat' dir='ltr'>clamabat:</span> <span class='ocrx_word' id='word_1_14' title='bbox 2085 377 2133 451; x_wconf 75' lang='grc' dir='ltr'><strong>ᾼ</strong></span> <span class='ocrx_word' id='word_1_15' title='bbox 2164 375 2464 467; x_wconf 83' lang='lat' dir='ltr'>simplices</span> <span class='ocrx_word' id='word_1_16' title='bbox 2488 379 2558 467; x_wconf 76' lang='lat' dir='ltr'>ut</span> <span class='ocrx_word' id='word_1_17' title='bbox 2583 375 2896 434; x_wconf 77' lang='lat' dir='ltr'>columbae.</span> <span class='ocrx_word' id='word_1_18' title='bbox 2931 396 2960 424; x_wconf 85' lang='lat'>»</span> <span class='ocrx_word' id='word_1_19' title='bbox 2994 377 3059 438; x_wconf 88' lang='lat' dir='ltr'>Et</span> <span class='ocrx_word' id='word_1_20' title='bbox 3087 373 3341 467; x_wconf 29' lang='grc' dir='ltr'>ἱῖεξιιῖι-ε--αΔ</span> <span class='ocrx_word' id='word_1_21' title='bbox 3383 375 3597 448; x_wconf 79' lang='lat' dir='ltr'>Cavete</span> <span class='ocrx_word' id='word_1_22' title='bbox 3623 379 3832 467; x_wconf 81' lang='lat' dir='ltr'>autem</span> 
     </span>
    </p>
   </div>
   <div class='ocr_carea' id='block_1_5' title="bbox 401 467 2054 546">
    <p class='ocr_par' dir='ltr' id='par_1_5' title="bbox 401 467 2054 546">
     <span class='ocr_line' id='line_1_5' title="bbox 401 467 2054 546; baseline -0.005 -18"><span class='ocrx_word' id='word_1_23' title='bbox 401 495 432 538; x_wconf 66' lang='grc' dir='ltr'>σς</span> <span class='ocrx_word' id='word_1_24' title='bbox 461 475 604 546; x_wconf 79' lang='lat' dir='ltr'>Heu,</span> <span class='ocrx_word' id='word_1_25' title='bbox 631 473 768 546; x_wconf 76' lang='lat' dir='ltr'>hen,</span> <span class='ocrx_word' id='word_1_26' title='bbox 799 472 938 542; x_wconf 81' lang='lat' dir='ltr'>heu,</span> <span class='ocrx_word' id='word_1_27' title='bbox 973 470 1218 542; x_wconf 73' lang='lat' dir='ltr'>Domine</span> <span class='ocrx_word' id='word_1_28' title='bbox 1250 469 1351 532; x_wconf 87' lang='lat' dir='ltr'>mi,</span> <span class='ocrx_word' id='word_1_29' title='bbox 1376 473 1432 526; x_wconf 92' lang='lat' dir='ltr'>et</span> <span class='ocrx_word' id='word_1_30' title='bbox 1468 469 1583 523; x_wconf 91' lang='lat' dir='ltr'>hoc</span> <span class='ocrx_word' id='word_1_31' title='bbox 1612 467 1812 540; x_wconf 88' lang='lat' dir='ltr'>ipsum</span> <span class='ocrx_word' id='word_1_32' title='bbox 1845 469 2054 525; x_wconf 87' lang='lat' dir='ltr'>mutuo</span> 
     </span>
    </p>
   </div>
   <div class='ocr_carea' id='block_1_6' title="bbox 401 555 2052 636">
    <p class='ocr_par' dir='ltr' id='par_1_6' title="bbox 401 555 2052 636">
     <span class='ocr_line' id='line_1_6' title="bbox 401 555 2052 636; baseline -0.005 -18"><span class='ocrx_word' id='word_1_33' title='bbox 401 577 774 636; x_wconf 80' lang='lat' dir='ltr'>acceperam.</span> <span class='ocrx_word' id='word_1_34' title='bbox 809 582 838 612; x_wconf 85' lang='lat'>»</span> <span class='ocrx_word' id='word_1_35' title='bbox 867 559 1098 632; x_wconf 77' lang='lat' dir='ltr'>Habent</span> <span class='ocrx_word' id='word_1_36' title='bbox 1123 557 1284 619; x_wconf 90' lang='lat' dir='ltr'>enim</span> <span class='ocrx_word' id='word_1_37' title='bbox 1331 557 1448 627; x_wconf 86' lang='lat' dir='ltr'>hoc</span> <span class='ocrx_word' id='word_1_38' title='bbox 1507 557 1674 614; x_wconf 90' lang='lat' dir='ltr'>electi</span> <span class='ocrx_word' id='word_1_39' title='bbox 1717 555 2052 633; x_wconf 86' lang='lat' dir='ltr'>proprium,</span> 
     </span>
    </p>
   </div>
   <div class='ocr_carea' id='block_1_7' title="bbox 399 643 2054 729">
    <p class='ocr_par' dir='ltr' id='par_1_7' title="bbox 399 643 2054 729">
     <span class='ocr_line' id='line_1_7' title="bbox 399 643 2054 729; baseline -0.005 -22"><span class='ocrx_word' id='word_1_40' title='bbox 399 651 452 724; x_wconf 84' lang='lat' dir='ltr'>si</span> <span class='ocrx_word' id='word_1_41' title='bbox 475 649 721 729; x_wconf 79' lang='lat' dir='ltr'>quando</span> <span class='ocrx_word' id='word_1_42' title='bbox 747 649 830 705; x_wconf 90' lang='lat' dir='ltr'>eis</span> <span class='ocrx_word' id='word_1_43' title='bbox 867 649 930 708; x_wconf 90' lang='lat' dir='ltr'>in</span> <span class='ocrx_word' id='word_1_44' title='bbox 959 664 1069 720; x_wconf 82' lang='lat' dir='ltr'>sua</span> <span class='ocrx_word' id='word_1_45' title='bbox 1111 647 1359 706; x_wconf 87' lang='lat' dir='ltr'>scientia</span> <span class='ocrx_word' id='word_1_46' title='bbox 1406 647 1620 704; x_wconf 78' lang='lat' dir='ltr'>furtive</span> <span class='ocrx_word' id='word_1_47' title='bbox 1650 661 1823 705; x_wconf 68' lang='lat' dir='ltr'>vanae</span> <span class='ocrx_word' id='word_1_48' title='bbox 1852 643 2054 719; x_wconf 64' lang='lat' dir='ltr'>gloriae</span> 
     </span>
    </p>
   </div>
   <div class='ocr_carea' id='block_1_8' title="bbox 400 733 2055 812">
    <p class='ocr_par' dir='ltr' id='par_1_8' title="bbox 400 733 2055 812">
     <span class='ocr_line' id='line_1_8' title="bbox 400 733 2055 812; baseline -0.007 -11"><span class='ocrx_word' id='word_1_49' title='bbox 400 739 578 812; x_wconf 76' lang='lat' dir='ltr'>culpa</span> <span class='ocrx_word' id='word_1_50' title='bbox 607 737 895 810; x_wconf 78' lang='lat' dir='ltr'>subrepit,</span> <span class='ocrx_word' id='word_1_51' title='bbox 929 737 1007 798; x_wconf 83' lang='lat' dir='ltr'>ad</span> <span class='ocrx_word' id='word_1_52' title='bbox 1045 753 1149 799; x_wconf 86' lang='lat' dir='ltr'>cor</span> <span class='ocrx_word' id='word_1_53' title='bbox 1177 737 1456 794; x_wconf 79' lang='lat' dir='ltr'>velociter</span> <span class='ocrx_word' id='word_1_54' title='bbox 1483 735 1759 793; x_wconf 85' lang='lat' dir='ltr'>redeant:</span> <span class='ocrx_word' id='word_1_55' title='bbox 1797 739 1854 791; x_wconf 92' lang='lat' dir='ltr'>et</span> <span class='ocrx_word' id='word_1_56' title='bbox 1878 733 2055 807; x_wconf 87' lang='lat' dir='ltr'>quid-</span> 
     </span>
    </p>
   </div>
   <div class='ocr_carea' id='block_1_9' title="bbox 399 815 2056 914">
    <p class='ocr_par' dir='ltr' id='par_1_9' title="bbox 399 815 2056 914">
     <span class='ocr_line' id='line_1_9' title="bbox 399 815 2056 914; baseline -0.001 -32"><span class='ocrx_word' id='word_1_57' title='bbox 399 815 545 914; x_wconf 69' lang='lat' dir='ltr'>quid</span> <span class='ocrx_word' id='word_1_58' title='bbox 597 826 660 897; x_wconf 86' lang='lat' dir='ltr'>in</span> <span class='ocrx_word' id='word_1_59' title='bbox 691 843 752 884; x_wconf 89' lang='lat' dir='ltr'>se</span> <span class='ocrx_word' id='word_1_60' title='bbox 783 830 919 888; x_wconf 89' lang='lat' dir='ltr'>ante</span> <span class='ocrx_word' id='word_1_61' title='bbox 951 825 1197 888; x_wconf 82' lang='lat' dir='ltr'>districti</span> <span class='ocrx_word' id='word_1_62' title='bbox 1221 825 1442 898; x_wconf 89' lang='lat' dir='ltr'>judicis</span> <span class='ocrx_word' id='word_1_63' title='bbox 1475 825 1682 914; x_wconf 85' lang='lat' dir='ltr'>oculos</span> <span class='ocrx_word' id='word_1_64' title='bbox 1711 823 2056 880; x_wconf 81' lang='lat' dir='ltr'>damnabile</span> 
     </span>
    </p>
   </div>
   <div class='ocr_carea' id='block_1_10' title="bbox 396 913 2056 989">
    <p class='ocr_par' dir='ltr' id='par_1_10' title="bbox 396 913 2056 989">
     <span class='ocr_line' id='line_1_10' title="bbox 396 913 2056 989; baseline -0.003 -17"><span class='ocrx_word' id='word_1_65' title='bbox 396 913 726 989; x_wconf 78' lang='lat' dir='ltr'>inveniunt,</span> <span class='ocrx_word' id='word_1_66' title='bbox 757 915 1043 988; x_wconf 83' lang='lat' dir='ltr'>lacrymis</span> <span class='ocrx_word' id='word_1_67' title='bbox 1091 915 1516 989; x_wconf 86' lang='lat' dir='ltr'>insequuntur.</span> <span class='ocrx_word' id='word_1_68' title='bbox 1553 913 1663 984; x_wconf 85' lang='lat' dir='ltr'>Qui</span> <span class='ocrx_word' id='word_1_69' title='bbox 1694 915 1903 969; x_wconf 89' lang='lat' dir='ltr'>ﬂentes</span> <span class='ocrx_word' id='word_1_70' title='bbox 1934 929 2056 980; x_wconf 90' lang='lat' dir='ltr'>non</span> 
     </span>
    </p>
   </div>
   <div class='ocr_carea' id='block_1_11' title="bbox 399 1002 2054 1086">
    <p class='ocr_par' dir='ltr' id='par_1_11' title="bbox 399 1002 2054 1086">
     <span class='ocr_line' id='line_1_11' title="bbox 399 1002 2054 1086; baseline -0.002 -26"><span class='ocrx_word' id='word_1_71' title='bbox 399 1005 594 1065; x_wconf 89' lang='lat' dir='ltr'>solum</span> <span class='ocrx_word' id='word_1_72' title='bbox 616 1009 787 1070; x_wconf 84' lang='lat' dir='ltr'>caute</span> <span class='ocrx_word' id='word_1_73' title='bbox 825 1005 1176 1086; x_wconf 85' lang='lat' dir='ltr'>inspiciunt,</span> <span class='ocrx_word' id='word_1_74' title='bbox 1215 1021 1352 1082; x_wconf 76' lang='lat' dir='ltr'>quae</span> <span class='ocrx_word' id='word_1_75' title='bbox 1389 1003 1553 1064; x_wconf 87' lang='lat' dir='ltr'>mala</span> <span class='ocrx_word' id='word_1_76' title='bbox 1602 1002 2054 1070; x_wconf 88' lang='lat' dir='ltr'>commiserunt,</span> 
     </span>
    </p>
   </div>
   <div class='ocr_carea' id='block_1_12' title="bbox 397 1091 2059 1175">
    <p class='ocr_par' dir='ltr' id='par_1_12' title="bbox 397 1091 2059 1175">
     <span class='ocr_line' id='line_1_12' title="bbox 397 1091 2059 1175; baseline -0.001 -26"><span class='ocrx_word' id='word_1_77' title='bbox 397 1094 502 1166; x_wconf 86' lang='lat' dir='ltr'>sed</span> <span class='ocrx_word' id='word_1_78' title='bbox 533 1110 608 1152; x_wconf 87' lang='lat' dir='ltr'>ex</span> <span class='ocrx_word' id='word_1_79' title='bbox 637 1098 884 1175; x_wconf 77' lang='lat' dir='ltr'>accepto</span> <span class='ocrx_word' id='word_1_80' title='bbox 923 1110 1174 1154; x_wconf 87' lang='lat' dir='ltr'>munere</span> <span class='ocrx_word' id='word_1_81' title='bbox 1217 1110 1356 1168; x_wconf 79' lang='lat' dir='ltr'>quae</span> <span class='ocrx_word' id='word_1_82' title='bbox 1385 1094 1634 1150; x_wconf 83' lang='lat' dir='ltr'>reddere</span> <span class='ocrx_word' id='word_1_83' title='bbox 1662 1092 1844 1148; x_wconf 88' lang='lat' dir='ltr'>etiam</span> <span class='ocrx_word' id='word_1_84' title='bbox 1896 1091 2059 1147; x_wconf 88' lang='lat' dir='ltr'>bona</span> 
     </span>
    </p>
   </div>
   <div class='ocr_carea' id='block_1_13' title="bbox 395 1181 2059 1257">
    <p class='ocr_par' dir='ltr' id='par_1_13' title="bbox 395 1181 2059 1257">
     <span class='ocr_line' id='line_1_13' title="bbox 395 1181 2059 1257; baseline -0.003 -18"><span class='ocrx_word' id='word_1_85' title='bbox 395 1183 769 1257; x_wconf 81' lang='lat' dir='ltr'>debuerunt:</span> <span class='ocrx_word' id='word_1_86' title='bbox 798 1183 903 1257; x_wconf 85' lang='lat' dir='ltr'>qui</span> <span class='ocrx_word' id='word_1_87' title='bbox 938 1183 1218 1244; x_wconf 85' lang='lat' dir='ltr'>nimirum</span> <span class='ocrx_word' id='word_1_88' title='bbox 1251 1187 1414 1240; x_wconf 87' lang='lat' dir='ltr'>tanto</span> <span class='ocrx_word' id='word_1_89' title='bbox 1459 1199 1520 1238; x_wconf 89' lang='lat' dir='ltr'>se</span> <span class='ocrx_word' id='word_1_90' title='bbox 1552 1181 1812 1256; x_wconf 85' lang='lat' dir='ltr'>amplius</span> <span class='ocrx_word' id='word_1_91' title='bbox 1852 1197 2059 1254; x_wconf 86' lang='lat' dir='ltr'>pecea-</span> 
     </span>
    </p>
   </div>
   <div class='ocr_carea' id='block_1_14' title="bbox 395 1271 2056 1349">
    <p class='ocr_par' dir='ltr' id='par_1_14' title="bbox 395 1271 2056 1349">
     <span class='ocr_line' id='line_1_14' title="bbox 395 1271 2056 1349; baseline -0.002 -21"><span class='ocrx_word' id='word_1_92' title='bbox 395 1275 552 1328; x_wconf 89' lang='lat' dir='ltr'>tores</span> <span class='ocrx_word' id='word_1_93' title='bbox 583 1271 864 1344; x_wconf 76' lang='lat' dir='ltr'>sentiunt,</span> <span class='ocrx_word' id='word_1_94' title='bbox 897 1277 1124 1349; x_wconf 88' lang='lat' dir='ltr'>quanto</span> <span class='ocrx_word' id='word_1_95' title='bbox 1155 1289 1226 1328; x_wconf 83' lang='lat' dir='ltr'>ex</span> <span class='ocrx_word' id='word_1_96' title='bbox 1249 1272 1532 1344; x_wconf 78' lang='lat' dir='ltr'>neglectis</span> <span class='ocrx_word' id='word_1_97' title='bbox 1553 1271 1727 1326; x_wconf 86' lang='lat' dir='ltr'>bonis</span> <span class='ocrx_word' id='word_1_98' title='bbox 1755 1287 1887 1344; x_wconf 60' lang='lat' dir='ltr'>quae</span> <span class='ocrx_word' id='word_1_99' title='bbox 1917 1285 2056 1339; x_wconf 83' lang='lat' dir='ltr'>age-</span> 
     </span>
    </p>
   </div>
   <div class='ocr_carea' id='block_1_15' title="bbox 394 1349 2056 1448">
    <p class='ocr_par' dir='ltr' id='par_1_15' title="bbox 394 1349 2056 1448">
     <span class='ocr_line' id='line_1_15' title="bbox 394 1349 2056 1448; baseline -0.004 -28"><span class='ocrx_word' id='word_1_100' title='bbox 394 1378 458 1421; x_wconf 88' lang='lat' dir='ltr'>re</span> <span class='ocrx_word' id='word_1_101' title='bbox 487 1365 766 1448; x_wconf 79' lang='lat' dir='ltr'>poterant</span> <span class='ocrx_word' id='word_1_102' title='bbox 786 1361 1086 1428; x_wconf 81' lang='lat' dir='ltr'>debitores</span> <span class='ocrx_word' id='word_1_103' title='bbox 1119 1365 1414 1418; x_wconf 88' lang='lat' dir='ltr'>tenentur.</span> <span class='ocrx_word' id='word_1_104' title='bbox 1447 1364 1619 1418; x_wconf 81' lang='lat' dir='ltr'>Recte</span> <span class='ocrx_word' id='word_1_105' title='bbox 1641 1349 1791 1430; x_wconf 87' lang='lat' dir='ltr'>ergo</span> <span class='ocrx_word' id='word_1_106' title='bbox 1813 1359 1917 1434; x_wconf 87' lang='lat' dir='ltr'>qui</span> <span class='ocrx_word' id='word_1_107' title='bbox 1943 1359 2056 1414; x_wconf 87' lang='lat' dir='ltr'>fer-</span> 
     </span>
    </p>
   </div>
   <div class='ocr_carea' id='block_1_16' title="bbox 395 1449 2059 1527">
    <p class='ocr_par' dir='ltr' id='par_1_16' title="bbox 395 1449 2059 1527">
     <span class='ocr_line' id='line_1_16' title="bbox 395 1449 2059 1527; baseline -0.002 -20"><span class='ocrx_word' id='word_1_108' title='bbox 395 1467 534 1524; x_wconf 88' lang='lat' dir='ltr'>rum</span> <span class='ocrx_word' id='word_1_109' title='bbox 563 1450 844 1524; x_wconf 87' lang='lat' dir='ltr'>perdidit,</span> <span class='ocrx_word' id='word_1_110' title='bbox 887 1451 1139 1527; x_wconf 77' lang='lat' dir='ltr'>clamat:</span> <span class='ocrx_word' id='word_1_111' title='bbox 1173 1475 1198 1502; x_wconf 86' lang='grc'>‹‹</span> <span class='ocrx_word' id='word_1_112' title='bbox 1239 1455 1378 1523; x_wconf 83' lang='lat' dir='ltr'>tleu,</span> <span class='ocrx_word' id='word_1_113' title='bbox 1409 1452 1550 1516; x_wconf 88' lang='lat' dir='ltr'>heu,</span> <span class='ocrx_word' id='word_1_114' title='bbox 1573 1453 1712 1517; x_wconf 86' lang='lat' dir='ltr'>heu,</span> <span class='ocrx_word' id='word_1_115' title='bbox 1745 1454 1802 1506; x_wconf 85' lang='lat' dir='ltr'>et</span> <span class='ocrx_word' id='word_1_116' title='bbox 1830 1450 1945 1505; x_wconf 91' lang='lat' dir='ltr'>hoc</span> <span class='ocrx_word' id='word_1_117' title='bbox 1976 1449 2059 1522; x_wconf 92' lang='lat' dir='ltr'>ip-</span> 
     </span>
    </p>
   </div>
   <div class='ocr_carea' id='block_1_17' title="bbox 402 1540 2059 1617">
    <p class='ocr_par' dir='ltr' id='par_1_17' title="bbox 402 1540 2059 1617">
     <span class='ocr_line' id='line_1_17' title="bbox 402 1540 2059 1617; baseline -0.003 -19"><span class='ocrx_word' id='word_1_118' title='bbox 402 1557 538 1612; x_wconf 80' lang='lat' dir='ltr'>sum</span> <span class='ocrx_word' id='word_1_119' title='bbox 590 1544 802 1606; x_wconf 85' lang='lat' dir='ltr'>mutuo</span> <span class='ocrx_word' id='word_1_120' title='bbox 855 1557 1230 1617; x_wconf 72' lang='lat' dir='ltr'>acceperam.</span> <span class='ocrx_word' id='word_1_121' title='bbox 1272 1563 1289 1592; x_wconf 80' lang='grc' dir='ltr'>ι</span> <span class='ocrx_word' id='word_1_122' title='bbox 1328 1545 1407 1608; x_wconf 80' lang='lat' dir='ltr'>Ac</span> <span class='ocrx_word' id='word_1_123' title='bbox 1463 1542 1512 1596; x_wconf 92' lang='lat' dir='ltr'>si</span> <span class='ocrx_word' id='word_1_124' title='bbox 1543 1541 1736 1597; x_wconf 90' lang='lat' dir='ltr'>dicat:</span> <span class='ocrx_word' id='word_1_125' title='bbox 1770 1540 1920 1596; x_wconf 87' lang='lat' dir='ltr'>Illud</span> <span class='ocrx_word' id='word_1_126' title='bbox 1953 1555 2059 1617; x_wconf 87' lang='lat' dir='ltr'>per</span> 
     </span>
    </p>
   </div>
   <div class='ocr_carea' id='block_1_18' title="bbox 399 1615 2062 1706">
    <p class='ocr_par' dir='ltr' id='par_1_18' title="bbox 399 1615 2062 1706">
     <span class='ocr_line' id='line_1_18' title="bbox 399 1615 2062 1706; baseline -0.001 -22"><span class='ocrx_word' id='word_1_127' title='bbox 399 1629 853 1700; x_wconf 77' lang='lat' dir='ltr'>dissolutionem</span> <span class='ocrx_word' id='word_1_128' title='bbox 879 1615 1253 1706; x_wconf 70' lang='lat' dir='ltr'>negligentia:</span> <span class='ocrx_word' id='word_1_129' title='bbox 1281 1631 1534 1706; x_wconf 87' lang='lat' dir='ltr'>perdidi,</span> <span class='ocrx_word' id='word_1_130' title='bbox 1552 1631 1715 1704; x_wconf 84' lang='lat' dir='ltr'>quod</span> <span class='ocrx_word' id='word_1_131' title='bbox 1746 1635 1809 1685; x_wconf 92' lang='lat' dir='ltr'>ut</span> <span class='ocrx_word' id='word_1_132' title='bbox 1837 1615 2062 1702; x_wconf 78' lang='lat' dir='ltr'>perbo-</span> 
     </span>
    </p>
   </div>
   <div class='ocr_carea' id='block_1_19' title="bbox 2163 463 3819 538">
    <p class='ocr_par' dir='ltr' id='par_1_19' title="bbox 2163 463 3819 538">
     <span class='ocr_line' id='line_1_19' title="bbox 2163 463 3819 538; baseline 0 -18"><span class='ocrx_word' id='word_1_133' title='bbox 2163 465 2242 521; x_wconf 88' lang='lat' dir='ltr'>ab</span> <span class='ocrx_word' id='word_1_134' title='bbox 2271 465 2618 524; x_wconf 89' lang='lat' dir='ltr'>hominibus</span> <span class='ocrx_word' id='word_1_135' title='bbox 2653 467 2887 537; x_wconf 76' lang='lat' dir='ltr'>(Matth.</span> <span class='ocrx_word' id='word_1_136' title='bbox 2924 468 3006 533; x_wconf 69' lang='grc' dir='ltr'>Χ).</span> <span class='ocrx_word' id='word_1_137' title='bbox 3042 485 3070 514; x_wconf 85' lang='grc'>››</span> <span class='ocrx_word' id='word_1_138' title='bbox 3103 468 3160 525; x_wconf 89' lang='lat' dir='ltr'>et</span> <span class='ocrx_word' id='word_1_139' title='bbox 3203 463 3377 538; x_wconf 81' lang='lat' dir='ltr'>alibi:</span> <span class='ocrx_word' id='word_1_140' title='bbox 3420 486 3447 516; x_wconf 86' lang='lat'><strong>«</strong></span> <span class='ocrx_word' id='word_1_141' title='bbox 3495 464 3819 530; x_wconf 83' lang='lat' dir='ltr'>Atteudite,</span> 
     </span>
    </p>
   </div>
   <div class='ocr_carea' id='block_1_20' title="bbox 2164 553 3828 629">
    <p class='ocr_par' dir='ltr' id='par_1_20' title="bbox 2164 553 3828 629">
     <span class='ocr_line' id='line_1_20' title="bbox 2164 553 3828 629; baseline 0 -19"><span class='ocrx_word' id='word_1_142' title='bbox 2164 553 2262 622; x_wconf 86' lang='lat' dir='ltr'>ait,</span> <span class='ocrx_word' id='word_1_143' title='bbox 2299 570 2336 612; x_wconf 90' lang='lat' dir='ltr'>a</span> <span class='ocrx_word' id='word_1_144' title='bbox 2365 554 2530 618; x_wconf 82' lang='lat' dir='ltr'>falsis</span> <span class='ocrx_word' id='word_1_145' title='bbox 2567 555 2878 629; x_wconf 80' lang='lat' dir='ltr'>prophetis</span> <span class='ocrx_word' id='word_1_146' title='bbox 2915 553 3152 626; x_wconf 79' lang='lat' dir='ltr'>(Matth.</span> <span class='ocrx_word' id='word_1_147' title='bbox 3185 553 3305 626; x_wconf 84' lang='lat' dir='ltr'>vn).</span> <span class='ocrx_word' id='word_1_148' title='bbox 3337 573 3364 602; x_wconf 84' lang='lat'>»</span> <span class='ocrx_word' id='word_1_149' title='bbox 3427 553 3550 613; x_wconf 87' lang='lat' dir='ltr'>Hoc</span> <span class='ocrx_word' id='word_1_150' title='bbox 3592 553 3828 626; x_wconf 80' lang='lat' dir='ltr'>quippe</span> 
     </span>
    </p>
   </div>
   <div class='ocr_carea' id='block_1_21' title="bbox 2166 642 3836 721">
    <p class='ocr_par' dir='ltr' id='par_1_21' title="bbox 2166 642 3836 721">
     <span class='ocr_line' id='line_1_21' title="bbox 2166 642 3836 721; baseline 0 -23"><span class='ocrx_word' id='word_1_151' title='bbox 2166 658 2503 712; x_wconf 86' lang='lat' dir='ltr'>agnoscens</span> <span class='ocrx_word' id='word_1_152' title='bbox 2533 645 2848 704; x_wconf 87' lang='lat' dir='ltr'>mundana</span> <span class='ocrx_word' id='word_1_153' title='bbox 2903 642 3188 718; x_wconf 81' lang='lat' dir='ltr'>potentia,</span> <span class='ocrx_word' id='word_1_154' title='bbox 3220 643 3422 718; x_wconf 89' lang='lat' dir='ltr'>ipsum</span> <span class='ocrx_word' id='word_1_155' title='bbox 3466 643 3836 721; x_wconf 82' lang='lat' dir='ltr'>prophetam</span> 
     </span>
    </p>
   </div>
   <div class='ocr_carea' id='block_1_22' title="bbox 2165 729 3836 806">
    <p class='ocr_par' dir='ltr' id='par_1_22' title="bbox 2165 729 3836 806">
     <span class='ocr_line' id='line_1_22' title="bbox 2165 729 3836 806; baseline 0.002 -20"><span class='ocrx_word' id='word_1_156' title='bbox 2165 730 2496 789; x_wconf 87' lang='lat' dir='ltr'>interﬁcere</span> <span class='ocrx_word' id='word_1_157' title='bbox 2544 731 2826 806; x_wconf 83' lang='lat' dir='ltr'>disponit,</span> <span class='ocrx_word' id='word_1_158' title='bbox 2885 747 3022 788; x_wconf 89' lang='lat' dir='ltr'>cum</span> <span class='ocrx_word' id='word_1_159' title='bbox 3069 730 3370 795; x_wconf 81' lang='lat' dir='ltr'>Christum</span> <span class='ocrx_word' id='word_1_160' title='bbox 3424 731 3486 791; x_wconf 87' lang='lat' dir='ltr'>in</span> <span class='ocrx_word' id='word_1_161' title='bbox 3544 729 3836 796; x_wconf 69' lang='lat' dir='ltr'>cordibus</span> 
     </span>
    </p>
   </div>
   <div class='ocr_carea' id='block_1_23' title="bbox 2167 819 3226 891">
    <p class='ocr_par' dir='ltr' id='par_1_23' title="bbox 2167 819 3226 891">
     <span class='ocr_line' id='line_1_23' title="bbox 2167 819 3226 891; baseline 0.002 -17"><span class='ocrx_word' id='word_1_162' title='bbox 2167 819 2493 878; x_wconf 89' lang='lat' dir='ltr'>electorum</span> <span class='ocrx_word' id='word_1_163' title='bbox 2523 822 2868 891; x_wconf 73' lang='lat' dir='ltr'>extinguere</span> <span class='ocrx_word' id='word_1_164' title='bbox 2901 819 3226 878; x_wconf 86' lang='lat' dir='ltr'>fastinavit.</span> 
     </span>
    </p>
   </div>
   <div class='ocr_carea' id='block_1_24' title="bbox 2238 909 3836 984">
    <p class='ocr_par' dir='ltr' id='par_1_24' title="bbox 2238 909 3836 984">
     <span class='ocr_line' id='line_1_24' title="bbox 2238 909 3836 984; baseline 0 -18"><span class='ocrx_word' id='word_1_165' title='bbox 2238 932 2264 958; x_wconf 84' lang='grc'><strong>‹‹</strong></span> <span class='ocrx_word' id='word_1_166' title='bbox 2296 909 2441 968; x_wconf 85' lang='lat' dir='ltr'>Misit</span> <span class='ocrx_word' id='word_1_167' title='bbox 2463 926 2606 980; x_wconf 86' lang='lat' dir='ltr'>ergo</span> <span class='ocrx_word' id='word_1_168' title='bbox 2634 910 2774 967; x_wconf 86' lang='lat' dir='ltr'>illuc</span> <span class='ocrx_word' id='word_1_169' title='bbox 2803 926 2907 966; x_wconf 89' lang='lat' dir='ltr'>rex</span> <span class='ocrx_word' id='word_1_170' title='bbox 2960 909 3144 984; x_wconf 61' lang='lat' dir='ltr'>Syriae</span> <span class='ocrx_word' id='word_1_171' title='bbox 3185 924 3376 984; x_wconf 86' lang='lat' dir='ltr'>equos</span> <span class='ocrx_word' id='word_1_172' title='bbox 3407 912 3464 970; x_wconf 90' lang='lat' dir='ltr'>et</span> <span class='ocrx_word' id='word_1_173' title='bbox 3513 925 3731 982; x_wconf 70' lang='lat' dir='ltr'>currus</span> <span class='ocrx_word' id='word_1_174' title='bbox 3781 913 3836 966; x_wconf 90' lang='lat' dir='ltr'>et</span> 
     </span>
    </p>
   </div>
   <div class='ocr_carea' id='block_1_25' title="bbox 2168 998 3836 1067">
    <p class='ocr_par' dir='ltr' id='par_1_25' title="bbox 2168 998 3836 1067">
     <span class='ocr_line' id='line_1_25' title="bbox 2168 998 3836 1067; baseline -0.001 -13"><span class='ocrx_word' id='word_1_175' title='bbox 2168 1021 2196 1048; x_wconf 89' lang='grc'>‹‹</span> <span class='ocrx_word' id='word_1_176' title='bbox 2226 998 2411 1055; x_wconf 89' lang='lat' dir='ltr'>robur</span> <span class='ocrx_word' id='word_1_177' title='bbox 2447 999 2761 1056; x_wconf 80' lang='lat' dir='ltr'>exercitus.</span> <span class='ocrx_word' id='word_1_178' title='bbox 2813 999 2921 1065; x_wconf 91' lang='lat' dir='ltr'>Qui</span> <span class='ocrx_word' id='word_1_179' title='bbox 2961 1016 3099 1056; x_wconf 88' lang='lat' dir='ltr'>cum</span> <span class='ocrx_word' id='word_1_180' title='bbox 3137 999 3442 1063; x_wconf 80' lang='lat' dir='ltr'>venissent</span> <span class='ocrx_word' id='word_1_181' title='bbox 3469 1003 3666 1067; x_wconf 87' lang='lat' dir='ltr'>nocte,</span> <span class='ocrx_word' id='word_1_182' title='bbox 3729 999 3836 1054; x_wconf 91' lang='lat' dir='ltr'>cir-</span> 
     </span>
    </p>
   </div>
   <div class='ocr_carea' id='block_1_26' title="bbox 2168 1085 3836 1162">
    <p class='ocr_par' dir='ltr' id='par_1_26' title="bbox 2168 1085 3836 1162">
     <span class='ocr_line' id='line_1_26' title="bbox 2168 1085 3836 1162; baseline 0.001 -20"><span class='ocrx_word' id='word_1_183' title='bbox 2168 1109 2195 1134; x_wconf 90' lang='grc'>‹‹</span> <span class='ocrx_word' id='word_1_184' title='bbox 2225 1086 2664 1144; x_wconf 88' lang='lat' dir='ltr'>cumdederunt</span> <span class='ocrx_word' id='word_1_185' title='bbox 2688 1087 3009 1143; x_wconf 87' lang='lat' dir='ltr'>civitatem.</span> <span class='ocrx_word' id='word_1_186' title='bbox 3046 1109 3074 1136; x_wconf 86' lang='lat'>»</span> <span class='ocrx_word' id='word_1_187' title='bbox 3103 1087 3310 1144; x_wconf 89' lang='lat' dir='ltr'>Omnis</span> <span class='ocrx_word' id='word_1_188' title='bbox 3325 1101 3468 1162; x_wconf 83' lang='lat' dir='ltr'>ergo</span> <span class='ocrx_word' id='word_1_189' title='bbox 3494 1086 3601 1160; x_wconf 80' lang='lat' dir='ltr'>qui</span> <span class='ocrx_word' id='word_1_190' title='bbox 3621 1085 3836 1160; x_wconf 85' lang='lat' dir='ltr'>nequi-</span> 
     </span>
    </p>
   </div>
   <div class='ocr_carea' id='block_1_27' title="bbox 2167 1175 3839 1254">
    <p class='ocr_par' dir='ltr' id='par_1_27' title="bbox 2167 1175 3839 1254">
     <span class='ocr_line' id='line_1_27' title="bbox 2167 1175 3839 1254; baseline 0.001 -24"><span class='ocrx_word' id='word_1_191' title='bbox 2167 1175 2258 1231; x_wconf 64' lang='lat' dir='ltr'>tiae</span> <span class='ocrx_word' id='word_1_192' title='bbox 2291 1177 2474 1232; x_wconf 87' lang='lat' dir='ltr'>armis</span> <span class='ocrx_word' id='word_1_193' title='bbox 2499 1177 2832 1244; x_wconf 84' lang='lat' dir='ltr'>conlidens,</span> <span class='ocrx_word' id='word_1_194' title='bbox 2859 1177 3069 1234; x_wconf 88' lang='lat' dir='ltr'>Christi</span> <span class='ocrx_word' id='word_1_195' title='bbox 3097 1175 3339 1234; x_wconf 87' lang='lat' dir='ltr'>famulis</span> <span class='ocrx_word' id='word_1_196' title='bbox 3378 1175 3626 1243; x_wconf 83' lang='lat' dir='ltr'>insidias</span> <span class='ocrx_word' id='word_1_197' title='bbox 3677 1192 3839 1254; x_wconf 67' lang='lat' dir='ltr'>prte-</span> 
     </span>
    </p>
   </div>
   <div class='ocr_carea' id='block_1_28' title="bbox 2165 1265 3842 1342">
    <p class='ocr_par' dir='ltr' id='par_1_28' title="bbox 2165 1265 3842 1342">
     <span class='ocr_line' id='line_1_28' title="bbox 2165 1265 3842 1342; baseline 0.001 -19"><span class='ocrx_word' id='word_1_198' title='bbox 2165 1269 2360 1338; x_wconf 88' lang='lat' dir='ltr'>parat,</span> <span class='ocrx_word' id='word_1_199' title='bbox 2393 1272 2566 1322; x_wconf 90' lang='lat' dir='ltr'>nocte</span> <span class='ocrx_word' id='word_1_200' title='bbox 2615 1267 2882 1342; x_wconf 68' lang='lat' dir='ltr'>perﬁdiae</span> <span class='ocrx_word' id='word_1_201' title='bbox 2936 1271 3290 1340; x_wconf 67' lang='lat' dir='ltr'>excaecatus,</span> <span class='ocrx_word' id='word_1_202' title='bbox 3343 1265 3572 1326; x_wconf 87' lang='lat' dir='ltr'>bellum</span> <span class='ocrx_word' id='word_1_203' title='bbox 3624 1271 3842 1324; x_wconf 83' lang='lat' dir='ltr'>contra</span> 
     </span>
    </p>
   </div>
   <div class='ocr_carea' id='block_1_29' title="bbox 2166 1344 2681 1427">
    <p class='ocr_par' dir='ltr' id='par_1_29' title="bbox 2166 1344 2681 1427">
     <span class='ocr_line' id='line_1_29' title="bbox 2166 1344 2681 1427; baseline 0.004 -17"><span class='ocrx_word' id='word_1_204' title='bbox 2166 1344 2490 1412; x_wconf 83' lang='lat' dir='ltr'>Ecclesiam</span> <span class='ocrx_word' id='word_1_205' title='bbox 2514 1356 2681 1427; x_wconf 87' lang='lat' dir='ltr'>gerit.</span> 
     </span>
    </p>
   </div>
   <div class='ocr_carea' id='block_1_30' title="bbox 2239 1444 3843 1518">
    <p class='ocr_par' dir='ltr' id='par_1_30' title="bbox 2239 1444 3843 1518">
     <span class='ocr_line' id='line_1_30' title="bbox 2239 1444 3843 1518; baseline -0.001 -15"><span class='ocrx_word' id='word_1_206' title='bbox 2239 1468 2266 1493; x_wconf 88' lang='grc'>‹‹</span> <span class='ocrx_word' id='word_1_207' title='bbox 2303 1448 2685 1518; x_wconf 88' lang='lat' dir='ltr'>Consurgens</span> <span class='ocrx_word' id='word_1_208' title='bbox 2717 1451 2919 1502; x_wconf 89' lang='lat' dir='ltr'>autem</span> <span class='ocrx_word' id='word_1_209' title='bbox 2959 1444 3244 1516; x_wconf 88' lang='lat' dir='ltr'>diluculo,</span> <span class='ocrx_word' id='word_1_210' title='bbox 3270 1445 3540 1518; x_wconf 81' lang='lat' dir='ltr'>minister</span> <span class='ocrx_word' id='word_1_211' title='bbox 3587 1445 3700 1516; x_wconf 79' lang='lat' dir='ltr'>viri</span> <span class='ocrx_word' id='word_1_212' title='bbox 3734 1445 3843 1501; x_wconf 88' lang='lat' dir='ltr'>Dei</span> 
     </span>
    </p>
   </div>
   <div class='ocr_carea' id='block_1_31' title="bbox 2169 1533 3841 1608">
    <p class='ocr_par' dir='ltr' id='par_1_31' title="bbox 2169 1533 3841 1608">
     <span class='ocr_line' id='line_1_31' title="bbox 2169 1533 3841 1608; baseline 0.004 -24"><span class='ocrx_word' id='word_1_213' title='bbox 2169 1557 2197 1585; x_wconf 89' lang='grc'>‹‹</span> <span class='ocrx_word' id='word_1_214' title='bbox 2230 1550 2507 1604; x_wconf 81' lang='lat' dir='ltr'>egressus</span> <span class='ocrx_word' id='word_1_215' title='bbox 2542 1535 2926 1608; x_wconf 88' lang='lat' dir='ltr'>cst.Viditqu_e</span> <span class='ocrx_word' id='word_1_216' title='bbox 2959 1535 3285 1591; x_wconf 83' lang='lat' dir='ltr'>exercitum</span> <span class='ocrx_word' id='word_1_217' title='bbox 3315 1535 3377 1590; x_wconf 91' lang='lat' dir='ltr'>in</span> <span class='ocrx_word' id='word_1_218' title='bbox 3408 1533 3656 1592; x_wconf 89' lang='lat' dir='ltr'>circuitu</span> <span class='ocrx_word' id='word_1_219' title='bbox 3691 1534 3841 1608; x_wconf 87' lang='lat' dir='ltr'>civi-</span> 
     </span>
    </p>
   </div>
   <div class='ocr_carea' id='block_1_32' title="bbox 2169 1622 3839 1698">
    <p class='ocr_par' dir='ltr' id='par_1_32' title="bbox 2169 1622 3839 1698">
     <span class='ocr_line' id='line_1_32' title="bbox 2169 1622 3839 1698; baseline 0 -20"><span class='ocrx_word' id='word_1_220' title='bbox 2169 1645 2195 1672; x_wconf 91' lang='grc'>‹‹</span> <span class='ocrx_word' id='word_1_221' title='bbox 2233 1623 2366 1678; x_wconf 86' lang='lat' dir='ltr'>tatis</span> <span class='ocrx_word' id='word_1_222' title='bbox 2394 1628 2450 1680; x_wconf 91' lang='lat' dir='ltr'>et</span> <span class='ocrx_word' id='word_1_223' title='bbox 2472 1640 2661 1698; x_wconf 87' lang='lat' dir='ltr'>equos</span> <span class='ocrx_word' id='word_1_224' title='bbox 2682 1629 2738 1678; x_wconf 87' lang='lat' dir='ltr'>et</span> <span class='ocrx_word' id='word_1_225' title='bbox 2760 1640 2993 1678; x_wconf 89' lang='lat' dir='ltr'>currus.</span> <span class='ocrx_word' id='word_1_226' title='bbox 3029 1623 3450 1698; x_wconf 82' lang='lat' dir='ltr'>Nuntiavitque</span> <span class='ocrx_word' id='word_1_227' title='bbox 3481 1623 3557 1694; x_wconf 90' lang='lat' dir='ltr'>ei,</span> <span class='ocrx_word' id='word_1_228' title='bbox 3585 1622 3839 1679; x_wconf 87' lang='lat' dir='ltr'>dicens:</span> 
     </span>
    </p>
   </div>
   <div class='ocr_carea' id='block_1_33' title="bbox 398 1711 2052 1804">
    <p class='ocr_par' dir='ltr' id='par_1_33' title="bbox 398 1711 2052 1798">
     <span class='ocr_line' id='line_1_33' title="bbox 398 1711 2052 1798; baseline 0 -22"><span class='ocrx_word' id='word_1_229' title='bbox 398 1735 479 1794; x_wconf 71' lang='lat' dir='ltr'>ne,</span> <span class='ocrx_word' id='word_1_230' title='bbox 509 1736 693 1793; x_wconf 80' lang='lat' dir='ltr'>opera</span> <span class='ocrx_word' id='word_1_231' title='bbox 718 1720 1032 1798; x_wconf 88' lang='lat' dir='ltr'>redderem</span> <span class='ocrx_word' id='word_1_232' title='bbox 1049 1711 1134 1797; x_wconf 75' lang='lat' dir='ltr'>ex</span> <span class='ocrx_word' id='word_1_233' title='bbox 1161 1721 1350 1797; x_wconf 84' lang='lat' dir='ltr'>gratia</span> <span class='ocrx_word' id='word_1_234' title='bbox 1377 1721 1682 1788; x_wconf 85' lang='lat' dir='ltr'>creditoris</span> <span class='ocrx_word' id='word_1_235' title='bbox 1711 1719 2052 1793; x_wconf 86' lang='lat' dir='ltr'>accepi.Sed</span> 
     </span>
    </p>
   </div>
   <div class='ocr_carea' id='block_1_34' title="bbox 2238 1711 3844 1804">
    <p class='ocr_par' dir='ltr' id='par_1_34' title="bbox 2238 1711 3844 1786">
     <span class='ocr_line' id='line_1_34' title="bbox 2238 1711 3844 1786; baseline 0.001 -20"><span class='ocrx_word' id='word_1_236' title='bbox 2238 1713 2377 1784; x_wconf 82' lang='lat' dir='ltr'>Heu,</span> <span class='ocrx_word' id='word_1_237' title='bbox 2418 1713 2558 1784; x_wconf 90' lang='lat' dir='ltr'>heu,</span> <span class='ocrx_word' id='word_1_238' title='bbox 2585 1713 2828 1768; x_wconf 88' lang='lat' dir='ltr'>domine</span> <span class='ocrx_word' id='word_1_239' title='bbox 2852 1713 2956 1782; x_wconf 89' lang='lat' dir='ltr'>mi,</span> <span class='ocrx_word' id='word_1_240' title='bbox 2985 1712 3135 1786; x_wconf 89' lang='lat' dir='ltr'>quid</span> <span class='ocrx_word' id='word_1_241' title='bbox 3163 1711 3417 1768; x_wconf 87' lang='lat' dir='ltr'>facimus</span> <span class='ocrx_word' id='word_1_242' title='bbox 3436 1713 3464 1768; x_wconf 89' lang='lat'><strong>?</strong></span> <span class='ocrx_word' id='word_1_243' title='bbox 3486 1735 3513 1761; x_wconf 85' lang='lat'><strong>»</strong></span> <span class='ocrx_word' id='word_1_244' title='bbox 3539 1711 3676 1768; x_wconf 72' lang='lat' dir='ltr'>Haec</span> <span class='ocrx_word' id='word_1_245' title='bbox 3707 1729 3844 1768; x_wconf 88' lang='lat' dir='ltr'>sen-</span> 
     </span>
    </p>
   </div>
   <div class='ocr_carea' id='block_1_35' title="bbox 399 1805 2057 1892">
    <p class='ocr_par' dir='ltr' id='par_1_35' title="bbox 399 1805 2057 1892">
     <span class='ocr_line' id='line_1_35' title="bbox 399 1805 2057 1892; baseline -0.005 -22"><span class='ocrx_word' id='word_1_246' title='bbox 399 1805 718 1884; x_wconf 67' lang='lat' dir='ltr'>Iiunqnatn</span> <span class='ocrx_word' id='word_1_247' title='bbox 751 1811 908 1876; x_wconf 81' lang='lat' dir='ltr'>Deus</span> <span class='ocrx_word' id='word_1_248' title='bbox 938 1815 1200 1869; x_wconf 84' lang='lat' dir='ltr'>mentem</span> <span class='ocrx_word' id='word_1_249' title='bbox 1236 1811 1472 1882; x_wconf 84' lang='lat' dir='ltr'>deserit,</span> <span class='ocrx_word' id='word_1_250' title='bbox 1503 1827 1639 1892; x_wconf 57' lang='lat' dir='ltr'>qua}.</span> <span class='ocrx_word' id='word_1_251' title='bbox 1684 1810 1742 1866; x_wconf 92' lang='lat' dir='ltr'>in</span> <span class='ocrx_word' id='word_1_252' title='bbox 1797 1809 2057 1884; x_wconf 85' lang='lat' dir='ltr'>peccatis</span> 
     </span>
    </p>
   </div>
   <div class='ocr_carea' id='block_1_36' title="bbox 403 1899 2058 1976">
    <p class='ocr_par' dir='ltr' id='par_1_36' title="bbox 403 1899 2058 1976">
     <span class='ocr_line' id='line_1_36' title="bbox 403 1899 2058 1976; baseline 0.001 -24"><span class='ocrx_word' id='word_1_253' title='bbox 403 1914 466 1972; x_wconf 82' lang='lat' dir='ltr'>se</span> <span class='ocrx_word' id='word_1_254' title='bbox 497 1899 786 1972; x_wconf 73' lang='lat' dir='ltr'>veraciter</span> <span class='ocrx_word' id='word_1_255' title='bbox 815 1899 1106 1970; x_wconf 80' lang='lat' dir='ltr'>agnoscit,</span> <span class='ocrx_word' id='word_1_256' title='bbox 1139 1923 1166 1948; x_wconf 85' lang='lat'>«</span> <span class='ocrx_word' id='word_1_257' title='bbox 1201 1899 1364 1958; x_wconf 86' lang='lat' dir='ltr'>Unde</span> <span class='ocrx_word' id='word_1_258' title='bbox 1409 1905 1465 1976; x_wconf 78' lang='lat' dir='ltr'>et</span> <span class='ocrx_word' id='word_1_259' title='bbox 1505 1916 1646 1957; x_wconf 83' lang='lat' dir='ltr'>mox</span> <span class='ocrx_word' id='word_1_260' title='bbox 1676 1899 1918 1974; x_wconf 66' lang='lat' dir='ltr'>Elis-eus</span> <span class='ocrx_word' id='word_1_261' title='bbox 1962 1915 2058 1962; x_wconf 82' lang='lat' dir='ltr'>vc-</span> 
     </span>
    </p>
   </div>
   <div class='ocr_carea' id='block_1_37' title="bbox 396 1985 2055 2061">
    <p class='ocr_par' dir='ltr' id='par_1_37' title="bbox 396 1985 2055 2061">
     <span class='ocr_line' id='line_1_37' title="bbox 396 1985 2055 2061; baseline -0.006 -12"><span class='ocrx_word' id='word_1_262' title='bbox 396 1985 839 2061; x_wconf 70' lang='lat' dir='ltr'>niens,lignum</span> <span class='ocrx_word' id='word_1_263' title='bbox 862 1985 1146 2046; x_wconf 84' lang='lat' dir='ltr'>deorsum</span> <span class='ocrx_word' id='word_1_264' title='bbox 1176 1987 1353 2055; x_wconf 83' lang='lat' dir='ltr'>misit,</span> <span class='ocrx_word' id='word_1_265' title='bbox 1375 1993 1428 2052; x_wconf 87' lang='lat' dir='ltr'>et</span> <span class='ocrx_word' id='word_1_266' title='bbox 1459 1987 1680 2042; x_wconf 83' lang='lat' dir='ltr'>ferrum</span> <span class='ocrx_word' id='word_1_267' title='bbox 1707 1987 1767 2042; x_wconf 92' lang='lat' dir='ltr'>in</span> <span class='ocrx_word' id='word_1_268' title='bbox 1801 1986 2055 2060; x_wconf 75' lang='lat' dir='ltr'>superfi-</span> 
     </span>
    </p>
   </div>
   <div class='ocr_carea' id='block_1_38' title="bbox 395 2073 2056 2152">
    <p class='ocr_par' dir='ltr' id='par_1_38' title="bbox 395 2073 2056 2152">
     <span class='ocr_line' id='line_1_38' title="bbox 395 2073 2056 2152; baseline -0.001 -22"><span class='ocrx_word' id='word_1_269' title='bbox 395 2073 546 2148; x_wconf 71' lang='lat' dir='ltr'>ciem</span> <span class='ocrx_word' id='word_1_270' title='bbox 575 2074 786 2148; x_wconf 60' lang='lat' dir='ltr'>attulit.</span> <span class='ocrx_word' id='word_1_271' title='bbox 819 2099 848 2124; x_wconf 87' lang='grc'><strong>››</strong></span> <span class='ocrx_word' id='word_1_272' title='bbox 881 2075 1032 2150; x_wconf 82' lang='lat' dir='ltr'>Quia</span> <span class='ocrx_word' id='word_1_273' title='bbox 1062 2075 1330 2132; x_wconf 78' lang='lat' dir='ltr'>videlicet</span> <span class='ocrx_word' id='word_1_274' title='bbox 1353 2076 1711 2152; x_wconf 82' lang='lat' dir='ltr'>Redemptor</span> <span class='ocrx_word' id='word_1_275' title='bbox 1737 2080 1938 2132; x_wconf 90' lang='lat' dir='ltr'>noster</span> <span class='ocrx_word' id='word_1_276' title='bbox 1961 2075 2056 2148; x_wconf 85' lang='lat' dir='ltr'>pie</span> 
     </span>
    </p>
   </div>
   <div class='ocr_carea' id='block_1_39' title="bbox 395 2153 2054 2244">
    <p class='ocr_par' dir='ltr' id='par_1_39' title="bbox 395 2153 2054 2244">
     <span class='ocr_line' id='line_1_39' title="bbox 395 2153 2054 2244; baseline 0.001 -26"><span class='ocrx_word' id='word_1_277' title='bbox 395 2179 510 2238; x_wconf 82' lang='lat' dir='ltr'>nos</span> <span class='ocrx_word' id='word_1_278' title='bbox 541 2153 1028 2244; x_wconf 28' lang='lat' dir='ltr'>respiciens,lcor</span> <span class='ocrx_word' id='word_1_279' title='bbox 1075 2165 1404 2240; x_wconf 82' lang='lat' dir='ltr'>peccatoris</span> <span class='ocrx_word' id='word_1_280' title='bbox 1459 2165 1756 2236; x_wconf 90' lang='lat' dir='ltr'>humiliat,</span> <span class='ocrx_word' id='word_1_281' title='bbox 1815 2168 1872 2220; x_wconf 88' lang='lat' dir='ltr'>et</span> <span class='ocrx_word' id='word_1_282' title='bbox 1919 2181 2054 2220; x_wconf 86' lang='lat' dir='ltr'>eam</span> 
     </span>
    </p>
   </div>
   <div class='ocr_carea' id='block_1_40' title="bbox 395 2253 2055 2342">
    <p class='ocr_par' dir='ltr' id='par_1_40' title="bbox 395 2253 2055 2342">
     <span class='ocr_line' id='line_1_40' title="bbox 395 2253 2055 2342; baseline 0 -32"><span class='ocrx_word' id='word_1_283' title='bbox 395 2269 584 2342; x_wconf 74' lang='lat' dir='ltr'>quain</span> <span class='ocrx_word' id='word_1_284' title='bbox 615 2253 1412 2342; x_wconf 43' lang='lat' dir='ltr'>amiseranintelligentiam</span> <span class='ocrx_word' id='word_1_285' title='bbox 1462 2254 1767 2312; x_wconf 83' lang='lat' dir='ltr'>reformat.</span> <span class='ocrx_word' id='word_1_286' title='bbox 1803 2253 2055 2330; x_wconf 78' lang='lat' dir='ltr'>Lignum</span> 
     </span>
    </p>
   </div>
   <div class='ocr_carea' id='block_1_41' title="bbox 395 2336 2054 2418">
    <p class='ocr_par' dir='ltr' id='par_1_41' title="bbox 395 2336 2054 2418">
     <span class='ocr_line' id='line_1_41' title="bbox 395 2336 2054 2418; baseline 0 -22"><span class='ocrx_word' id='word_1_287' title='bbox 395 2336 566 2410; x_wconf 81' lang='lat' dir='ltr'>erigit</span> <span class='ocrx_word' id='word_1_288' title='bbox 597 2344 655 2396; x_wconf 89' lang='lat' dir='ltr'>et</span> <span class='ocrx_word' id='word_1_289' title='bbox 685 2341 906 2398; x_wconf 86' lang='lat' dir='ltr'>ferrum</span> <span class='ocrx_word' id='word_1_290' title='bbox 937 2336 999 2398; x_wconf 88' lang='lat' dir='ltr'>in</span> <span class='ocrx_word' id='word_1_291' title='bbox 1025 2343 1403 2415; x_wconf 85' lang='lat' dir='ltr'>superficiem</span> <span class='ocrx_word' id='word_1_292' title='bbox 1437 2343 1648 2411; x_wconf 83' lang='lat' dir='ltr'>attulit,</span> <span class='ocrx_word' id='word_1_293' title='bbox 1681 2343 1823 2418; x_wconf 86' lang='lat' dir='ltr'>quia</span> <span class='ocrx_word' id='word_1_294' title='bbox 1851 2342 2054 2398; x_wconf 87' lang='lat' dir='ltr'>videli-</span> 
     </span>
    </p>
   </div>
   <div class='ocr_carea' id='block_1_42' title="bbox 395 2430 2060 2505">
    <p class='ocr_par' dir='ltr' id='par_1_42' title="bbox 395 2430 2060 2505">
     <span class='ocr_line' id='line_1_42' title="bbox 395 2430 2060 2505; baseline 0.001 -19"><span class='ocrx_word' id='word_1_295' title='bbox 395 2435 486 2486; x_wconf 90' lang='lat' dir='ltr'>cet</span> <span class='ocrx_word' id='word_1_296' title='bbox 509 2430 872 2505; x_wconf 85' lang='lat' dir='ltr'>Redemptor</span> <span class='ocrx_word' id='word_1_297' title='bbox 901 2437 1122 2498; x_wconf 89' lang='lat' dir='ltr'>noster,</span> <span class='ocrx_word' id='word_1_298' title='bbox 1155 2437 1210 2488; x_wconf 89' lang='lat' dir='ltr'>et</span> <span class='ocrx_word' id='word_1_299' title='bbox 1240 2433 1551 2490; x_wconf 85' lang='lat' dir='ltr'>scientiam</span> <span class='ocrx_word' id='word_1_300' title='bbox 1591 2436 1850 2505; x_wconf 88' lang='lat' dir='ltr'>reparat,</span> <span class='ocrx_word' id='word_1_301' title='bbox 1879 2439 1936 2488; x_wconf 89' lang='lat' dir='ltr'>et</span> <span class='ocrx_word' id='word_1_302' title='bbox 1957 2449 2060 2488; x_wconf 90' lang='lat' dir='ltr'>cor</span> 
     </span>
    </p>
   </div>
   <div class='ocr_carea' id='block_1_43' title="bbox 395 2518 2058 2591">
    <p class='ocr_par' dir='ltr' id='par_1_43' title="bbox 395 2518 2058 2591">
     <span class='ocr_line' id='line_1_43' title="bbox 395 2518 2058 2591; baseline 0.002 -17"><span class='ocrx_word' id='word_1_303' title='bbox 395 2518 618 2575; x_wconf 90' lang='lat' dir='ltr'>elatum</span> <span class='ocrx_word' id='word_1_304' title='bbox 666 2519 726 2575; x_wconf 91' lang='lat' dir='ltr'>in</span> <span class='ocrx_word' id='word_1_305' title='bbox 759 2521 1119 2591; x_wconf 80' lang='lat' dir='ltr'>cogitatione</span> <span class='ocrx_word' id='word_1_306' title='bbox 1147 2521 1442 2579; x_wconf 87' lang='lat' dir='ltr'>humiliat.</span> <span class='ocrx_word' id='word_1_307' title='bbox 1471 2522 1634 2578; x_wconf 91' lang='lat' dir='ltr'>Unde</span> <span class='ocrx_word' id='word_1_308' title='bbox 1665 2521 1817 2576; x_wconf 90' lang='lat' dir='ltr'>bene</span> <span class='ocrx_word' id='word_1_309' title='bbox 1847 2521 1907 2577; x_wconf 91' lang='lat' dir='ltr'>in</span> <span class='ocrx_word' id='word_1_310' title='bbox 1940 2521 2058 2577; x_wconf 89' lang='lat' dir='ltr'>alia</span> 
     </span>
    </p>
   </div>
   <div class='ocr_carea' id='block_1_44' title="bbox 395 2607 2055 2682">
    <p class='ocr_par' dir='ltr' id='par_1_44' title="bbox 395 2607 2055 2682">
     <span class='ocr_line' id='line_1_44' title="bbox 395 2607 2055 2682; baseline 0.002 -20"><span class='ocrx_word' id='word_1_311' title='bbox 395 2607 785 2682; x_wconf 75' lang='lat' dir='ltr'>translatione</span> <span class='ocrx_word' id='word_1_312' title='bbox 823 2609 1038 2677; x_wconf 81' lang='lat' dir='ltr'>dicitur</span> <span class='ocrx_word' id='word_1_313' title='bbox 1069 2627 1083 2665; x_wconf 91' lang='lat'>:</span> <span class='ocrx_word' id='word_1_314' title='bbox 1109 2631 1137 2658; x_wconf 80' lang='grc' dir='ltr'>α</span> <span class='ocrx_word' id='word_1_315' title='bbox 1167 2610 1340 2681; x_wconf 83' lang='lat' dir='ltr'>Quod</span> <span class='ocrx_word' id='word_1_316' title='bbox 1369 2610 1660 2682; x_wconf 84' lang='lat' dir='ltr'>confregit</span> <span class='ocrx_word' id='word_1_317' title='bbox 1685 2611 1918 2682; x_wconf 85' lang='lat' dir='ltr'>lignum</span> <span class='ocrx_word' id='word_1_318' title='bbox 1967 2615 2055 2666; x_wconf 87' lang='lat' dir='ltr'>at-</span> 
     </span>
    </p>
   </div>
   <div class='ocr_carea' id='block_1_45' title="bbox 395 2698 2057 2789">
    <p class='ocr_par' dir='ltr' id='par_1_45' title="bbox 395 2698 2057 2789">
     <span class='ocr_line' id='line_1_45' title="bbox 395 2698 2057 2789; baseline 0.002 -35"><span class='ocrx_word' id='word_1_319' title='bbox 395 2713 515 2780; x_wconf 84' lang='lat' dir='ltr'>que</span> <span class='ocrx_word' id='word_1_320' title='bbox 539 2698 809 2789; x_wconf 61' lang='lat' dir='ltr'>iactavit,</span> <span class='ocrx_word' id='word_1_321' title='bbox 836 2703 892 2770; x_wconf 78' lang='lat' dir='ltr'>et</span> <span class='ocrx_word' id='word_1_322' title='bbox 921 2699 1004 2754; x_wconf 90' lang='lat' dir='ltr'>sic</span> <span class='ocrx_word' id='word_1_323' title='bbox 1036 2699 1259 2756; x_wconf 87' lang='lat' dir='ltr'>ferrum</span> <span class='ocrx_word' id='word_1_324' title='bbox 1289 2701 1578 2768; x_wconf 80' lang='lat' dir='ltr'>sustulit.»</span> <span class='ocrx_word' id='word_1_325' title='bbox 1613 2702 1867 2774; x_wconf 87' lang='lat' dir='ltr'>Lignum</span> <span class='ocrx_word' id='word_1_326' title='bbox 1888 2719 2057 2759; x_wconf 89' lang='lat' dir='ltr'>nam-</span> 
     </span>
    </p>
   </div>
   <div class='ocr_carea' id='block_1_46' title="bbox 397 2785 2056 2868">
    <p class='ocr_par' dir='ltr' id='par_1_46' title="bbox 397 2785 2056 2868">
     <span class='ocr_line' id='line_1_46' title="bbox 397 2785 2056 2868; baseline 0.002 -26"><span class='ocrx_word' id='word_1_327' title='bbox 397 2785 520 2862; x_wconf 80' lang='lat' dir='ltr'>que</span> <span class='ocrx_word' id='word_1_328' title='bbox 547 2785 923 2863; x_wconf 73' lang='lat' dir='ltr'>confringere</span> <span class='ocrx_word' id='word_1_329' title='bbox 945 2791 1034 2850; x_wconf 84' lang='lat' dir='ltr'>est</span> <span class='ocrx_word' id='word_1_330' title='bbox 1058 2805 1163 2844; x_wconf 91' lang='lat' dir='ltr'>cor</span> <span class='ocrx_word' id='word_1_331' title='bbox 1191 2789 1270 2848; x_wconf 86' lang='lat' dir='ltr'>ab</span> <span class='ocrx_word' id='word_1_332' title='bbox 1319 2789 1572 2855; x_wconf 82' lang='lat' dir='ltr'>elatione</span> <span class='ocrx_word' id='word_1_333' title='bbox 1613 2794 1936 2868; x_wconf 78' lang='lat' dir='ltr'>conterere.</span> <span class='ocrx_word' id='word_1_334' title='bbox 1975 2791 2056 2858; x_wconf 78' lang='lat' dir='ltr'>Li-</span> 
     </span>
    </p>
   </div>
   <div class='ocr_carea' id='block_1_47' title="bbox 397 2871 2058 2968">
    <p class='ocr_par' dir='ltr' id='par_1_47' title="bbox 397 2871 2058 2968">
     <span class='ocr_line' id='line_1_47' title="bbox 397 2871 2058 2968; baseline 0.001 -34"><span class='ocrx_word' id='word_1_335' title='bbox 397 2871 587 2957; x_wconf 69' lang='lat' dir='ltr'>gniim</span> <span class='ocrx_word' id='word_1_336' title='bbox 609 2876 686 2948; x_wconf 84' lang='lat' dir='ltr'>ad</span> <span class='ocrx_word' id='word_1_337' title='bbox 725 2876 852 2953; x_wconf 76' lang='lat' dir='ltr'>ima</span> <span class='ocrx_word' id='word_1_338' title='bbox 873 2877 1101 2968; x_wconf 64' lang='lat' dir='ltr'>iactare</span> <span class='ocrx_word' id='word_1_339' title='bbox 1141 2883 1233 2951; x_wconf 80' lang='lat' dir='ltr'>est</span> <span class='ocrx_word' id='word_1_340' title='bbox 1265 2878 1561 2952; x_wconf 83' lang='lat' dir='ltr'>elevatum</span> <span class='ocrx_word' id='word_1_341' title='bbox 1593 2895 1697 2939; x_wconf 85' lang='lat' dir='ltr'>cor</span> <span class='ocrx_word' id='word_1_342' title='bbox 1748 2880 1809 2943; x_wconf 90' lang='lat' dir='ltr'>in</span> <span class='ocrx_word' id='word_1_343' title='bbox 1858 2879 2058 2953; x_wconf 79' lang='lat' dir='ltr'>cogni-</span> 
     </span>
    </p>
   </div>
   <div class='ocr_carea' id='block_1_48' title="bbox 393 2963 2051 3052">
    <p class='ocr_par' dir='ltr' id='par_1_48' title="bbox 393 2963 2051 3052">
     <span class='ocr_line' id='line_1_48' title="bbox 393 2963 2051 3052; baseline 0.002 -32"><span class='ocrx_word' id='word_1_344' title='bbox 393 2963 662 3048; x_wconf 61' lang='lat' dir='ltr'>tioneiut</span> <span class='ocrx_word' id='word_1_345' title='bbox 707 2963 992 3042; x_wconf 76' lang='lat' dir='ltr'>dixiinns)</span> <span class='ocrx_word' id='word_1_346' title='bbox 1019 2967 1275 3052; x_wconf 70' lang='lat' dir='ltr'>propriae</span> <span class='ocrx_word' id='word_1_347' title='bbox 1319 2967 1676 3043; x_wconf 77' lang='lat' dir='ltr'>inﬁrmitatis</span> <span class='ocrx_word' id='word_1_348' title='bbox 1714 2969 2051 3026; x_wconf 89' lang='lat' dir='ltr'>humiliare.</span> 
     </span>
    </p>
   </div>
   <div class='ocr_carea' id='block_1_49' title="bbox 394 3053 2128 3142">
    <p class='ocr_par' dir='ltr' id='par_1_49' title="bbox 394 3053 2128 3142">
     <span class='ocr_line' id='line_1_49' title="bbox 394 3053 2128 3142; baseline 0 -30"><span class='ocrx_word' id='word_1_349' title='bbox 394 3057 584 3136; x_wconf 45' lang='lat' dir='ltr'>{itque</span> <span class='ocrx_word' id='word_1_350' title='bbox 608 3053 764 3130; x_wconf 85' lang='lat' dir='ltr'>illico</span> <span class='ocrx_word' id='word_1_351' title='bbox 793 3054 1018 3130; x_wconf 77' lang='lat' dir='ltr'>ferrinn</span> <span class='ocrx_word' id='word_1_352' title='bbox 1045 3055 1125 3121; x_wconf 86' lang='lat' dir='ltr'>ad</span> <span class='ocrx_word' id='word_1_353' title='bbox 1169 3057 1549 3134; x_wconf 72' lang='lat' dir='ltr'>superficiem</span> <span class='ocrx_word' id='word_1_354' title='bbox 1580 3057 1753 3125; x_wconf 90' lang='lat' dir='ltr'>redit,</span> <span class='ocrx_word' id='word_1_355' title='bbox 1785 3058 1930 3132; x_wconf 89' lang='lat' dir='ltr'>quia</span> <span class='ocrx_word' id='word_1_356' title='bbox 1975 3057 2056 3112; x_wconf 87' lang='lat' dir='ltr'>ad</span> <span class='ocrx_word' id='word_1_357' title='bbox 2088 3087 2128 3142; x_wconf 65' lang='grc' dir='ltr'><strong>ρ</strong></span> 
     </span>
    </p>
   </div>
   <div class='ocr_carea' id='block_1_50' title="bbox 395 3144 2050 3221">
    <p class='ocr_par' dir='ltr' id='par_1_50' title="bbox 395 3144 2050 3221">
     <span class='ocr_line' id='line_1_50' title="bbox 395 3144 2050 3221; baseline 0 -17"><span class='ocrx_word' id='word_1_358' title='bbox 395 3159 576 3220; x_wconf 65' lang='lat' dir='ltr'>usuin</span> <span class='ocrx_word' id='word_1_359' title='bbox 605 3144 1042 3221; x_wconf 65' lang='lat' dir='ltr'>exercitationis</span> <span class='ocrx_word' id='word_1_360' title='bbox 1073 3145 1336 3220; x_wconf 69' lang='lat' dir='ltr'>pristinae</span> <span class='ocrx_word' id='word_1_361' title='bbox 1366 3145 1764 3221; x_wconf 67' lang='lat' dir='ltr'>intelligentiae</span> <span class='ocrx_word' id='word_1_362' title='bbox 1787 3148 2050 3207; x_wconf 88' lang='lat' dir='ltr'>recurrit.</span> 
     </span>
    </p>
   </div>
   <div class='ocr_carea' id='block_1_51' title="bbox 397 3229 2050 3310">
    <p class='ocr_par' dir='ltr' id='par_1_51' title="bbox 397 3229 2050 3310">
     <span class='ocr_line' id='line_1_51' title="bbox 397 3229 2050 3310; baseline 0.002 -22"><span class='ocrx_word' id='word_1_363' title='bbox 397 3233 580 3310; x_wconf 65' lang='lat' dir='ltr'>igitur</span> <span class='ocrx_word' id='word_1_364' title='bbox 607 3234 898 3309; x_wconf 78' lang='lat' dir='ltr'>quoniam</span> <span class='ocrx_word' id='word_1_365' title='bbox 931 3235 1163 3309; x_wconf 78' lang='lat' dir='ltr'>donum</span> <span class='ocrx_word' id='word_1_366' title='bbox 1194 3229 1525 3309; x_wconf 85' lang='lat' dir='ltr'>intellectus</span> <span class='ocrx_word' id='word_1_367' title='bbox 1545 3235 1711 3308; x_wconf 88' lang='lat' dir='ltr'>quod</span> <span class='ocrx_word' id='word_1_368' title='bbox 1743 3237 2050 3310; x_wconf 83' lang='lat' dir='ltr'>accipitur.</span> 
     </span>
    </p>
   </div>
   <div class='ocr_carea' id='block_1_52' title="bbox 393 3317 2052 3398">
    <p class='ocr_par' dir='ltr' id='par_1_52' title="bbox 393 3317 2052 3398">
     <span class='ocr_line' id='line_1_52' title="bbox 393 3317 2052 3398; baseline 0.003 -27"><span class='ocrx_word' id='word_1_369' title='bbox 393 3317 492 3387; x_wconf 75' lang='lat' dir='ltr'>vix</span> <span class='ocrx_word' id='word_1_370' title='bbox 529 3334 666 3393; x_wconf 75' lang='lat' dir='ltr'>enin</span> <span class='ocrx_word' id='word_1_371' title='bbox 699 3321 784 3388; x_wconf 81' lang='lat' dir='ltr'>tot</span> <span class='ocrx_word' id='word_1_372' title='bbox 811 3318 1263 3387; x_wconf 77' lang='lat' dir='ltr'>difﬁcultatibus</span> <span class='ocrx_word' id='word_1_373' title='bbox 1313 3321 1665 3398; x_wconf 73' lang='lat' dir='ltr'>custoditur,</span> <span class='ocrx_word' id='word_1_374' title='bbox 1717 3321 2052 3382; x_wconf 76' lang='lat' dir='ltr'>curandum</span> 
     </span>
    </p>
   </div>
   <div class='ocr_carea' id='block_1_53' title="bbox 397 3405 2056 3491">
    <p class='ocr_par' dir='ltr' id='par_1_53' title="bbox 397 3405 2056 3491">
     <span class='ocr_line' id='line_1_53' title="bbox 397 3405 2056 3491; baseline 0.004 -32"><span class='ocrx_word' id='word_1_375' title='bbox 397 3405 569 3474; x_wconf 80' lang='lat' dir='ltr'>valde</span> <span class='ocrx_word' id='word_1_376' title='bbox 601 3410 710 3491; x_wconf 79' lang='lat' dir='ltr'>est,</span> <span class='ocrx_word' id='word_1_377' title='bbox 743 3422 820 3462; x_wconf 91' lang='lat' dir='ltr'>ne</span> <span class='ocrx_word' id='word_1_378' title='bbox 849 3407 968 3481; x_wconf 78' lang='lat' dir='ltr'>otio</span> <span class='ocrx_word' id='word_1_379' title='bbox 999 3411 1252 3482; x_wconf 75' lang='lat' dir='ltr'>torpeat,</span> <span class='ocrx_word' id='word_1_380' title='bbox 1284 3410 1622 3484; x_wconf 74' lang='lat' dir='ltr'>mirandum</span> <span class='ocrx_word' id='word_1_381' title='bbox 1654 3425 1728 3466; x_wconf 91' lang='lat' dir='ltr'>ne</span> <span class='ocrx_word' id='word_1_382' title='bbox 1768 3410 2056 3488; x_wconf 86' lang='lat' dir='ltr'>incitatio-</span> 
     </span>
    </p>
   </div>
   <div class='ocr_carea' id='block_1_54' title="bbox 396 3495 2055 3578">
    <p class='ocr_par' dir='ltr' id='par_1_54' title="bbox 396 3495 2055 3578">
     <span class='ocr_line' id='line_1_54' title="bbox 396 3495 2055 3578; baseline 0.004 -29"><span class='ocrx_word' id='word_1_383' title='bbox 396 3510 478 3573; x_wconf 68' lang='lat' dir='ltr'>ne</span> <span class='ocrx_word' id='word_1_384' title='bbox 501 3495 700 3571; x_wconf 82' lang='lat' dir='ltr'>operis</span> <span class='ocrx_word' id='word_1_385' title='bbox 732 3495 870 3574; x_wconf 86' lang='lat' dir='ltr'>vitio</span> <span class='ocrx_word' id='word_1_386' title='bbox 898 3496 1174 3574; x_wconf 77' lang='lat' dir='ltr'>elationis</span> <span class='ocrx_word' id='word_1_387' title='bbox 1203 3503 1553 3576; x_wconf 55' lang='lat' dir='ltr'>evanescat,</span> <span class='ocrx_word' id='word_1_388' title='bbox 1573 3499 1770 3576; x_wconf 74' lang='lat' dir='ltr'>Sancti</span> <span class='ocrx_word' id='word_1_389' title='bbox 1789 3516 2055 3578; x_wconf 76' lang='lat' dir='ltr'>namque</span> 
     </span>
    </p>
   </div>
   <div class='ocr_carea' id='block_1_55' title="bbox 395 3579 2054 3670">
    <p class='ocr_par' dir='ltr' id='par_1_55' title="bbox 395 3579 2054 3670">
     <span class='ocr_line' id='line_1_55' title="bbox 395 3579 2054 3670; baseline 0.003 -31"><span class='ocrx_word' id='word_1_390' title='bbox 395 3583 507 3660; x_wconf 74' lang='lat' dir='ltr'>viri</span> <span class='ocrx_word' id='word_1_391' title='bbox 528 3579 774 3654; x_wconf 81' lang='lat' dir='ltr'>minime</span> <span class='ocrx_word' id='word_1_392' title='bbox 806 3585 1124 3670; x_wconf 71' lang='lat' dir='ltr'>exsultant,</span> <span class='ocrx_word' id='word_1_393' title='bbox 1179 3603 1318 3666; x_wconf 80' lang='lat' dir='ltr'>cum</span> <span class='ocrx_word' id='word_1_394' title='bbox 1369 3591 1744 3668; x_wconf 79' lang='lat' dir='ltr'>cognoscunt</span> <span class='ocrx_word' id='word_1_395' title='bbox 1793 3605 1930 3662; x_wconf 78' lang='lat' dir='ltr'>quae</span> <span class='ocrx_word' id='word_1_396' title='bbox 1967 3588 2054 3644; x_wconf 86' lang='lat' dir='ltr'>fa-</span> 
     </span>
    </p>
   </div>
   <div class='ocr_carea' id='block_1_56' title="bbox 397 3673 2054 3754">
    <p class='ocr_par' dir='ltr' id='par_1_56' title="bbox 397 3673 2054 3754">
     <span class='ocr_line' id='line_1_56' title="bbox 397 3673 2054 3754; baseline 0.001 -24"><span class='ocrx_word' id='word_1_397' title='bbox 397 3674 578 3750; x_wconf 78' lang='lat' dir='ltr'>cinnt.</span> <span class='ocrx_word' id='word_1_398' title='bbox 608 3673 723 3750; x_wconf 84' lang='lat' dir='ltr'>Sed</span> <span class='ocrx_word' id='word_1_399' title='bbox 753 3691 892 3737; x_wconf 84' lang='lat' dir='ltr'>cum</span> <span class='ocrx_word' id='word_1_400' title='bbox 917 3674 1144 3754; x_wconf 69' lang='lat' dir='ltr'>faciunt</span> <span class='ocrx_word' id='word_1_401' title='bbox 1175 3692 1311 3754; x_wconf 71' lang='lat' dir='ltr'>quae</span> <span class='ocrx_word' id='word_1_402' title='bbox 1351 3680 1786 3748; x_wconf 80' lang='lat' dir='ltr'>cognoverunt,</span> <span class='ocrx_word' id='word_1_403' title='bbox 1819 3681 1908 3732; x_wconf 91' lang='lat' dir='ltr'>ets</span> <span class='ocrx_word' id='word_1_404' title='bbox 1971 3677 2054 3732; x_wconf 90' lang='lat' dir='ltr'>in-</span> 
     </span>
    </p>
   </div>
   <div class='ocr_carea' id='block_1_57' title="bbox 397 3760 2052 3848">
    <p class='ocr_par' dir='ltr' id='par_1_57' title="bbox 397 3760 2052 3848">
     <span class='ocr_line' id='line_1_57' title="bbox 397 3760 2052 3848; baseline 0.001 -30"><span class='ocrx_word' id='word_1_405' title='bbox 397 3760 714 3839; x_wconf 77' lang='lat' dir='ltr'>teiligendo</span> <span class='ocrx_word' id='word_1_406' title='bbox 739 3763 964 3840; x_wconf 81' lang='lat' dir='ltr'>largius</span> <span class='ocrx_word' id='word_1_407' title='bbox 994 3765 1379 3841; x_wconf 79' lang='lat' dir='ltr'>congaudent</span> <span class='ocrx_word' id='word_1_408' title='bbox 1407 3781 1444 3826; x_wconf 82' lang='lat' dir='ltr'>a</span> <span class='ocrx_word' id='word_1_409' title='bbox 1463 3781 1711 3820; x_wconf 84' lang='lat' dir='ltr'>munere</span> <span class='ocrx_word' id='word_1_410' title='bbox 1731 3765 2052 3848; x_wconf 73' lang='lat' dir='ltr'>largitoris,I</span> 
     </span>
    </p>
   </div>
   <div class='ocr_carea' id='block_1_58' title="bbox 395 3853 2055 3932">
    <p class='ocr_par' dir='ltr' id='par_1_58' title="bbox 395 3853 2055 3932">
     <span class='ocr_line' id='line_1_58' title="bbox 395 3853 2055 3932; baseline 0.003 -25"><span class='ocrx_word' id='word_1_411' title='bbox 395 3855 716 3929; x_wconf 83' lang='lat' dir='ltr'>maerentes</span> <span class='ocrx_word' id='word_1_412' title='bbox 747 3857 952 3932; x_wconf 74' lang='lat' dir='ltr'>tamen</span> <span class='ocrx_word' id='word_1_413' title='bbox 1006 3853 1394 3924; x_wconf 76' lang='lat' dir='ltr'>considerant</span> <span class='ocrx_word' id='word_1_414' title='bbox 1423 3853 1693 3928; x_wconf 87' lang='lat' dir='ltr'>debitum</span> <span class='ocrx_word' id='word_1_415' title='bbox 1725 3854 1920 3931; x_wconf 91' lang='lat' dir='ltr'>operis</span> <span class='ocrx_word' id='word_1_416' title='bbox 1947 3874 1959 3912; x_wconf 90' lang='lat'>:</span> <span class='ocrx_word' id='word_1_417' title='bbox 1993 3860 2055 3912; x_wconf 89' lang='lat' dir='ltr'>ut</span> 
     </span>
    </p>
   </div>
   <div class='ocr_carea' id='block_1_59' title="bbox 392 3940 2056 4021">
    <p class='ocr_par' dir='ltr' id='par_1_59' title="bbox 392 3940 2056 4021">
     <span class='ocr_line' id='line_1_59' title="bbox 392 3940 2056 4021; baseline 0.003 -26"><span class='ocrx_word' id='word_1_418' title='bbox 392 3940 670 4018; x_wconf 70' lang='lat' dir='ltr'>videlicet</span> <span class='ocrx_word' id='word_1_419' title='bbox 699 3943 932 4008; x_wconf 83' lang='lat' dir='ltr'>actione</span> <span class='ocrx_word' id='word_1_420' title='bbox 979 3943 1350 4019; x_wconf 47' lang='lat' dir='ltr'>personant,</span> <span class='ocrx_word' id='word_1_421' title='bbox 1402 3942 1567 4018; x_wconf 74' lang='lat' dir='ltr'>qnod</span> <span class='ocrx_word' id='word_1_422' title='bbox 1623 3944 1707 3998; x_wconf 89' lang='lat' dir='ltr'>eis</span> <span class='ocrx_word' id='word_1_423' title='bbox 1758 3960 2056 4021; x_wconf 63' lang='lat' dir='ltr'>praeroga-</span> 
     </span>
    </p>
   </div>
   <div class='ocr_carea' id='block_1_60' title="bbox 393 4029 2050 4104">
    <p class='ocr_par' dir='ltr' id='par_1_60' title="bbox 393 4029 2050 4104">
     <span class='ocr_line' id='line_1_60' title="bbox 393 4029 2050 4104; baseline 0.004 -21"><span class='ocrx_word' id='word_1_424' title='bbox 393 4033 524 4101; x_wconf 76' lang='lat' dir='ltr'>tnm</span> <span class='ocrx_word' id='word_1_425' title='bbox 556 4033 649 4098; x_wconf 74' lang='lat' dir='ltr'>est</span> <span class='ocrx_word' id='word_1_426' title='bbox 675 4029 737 4084; x_wconf 91' lang='lat' dir='ltr'>in</span> <span class='ocrx_word' id='word_1_427' title='bbox 767 4030 1358 4104; x_wconf 71' lang='lat' dir='ltr'>cognitione.Stultus</span> <span class='ocrx_word' id='word_1_428' title='bbox 1385 4046 1648 4103; x_wconf 86' lang='lat' dir='ltr'>namque</span> <span class='ocrx_word' id='word_1_429' title='bbox 1679 4037 1767 4088; x_wconf 91' lang='lat' dir='ltr'>est</span> <span class='ocrx_word' id='word_1_430' title='bbox 1798 4031 2050 4102; x_wconf 86' lang='lat' dir='ltr'>debitor,</span> 
     </span>
    </p>
   </div>
   <div class='ocr_carea' id='block_1_61' title="bbox 393 4115 2046 4206">
    <p class='ocr_par' dir='ltr' id='par_1_61' title="bbox 393 4115 2046 4206">
     <span class='ocr_line' id='line_1_61' title="bbox 393 4115 2046 4206; baseline 0.005 -37"><span class='ocrx_word' id='word_1_431' title='bbox 393 4115 499 4206; x_wconf 79' lang='lat' dir='ltr'>qui</span> <span class='ocrx_word' id='word_1_432' title='bbox 531 4116 805 4192; x_wconf 76' lang='lat' dir='ltr'>gaudens</span> <span class='ocrx_word' id='word_1_433' title='bbox 844 4119 1132 4206; x_wconf 74' lang='lat' dir='ltr'>pecunias</span> <span class='ocrx_word' id='word_1_434' title='bbox 1171 4122 1414 4194; x_wconf 77' lang='lat' dir='ltr'>mutuas</span> <span class='ocrx_word' id='word_1_435' title='bbox 1457 4119 1690 4192; x_wconf 90' lang='lat' dir='ltr'>accipit,</span> <span class='ocrx_word' id='word_1_436' title='bbox 1721 4126 1778 4176; x_wconf 90' lang='lat' dir='ltr'>et</span> <span class='ocrx_word' id='word_1_437' title='bbox 1809 4125 2046 4199; x_wconf 89' lang='lat' dir='ltr'>tempus</span> 
     </span>
    </p>
   </div>
   <div class='ocr_carea' id='block_1_62' title="bbox 393 4191 2053 4286">
    <p class='ocr_par' dir='ltr' id='par_1_62' title="bbox 393 4191 2053 4286">
     <span class='ocr_line' id='line_1_62' title="bbox 393 4191 2053 4286; baseline 0.006 -29"><span class='ocrx_word' id='word_1_438' title='bbox 393 4191 518 4279; x_wconf 73' lang='lat' dir='ltr'>quo</span> <span class='ocrx_word' id='word_1_439' title='bbox 541 4191 794 4278; x_wconf 80' lang='lat' dir='ltr'>reddere</span> <span class='ocrx_word' id='word_1_440' title='bbox 822 4191 1042 4280; x_wconf 83' lang='lat' dir='ltr'>debeat</span> <span class='ocrx_word' id='word_1_441' title='bbox 1068 4191 1193 4277; x_wconf 82' lang='lat' dir='ltr'>non</span> <span class='ocrx_word' id='word_1_442' title='bbox 1224 4191 1510 4274; x_wconf 86' lang='lat' dir='ltr'>attendit.</span> <span class='ocrx_word' id='word_1_443' title='bbox 1559 4191 1894 4286; x_wconf 69' lang='lat' dir='ltr'>Moderatnr</span> <span class='ocrx_word' id='word_1_444' title='bbox 1931 4191 2053 4268; x_wconf 24' lang='lat' dir='ltr'>Vau-</span> 
     </span>
    </p>
   </div>
   <div class='ocr_carea' id='block_1_63' title="bbox 393 4291 2054 4382">
    <p class='ocr_par' dir='ltr' id='par_1_63' title="bbox 393 4291 2054 4382">
     <span class='ocr_line' id='line_1_63' title="bbox 393 4291 2054 4382; baseline 0.007 -36"><span class='ocrx_word' id='word_1_445' title='bbox 393 4295 516 4382; x_wconf 75' lang='lat' dir='ltr'>tein</span> <span class='ocrx_word' id='word_1_446' title='bbox 553 4291 755 4382; x_wconf 75' lang='lat' dir='ltr'>laetitia</span> <span class='ocrx_word' id='word_1_447' title='bbox 791 4293 1144 4371; x_wconf 84' lang='lat' dir='ltr'>accipiendi,</span> <span class='ocrx_word' id='word_1_448' title='bbox 1188 4296 1436 4368; x_wconf 88' lang='lat' dir='ltr'>quando</span> <span class='ocrx_word' id='word_1_449' title='bbox 1487 4297 1683 4354; x_wconf 91' lang='lat' dir='ltr'>solerti</span> <span class='ocrx_word' id='word_1_450' title='bbox 1736 4300 2054 4382; x_wconf 90' lang='lat' dir='ltr'>providen-</span> 
     </span>
    </p>
   </div>
   <div class='ocr_carea' id='block_1_64' title="bbox 395 4379 2052 4464">
    <p class='ocr_par' dir='ltr' id='par_1_64' title="bbox 395 4379 2052 4464">
     <span class='ocr_line' id='line_1_64' title="bbox 395 4379 2052 4464; baseline 0.007 -28"><span class='ocrx_word' id='word_1_451' title='bbox 395 4379 477 4437; x_wconf 89' lang='lat' dir='ltr'>tia</span> <span class='ocrx_word' id='word_1_452' title='bbox 528 4379 710 4458; x_wconf 76' lang='lat' dir='ltr'>etiarn</span> <span class='ocrx_word' id='word_1_453' title='bbox 751 4382 1140 4458; x_wconf 59' lang='lat' dir='ltr'>constitutum</span> <span class='ocrx_word' id='word_1_454' title='bbox 1203 4390 1441 4462; x_wconf 81' lang='lat' dir='ltr'>tempus</span> <span class='ocrx_word' id='word_1_455' title='bbox 1497 4379 1790 4464; x_wconf 80' lang='lat' dir='ltr'>reddendi</span> <span class='ocrx_word' id='word_1_456' title='bbox 1828 4389 2052 4460; x_wconf 86' lang='lat' dir='ltr'>cogita-</span> 
     </span>
    </p>
   </div>
   <div class='ocr_carea' id='block_1_65' title="bbox 396 4473 510 4526">
    <p class='ocr_par' dir='ltr' id='par_1_65' title="bbox 396 4473 510 4526">
     <span class='ocr_line' id='line_1_65' title="bbox 396 4473 510 4526; baseline 0.018 -2"><span class='ocrx_word' id='word_1_457' title='bbox 396 4473 510 4526; x_wconf 88' lang='lat' dir='ltr'>tur.</span> 
     </span>
    </p>
   </div>
   <div class='ocr_carea' id='block_1_66' title="bbox 467 4561 2052 4650">
    <p class='ocr_par' dir='ltr' id='par_1_66' title="bbox 467 4561 2052 4650">
     <span class='ocr_line' id='line_1_66' title="bbox 467 4561 2052 4650; baseline 0.006 -37"><span class='ocrx_word' id='word_1_458' title='bbox 467 4561 650 4650; x_wconf 57' lang='lat' dir='ltr'>«Rex</span> <span class='ocrx_word' id='word_1_459' title='bbox 679 4561 1092 4650; x_wconf 15' lang='lat' dir='ltr'>autemASyrite</span> <span class='ocrx_word' id='word_1_460' title='bbox 1116 4561 1433 4650; x_wconf 82' lang='lat' dir='ltr'>pugnabat</span> <span class='ocrx_word' id='word_1_461' title='bbox 1459 4568 1668 4640; x_wconf 84' lang='lat' dir='ltr'>contra,</span> <span class='ocrx_word' id='word_1_462' title='bbox 1695 4565 1896 4634; x_wconf 79' lang='lat' dir='ltr'>Israel,</span> <span class='ocrx_word' id='word_1_463' title='bbox 1915 4583 2052 4623; x_wconf 91' lang='lat' dir='ltr'>con-</span> 
     </span>
    </p>
   </div>
   <div class='ocr_carea' id='block_1_67' title="bbox 390 4647 2050 4727">
    <p class='ocr_par' dir='ltr' id='par_1_67' title="bbox 390 4647 2050 4727">
     <span class='ocr_line' id='line_1_67' title="bbox 390 4647 2050 4727; baseline 0.006 -25"><span class='ocrx_word' id='word_1_464' title='bbox 390 4666 421 4702; x_wconf 83' lang='grc'>‹</span> <span class='ocrx_word' id='word_1_465' title='bbox 457 4647 779 4727; x_wconf 72' lang='lat' dir='ltr'>siiiuinque</span> <span class='ocrx_word' id='word_1_466' title='bbox 805 4648 933 4727; x_wconf 75' lang='lat' dir='ltr'>iniit</span> <span class='ocrx_word' id='word_1_467' title='bbox 965 4665 1104 4720; x_wconf 87' lang='lat' dir='ltr'>cum</span> <span class='ocrx_word' id='word_1_468' title='bbox 1125 4647 1318 4706; x_wconf 84' lang='lat' dir='ltr'>servis</span> <span class='ocrx_word' id='word_1_469' title='bbox 1369 4651 1514 4722; x_wconf 84' lang='lat' dir='ltr'>suis,</span> <span class='ocrx_word' id='word_1_470' title='bbox 1547 4653 1789 4712; x_wconf 87' lang='lat' dir='ltr'>dicens:</span> <span class='ocrx_word' id='word_1_471' title='bbox 1823 4656 1888 4710; x_wconf 91' lang='lat' dir='ltr'>ln</span> <span class='ocrx_word' id='word_1_472' title='bbox 1917 4655 2050 4712; x_wconf 94' lang='lat' dir='ltr'>loco</span> 
     </span>
    </p>
   </div>
   <div class='ocr_carea' id='block_1_68' title="bbox 393 4737 2048 4816">
    <p class='ocr_par' dir='ltr' id='par_1_68' title="bbox 393 4737 2048 4816">
     <span class='ocr_line' id='line_1_68' title="bbox 393 4737 2048 4816; baseline 0.005 -25"><span class='ocrx_word' id='word_1_473' title='bbox 393 4759 421 4788; x_wconf 85' lang='lat'><strong>«</strong></span> <span class='ocrx_word' id='word_1_474' title='bbox 453 4737 556 4815; x_wconf 79' lang='lat' dir='ltr'>iiio</span> <span class='ocrx_word' id='word_1_475' title='bbox 587 4742 644 4794; x_wconf 91' lang='lat' dir='ltr'>et</span> <span class='ocrx_word' id='word_1_476' title='bbox 673 4737 772 4794; x_wconf 88' lang='lat' dir='ltr'>illo</span> <span class='ocrx_word' id='word_1_477' title='bbox 803 4753 1108 4814; x_wconf 77' lang='lat' dir='ltr'>ponamus</span> <span class='ocrx_word' id='word_1_478' title='bbox 1137 4739 1406 4810; x_wconf 67' lang='lat' dir='ltr'>insidias.</span> <span class='ocrx_word' id='word_1_479' title='bbox 1432 4742 1578 4805; x_wconf 84' lang='lat' dir='ltr'>Misit</span> <span class='ocrx_word' id='word_1_480' title='bbox 1605 4742 1806 4816; x_wconf 89' lang='lat' dir='ltr'>itaque</span> <span class='ocrx_word' id='word_1_481' title='bbox 1833 4744 1918 4808; x_wconf 84' lang='lat' dir='ltr'>vir</span> <span class='ocrx_word' id='word_1_482' title='bbox 1949 4747 2048 4799; x_wconf 89' lang='lat' dir='ltr'>Dei</span> 
     </span>
    </p>
   </div>
   <div class='ocr_carea' id='block_1_69' title="bbox 393 4815 2048 4908">
    <p class='ocr_par' dir='ltr' id='par_1_69' title="bbox 393 4815 2048 4908">
     <span class='ocr_line' id='line_1_69' title="bbox 393 4815 2048 4908; baseline 0.004 -26"><span class='ocrx_word' id='word_1_483' title='bbox 393 4849 420 4877; x_wconf 88' lang='grc'>‹‹</span> <span class='ocrx_word' id='word_1_484' title='bbox 453 4826 532 4904; x_wconf 69' lang='lat' dir='ltr'>ad</span> <span class='ocrx_word' id='word_1_485' title='bbox 563 4842 768 4900; x_wconf 82' lang='lat' dir='ltr'>regem</span> <span class='ocrx_word' id='word_1_486' title='bbox 813 4815 996 4904; x_wconf 71' lang='lat' dir='ltr'>israel</span> <span class='ocrx_word' id='word_1_487' title='bbox 1037 4827 1242 4884; x_wconf 90' lang='lat' dir='ltr'>dicens</span> <span class='ocrx_word' id='word_1_488' title='bbox 1277 4848 1290 4885; x_wconf 90' lang='lat'>:</span> <span class='ocrx_word' id='word_1_489' title='bbox 1341 4830 1494 4886; x_wconf 86' lang='lat' dir='ltr'>Cave</span> <span class='ocrx_word' id='word_1_490' title='bbox 1551 4847 1626 4887; x_wconf 91' lang='lat' dir='ltr'>ne</span> <span class='ocrx_word' id='word_1_491' title='bbox 1681 4815 1952 4908; x_wconf 79' lang='lat' dir='ltr'>transeas</span> <span class='ocrx_word' id='word_1_492' title='bbox 1989 4833 2048 4889; x_wconf 92' lang='lat' dir='ltr'>in</span> 
     </span>
    </p>
   </div>
   <div class='ocr_carea' id='block_1_70' title="bbox 391 4904 2050 4999">
    <p class='ocr_par' dir='ltr' id='par_1_70' title="bbox 391 4904 2050 4999">
     <span class='ocr_line' id='line_1_70' title="bbox 391 4904 2050 4999; baseline 0.009 -34"><span class='ocrx_word' id='word_1_493' title='bbox 391 4937 419 4963; x_wconf 89' lang='grc'>‹‹</span> <span class='ocrx_word' id='word_1_494' title='bbox 451 4915 654 4994; x_wconf 75' lang='lat' dir='ltr'>locum</span> <span class='ocrx_word' id='word_1_495' title='bbox 677 4916 869 4995; x_wconf 79' lang='lat' dir='ltr'>illum,</span> <span class='ocrx_word' id='word_1_496' title='bbox 900 4917 1044 4996; x_wconf 69' lang='lat' dir='ltr'>quin</span> <span class='ocrx_word' id='word_1_497' title='bbox 1183 4918 1313 4993; x_wconf 75' lang='lat' dir='ltr'>Syri</span> <span class='ocrx_word' id='word_1_498' title='bbox 1344 4919 1404 4974; x_wconf 91' lang='lat' dir='ltr'>in</span> <span class='ocrx_word' id='word_1_499' title='bbox 1427 4919 1658 4987; x_wconf 78' lang='lat' dir='ltr'>insidiis</span> <span class='ocrx_word' id='word_1_500' title='bbox 1709 4904 1866 4999; x_wconf 76' lang='lat' dir='ltr'>sunt.</span> <span class='ocrx_word' id='word_1_501' title='bbox 1904 4921 2050 4980; x_wconf 87' lang='lat' dir='ltr'>Misit</span> 
     </span>
    </p>
   </div>
   <div class='ocr_carea' id='block_1_71' title="bbox 397 5004 2050 5087">
    <p class='ocr_par' dir='ltr' id='par_1_71' title="bbox 397 5004 2050 5087">
     <span class='ocr_line' id='line_1_71' title="bbox 397 5004 2050 5087; baseline 0.008 -33"><span class='ocrx_word' id='word_1_502' title='bbox 397 5025 424 5054; x_wconf 74' lang='grc' dir='ltr'>ι</span> <span class='ocrx_word' id='word_1_503' title='bbox 452 5004 654 5080; x_wconf 64' lang='lat' dir='ltr'>itaque</span> <span class='ocrx_word' id='word_1_504' title='bbox 683 5021 787 5068; x_wconf 82' lang='lat' dir='ltr'>rex</span> <span class='ocrx_word' id='word_1_505' title='bbox 818 5007 997 5078; x_wconf 83' lang='lat' dir='ltr'>lsraei</span> <span class='ocrx_word' id='word_1_506' title='bbox 1028 5006 1107 5063; x_wconf 89' lang='lat' dir='ltr'>ad</span> <span class='ocrx_word' id='word_1_507' title='bbox 1134 5007 1337 5087; x_wconf 83' lang='lat' dir='ltr'>locum</span> <span class='ocrx_word' id='word_1_508' title='bbox 1379 5025 1562 5086; x_wconf 83' lang='lat' dir='ltr'>quem</span> <span class='ocrx_word' id='word_1_509' title='bbox 1615 5009 1849 5066; x_wconf 83' lang='lat' dir='ltr'>dixerat</span> <span class='ocrx_word' id='word_1_510' title='bbox 1878 5011 1930 5067; x_wconf 91' lang='lat' dir='ltr'>ei</span> <span class='ocrx_word' id='word_1_511' title='bbox 1961 5012 2050 5078; x_wconf 80' lang='lat' dir='ltr'>vir</span> 
     </span>
    </p>
   </div>
   <div class='ocr_carea' id='block_1_72' title="bbox 397 5089 2046 5178">
    <p class='ocr_par' dir='ltr' id='par_1_72' title="bbox 397 5089 2046 5178">
     <span class='ocr_line' id='line_1_72' title="bbox 397 5089 2046 5178; baseline 0.008 -34"><span class='ocrx_word' id='word_1_512' title='bbox 397 5113 415 5143; x_wconf 74' lang='grc' dir='ltr'>ι</span> <span class='ocrx_word' id='word_1_513' title='bbox 457 5089 579 5168; x_wconf 73' lang='lat' dir='ltr'>Dei;</span> <span class='ocrx_word' id='word_1_514' title='bbox 610 5097 667 5164; x_wconf 87' lang='lat' dir='ltr'>et</span> <span class='ocrx_word' id='word_1_515' title='bbox 690 5096 1134 5176; x_wconf 65' lang='lat' dir='ltr'>praeoccupavit</span> <span class='ocrx_word' id='word_1_516' title='bbox 1163 5113 1324 5178; x_wconf 79' lang='lat' dir='ltr'>eum,</span> <span class='ocrx_word' id='word_1_517' title='bbox 1349 5101 1406 5154; x_wconf 88' lang='lat' dir='ltr'>et</span> <span class='ocrx_word' id='word_1_518' title='bbox 1434 5097 1780 5156; x_wconf 87' lang='lat' dir='ltr'>observavit</span> <span class='ocrx_word' id='word_1_519' title='bbox 1805 5116 1866 5155; x_wconf 91' lang='lat' dir='ltr'>se</span> <span class='ocrx_word' id='word_1_520' title='bbox 1892 5100 1998 5166; x_wconf 91' lang='lat' dir='ltr'>ibi,</span> <span class='ocrx_word' id='word_1_521' title='bbox 2023 5123 2046 5150; x_wconf 74' lang='grc' dir='ltr'><strong>ιι</strong></span> 
     </span>
    </p>
   </div>
   <div class='ocr_carea' id='block_1_73' title="bbox 389 5179 2044 5270">
    <p class='ocr_par' dir='ltr' id='par_1_73' title="bbox 389 5179 2044 5270">
     <span class='ocr_line' id='line_1_73' title="bbox 389 5179 2044 5270; baseline 0.005 -35"><span class='ocrx_word' id='word_1_522' title='bbox 389 5184 449 5244; x_wconf 84' lang='lat' dir='ltr'>et</span> <span class='ocrx_word' id='word_1_523' title='bbox 507 5179 756 5270; x_wconf 73' lang='lat' dir='ltr'>reliqua.</span> <span class='ocrx_word' id='word_1_524' title='bbox 823 5185 1011 5248; x_wconf 85' lang='lat' dir='ltr'>Quem</span> <span class='ocrx_word' id='word_1_525' title='bbox 1059 5183 1486 5256; x_wconf 82' lang='lat' dir='ltr'>congruentius</span> <span class='ocrx_word' id='word_1_526' title='bbox 1542 5187 1639 5243; x_wconf 88' lang='lat' dir='ltr'>hic</span> <span class='ocrx_word' id='word_1_527' title='bbox 1687 5205 1792 5264; x_wconf 77' lang='lat' dir='ltr'>rex</span> <span class='ocrx_word' id='word_1_528' title='bbox 1843 5189 2044 5262; x_wconf 62' lang='lat' dir='ltr'>Syriae,</span> 
     </span>
    </p>
   </div>
   <div class='ocr_carea' id='block_1_74' title="bbox 390 5273 2048 5356">
    <p class='ocr_par' dir='ltr' id='par_1_74' title="bbox 390 5273 2048 5356">
     <span class='ocr_line' id='line_1_74' title="bbox 390 5273 2048 5356; baseline 0.006 -32"><span class='ocrx_word' id='word_1_529' title='bbox 390 5285 579 5347; x_wconf 76' lang='lat' dir='ltr'>qnain</span> <span class='ocrx_word' id='word_1_530' title='bbox 609 5274 966 5346; x_wconf 75' lang='lat' dir='ltr'>potestatein</span> <span class='ocrx_word' id='word_1_531' title='bbox 999 5273 1300 5344; x_wconf 79' lang='lat' dir='ltr'>significat</span> <span class='ocrx_word' id='word_1_532' title='bbox 1341 5277 1677 5355; x_wconf 81' lang='lat' dir='ltr'>terrenam?</span> <span class='ocrx_word' id='word_1_533' title='bbox 1705 5294 1840 5351; x_wconf 74' lang='lat' dir='ltr'>quae</span> <span class='ocrx_word' id='word_1_534' title='bbox 1891 5294 2048 5356; x_wconf 80' lang='lat' dir='ltr'>saepe</span> 
     </span>
    </p>
   </div>
   <div class='ocr_carea' id='block_1_75' title="bbox 391 5357 2049 5449">
    <p class='ocr_par' dir='ltr' id='par_1_75' title="bbox 391 5357 2049 5449">
     <span class='ocr_line' id='line_1_75' title="bbox 391 5357 2049 5449; baseline 0.005 -35"><span class='ocrx_word' id='word_1_535' title='bbox 391 5358 649 5449; x_wconf 75' lang='lat' dir='ltr'>superbe</span> <span class='ocrx_word' id='word_1_536' title='bbox 705 5361 967 5438; x_wconf 74' lang='lat' dir='ltr'>sentiens</span> <span class='ocrx_word' id='word_1_537' title='bbox 1017 5363 1312 5449; x_wconf 80' lang='lat' dir='ltr'>popnlum</span> <span class='ocrx_word' id='word_1_538' title='bbox 1381 5365 1502 5449; x_wconf 81' lang='lat' dir='ltr'>Dei,</span> <span class='ocrx_word' id='word_1_539' title='bbox 1575 5365 1690 5421; x_wconf 91' lang='lat' dir='ltr'>hoc</span> <span class='ocrx_word' id='word_1_540' title='bbox 1742 5369 1830 5422; x_wconf 90' lang='lat' dir='ltr'>est</span> <span class='ocrx_word' id='word_1_541' title='bbox 1894 5357 2049 5430; x_wconf 83' lang='lat' dir='ltr'>ﬁlios</span> 
     </span>
    </p>
   </div>
   <div class='ocr_carea' id='block_1_76' title="bbox 389 5440 2048 5535">
    <p class='ocr_par' dir='ltr' id='par_1_76' title="bbox 389 5440 2048 5535">
     <span class='ocr_line' id='line_1_76' title="bbox 389 5440 2048 5535; baseline 0.007 -35"><span class='ocrx_word' id='word_1_542' title='bbox 389 5445 540 5520; x_wconf 78' lang='lat' dir='ltr'>Inois</span> <span class='ocrx_word' id='word_1_543' title='bbox 567 5449 964 5534; x_wconf 82' lang='lat' dir='ltr'>persequitur,</span> <span class='ocrx_word' id='word_1_544' title='bbox 1013 5440 1120 5520; x_wconf 87' lang='lat' dir='ltr'>sed</span> <span class='ocrx_word' id='word_1_545' title='bbox 1171 5451 1287 5524; x_wconf 79' lang='lat' dir='ltr'>ipsi</span> <span class='ocrx_word' id='word_1_546' title='bbox 1339 5467 1446 5535; x_wconf 78' lang='lat' dir='ltr'>per</span> <span class='ocrx_word' id='word_1_547' title='bbox 1492 5440 1623 5533; x_wconf 50' lang='lat' dir='ltr'>&#39;veri</span> <span class='ocrx_word' id='word_1_548' title='bbox 1673 5455 1884 5535; x_wconf 65' lang='lat' dir='ltr'>Elistei,</span> <span class='ocrx_word' id='word_1_549' title='bbox 1935 5457 2048 5534; x_wconf 82' lang='lat' dir='ltr'>Do-</span> 
     </span>
    </p>
   </div>
   <div class='ocr_carea' id='block_1_77' title="bbox 392 5533 2050 5620">
    <p class='ocr_par' dir='ltr' id='par_1_77' title="bbox 392 5533 2050 5620">
     <span class='ocr_line' id='line_1_77' title="bbox 392 5533 2050 5620; baseline 0.008 -34"><span class='ocrx_word' id='word_1_550' title='bbox 392 5533 542 5598; x_wconf 85' lang='lat' dir='ltr'>mini</span> <span class='ocrx_word' id='word_1_551' title='bbox 575 5533 870 5600; x_wconf 50' lang='lat' dir='ltr'>‘videlicet</span> <span class='ocrx_word' id='word_1_552' title='bbox 923 5539 1133 5620; x_wconf 82' lang='lat' dir='ltr'>nostri,</span> <span class='ocrx_word' id='word_1_553' title='bbox 1205 5533 1539 5607; x_wconf 79' lang='lat' dir='ltr'>doctrinam</span> <span class='ocrx_word' id='word_1_554' title='bbox 1616 5533 1865 5601; x_wconf 85' lang='lat' dir='ltr'>insidias</span> <span class='ocrx_word' id='word_1_555' title='bbox 1939 5533 2050 5611; x_wconf 86' lang='lat' dir='ltr'>ini-</span> 
     </span>
    </p>
   </div>
   <div class='ocr_carea' id='block_1_78' title="bbox 393 5620 2046 5698">
    <p class='ocr_par' dir='ltr' id='par_1_78' title="bbox 393 5620 2046 5698">
     <span class='ocr_line' id='line_1_78' title="bbox 393 5620 2046 5698; baseline 0.009 -23"><span class='ocrx_word' id='word_1_556' title='bbox 393 5620 692 5684; x_wconf 83' lang='lat' dir='ltr'>micorum</span> <span class='ocrx_word' id='word_1_557' title='bbox 760 5641 1099 5698; x_wconf 71' lang='lat' dir='ltr'>praecavere</span> <span class='ocrx_word' id='word_1_558' title='bbox 1152 5629 1494 5686; x_wconf 91' lang='lat' dir='ltr'>edocentur.</span> <span class='ocrx_word' id='word_1_559' title='bbox 1573 5635 1644 5690; x_wconf 90' lang='lat' dir='ltr'>Ut</span> <span class='ocrx_word' id='word_1_560' title='bbox 1715 5637 1801 5688; x_wconf 90' lang='lat' dir='ltr'>est</span> <span class='ocrx_word' id='word_1_561' title='bbox 1852 5633 2046 5690; x_wconf 89' lang='lat' dir='ltr'>illud:</span> 
     </span>
    </p>
   </div>
   <div class='ocr_carea' id='block_1_79' title="bbox 399 5712 2052 5804">
    <p class='ocr_par' dir='ltr' id='par_1_79' title="bbox 399 5712 2052 5804">
     <span class='ocr_line' id='line_1_79' title="bbox 399 5712 2052 5804; baseline 0.014 -47"><span class='ocrx_word' id='word_1_562' title='bbox 399 5733 422 5757; x_wconf 76' lang='grc' dir='ltr'><strong><em>α</em></strong></span> <span class='ocrx_word' id='word_1_563' title='bbox 479 5712 691 5800; x_wconf 50' lang='lat' dir='ltr'>iistgle,</span> <span class='ocrx_word' id='word_1_564' title='bbox 747 5713 960 5804; x_wconf 61' lang='lat' dir='ltr'>inquii,</span> <span class='ocrx_word' id='word_1_565' title='bbox 1018 5716 1342 5797; x_wconf 81' lang='lat' dir='ltr'>prudentes</span> <span class='ocrx_word' id='word_1_566' title='bbox 1401 5719 1552 5798; x_wconf 78' lang='lat' dir='ltr'>sicut</span> <span class='ocrx_word' id='word_1_567' title='bbox 1613 5725 1939 5798; x_wconf 75' lang='lat' dir='ltr'>serpentes,</span> <span class='ocrx_word' id='word_1_568' title='bbox 1995 5727 2052 5780; x_wconf 83' lang='lat' dir='ltr'>et</span> 
     </span>
    </p>
   </div>
   <div class='ocr_carea' id='block_1_80' title="bbox 2168 1799 3844 1879">
    <p class='ocr_par' dir='ltr' id='par_1_80' title="bbox 2168 1799 3844 1879">
     <span class='ocr_line' id='line_1_80' title="bbox 2168 1799 3844 1879; baseline -0.001 -21"><span class='ocrx_word' id='word_1_569' title='bbox 2168 1802 2349 1858; x_wconf 84' lang='lat' dir='ltr'>tentia</span> <span class='ocrx_word' id='word_1_570' title='bbox 2375 1803 2620 1858; x_wconf 85' lang='lat' dir='ltr'>denotat</span> <span class='ocrx_word' id='word_1_571' title='bbox 2648 1801 2778 1856; x_wconf 86' lang='lat' dir='ltr'>illos</span> <span class='ocrx_word' id='word_1_572' title='bbox 2842 1803 2946 1879; x_wconf 88' lang='lat' dir='ltr'>qui</span> <span class='ocrx_word' id='word_1_573' title='bbox 2999 1806 3242 1874; x_wconf 83' lang='lat' dir='ltr'>propter</span> <span class='ocrx_word' id='word_1_574' title='bbox 3269 1799 3844 1876; x_wconf 79' lang='lat' dir='ltr'>pusﬂianimitatem</span> 
     </span>
    </p>
   </div>
   <div class='ocr_carea' id='block_1_81' title="bbox 2167 1889 3846 1972">
    <p class='ocr_par' dir='ltr' id='par_1_81' title="bbox 2167 1889 3846 1972">
     <span class='ocr_line' id='line_1_81' title="bbox 2167 1889 3846 1972; baseline 0 -26"><span class='ocrx_word' id='word_1_575' title='bbox 2167 1891 2364 1946; x_wconf 89' lang='lat' dir='ltr'>cordis</span> <span class='ocrx_word' id='word_1_576' title='bbox 2398 1891 2509 1959; x_wconf 90' lang='lat' dir='ltr'>sui,</span> <span class='ocrx_word' id='word_1_577' title='bbox 2528 1908 2740 1964; x_wconf 67' lang='lat' dir='ltr'>ptpnas</span> <span class='ocrx_word' id='word_1_578' title='bbox 2761 1897 3042 1952; x_wconf 80' lang='lat' dir='ltr'>verentur</span> <span class='ocrx_word' id='word_1_579' title='bbox 3061 1891 3428 1966; x_wconf 88' lang='lat' dir='ltr'>corporales,</span> <span class='ocrx_word' id='word_1_580' title='bbox 3455 1889 3681 1964; x_wconf 86' lang='lat' dir='ltr'>quibus</span> <span class='ocrx_word' id='word_1_581' title='bbox 3700 1906 3846 1972; x_wconf 84' lang='lat' dir='ltr'>pro-</span> 
     </span>
    </p>
   </div>
   <div class='ocr_carea' id='block_1_82' title="bbox 2166 1977 3841 2054">
    <p class='ocr_par' dir='ltr' id='par_1_82' title="bbox 2166 1977 3841 2054">
     <span class='ocr_line' id='line_1_82' title="bbox 2166 1977 3841 2054; baseline 0.001 -21"><span class='ocrx_word' id='word_1_582' title='bbox 2166 1980 2348 2052; x_wconf 81' lang='lat' dir='ltr'>pheta</span> <span class='ocrx_word' id='word_1_583' title='bbox 2379 1981 2687 2054; x_wconf 87' lang='lat' dir='ltr'>rcspondit</span> <span class='ocrx_word' id='word_1_584' title='bbox 2712 1998 2722 2035; x_wconf 92' lang='lat'>:</span> <span class='ocrx_word' id='word_1_585' title='bbox 2744 2004 2768 2030; x_wconf 86' lang='grc'>‹‹</span> <span class='ocrx_word' id='word_1_586' title='bbox 2801 1980 2926 2038; x_wconf 83' lang='lat' dir='ltr'>Noli</span> <span class='ocrx_word' id='word_1_587' title='bbox 2957 1979 3184 2047; x_wconf 85' lang='lat' dir='ltr'>timere,</span> <span class='ocrx_word' id='word_1_588' title='bbox 3210 1979 3412 2054; x_wconf 89' lang='lat' dir='ltr'>plures</span> <span class='ocrx_word' id='word_1_589' title='bbox 3433 1979 3596 2034; x_wconf 89' lang='lat' dir='ltr'>enim</span> <span class='ocrx_word' id='word_1_590' title='bbox 3626 1977 3841 2039; x_wconf 83' lang='lat' dir='ltr'>nobis-</span> 
     </span>
    </p>
   </div>
   <div class='ocr_carea' id='block_1_83' title="bbox 2169 2068 3844 2142">
    <p class='ocr_par' dir='ltr' id='par_1_83' title="bbox 2169 2068 3844 2142">
     <span class='ocr_line' id='line_1_83' title="bbox 2169 2068 3844 2142; baseline -0.001 -18"><span class='ocrx_word' id='word_1_591' title='bbox 2169 2092 2195 2117; x_wconf 87' lang='grc'><strong><em>‹‹</em></strong></span> <span class='ocrx_word' id='word_1_592' title='bbox 2230 2085 2366 2124; x_wconf 88' lang='lat' dir='ltr'>cum</span> <span class='ocrx_word' id='word_1_593' title='bbox 2394 2072 2532 2125; x_wconf 88' lang='lat' dir='ltr'>sunt</span> <span class='ocrx_word' id='word_1_594' title='bbox 2557 2085 2744 2142; x_wconf 89' lang='lat' dir='ltr'>quam</span> <span class='ocrx_word' id='word_1_595' title='bbox 2784 2086 2924 2125; x_wconf 89' lang='lat' dir='ltr'>cum</span> <span class='ocrx_word' id='word_1_596' title='bbox 2971 2068 3082 2124; x_wconf 89' lang='lat' dir='ltr'>illis</span> <span class='ocrx_word' id='word_1_597' title='bbox 3139 2070 3228 2142; x_wconf 86' lang='grc' dir='ltr'>(Π</span> <span class='ocrx_word' id='word_1_598' title='bbox 3265 2071 3414 2126; x_wconf 81' lang='lat' dir='ltr'>Par.</span> <span class='ocrx_word' id='word_1_599' title='bbox 3447 2069 3652 2142; x_wconf 85' lang='lat' dir='ltr'>xxxu).</span> <span class='ocrx_word' id='word_1_600' title='bbox 3689 2089 3716 2116; x_wconf 84' lang='lat'><strong>»</strong></span> <span class='ocrx_word' id='word_1_601' title='bbox 3769 2071 3844 2123; x_wconf 89' lang='lat' dir='ltr'>Et</span> 
     </span>
    </p>
   </div>
   <div class='ocr_carea' id='block_1_84' title="bbox 2171 2157 3840 2236">
    <p class='ocr_par' dir='ltr' id='par_1_84' title="bbox 2171 2157 3840 2236">
     <span class='ocr_line' id='line_1_84' title="bbox 2171 2157 3840 2236; baseline 0 -24"><span class='ocrx_word' id='word_1_602' title='bbox 2171 2157 2438 2214; x_wconf 85' lang='lat' dir='ltr'>Salvator</span> <span class='ocrx_word' id='word_1_603' title='bbox 2457 2157 2769 2230; x_wconf 88' lang='lat' dir='ltr'>discipulis</span> <span class='ocrx_word' id='word_1_604' title='bbox 2801 2157 2883 2214; x_wconf 86' lang='lat' dir='ltr'>ait</span> <span class='ocrx_word' id='word_1_605' title='bbox 2907 2176 2920 2214; x_wconf 89' lang='lat'>:</span> <span class='ocrx_word' id='word_1_606' title='bbox 2949 2181 2976 2208; x_wconf 89' lang='grc'><strong><em>‹‹</em></strong></span> <span class='ocrx_word' id='word_1_607' title='bbox 3011 2162 3073 2212; x_wconf 91' lang='lat' dir='ltr'>ln</span> <span class='ocrx_word' id='word_1_608' title='bbox 3104 2157 3336 2214; x_wconf 90' lang='lat' dir='ltr'>mundo</span> <span class='ocrx_word' id='word_1_609' title='bbox 3364 2173 3709 2236; x_wconf 88' lang='lat' dir='ltr'>pressuram</span> <span class='ocrx_word' id='word_1_610' title='bbox 3727 2157 3840 2214; x_wconf 88' lang='lat' dir='ltr'>ha-</span> 
     </span>
    </p>
   </div>
   <div class='ocr_carea' id='block_1_85' title="bbox 2168 2246 3837 2322">
    <p class='ocr_par' dir='ltr' id='par_1_85' title="bbox 2168 2246 3837 2322">
     <span class='ocr_line' id='line_1_85' title="bbox 2168 2246 3837 2322; baseline 0.001 -21"><span class='ocrx_word' id='word_1_611' title='bbox 2168 2246 2406 2317; x_wconf 89' lang='lat' dir='ltr'>bebitis,</span> <span class='ocrx_word' id='word_1_612' title='bbox 2427 2247 2531 2302; x_wconf 91' lang='lat' dir='ltr'>sed</span> <span class='ocrx_word' id='word_1_613' title='bbox 2554 2247 3005 2322; x_wconf 82' lang='lat' dir='ltr'>conﬁdite,quia</span> <span class='ocrx_word' id='word_1_614' title='bbox 3027 2263 3138 2317; x_wconf 88' lang='lat' dir='ltr'>ego</span> <span class='ocrx_word' id='word_1_615' title='bbox 3168 2247 3278 2304; x_wconf 89' lang='lat' dir='ltr'>vici</span> <span class='ocrx_word' id='word_1_616' title='bbox 3309 2247 3610 2304; x_wconf 89' lang='lat' dir='ltr'>mundum</span> <span class='ocrx_word' id='word_1_617' title='bbox 3629 2247 3837 2320; x_wconf 85' lang='lat' dir='ltr'>(Joan.</span> 
     </span>
    </p>
   </div>
   <div class='ocr_carea' id='block_1_86' title="bbox 2167 2335 3846 2418">
    <p class='ocr_par' dir='ltr' id='par_1_86' title="bbox 2167 2335 3846 2418">
     <span class='ocr_line' id='line_1_86' title="bbox 2167 2335 3846 2418; baseline 0.001 -28"><span class='ocrx_word' id='word_1_618' title='bbox 2167 2337 2328 2406; x_wconf 85' lang='lat' dir='ltr'>xvu),</span> <span class='ocrx_word' id='word_1_619' title='bbox 2365 2357 2392 2384; x_wconf 88' lang='lat'>»</span> <span class='ocrx_word' id='word_1_620' title='bbox 2422 2339 2486 2390; x_wconf 89' lang='lat' dir='ltr'>Et</span> <span class='ocrx_word' id='word_1_621' title='bbox 2516 2335 2693 2392; x_wconf 89' lang='lat' dir='ltr'>item:</span> <span class='ocrx_word' id='word_1_622' title='bbox 2729 2356 2758 2391; x_wconf 88' lang='grc'>‹</span> <span class='ocrx_word' id='word_1_623' title='bbox 2807 2336 2990 2394; x_wconf 76' lang='lat' dir='ltr'>Nolite</span> <span class='ocrx_word' id='word_1_624' title='bbox 3035 2337 3241 2392; x_wconf 86' lang='lat' dir='ltr'>timere</span> <span class='ocrx_word' id='word_1_625' title='bbox 3286 2353 3409 2395; x_wconf 86' lang='lat' dir='ltr'>eos,</span> <span class='ocrx_word' id='word_1_626' title='bbox 3463 2335 3678 2410; x_wconf 86' lang='lat' dir='ltr'>inquit,</span> <span class='ocrx_word' id='word_1_627' title='bbox 3728 2336 3846 2418; x_wconf 86' lang='lat' dir='ltr'>qui</span> 
     </span>
    </p>
   </div>
   <div class='ocr_carea' id='block_1_87' title="bbox 2167 2419 3842 2500">
    <p class='ocr_par' dir='ltr' id='par_1_87' title="bbox 2167 2419 3842 2500">
     <span class='ocr_line' id='line_1_87' title="bbox 2167 2419 3842 2500; baseline -0.001 -18"><span class='ocrx_word' id='word_1_628' title='bbox 2167 2424 2452 2482; x_wconf 89' lang='lat' dir='ltr'>occidunt</span> <span class='ocrx_word' id='word_1_629' title='bbox 2482 2441 2722 2500; x_wconf 91' lang='lat' dir='ltr'>corpus,</span> <span class='ocrx_word' id='word_1_630' title='bbox 2750 2431 2807 2482; x_wconf 92' lang='lat' dir='ltr'>et</span> <span class='ocrx_word' id='word_1_631' title='bbox 2835 2430 2973 2500; x_wconf 88' lang='lat' dir='ltr'>post</span> <span class='ocrx_word' id='word_1_632' title='bbox 3001 2426 3130 2481; x_wconf 82' lang='lat' dir='ltr'>haec</span> <span class='ocrx_word' id='word_1_633' title='bbox 3159 2441 3282 2480; x_wconf 92' lang='lat' dir='ltr'>non</span> <span class='ocrx_word' id='word_1_634' title='bbox 3313 2423 3542 2481; x_wconf 88' lang='lat' dir='ltr'>habent</span> <span class='ocrx_word' id='word_1_635' title='bbox 3567 2425 3717 2498; x_wconf 89' lang='lat' dir='ltr'>quid</span> <span class='ocrx_word' id='word_1_636' title='bbox 3743 2419 3842 2480; x_wconf 86' lang='lat' dir='ltr'>fa-</span> 
     </span>
    </p>
   </div>
   <div class='ocr_carea' id='block_1_88' title="bbox 2167 2515 3848 2606">
    <p class='ocr_par' dir='ltr' id='par_1_88' title="bbox 2167 2515 3848 2606">
     <span class='ocr_line' id='line_1_88' title="bbox 2167 2515 3848 2606; baseline 0 -34"><span class='ocrx_word' id='word_1_637' title='bbox 2167 2515 2326 2572; x_wconf 89' lang='lat' dir='ltr'>ciant</span> <span class='ocrx_word' id='word_1_638' title='bbox 2355 2515 2528 2572; x_wconf 91' lang='lat' dir='ltr'>vobis</span> <span class='ocrx_word' id='word_1_639' title='bbox 2555 2535 2566 2572; x_wconf 92' lang='lat'>:</span> <span class='ocrx_word' id='word_1_640' title='bbox 2601 2517 2748 2592; x_wconf 90' lang='lat' dir='ltr'>quin</span> <span class='ocrx_word' id='word_1_641' title='bbox 2769 2517 2967 2606; x_wconf 90' lang='lat' dir='ltr'>potius</span> <span class='ocrx_word' id='word_1_642' title='bbox 2999 2533 3136 2589; x_wconf 89' lang='lat' dir='ltr'>eum</span> <span class='ocrx_word' id='word_1_643' title='bbox 3161 2515 3380 2586; x_wconf 84' lang='lat' dir='ltr'>timete,</span> <span class='ocrx_word' id='word_1_644' title='bbox 3411 2515 3514 2590; x_wconf 89' lang='lat' dir='ltr'>qui</span> <span class='ocrx_word' id='word_1_645' title='bbox 3545 2519 3750 2590; x_wconf 88' lang='lat' dir='ltr'>potest</span> <span class='ocrx_word' id='word_1_646' title='bbox 3782 2522 3848 2572; x_wconf 90' lang='lat' dir='ltr'>et</span> 
     </span>
    </p>
   </div>
   <div class='ocr_carea' id='block_1_89' title="bbox 2167 2605 3840 2688">
    <p class='ocr_par' dir='ltr' id='par_1_89' title="bbox 2167 2605 3840 2688">
     <span class='ocr_line' id='line_1_89' title="bbox 2167 2605 3840 2688; baseline 0.001 -28"><span class='ocrx_word' id='word_1_647' title='bbox 2167 2605 2436 2661; x_wconf 88' lang='lat' dir='ltr'>animam</span> <span class='ocrx_word' id='word_1_648' title='bbox 2469 2610 2524 2662; x_wconf 90' lang='lat' dir='ltr'>et</span> <span class='ocrx_word' id='word_1_649' title='bbox 2573 2605 2792 2680; x_wconf 88' lang='lat' dir='ltr'>corpus</span> <span class='ocrx_word' id='word_1_650' title='bbox 2821 2606 3067 2688; x_wconf 84' lang='lat' dir='ltr'>perdere</span> <span class='ocrx_word' id='word_1_651' title='bbox 3098 2606 3157 2662; x_wconf 89' lang='lat' dir='ltr'>in</span> <span class='ocrx_word' id='word_1_652' title='bbox 3212 2605 3555 2678; x_wconf 85' lang='lat' dir='ltr'>gehennam</span> <span class='ocrx_word' id='word_1_653' title='bbox 3587 2605 3840 2676; x_wconf 78' lang='lat' dir='ltr'>(Matth.</span> 
     </span>
    </p>
   </div>
   <div class='ocr_carea' id='block_1_90' title="bbox 2166 2695 3843 2770">
    <p class='ocr_par' dir='ltr' id='par_1_90' title="bbox 2166 2695 3843 2770">
     <span class='ocr_line' id='line_1_90' title="bbox 2166 2695 3843 2770; baseline 0.001 -20"><span class='ocrx_word' id='word_1_654' title='bbox 2166 2696 2244 2768; x_wconf 70' lang='grc' dir='ltr'>χ),</span> <span class='ocrx_word' id='word_1_655' title='bbox 2277 2717 2303 2743; x_wconf 90' lang='grc'><strong>››</strong></span> <span class='ocrx_word' id='word_1_656' title='bbox 2337 2701 2392 2750; x_wconf 91' lang='lat' dir='ltr'>et</span> <span class='ocrx_word' id='word_1_657' title='bbox 2423 2698 2591 2752; x_wconf 88' lang='lat' dir='ltr'>Petro</span> <span class='ocrx_word' id='word_1_658' title='bbox 2624 2695 2914 2751; x_wconf 90' lang='lat' dir='ltr'>Dominus</span> <span class='ocrx_word' id='word_1_659' title='bbox 2967 2695 3028 2751; x_wconf 91' lang='lat' dir='ltr'>in</span> <span class='ocrx_word' id='word_1_660' title='bbox 3059 2695 3347 2770; x_wconf 87' lang='lat' dir='ltr'>passione</span> <span class='ocrx_word' id='word_1_661' title='bbox 3379 2709 3490 2749; x_wconf 88' lang='lat' dir='ltr'>sua</span> <span class='ocrx_word' id='word_1_662' title='bbox 3521 2695 3639 2751; x_wconf 88' lang='lat' dir='ltr'>ait:</span> <span class='ocrx_word' id='word_1_663' title='bbox 3675 2717 3704 2744; x_wconf 82' lang='grc'>‹‹</span> <span class='ocrx_word' id='word_1_664' title='bbox 3743 2697 3843 2751; x_wconf 84' lang='lat' dir='ltr'>An</span> 
     </span>
    </p>
   </div>
   <div class='ocr_carea' id='block_1_91' title="bbox 2163 2784 3844 2858">
    <p class='ocr_par' dir='ltr' id='par_1_91' title="bbox 2163 2784 3844 2858">
     <span class='ocr_line' id='line_1_91' title="bbox 2163 2784 3844 2858; baseline 0.001 -19"><span class='ocrx_word' id='word_1_665' title='bbox 2163 2789 2344 2857; x_wconf 86' lang='lat' dir='ltr'>putas</span> <span class='ocrx_word' id='word_1_666' title='bbox 2363 2784 2506 2858; x_wconf 88' lang='lat' dir='ltr'>quia</span> <span class='ocrx_word' id='word_1_667' title='bbox 2539 2801 2661 2840; x_wconf 91' lang='lat' dir='ltr'>non</span> <span class='ocrx_word' id='word_1_668' title='bbox 2692 2800 2946 2856; x_wconf 87' lang='lat' dir='ltr'>possum</span> <span class='ocrx_word' id='word_1_669' title='bbox 2977 2800 3192 2854; x_wconf 78' lang='lat' dir='ltr'>rogare</span> <span class='ocrx_word' id='word_1_670' title='bbox 3223 2785 3460 2850; x_wconf 81' lang='lat' dir='ltr'>Patrem</span> <span class='ocrx_word' id='word_1_671' title='bbox 3509 2799 3744 2854; x_wconf 88' lang='lat' dir='ltr'>meum,</span> <span class='ocrx_word' id='word_1_672' title='bbox 3777 2789 3844 2845; x_wconf 89' lang='lat' dir='ltr'>et</span> 
     </span>
    </p>
   </div>
   <div class='ocr_carea' id='block_1_92' title="bbox 2165 2871 3844 2952">
    <p class='ocr_par' dir='ltr' id='par_1_92' title="bbox 2165 2871 3844 2952">
     <span class='ocr_line' id='line_1_92' title="bbox 2165 2871 3844 2952; baseline 0.001 -24"><span class='ocrx_word' id='word_1_673' title='bbox 2165 2871 2471 2944; x_wconf 77' lang='lat' dir='ltr'>exhibebit</span> <span class='ocrx_word' id='word_1_674' title='bbox 2503 2874 2645 2928; x_wconf 89' lang='lat' dir='ltr'>mihi</span> <span class='ocrx_word' id='word_1_675' title='bbox 2675 2873 2812 2948; x_wconf 88' lang='lat' dir='ltr'>plus</span> <span class='ocrx_word' id='word_1_676' title='bbox 2842 2890 3030 2949; x_wconf 88' lang='lat' dir='ltr'>quam</span> <span class='ocrx_word' id='word_1_677' title='bbox 3056 2873 3377 2944; x_wconf 88' lang='lat' dir='ltr'>duodecim</span> <span class='ocrx_word' id='word_1_678' title='bbox 3422 2873 3690 2952; x_wconf 83' lang='lat' dir='ltr'>legiones</span> <span class='ocrx_word' id='word_1_679' title='bbox 3729 2889 3844 2929; x_wconf 89' lang='lat' dir='ltr'>an-</span> 
     </span>
    </p>
   </div>
   <div class='ocr_carea' id='block_1_93' title="bbox 2167 2963 2548 3038">
    <p class='ocr_par' dir='ltr' id='par_1_93' title="bbox 2167 2963 2548 3038">
     <span class='ocr_line' id='line_1_93' title="bbox 2167 2963 2548 3038; baseline 0.003 -20"><span class='ocrx_word' id='word_1_680' title='bbox 2167 2963 2438 3038; x_wconf 85' lang='lat' dir='ltr'>gelorum</span> <span class='ocrx_word' id='word_1_681' title='bbox 2461 2965 2488 3019; x_wconf 88' lang='lat'><strong>?</strong></span> <span class='ocrx_word' id='word_1_682' title='bbox 2519 2985 2548 3012; x_wconf 88' lang='grc'>››</span> 
     </span>
    </p>
   </div>
   <div class='ocr_carea' id='block_1_94' title="bbox 2239 3051 3844 3129">
    <p class='ocr_par' dir='ltr' id='par_1_94' title="bbox 2239 3051 3844 3129">
     <span class='ocr_line' id='line_1_94' title="bbox 2239 3051 3844 3129; baseline 0.002 -24"><span class='ocrx_word' id='word_1_683' title='bbox 2239 3071 2269 3104; x_wconf 80' lang='grc'><strong>«</strong></span> <span class='ocrx_word' id='word_1_684' title='bbox 2299 3055 2567 3126; x_wconf 84' lang='lat' dir='ltr'>Cumque</span> <span class='ocrx_word' id='word_1_685' title='bbox 2590 3056 2820 3108; x_wconf 87' lang='lat' dir='ltr'>orasset</span> <span class='ocrx_word' id='word_1_686' title='bbox 2869 3052 3132 3124; x_wconf 88' lang='lat' dir='ltr'>Eliseeus,</span> <span class='ocrx_word' id='word_1_687' title='bbox 3182 3052 3305 3108; x_wconf 89' lang='lat' dir='ltr'>ait:</span> <span class='ocrx_word' id='word_1_688' title='bbox 3355 3051 3623 3126; x_wconf 90' lang='lat' dir='ltr'>Domine,</span> <span class='ocrx_word' id='word_1_689' title='bbox 3665 3052 3844 3129; x_wconf 91' lang='lat' dir='ltr'>aperi</span> 
     </span>
    </p>
   </div>
   <div class='ocr_carea' id='block_1_95' title="bbox 2169 3141 3841 3234">
    <p class='ocr_par' dir='ltr' id='par_1_95' title="bbox 2169 3141 3841 3234">
     <span class='ocr_line' id='line_1_95' title="bbox 2169 3141 3841 3234; baseline 0 -38"><span class='ocrx_word' id='word_1_690' title='bbox 2169 3163 2198 3189; x_wconf 84' lang='lat'><strong><em>«</em></strong></span> <span class='ocrx_word' id='word_1_691' title='bbox 2231 3141 2438 3196; x_wconf 82' lang='lat' dir='ltr'>oculos</span> <span class='ocrx_word' id='word_1_692' title='bbox 2491 3142 2672 3216; x_wconf 81' lang='lat' dir='ltr'>hujus</span> <span class='ocrx_word' id='word_1_693' title='bbox 2731 3145 2796 3197; x_wconf 90' lang='lat' dir='ltr'>ut</span> <span class='ocrx_word' id='word_1_694' title='bbox 2844 3141 3064 3198; x_wconf 86' lang='lat' dir='ltr'>videat.</span> <span class='ocrx_word' id='word_1_695' title='bbox 3128 3143 3192 3206; x_wconf 83' lang='lat' dir='ltr'>Et</span> <span class='ocrx_word' id='word_1_696' title='bbox 3247 3141 3481 3234; x_wconf 88' lang='lat' dir='ltr'>aperuit</span> <span class='ocrx_word' id='word_1_697' title='bbox 3539 3141 3841 3203; x_wconf 82' lang='lat' dir='ltr'>Dominus</span> 
     </span>
    </p>
   </div>
   <div class='ocr_carea' id='block_1_96' title="bbox 2167 3229 3838 3312">
    <p class='ocr_par' dir='ltr' id='par_1_96' title="bbox 2167 3229 3838 3312">
     <span class='ocr_line' id='line_1_96' title="bbox 2167 3229 3838 3312; baseline 0.004 -34"><span class='ocrx_word' id='word_1_698' title='bbox 2167 3252 2194 3278; x_wconf 82' lang='grc'>‹‹</span> <span class='ocrx_word' id='word_1_699' title='bbox 2229 3231 2435 3286; x_wconf 90' lang='lat' dir='ltr'>oculos</span> <span class='ocrx_word' id='word_1_700' title='bbox 2465 3231 2656 3312; x_wconf 86' lang='lat' dir='ltr'>pueri,</span> <span class='ocrx_word' id='word_1_701' title='bbox 2684 3236 2741 3286; x_wconf 91' lang='lat' dir='ltr'>et</span> <span class='ocrx_word' id='word_1_702' title='bbox 2760 3231 2938 3287; x_wconf 88' lang='lat' dir='ltr'>vidit:</span> <span class='ocrx_word' id='word_1_703' title='bbox 2959 3235 3014 3286; x_wconf 91' lang='lat' dir='ltr'>et</span> <span class='ocrx_word' id='word_1_704' title='bbox 3045 3247 3181 3288; x_wconf 89' lang='lat' dir='ltr'>ecce</span> <span class='ocrx_word' id='word_1_705' title='bbox 3209 3229 3386 3294; x_wconf 78' lang='lat' dir='ltr'>mens</span> <span class='ocrx_word' id='word_1_706' title='bbox 3408 3229 3622 3312; x_wconf 88' lang='lat' dir='ltr'>plenus</span> <span class='ocrx_word' id='word_1_707' title='bbox 3644 3245 3838 3310; x_wconf 84' lang='lat' dir='ltr'>equo-</span> 
     </span>
    </p>
   </div>
   <div class='ocr_carea' id='block_1_97' title="bbox 2167 3307 3834 3390">
    <p class='ocr_par' dir='ltr' id='par_1_97' title="bbox 2167 3307 3834 3390">
     <span class='ocr_line' id='line_1_97' title="bbox 2167 3307 3834 3390; baseline -0.003 -18"><span class='ocrx_word' id='word_1_708' title='bbox 2167 3342 2195 3372; x_wconf 84' lang='lat'><strong>«</strong></span> <span class='ocrx_word' id='word_1_709' title='bbox 2228 3335 2364 3375; x_wconf 91' lang='lat' dir='ltr'>rum</span> <span class='ocrx_word' id='word_1_710' title='bbox 2390 3325 2447 3374; x_wconf 89' lang='lat' dir='ltr'>et</span> <span class='ocrx_word' id='word_1_711' title='bbox 2473 3307 2765 3375; x_wconf 69' lang='lat' dir='ltr'>&#39;curruum</span> <span class='ocrx_word' id='word_1_712' title='bbox 2795 3320 3114 3390; x_wconf 86' lang='lat' dir='ltr'>igneorum</span> <span class='ocrx_word' id='word_1_713' title='bbox 3143 3319 3206 3375; x_wconf 91' lang='lat' dir='ltr'>in</span> <span class='ocrx_word' id='word_1_714' title='bbox 3261 3307 3510 3384; x_wconf 83' lang='lat' dir='ltr'>circuitu</span> <span class='ocrx_word' id='word_1_715' title='bbox 3565 3307 3780 3374; x_wconf 56' lang='lat' dir='ltr'>Eliseei.</span> <span class='ocrx_word' id='word_1_716' title='bbox 3802 3341 3834 3368; x_wconf 78' lang='grc'><strong>››</strong></span> 
     </span>
    </p>
   </div>
   <div class='ocr_carea' id='block_1_98' title="bbox 2165 3407 3838 3488">
    <p class='ocr_par' dir='ltr' id='par_1_98' title="bbox 2165 3407 3838 3488">
     <span class='ocr_line' id='line_1_98' title="bbox 2165 3407 3838 3488; baseline 0 -24"><span class='ocrx_word' id='word_1_717' title='bbox 2165 3413 2232 3488; x_wconf 74' lang='lat' dir='ltr'>Et</span> <span class='ocrx_word' id='word_1_718' title='bbox 2252 3409 2425 3488; x_wconf 86' lang='lat' dir='ltr'>valde</span> <span class='ocrx_word' id='word_1_719' title='bbox 2455 3425 2699 3466; x_wconf 81' lang='lat' dir='ltr'>necesse</span> <span class='ocrx_word' id='word_1_720' title='bbox 2720 3414 2808 3466; x_wconf 88' lang='lat' dir='ltr'>est</span> <span class='ocrx_word' id='word_1_721' title='bbox 2827 3415 2890 3464; x_wconf 89' lang='lat' dir='ltr'>ut</span> <span class='ocrx_word' id='word_1_722' title='bbox 2917 3409 3158 3466; x_wconf 65' lang='lat' dir='ltr'>Elisteus</span> <span class='ocrx_word' id='word_1_723' title='bbox 3197 3413 3406 3485; x_wconf 85' lang='lat' dir='ltr'>noster</span> <span class='ocrx_word' id='word_1_724' title='bbox 3433 3407 3663 3484; x_wconf 85' lang='lat' dir='ltr'>aperiat</span> <span class='ocrx_word' id='word_1_725' title='bbox 3687 3423 3838 3464; x_wconf 89' lang='lat' dir='ltr'>ocu-</span> 
     </span>
    </p>
   </div>
   <div class='ocr_carea' id='block_1_99' title="bbox 2165 3498 3837 3570">
    <p class='ocr_par' dir='ltr' id='par_1_99' title="bbox 2165 3498 3837 3570">
     <span class='ocr_line' id='line_1_99' title="bbox 2165 3498 3837 3570; baseline -0.001 -17"><span class='ocrx_word' id='word_1_726' title='bbox 2165 3498 2256 3554; x_wconf 83' lang='lat' dir='ltr'>los</span> <span class='ocrx_word' id='word_1_727' title='bbox 2289 3499 2487 3554; x_wconf 88' lang='lat' dir='ltr'>cordis</span> <span class='ocrx_word' id='word_1_728' title='bbox 2519 3498 2726 3569; x_wconf 89' lang='lat' dir='ltr'>nostri,</span> <span class='ocrx_word' id='word_1_729' title='bbox 2762 3503 2826 3555; x_wconf 90' lang='lat' dir='ltr'>ut</span> <span class='ocrx_word' id='word_1_730' title='bbox 2846 3498 3294 3560; x_wconf 88' lang='lat' dir='ltr'>consideremus</span> <span class='ocrx_word' id='word_1_731' title='bbox 3317 3504 3373 3553; x_wconf 90' lang='lat' dir='ltr'>et</span> <span class='ocrx_word' id='word_1_732' title='bbox 3397 3512 3837 3570; x_wconf 82' lang='lat' dir='ltr'>agnoscamus,</span> 
     </span>
    </p>
   </div>
   <div class='ocr_carea' id='block_1_100' title="bbox 2164 3573 3840 3731">
    <p class='ocr_par' dir='ltr' id='par_1_100' title="bbox 2164 3573 3840 3731">
     <span class='ocr_line' id='line_1_100' title="bbox 2164 3573 3840 3731; baseline 0.001 -88"><span class='ocrx_word' id='word_1_733' title='bbox 2164 3589 2307 3731; x_wconf 48' lang='lat' dir='ltr'>quia</span> <span class='ocrx_word' id='word_1_734' title='bbox 2359 3604 2572 3654; x_wconf 88' lang='lat' dir='ltr'>omnes</span> <span class='ocrx_word' id='word_1_735' title='bbox 2604 3588 2707 3665; x_wconf 89' lang='lat' dir='ltr'>qui</span> <span class='ocrx_word' id='word_1_736' title='bbox 2741 3588 3054 3663; x_wconf 85' lang='lat' dir='ltr'>conﬁdunt</span> <span class='ocrx_word' id='word_1_737' title='bbox 3077 3588 3136 3644; x_wconf 92' lang='lat' dir='ltr'>in</span> <span class='ocrx_word' id='word_1_738' title='bbox 3167 3587 3359 3668; x_wconf 74' lang='lat' dir='ltr'>illum,</span> <span class='ocrx_word' id='word_1_739' title='bbox 3404 3603 3530 3655; x_wconf 86' lang='lat' dir='ltr'>non</span> <span class='ocrx_word' id='word_1_740' title='bbox 3576 3573 3840 3663; x_wconf 51' lang='lat' dir='ltr'>confun-E</span> 
     </span>
     <span class='ocr_line' id='line_1_101' title="bbox 2207 3678 2741 3731; baseline 0 0"><span class='ocrx_word' id='word_1_741' title='bbox 2207 3682 2380 3731; x_wconf 84' lang='lat' dir='ltr'>entur</span> <span class='ocrx_word' id='word_1_742' title='bbox 2409 3679 2532 3731; x_wconf 87' lang='lat' dir='ltr'>(Ps.</span> <span class='ocrx_word' id='word_1_743' title='bbox 2566 3678 2741 3731; x_wconf 77' lang='lat' dir='ltr'>xxwl.</span> 
     </span>
    </p>
   </div>
   <div class='ocr_carea' id='block_1_101' title="bbox 2207 3678 2741 3750">
    <p class='ocr_par' dir='ltr' id='par_1_101' title="bbox 2207 3678 2741 3750">
     <span class='ocr_line' id='line_1_102' title="bbox 2207 3678 2741 3750; baseline 0.002 -19"><span class='ocrx_word' id='word_1_744' title='bbox 2207 3682 2380 3733; x_wconf 85' lang='lat' dir='ltr'>entur</span> <span class='ocrx_word' id='word_1_745' title='bbox 2409 3679 2532 3750; x_wconf 87' lang='lat' dir='ltr'>(Ps.</span> <span class='ocrx_word' id='word_1_746' title='bbox 2566 3678 2741 3748; x_wconf 77' lang='lat' dir='ltr'>xxw).</span> 
     </span>
    </p>
   </div>
   <div class='ocr_carea' id='block_1_102' title="bbox 2240 3763 3832 3835">
    <p class='ocr_par' dir='ltr' id='par_1_102' title="bbox 2240 3763 3832 3835">
     <span class='ocr_line' id='line_1_103' title="bbox 2240 3763 3832 3835; baseline 0.001 -15"><span class='ocrx_word' id='word_1_747' title='bbox 2240 3787 2269 3820; x_wconf 76' lang='grc' dir='ltr'>α</span> <span class='ocrx_word' id='word_1_748' title='bbox 2299 3769 2476 3832; x_wconf 78' lang='lat' dir='ltr'>Porro</span> <span class='ocrx_word' id='word_1_749' title='bbox 2509 3766 2751 3822; x_wconf 70' lang='lat' dir='ltr'>Elismus</span> <span class='ocrx_word' id='word_1_750' title='bbox 2802 3766 2995 3822; x_wconf 86' lang='lat' dir='ltr'>oravit</span> <span class='ocrx_word' id='word_1_751' title='bbox 3021 3766 3362 3835; x_wconf 86' lang='lat' dir='ltr'>Dominum,</span> <span class='ocrx_word' id='word_1_752' title='bbox 3394 3765 3638 3822; x_wconf 90' lang='lat' dir='ltr'>dicens:</span> <span class='ocrx_word' id='word_1_753' title='bbox 3683 3763 3832 3834; x_wconf 84' lang='lat' dir='ltr'>Per-</span> 
     </span>
    </p>
   </div>
   <div class='ocr_carea' id='block_1_103' title="bbox 2166 3854 3838 3926">
    <p class='ocr_par' dir='ltr' id='par_1_103' title="bbox 2166 3854 3838 3926">
     <span class='ocr_line' id='line_1_104' title="bbox 2166 3854 3838 3926; baseline 0.001 -17"><span class='ocrx_word' id='word_1_754' title='bbox 2166 3877 2194 3903; x_wconf 91' lang='grc'>‹‹</span> <span class='ocrx_word' id='word_1_755' title='bbox 2218 3859 2370 3922; x_wconf 90' lang='lat' dir='ltr'>cute,</span> <span class='ocrx_word' id='word_1_756' title='bbox 2403 3854 2678 3924; x_wconf 89' lang='lat' dir='ltr'>obsecro,</span> <span class='ocrx_word' id='word_1_757' title='bbox 2707 3860 2946 3924; x_wconf 87' lang='lat' dir='ltr'>gentem</span> <span class='ocrx_word' id='word_1_758' title='bbox 2976 3856 3134 3911; x_wconf 88' lang='lat' dir='ltr'>hanc</span> <span class='ocrx_word' id='word_1_759' title='bbox 3176 3855 3456 3912; x_wconf 60' lang='lat' dir='ltr'>caecitate.</span> <span class='ocrx_word' id='word_1_760' title='bbox 3511 3855 3838 3926; x_wconf 86' lang='lat' dir='ltr'>Percussit-</span> 
     </span>
    </p>
   </div>
   <div class='ocr_carea' id='block_1_104' title="bbox 2165 3943 3839 4018">
    <p class='ocr_par' dir='ltr' id='par_1_104' title="bbox 2165 3943 3839 4018">
     <span class='ocr_line' id='line_1_105' title="bbox 2165 3943 3839 4018; baseline 0.004 -25"><span class='ocrx_word' id='word_1_761' title='bbox 2165 3966 2193 3994; x_wconf 83' lang='lat'><strong>«</strong></span> <span class='ocrx_word' id='word_1_762' title='bbox 2220 3961 2340 4018; x_wconf 83' lang='lat' dir='ltr'>que</span> <span class='ocrx_word' id='word_1_763' title='bbox 2362 3961 2464 4005; x_wconf 84' lang='lat' dir='ltr'>eos</span> <span class='ocrx_word' id='word_1_764' title='bbox 2487 3945 2776 4000; x_wconf 89' lang='lat' dir='ltr'>Dominus</span> <span class='ocrx_word' id='word_1_765' title='bbox 2815 3961 2890 4000; x_wconf 90' lang='lat' dir='ltr'>ne</span> <span class='ocrx_word' id='word_1_766' title='bbox 2920 3945 3192 4002; x_wconf 90' lang='lat' dir='ltr'>viderent</span> <span class='ocrx_word' id='word_1_767' title='bbox 3239 3947 3412 4018; x_wconf 80' lang='lat' dir='ltr'>juxta</span> <span class='ocrx_word' id='word_1_768' title='bbox 3440 3944 3690 4002; x_wconf 89' lang='lat' dir='ltr'>verbum</span> <span class='ocrx_word' id='word_1_769' title='bbox 3723 3943 3839 4000; x_wconf 85' lang='lat' dir='ltr'>Eli-</span> 
     </span>
    </p>
   </div>
   <div class='ocr_carea' id='block_1_105' title="bbox 2165 4023 3834 4107">
    <p class='ocr_par' dir='ltr' id='par_1_105' title="bbox 2165 4023 3834 4107">
     <span class='ocr_line' id='line_1_106' title="bbox 2165 4023 3834 4107; baseline 0.001 -19"><span class='ocrx_word' id='word_1_770' title='bbox 2165 4055 2194 4082; x_wconf 86' lang='lat'><strong><em>«</em></strong></span> <span class='ocrx_word' id='word_1_771' title='bbox 2222 4023 2346 4088; x_wconf 60' lang='lat' dir='ltr'>sici.</span> <span class='ocrx_word' id='word_1_772' title='bbox 2372 4057 2399 4083; x_wconf 85' lang='grc'>››</span> <span class='ocrx_word' id='word_1_773' title='bbox 2453 4037 2681 4090; x_wconf 89' lang='lat' dir='ltr'>Bonum</span> <span class='ocrx_word' id='word_1_774' title='bbox 2731 4051 2872 4104; x_wconf 86' lang='lat' dir='ltr'>ergo</span> <span class='ocrx_word' id='word_1_775' title='bbox 2900 4034 3014 4090; x_wconf 88' lang='lat' dir='ltr'>illis</span> <span class='ocrx_word' id='word_1_776' title='bbox 3057 4040 3162 4102; x_wconf 91' lang='lat' dir='ltr'>est,</span> <span class='ocrx_word' id='word_1_777' title='bbox 3218 4050 3373 4107; x_wconf 86' lang='lat' dir='ltr'>quos</span> <span class='ocrx_word' id='word_1_778' title='bbox 3428 4033 3640 4090; x_wconf 89' lang='lat' dir='ltr'>oculus</span> <span class='ocrx_word' id='word_1_779' title='bbox 3681 4050 3834 4090; x_wconf 90' lang='lat' dir='ltr'>suus</span> 
     </span>
    </p>
   </div>
   <div class='ocr_carea' id='block_1_106' title="bbox 2163 4121 3832 4202">
    <p class='ocr_par' dir='ltr' id='par_1_106' title="bbox 2163 4121 3832 4202">
     <span class='ocr_line' id='line_1_107' title="bbox 2163 4121 3832 4202; baseline 0.001 -26"><span class='ocrx_word' id='word_1_780' title='bbox 2163 4121 2548 4190; x_wconf 82' lang='lat' dir='ltr'>scandalizat,</span> <span class='ocrx_word' id='word_1_781' title='bbox 2567 4127 2630 4178; x_wconf 89' lang='lat' dir='ltr'>ut</span> <span class='ocrx_word' id='word_1_782' title='bbox 2661 4127 2904 4179; x_wconf 86' lang='lat' dir='ltr'>eruatur</span> <span class='ocrx_word' id='word_1_783' title='bbox 2919 4127 2975 4178; x_wconf 92' lang='lat' dir='ltr'>ct</span> <span class='ocrx_word' id='word_1_784' title='bbox 3005 4122 3353 4196; x_wconf 88' lang='lat' dir='ltr'>projiciatur</span> <span class='ocrx_word' id='word_1_785' title='bbox 3380 4122 3458 4178; x_wconf 88' lang='lat' dir='ltr'>ab</span> <span class='ocrx_word' id='word_1_786' title='bbox 3473 4122 3558 4178; x_wconf 91' lang='lat' dir='ltr'>eis</span> <span class='ocrx_word' id='word_1_787' title='bbox 3579 4123 3832 4202; x_wconf 79' lang='lat' dir='ltr'>(Matth.</span> 
     </span>
    </p>
   </div>
   <div class='ocr_carea' id='block_1_107' title="bbox 2162 4211 3839 4286">
    <p class='ocr_par' dir='ltr' id='par_1_107' title="bbox 2162 4211 3839 4286">
     <span class='ocr_line' id='line_1_108' title="bbox 2162 4211 3839 4286; baseline 0 -18"><span class='ocrx_word' id='word_1_788' title='bbox 2162 4213 2241 4283; x_wconf 83' lang='lat' dir='ltr'>v),</span> <span class='ocrx_word' id='word_1_789' title='bbox 2269 4215 2570 4286; x_wconf 88' lang='lat' dir='ltr'>quatenus</span> <span class='ocrx_word' id='word_1_790' title='bbox 2597 4212 2843 4267; x_wconf 88' lang='lat' dir='ltr'>intuitus</span> <span class='ocrx_word' id='word_1_791' title='bbox 2867 4213 3110 4268; x_wconf 66' lang='lat' dir='ltr'>malitiae</span> <span class='ocrx_word' id='word_1_792' title='bbox 3155 4216 3212 4267; x_wconf 90' lang='lat' dir='ltr'>et</span> <span class='ocrx_word' id='word_1_793' title='bbox 3238 4212 3536 4286; x_wconf 62' lang='lat' dir='ltr'>superbiae</span> <span class='ocrx_word' id='word_1_794' title='bbox 3589 4211 3839 4268; x_wconf 89' lang='lat' dir='ltr'>obture-</span> 
     </span>
    </p>
   </div>
   <div class='ocr_carea' id='block_1_108' title="bbox 2165 4299 3834 4378">
    <p class='ocr_par' dir='ltr' id='par_1_108' title="bbox 2165 4299 3834 4378">
     <span class='ocr_line' id='line_1_109' title="bbox 2165 4299 3834 4378; baseline -0.001 -22"><span class='ocrx_word' id='word_1_795' title='bbox 2165 4305 2278 4368; x_wconf 91' lang='lat' dir='ltr'>tur,</span> <span class='ocrx_word' id='word_1_796' title='bbox 2312 4305 2368 4356; x_wconf 89' lang='lat' dir='ltr'>et</span> <span class='ocrx_word' id='word_1_797' title='bbox 2394 4301 2606 4356; x_wconf 90' lang='lat' dir='ltr'>oculus</span> <span class='ocrx_word' id='word_1_798' title='bbox 2631 4317 2794 4356; x_wconf 77' lang='lat' dir='ltr'>sanze</span> <span class='ocrx_word' id='word_1_799' title='bbox 2823 4299 2960 4358; x_wconf 87' lang='lat' dir='ltr'>ﬁdei</span> <span class='ocrx_word' id='word_1_800' title='bbox 2991 4317 3061 4357; x_wconf 89' lang='lat' dir='ltr'>ac</span> <span class='ocrx_word' id='word_1_801' title='bbox 3092 4300 3486 4378; x_wconf 88' lang='lat' dir='ltr'>simplicitatis</span> <span class='ocrx_word' id='word_1_802' title='bbox 3503 4301 3834 4378; x_wconf 77' lang='lat' dir='ltr'>aperiatur.</span> 
     </span>
    </p>
   </div>
   <div class='ocr_carea' id='block_1_109' title="bbox 2169 4388 3837 4466">
    <p class='ocr_par' dir='ltr' id='par_1_109' title="bbox 2169 4388 3837 4466">
     <span class='ocr_line' id='line_1_110' title="bbox 2169 4388 3837 4466; baseline 0 -20"><span class='ocrx_word' id='word_1_803' title='bbox 2169 4389 2334 4466; x_wconf 90' lang='lat' dir='ltr'>Unde</span> <span class='ocrx_word' id='word_1_804' title='bbox 2361 4391 2502 4446; x_wconf 88' lang='lat' dir='ltr'>dicit</span> <span class='ocrx_word' id='word_1_805' title='bbox 2525 4390 2888 4466; x_wconf 88' lang='lat' dir='ltr'>Apostolus:</span> <span class='ocrx_word' id='word_1_806' title='bbox 2921 4408 2950 4441; x_wconf 80' lang='grc'><strong>‹</strong></span> <span class='ocrx_word' id='word_1_807' title='bbox 2984 4388 3038 4445; x_wconf 90' lang='lat' dir='ltr'>Si</span> <span class='ocrx_word' id='word_1_808' title='bbox 3081 4389 3218 4462; x_wconf 87' lang='lat' dir='ltr'>quis</span> <span class='ocrx_word' id='word_1_809' title='bbox 3259 4390 3412 4445; x_wconf 89' lang='lat' dir='ltr'>inter</span> <span class='ocrx_word' id='word_1_810' title='bbox 3459 4405 3568 4446; x_wconf 90' lang='lat' dir='ltr'>vos</span> <span class='ocrx_word' id='word_1_811' title='bbox 3591 4389 3837 4450; x_wconf 85' lang='lat' dir='ltr'>videtur</span> 
     </span>
    </p>
   </div>
   <div class='ocr_carea' id='block_1_110' title="bbox 2080 4441 3829 4552">
    <p class='ocr_par' dir='ltr' id='par_1_110' title="bbox 2080 4441 3829 4552">
     <span class='ocr_line' id='line_1_111' title="bbox 2080 4441 3829 4552; baseline 0.001 -18"><span class='ocrx_word' id='word_1_812' title='bbox 2080 4441 2125 4513; x_wconf 64' lang='grc' dir='ltr'>ελ</span> <span class='ocrx_word' id='word_1_813' title='bbox 2167 4441 2608 4551; x_wconf 55' lang='grc' dir='ltr'>ἑεᾷᾗίὲηζέέέέἷ</span> <span class='ocrx_word' id='word_1_814' title='bbox 2627 4441 2846 4536; x_wconf 37' lang='lat' dir='ltr'>sidit—[Is—</span> <span class='ocrx_word' id='word_1_815' title='bbox 2871 4441 3214 4535; x_wconf 61' lang='grc' dir='ltr'>ἐίειιῖὶιέἶ</span> <span class='ocrx_word' id='word_1_816' title='bbox 3237 4441 3565 4551; x_wconf 42' lang='lat' dir='ltr'>enim);</span> <span class='ocrx_word' id='word_1_817' title='bbox 3597 4441 3829 4552; x_wconf 54' lang='lat' dir='ltr'>ea:</span> 
     </span>
    </p>
   </div>
   <div class='ocr_carea' id='block_1_111' title="bbox 2164 4570 2266 4640">
    <p class='ocr_par' dir='ltr' id='par_1_111' title="bbox 2164 4570 2266 4640">
     <span class='ocr_line' id='line_1_112' title="bbox 2164 4570 2266 4640; baseline -0.029 -14"><span class='ocrx_word' id='word_1_818' title='bbox 2164 4570 2266 4640; x_wconf 88' lang='grc' dir='ltr'>ιιι).</span> 
     </span>
    </p>
   </div>
   <div class='ocr_carea' id='block_1_112' title="bbox 2235 4656 3831 4730">
    <p class='ocr_par' dir='ltr' id='par_1_112' title="bbox 2235 4656 3831 4730">
     <span class='ocr_line' id='line_1_113' title="bbox 2235 4656 3831 4730; baseline 0.004 -21"><span class='ocrx_word' id='word_1_819' title='bbox 2235 4679 2262 4703; x_wconf 90' lang='grc'>‹‹</span> <span class='ocrx_word' id='word_1_820' title='bbox 2290 4656 2561 4730; x_wconf 82' lang='lat' dir='ltr'>Dixitque</span> <span class='ocrx_word' id='word_1_821' title='bbox 2584 4671 2689 4712; x_wconf 87' lang='lat' dir='ltr'>rex</span> <span class='ocrx_word' id='word_1_822' title='bbox 2715 4656 2894 4712; x_wconf 88' lang='lat' dir='ltr'>Israel</span> <span class='ocrx_word' id='word_1_823' title='bbox 2940 4656 3019 4712; x_wconf 91' lang='lat' dir='ltr'>ad</span> <span class='ocrx_word' id='word_1_824' title='bbox 3062 4657 3339 4714; x_wconf 74' lang='lat' dir='ltr'>Eliseeum</span> <span class='ocrx_word' id='word_1_825' title='bbox 3383 4673 3524 4713; x_wconf 88' lang='lat' dir='ltr'>cum</span> <span class='ocrx_word' id='word_1_826' title='bbox 3574 4656 3831 4715; x_wconf 86' lang='lat' dir='ltr'>vidisset</span> 
     </span>
    </p>
   </div>
   <div class='ocr_carea' id='block_1_113' title="bbox 2163 4745 3828 4834">
    <p class='ocr_par' dir='ltr' id='par_1_113' title="bbox 2163 4745 3828 4834">
     <span class='ocr_line' id='line_1_114' title="bbox 2163 4745 3828 4834; baseline 0.001 -34"><span class='ocrx_word' id='word_1_827' title='bbox 2163 4767 2191 4794; x_wconf 87' lang='lat'>«</span> <span class='ocrx_word' id='word_1_828' title='bbox 2219 4762 2323 4800; x_wconf 91' lang='lat' dir='ltr'>eos</span> <span class='ocrx_word' id='word_1_829' title='bbox 2352 4762 2364 4800; x_wconf 91' lang='lat'>:</span> <span class='ocrx_word' id='word_1_830' title='bbox 2397 4745 2676 4817; x_wconf 84' lang='lat' dir='ltr'>Nunquid</span> <span class='ocrx_word' id='word_1_831' title='bbox 2704 4746 3036 4818; x_wconf 90' lang='lat' dir='ltr'>percutiam</span> <span class='ocrx_word' id='word_1_832' title='bbox 3064 4761 3192 4816; x_wconf 89' lang='lat' dir='ltr'>eos,</span> <span class='ocrx_word' id='word_1_833' title='bbox 3217 4750 3388 4834; x_wconf 88' lang='lat' dir='ltr'>pater</span> <span class='ocrx_word' id='word_1_834' title='bbox 3427 4745 3560 4802; x_wconf 83' lang='lat' dir='ltr'>mi?</span> <span class='ocrx_word' id='word_1_835' title='bbox 3611 4747 3680 4802; x_wconf 89' lang='lat' dir='ltr'>Et</span> <span class='ocrx_word' id='word_1_836' title='bbox 3727 4746 3828 4802; x_wconf 90' lang='lat' dir='ltr'>ille</span> 
     </span>
    </p>
   </div>
   <div class='ocr_carea' id='block_1_114' title="bbox 2162 4834 3824 4910">
    <p class='ocr_par' dir='ltr' id='par_1_114' title="bbox 2162 4834 3824 4910">
     <span class='ocr_line' id='line_1_115' title="bbox 2162 4834 3824 4910; baseline 0.001 -20"><span class='ocrx_word' id='word_1_837' title='bbox 2162 4857 2188 4884; x_wconf 89' lang='grc'><em>‹‹</em></span> <span class='ocrx_word' id='word_1_838' title='bbox 2225 4836 2335 4890; x_wconf 87' lang='lat' dir='ltr'>ait:</span> <span class='ocrx_word' id='word_1_839' title='bbox 2370 4838 2494 4890; x_wconf 80' lang='lat' dir='ltr'>Non</span> <span class='ocrx_word' id='word_1_840' title='bbox 2529 4835 3055 4908; x_wconf 85' lang='lat' dir='ltr'>percuties.Neque</span> <span class='ocrx_word' id='word_1_841' title='bbox 3075 4836 3236 4890; x_wconf 90' lang='lat' dir='ltr'>enim</span> <span class='ocrx_word' id='word_1_842' title='bbox 3256 4835 3578 4910; x_wconf 84' lang='lat' dir='ltr'>cepistieos</span> <span class='ocrx_word' id='word_1_843' title='bbox 3597 4834 3824 4904; x_wconf 88' lang='lat' dir='ltr'>gladio,</span> 
     </span>
    </p>
   </div>
   <div class='ocr_carea' id='block_1_115' title="bbox 2167 4924 3830 5000">
    <p class='ocr_par' dir='ltr' id='par_1_115' title="bbox 2167 4924 3830 5000">
     <span class='ocr_line' id='line_1_116' title="bbox 2167 4924 3830 5000; baseline 0.003 -23"><span class='ocrx_word' id='word_1_844' title='bbox 2167 4945 2186 4976; x_wconf 82' lang='grc' dir='ltr'>ι</span> <span class='ocrx_word' id='word_1_845' title='bbox 2225 4928 2328 4979; x_wconf 87' lang='lat' dir='ltr'>aut</span> <span class='ocrx_word' id='word_1_846' title='bbox 2359 4939 2504 4981; x_wconf 89' lang='lat' dir='ltr'>arcu</span> <span class='ocrx_word' id='word_1_847' title='bbox 2535 4929 2634 4998; x_wconf 85' lang='lat' dir='ltr'>tuo</span> <span class='ocrx_word' id='word_1_848' title='bbox 2663 4929 2727 4979; x_wconf 89' lang='lat' dir='ltr'>ut</span> <span class='ocrx_word' id='word_1_849' title='bbox 2778 4925 3097 4998; x_wconf 89' lang='lat' dir='ltr'>percutias.</span> <span class='ocrx_word' id='word_1_850' title='bbox 3161 4924 3274 4982; x_wconf 89' lang='lat' dir='ltr'>Sed</span> <span class='ocrx_word' id='word_1_851' title='bbox 3323 4940 3480 4998; x_wconf 90' lang='lat' dir='ltr'>pone</span> <span class='ocrx_word' id='word_1_852' title='bbox 3511 4940 3738 5000; x_wconf 89' lang='lat' dir='ltr'>panem</span> <span class='ocrx_word' id='word_1_853' title='bbox 3769 4931 3830 4982; x_wconf 87' lang='lat' dir='ltr'>et</span> 
     </span>
    </p>
   </div>
   <div class='ocr_carea' id='block_1_116' title="bbox 2163 5014 3830 5088">
    <p class='ocr_par' dir='ltr' id='par_1_116' title="bbox 2163 5014 3830 5088">
     <span class='ocr_line' id='line_1_117' title="bbox 2163 5014 3830 5088; baseline 0.007 -26"><span class='ocrx_word' id='word_1_854' title='bbox 2163 5035 2190 5063; x_wconf 89' lang='grc'>‹‹</span> <span class='ocrx_word' id='word_1_855' title='bbox 2225 5029 2448 5088; x_wconf 78' lang='lat' dir='ltr'>aquam</span> <span class='ocrx_word' id='word_1_856' title='bbox 2471 5029 2674 5080; x_wconf 84' lang='lat' dir='ltr'>coram</span> <span class='ocrx_word' id='word_1_857' title='bbox 2699 5015 2807 5087; x_wconf 87' lang='lat' dir='ltr'>eis,</span> <span class='ocrx_word' id='word_1_858' title='bbox 2831 5017 2898 5070; x_wconf 90' lang='lat' dir='ltr'>ut</span> <span class='ocrx_word' id='word_1_859' title='bbox 2926 5014 3248 5071; x_wconf 88' lang='lat' dir='ltr'>comedant</span> <span class='ocrx_word' id='word_1_860' title='bbox 3276 5018 3333 5070; x_wconf 89' lang='lat' dir='ltr'>et</span> <span class='ocrx_word' id='word_1_861' title='bbox 3366 5014 3596 5088; x_wconf 88' lang='lat' dir='ltr'>bibant,</span> <span class='ocrx_word' id='word_1_862' title='bbox 3637 5021 3694 5070; x_wconf 90' lang='lat' dir='ltr'>et</span> <span class='ocrx_word' id='word_1_863' title='bbox 3723 5031 3830 5074; x_wconf 87' lang='lat' dir='ltr'>va-</span> 
     </span>
    </p>
   </div>
   <div class='ocr_carea' id='block_1_117' title="bbox 2163 5103 3829 5186">
    <p class='ocr_par' dir='ltr' id='par_1_117' title="bbox 2163 5103 3829 5186">
     <span class='ocr_line' id='line_1_118' title="bbox 2163 5103 3829 5186; baseline 0.002 -28"><span class='ocrx_word' id='word_1_864' title='bbox 2163 5126 2190 5152; x_wconf 91' lang='grc'>‹‹</span> <span class='ocrx_word' id='word_1_865' title='bbox 2217 5103 2363 5160; x_wconf 88' lang='lat' dir='ltr'>dant</span> <span class='ocrx_word' id='word_1_866' title='bbox 2389 5103 2464 5174; x_wconf 83' lang='lat' dir='ltr'>ad</span> <span class='ocrx_word' id='word_1_867' title='bbox 2497 5103 2752 5160; x_wconf 89' lang='lat' dir='ltr'>domum</span> <span class='ocrx_word' id='word_1_868' title='bbox 2783 5120 2979 5174; x_wconf 89' lang='lat' dir='ltr'>suam,</span> <span class='ocrx_word' id='word_1_869' title='bbox 3016 5125 3043 5153; x_wconf 74' lang='lat' dir='ltr'><em>n</em></span> <span class='ocrx_word' id='word_1_870' title='bbox 3095 5109 3152 5163; x_wconf 88' lang='lat' dir='ltr'>et</span> <span class='ocrx_word' id='word_1_871' title='bbox 3193 5104 3448 5177; x_wconf 85' lang='lat' dir='ltr'>reliqua.</span> <span class='ocrx_word' id='word_1_872' title='bbox 3492 5107 3829 5186; x_wconf 82' lang='lat' dir='ltr'>Postquam</span> 
     </span>
    </p>
   </div>
   <div class='ocr_carea' id='block_1_118' title="bbox 2159 5191 3825 5270">
    <p class='ocr_par' dir='ltr' id='par_1_118' title="bbox 2159 5191 3825 5270">
     <span class='ocr_line' id='line_1_119' title="bbox 2159 5191 3825 5270; baseline 0.002 -24"><span class='ocrx_word' id='word_1_873' title='bbox 2159 5207 2304 5264; x_wconf 82' lang='lat' dir='ltr'>ergo</span> <span class='ocrx_word' id='word_1_874' title='bbox 2338 5191 2579 5248; x_wconf 71' lang='lat' dir='ltr'>Elisreus</span> <span class='ocrx_word' id='word_1_875' title='bbox 2603 5193 2805 5248; x_wconf 90' lang='lat' dir='ltr'>hostes</span> <span class='ocrx_word' id='word_1_876' title='bbox 2831 5193 3084 5258; x_wconf 87' lang='lat' dir='ltr'>adduxit</span> <span class='ocrx_word' id='word_1_877' title='bbox 3110 5193 3174 5250; x_wconf 91' lang='lat' dir='ltr'>in</span> <span class='ocrx_word' id='word_1_878' title='bbox 3226 5192 3520 5267; x_wconf 82' lang='lat' dir='ltr'>Samaria,</span> <span class='ocrx_word' id='word_1_879' title='bbox 3552 5208 3678 5270; x_wconf 83' lang='lat' dir='ltr'>non</span> <span class='ocrx_word' id='word_1_880' title='bbox 3719 5210 3825 5256; x_wconf 87' lang='lat' dir='ltr'>eos</span> 
     </span>
    </p>
   </div>
   <div class='ocr_carea' id='block_1_119' title="bbox 2159 5267 3825 5360">
    <p class='ocr_par' dir='ltr' id='par_1_119' title="bbox 2159 5267 3825 5360">
     <span class='ocr_line' id='line_1_120' title="bbox 2159 5267 3825 5360; baseline 0.001 -24"><span class='ocrx_word' id='word_1_881' title='bbox 2159 5279 2352 5336; x_wconf 91' lang='lat' dir='ltr'>occidi</span> <span class='ocrx_word' id='word_1_882' title='bbox 2379 5280 2662 5357; x_wconf 84' lang='lat' dir='ltr'>permisit,</span> <span class='ocrx_word' id='word_1_883' title='bbox 2685 5280 2788 5336; x_wconf 91' lang='lat' dir='ltr'>sed</span> <span class='ocrx_word' id='word_1_884' title='bbox 2815 5280 3196 5360; x_wconf 84' lang='lat' dir='ltr'>refectionem</span> <span class='ocrx_word' id='word_1_885' title='bbox 3221 5296 3512 5352; x_wconf 86' lang='lat' dir='ltr'>magnam</span> <span class='ocrx_word' id='word_1_886' title='bbox 3546 5267 3825 5360; x_wconf 72' lang='lat' dir='ltr'>cibdrum</span> 
     </span>
    </p>
   </div>
   <div class='ocr_carea' id='block_1_120' title="bbox 2160 5367 3826 5452">
    <p class='ocr_par' dir='ltr' id='par_1_120' title="bbox 2160 5367 3826 5452">
     <span class='ocr_line' id='line_1_121' title="bbox 2160 5367 3826 5452; baseline 0.002 -29"><span class='ocrx_word' id='word_1_887' title='bbox 2160 5367 2274 5423; x_wconf 89' lang='lat' dir='ltr'>illis</span> <span class='ocrx_word' id='word_1_888' title='bbox 2305 5383 2674 5449; x_wconf 82' lang='lat' dir='ltr'>praeparans.</span> <span class='ocrx_word' id='word_1_889' title='bbox 2699 5368 2923 5424; x_wconf 90' lang='lat' dir='ltr'>dimisit</span> <span class='ocrx_word' id='word_1_890' title='bbox 2951 5385 3055 5424; x_wconf 90' lang='lat' dir='ltr'>eos</span> <span class='ocrx_word' id='word_1_891' title='bbox 3086 5369 3146 5424; x_wconf 90' lang='lat' dir='ltr'>in</span> <span class='ocrx_word' id='word_1_892' title='bbox 3167 5385 3339 5444; x_wconf 89' lang='lat' dir='ltr'>pace.</span> <span class='ocrx_word' id='word_1_893' title='bbox 3365 5372 3434 5425; x_wconf 86' lang='lat' dir='ltr'>Et</span> <span class='ocrx_word' id='word_1_894' title='bbox 3452 5369 3703 5444; x_wconf 77' lang='lat' dir='ltr'>Sauluin</span> <span class='ocrx_word' id='word_1_895' title='bbox 3721 5369 3826 5452; x_wconf 79' lang='lat' dir='ltr'>din</span> 
     </span>
    </p>
   </div>
   <div class='ocr_carea' id='block_1_121' title="bbox 2163 5457 3824 5534">
    <p class='ocr_par' dir='ltr' id='par_1_121' title="bbox 2163 5457 3824 5534">
     <span class='ocr_line' id='line_1_122' title="bbox 2163 5457 3824 5534; baseline 0.003 -23"><span class='ocrx_word' id='word_1_896' title='bbox 2163 5461 2369 5512; x_wconf 90' lang='lat' dir='ltr'>contra</span> <span class='ocrx_word' id='word_1_897' title='bbox 2402 5457 2712 5512; x_wconf 88' lang='lat' dir='ltr'>stimulum</span> <span class='ocrx_word' id='word_1_898' title='bbox 2759 5457 3167 5528; x_wconf 87' lang='lat' dir='ltr'>calcitrantem</span> <span class='ocrx_word' id='word_1_899' title='bbox 3215 5459 3482 5530; x_wconf 90' lang='lat' dir='ltr'>primum</span> <span class='ocrx_word' id='word_1_900' title='bbox 3528 5459 3824 5534; x_wconf 85' lang='lat' dir='ltr'>Dominus</span> 
     </span>
    </p>
   </div>
   <div class='ocr_carea' id='block_1_122' title="bbox 2161 5546 3826 5631">
    <p class='ocr_par' dir='ltr' id='par_1_122' title="bbox 2161 5546 3826 5631">
     <span class='ocr_line' id='line_1_123' title="bbox 2161 5546 3826 5631; baseline 0.004 -31"><span class='ocrx_word' id='word_1_901' title='bbox 2161 5546 2498 5616; x_wconf 63' lang='lat' dir='ltr'>exczecavit,</span> <span class='ocrx_word' id='word_1_902' title='bbox 2530 5546 2746 5602; x_wconf 85' lang='lat' dir='ltr'>deinde</span> <span class='ocrx_word' id='word_1_903' title='bbox 2777 5546 3022 5602; x_wconf 86' lang='lat' dir='ltr'>scientia</span> <span class='ocrx_word' id='word_1_904' title='bbox 3061 5546 3354 5631; x_wconf 85' lang='lat' dir='ltr'>spirituali</span> <span class='ocrx_word' id='word_1_905' title='bbox 3379 5547 3704 5622; x_wconf 86' lang='lat' dir='ltr'>magniﬁce</span> <span class='ocrx_word' id='word_1_906' title='bbox 3735 5567 3826 5606; x_wconf 88' lang='lat' dir='ltr'>re-</span> 
     </span>
    </p>
   </div>
   <div class='ocr_carea' id='block_1_123' title="bbox 2161 5635 3830 5710">
    <p class='ocr_par' dir='ltr' id='par_1_123' title="bbox 2161 5635 3830 5710">
     <span class='ocr_line' id='line_1_124' title="bbox 2161 5635 3830 5710; baseline 0.004 -21"><span class='ocrx_word' id='word_1_907' title='bbox 2161 5635 2363 5706; x_wconf 88' lang='lat' dir='ltr'>plevit,</span> <span class='ocrx_word' id='word_1_908' title='bbox 2397 5640 2575 5708; x_wconf 89' lang='lat' dir='ltr'>atque</span> <span class='ocrx_word' id='word_1_909' title='bbox 2607 5635 2684 5691; x_wconf 88' lang='lat' dir='ltr'>ad</span> <span class='ocrx_word' id='word_1_910' title='bbox 2707 5635 3162 5710; x_wconf 62' lang='lat' dir='ltr'>praedicandum</span> <span class='ocrx_word' id='word_1_911' title='bbox 3195 5636 3318 5692; x_wconf 90' lang='lat' dir='ltr'>suis</span> <span class='ocrx_word' id='word_1_912' title='bbox 3349 5637 3747 5706; x_wconf 88' lang='lat' dir='ltr'>Evangelium</span> <span class='ocrx_word' id='word_1_913' title='bbox 3767 5639 3830 5695; x_wconf 89' lang='lat' dir='ltr'>in</span> 
     </span>
    </p>
   </div>
   <div class='ocr_carea' id='block_1_124' title="bbox 2163 5723 3829 5811">
    <p class='ocr_par' dir='ltr' id='par_1_124' title="bbox 2163 5723 3829 5811">
     <span class='ocr_line' id='line_1_125' title="bbox 2163 5723 3829 5811; baseline 0.004 -33"><span class='ocrx_word' id='word_1_914' title='bbox 2163 5723 2441 5792; x_wconf 86' lang='lat' dir='ltr'>gentibus</span> <span class='ocrx_word' id='word_1_915' title='bbox 2466 5723 2680 5792; x_wconf 84' lang='lat' dir='ltr'>direxit</span> <span class='ocrx_word' id='word_1_916' title='bbox 2706 5725 2861 5796; x_wconf 84' lang='lat' dir='ltr'>(Act.</span> <span class='ocrx_word' id='word_1_917' title='bbox 2894 5727 2996 5802; x_wconf 72' lang='lat' dir='ltr'>ix).</span> <span class='ocrx_word' id='word_1_918' title='bbox 3023 5725 3326 5804; x_wconf 70' lang='lat' dir='ltr'>Nobisque</span> <span class='ocrx_word' id='word_1_919' title='bbox 3389 5727 3697 5811; x_wconf 59' lang='lat' dir='ltr'>princepit,</span> <span class='ocrx_word' id='word_1_920' title='bbox 3745 5728 3829 5794; x_wconf 83' lang='lat' dir='ltr'>ita</span> 
     </span>
    </p>
   </div>
  </div>
