3968 6388
474 269 574 327 ill

1577 268 1933 326 ANGELOMI
1972 265 2432 324 LUXOVIENSIS
2469 267 2806 325 MONACHl.
3793 270 3885 327 512

475 392 880 464 conculcatus,
907 393 1021 449 hoc
1051 395 1157 458 est,
1189 391 1468 448 examine
1508 391 1652 462 justi
1698 389 1916 462 judicis
1963 388 2132 445 dam-
2169 393 2214 445 Α
2243 405 2378 444 rum
2407 405 2679 459 manens,
2713 389 2979 464 quotidie
3020 390 3159 447 facit
3206 395 3600 460 augmentum
3630 394 3886 465 corporis

477 487 673 554 natus,
702 487 1020 556 perpetuas
1052 480 1314 536 mittetur
1341 480 1404 536 in
1434 479 1730 536 tenebras.
1759 483 1908 535 Nam
1938 484 1995 536 et
2017 481 2130 534 Do-

477 572 678 628 minus
735 571 796 626 in
851 569 1170 639 Evangelio
1217 569 1332 625 ait:
1395 592 1422 618 «
1449 568 1506 626 Si
1551 568 1639 625 sal
1679 568 2004 635 evanuerit,
2047 567 2125 624 ad

477 659 625 717 nihil
645 658 804 716 valet
827 657 998 729 ultra,
1030 658 1143 714 nisi
1167 662 1231 714 ut
1261 657 1530 715 mittatur
1571 657 1732 715 foras
1770 661 1827 714 et
1879 655 2121 714 concul-

478 754 642 806 cetur
669 747 748 804 ab
776 747 1124 806 hominibus
1153 748 1396 820 (Matth.
1428 748 1507 821 v).
1534 769 1563 797 »

1114 909 1343 964 CAPUT
1381 909 1482 965 1X.

546 1035 577 1070 ‹
599 1015 840 1072 Elisaeus
869 1022 1072 1074 autem
1117 1016 1440 1090 prophetes
1472 1015 1708 1073 vocavit
1738 1031 1927 1071 unum
1965 1013 2040 1069 de
2070 1012 2136 1068 ﬁ-

476 1104 630 1160 «liis
682 1107 1135 1180 prophetarum,
1171 1110 1228 1162 et
1282 1105 1363 1162 ait
1412 1105 1534 1162 illi:
1582 1105 1840 1176 Accinge
1892 1103 2134 1159 lumbos

473 1215 503 1245 α
536 1199 690 1266 tuos,
715 1200 772 1252 et
801 1195 936 1252 tolle
967 1194 1315 1252 lenticulam
1345 1193 1458 1251 olei
1489 1195 1551 1251 in
1583 1209 1772 1250 manu
1801 1198 1924 1258 tua,
1950 1198 2006 1249 et
2033 1209 2134 1249 va-

474 1305 504 1333 «
535 1282 612 1338 de
664 1285 724 1340 in
775 1283 1034 1340 Ramoth
1082 1283 1354 1340 Galaath.
1389 1285 1657 1357 Cumque
1691 1282 1922 1338 veneris
1972 1281 2130 1348 illuc,

475 1394 503 1422 «
534 1371 769 1428 videbis
794 1374 943 1428 Jehu
992 1372 1183 1428 ﬁlium
1213 1372 1525 1444 Josaphat,
1557 1371 1661 1427 ﬁlii
1707 1370 1928 1428 Namsi.
1960 1373 2024 1425 Et
2051 1369 2137 1425 in-

476 1483 506 1512 «
535 1477 776 1531 gressus
818 1461 1132 1518 suscitabis
1183 1476 1325 1517 eum
1375 1461 1450 1516 de
1488 1461 1688 1516 medio
1719 1460 1970 1516 fratrum
2001 1474 2135 1514 suo-

475 1571 508 1602 α
533 1555 754 1614 rum,et
778 1550 1118 1607 introduces
1139 1551 1199 1606 in
1233 1551 1478 1606 interius
1507 1549 1872 1614 cubiculum,
1897 1553 2128 1604 tenens-

475 1661 506 1688 ιι
535 1655 654 1712 que
701 1639 1045 1696 lenticulam
1097 1639 1232 1707 olei,
1281 1638 1495 1695 fundes
1539 1655 1718 1710 super
1762 1642 1944 1708 caput
1980 1637 2128 1708 ejus,

477 1747 507 1776 «
540 1732 597 1782 et
622 1727 821 1784 dices:
871 1731 998 1784 Haec
1022 1727 1162 1783 dicit
1195 1727 1520 1783 Dominus:
1555 1727 1703 1783 Unxi
1729 1732 1782 1782 te
1805 1741 2010 1795 regem
2041 1741 2134 1780 su-
2164 1745 2202 1798 Β
2245 1745 2274 1772 ‹‹

476 1838 505 1865 α
538 1833 645 1888 per
679 1816 924 1887 Israel,»
969 1823 1026 1873 et
1054 1817 1301 1890 reliqua.
1334 1817 1556 1872 Dehinc
1585 1816 1834 1871 refertur
1861 1816 1921 1870 in
1951 1813 2134 1870 histo-

474 1906 564 1961 ria
581 1906 695 1961 hac
722 1908 970 1974 Regum,
992 1905 1246 1978 qualiter
1271 1906 1424 1960 Jehu
1458 1904 1744 1960 Dominus
1769 1903 2135 1960 ordinaverit

473 1994 550 2049 ad
608 1993 1056 2067 exstirpandam
1110 1994 1364 2050 domum
1415 1993 1644 2060 Achab,
1685 1998 1742 2050 et
1790 1991 2132 2049 sacerdotes

473 2083 611 2140 Baal
633 2083 1099 2140 interficiendos.
1133 2084 1241 2149 Qui
1268 2088 1325 2138 et
1354 2083 1645 2156 percussit
1685 2084 1890 2138 Joram
1928 2096 2134 2151 negem

471 2171 668 2234 Israel,
693 2177 750 2228 et
772 2173 1054 2228 Ahaziam
1077 2188 1281 2242 regem
1304 2173 1330 2225 J
1341 2172 1481 2238 uda,
1505 2177 1562 2227 et
1580 2170 1820 2228 Iezabel
1846 2169 2132 2242 impiissi-

469 2277 635 2317 mam
662 2261 933 2331 reginam
963 2261 1038 2316 de
1060 2260 1283 2334 palatio
1312 2260 1374 2316 in
1402 2259 1628 2316 Jezrael
1658 2259 2021 2332 praecipitari
2050 2258 2131 2314 fe-

469 2349 565 2406 cit.
595 2350 746 2405 Jehu
770 2349 929 2405 enim
954 2351 1149 2421 typice
1171 2353 1366 2421 potest
1389 2348 1707 2420 designare
1727 2347 2129 2420 principatum

468 2437 759 2509 gentium,
789 2454 970 2511 quem
999 2437 1286 2494 Dominus
1311 2454 1379 2493 ac
1410 2437 1776 2509 Redemptor
1800 2441 2003 2492 noster
2031 2435 2132 2490 de-

469 2527 708 2584 stinavit
738 2533 800 2583 ut
829 2528 891 2582 in
939 2526 1230 2596 sacrilega
1268 2526 1522 2592 civitate,
1552 2541 1687 2598 quae
1718 2525 2047 2598 prophetas
2077 2528 2135 2579 et

467 2617 670 2690 ipsum
711 2615 1033 2673 Dominum
1062 2617 1499 2688 prophetarum
1539 2614 1776 2683 occidit,
1808 2619 1864 2670 et
1894 2617 2134 2686 aposto-

469 2704 566 2761 los
621 2705 752 2774 ejus
799 2708 1114 2776 persecuta
1159 2708 1266 2769 est,
1295 2702 1522 2773 judicia
1561 2707 1878 2769 exerceret,
1913 2707 1970 2757 et
1996 2717 2133 2757 eam

468 2792 695 2848 ultione
723 2793 889 2863 justa
918 2792 1253 2864 perimeret,
1277 2797 1458 2864 atque
1479 2791 1860 2847 sacerdotum
1880 2805 2130 2857 vanum,

466 2880 634 2954 quod
664 2885 800 2954 post
825 2880 1038 2937 Christi
1060 2880 1390 2936 adventum
1410 2879 1665 2936 inaniter
1690 2879 2008 2949 habuerat,
2032 2879 2134 2936 de-

469 2974 717 3027 strueret
762 2969 1174 3043 templumque
1224 2968 1612 3036 subverteret,
1645 2983 1880 3025 necnon
1933 2973 1988 3024 et
2017 2967 2130 3023 im-

465 3059 632 3132 piam
697 3075 1080 3132 synagogam
1145 3075 1281 3132 quas
1349 3058 1710 3130 sanguinem
1780 3062 2127 3113 sanctorum
2163 3098 2204 3152 ε

467 3163 707 3221 semper
731 3149 982 3209 sitiebat.
1015 3148 1090 3204 de
1121 3147 1287 3218 regni
1317 3147 1578 3204 culmine
1631 3147 2030 3220 praecipitaret
2060 3161 2130 3202 ac

468 3242 729 3295 rectores
755 3237 913 3294 illius
938 3237 1314 3293 interﬁceret.

1124 3396 1361 3452 CAPUT
1399 3399 1484 3453 ΧΙ.

542 3525 571 3554 ‹‹
603 3501 838 3558 Athalia
883 3518 1022 3558 vero
1062 3507 1252 3557 mater
1280 3501 1537 3568 Ahazite,
1570 3501 1780 3556 videns
1823 3506 2130 3557 mortuum

470 3613 501 3644 α
529 3591 721 3648 ﬁlium
750 3607 952 3662 suum,
986 3591 1242 3657 surrexit
1289 3595 1345 3646 et
1389 3591 1680 3646 interfecit
1707 3607 1888 3646 omne
1923 3606 2131 3648 semen

469 3703 498 3731 ‹‹
529 3681 782 3751 regium.
813 3679 928 3736 Sed
957 3678 1186 3736 Josaba
1206 3678 1329 3734 ﬁlia
1351 3679 1506 3748 regis
1534 3682 1756 3747 Joram,
1781 3695 1954 3735 soror
1975 3680 2131 3735 Aha-

467 3791 503 3824 α
531 3770 634 3826 zite
663 3770 806 3827 Joas
832 3769 1021 3825 ﬁlium
1045 3768 1278 3824 Ahaziae
1310 3767 1543 3829 tollens,
1567 3767 1763 3823 furata
1785 3772 1878 3823 est
1906 3768 1981 3824 de
2005 3784 2131 3824 me-

470 3882 502 3913 α
531 3860 632 3917 dio
660 3859 922 3917 ﬁliorum
947 3859 1106 3929 regis
1129 3858 1234 3932 qui
1254 3857 1782 3919 interﬁciebantur,
1807 3863 1864 3913 et
1880 3859 2132 3914 abscon-

470 3969 500 3999 ιι
532 3948 619 4004 dit
645 3965 783 4005 eum
829 3965 867 4004 a
919 3948 1068 4004 facie
1098 3947 1366 4011 Athaliaa,
1398 3952 1464 4002 ut
1507 3962 1630 4002 non
1683 3947 2130 4015 interﬁceretur,

471 4057 500 4086 α
532 4041 778 4108 eratque
825 4051 965 4091 eum
1021 4051 1092 4092 ea
1135 4035 1196 4090 in
1223 4035 1409 4090 domo
1445 4033 1676 4089 Domini
1706 4033 1860 4090 clam
1895 4050 1998 4090 sex
2029 4050 2132 4091 an-

472 4145 502 4174 «
529 4123 642 4191 nis,
671 4123 818 4196 quia
863 4124 1084 4180 Josaba
1130 4137 1282 4178 uxor
1335 4129 1463 4178 erat
1490 4122 1717 4179 Joiadaa
1760 4123 2078 4195 pontiﬁcis.
2102 4145 2130 4173 »

470 4211 704 4268 Athalia
738 4212 917 4280 igitur
940 4212 1090 4278 haec,
1123 4226 1258 4284 quae
1289 4226 1494 4266 semen
1537 4210 1723 4267 David
1745 4213 2126 4283 exstinguere

470 4299 849 4366 moliebatur,
874 4303 930 4354 et
959 4299 1188 4369 regiam
1221 4299 1467 4372 stirpem
1501 4299 1721 4371 delere,
1743 4301 1898 4356 bene
1925 4301 2132 4374 impie-

472 4393 653 4445 tatem
701 4387 980 4458 exprimit
1041 4390 1398 4460 Synagogaa,
1448 4404 1584 4459 quae
1637 4405 1745 4461 per
1794 4389 2124 4461 nequitiam

470 4476 708 4548 mentis,
743 4475 987 4532 seminis
1021 4476 1230 4543 David,
1263 4477 1377 4532 hoc
1407 4482 1500 4532 est
1529 4477 1760 4543 Christi,
1792 4477 2128 4534 insidiatrix

471 4570 617 4633 erat,
649 4568 706 4620 et
732 4564 941 4621 odium
967 4570 1178 4620 contra
1214 4581 1352 4620 cum
1401 4581 1640 4637 semper
1671 4566 1732 4620 in
1763 4565 1944 4622 corde
1968 4582 2130 4636 gere-

468 4654 596 4724 bat,
627 4670 765 4726 qute
815 4653 1144 4726 aliquando
1175 4669 1425 4724 regnare
1457 4653 1773 4710 videbatur
1798 4671 1937 4710 cum
1977 4655 2126 4725 legis

469 4742 858 4800 caeremonias
881 4742 1284 4815 temporaliter
1299 4742 1684 4799 observabat.
1707 4747 2128 4816 Interpretatur

468 4830 704 4887 Athalia
729 4832 1076 4900 temporalis
1105 4832 1356 4887 Domini.
1388 4831 1503 4888 Sed
1531 4832 1752 4888 Josaba
1781 4832 2123 4889 strenuitate

469 4921 628 4992 (quae
658 4920 1075 4992 interpretatur
1102 4921 1394 4976 saturitas
1426 4921 1686 4989 Domini,
1716 4920 1778 4975 id
1808 4925 1896 4976 est
1926 4921 2117 4977 Eccle-

473 5007 592 5072 siae,
625 5007 687 5062 in
715 5023 840 5078 qua
863 5023 1018 5063 veras
1074 5013 1214 5064 sunt
1242 5008 1490 5077 delicite)
1524 5014 1797 5064 servatus
1825 5012 1983 5076 Joas,
2015 5010 2121 5083 qui

469 5094 891 5166 interpretatur
918 5098 1204 5153 memoria
1243 5098 1503 5165 Domini,
1538 5098 1804 5153 Christus
1832 5098 2121 5166 videlicet,

469 5183 531 5240 in
559 5199 683 5256 quo
723 5184 1016 5241 memoria
1044 5189 1132 5240 est
1170 5186 1431 5242 nominis
1458 5187 1714 5257 Domini,
1745 5203 1820 5243 ne
1851 5202 1958 5260 per
1987 5203 2122 5243 cru-

467 5271 773 5329 delitatem
803 5272 1094 5329 saevientis
1119 5274 1311 5329 hostis
1340 5274 1717 5332 interimatur
1747 5276 1810 5331 in
1836 5275 2121 5332 cordibus

469 5359 817 5426 electorum,
869 5361 1188 5434 magisque
1237 5362 1492 5418 nutritur
1546 5363 1608 5420 in
1655 5363 1841 5420 domo
1898 5364 2122 5421 Joiadm

468 5447 766 5518 pontiﬁcis
812 5448 917 5521 qui
961 5449 1213 5506 dilectus
1251 5451 1497 5506 Domini
1521 5456 1719 5521 sonat,
1751 5452 1827 5508 de
1861 5469 1983 5526 quo
2015 5453 2126 5507 Pa-

472 5534 576 5587 tris
603 5551 721 5590 vox
750 5537 868 5592 ait:
899 5559 927 5586 «
950 5537 1049 5593 Hic
1075 5543 1166 5593 est
1200 5538 1374 5593 Filius
1406 5555 1575 5596 meus
1603 5541 1874 5608 dilectus,
1906 5542 1968 5597 in
1998 5557 2122 5613 quo

475 5619 622 5674 mihi
665 5621 818 5678 bene
869 5625 1208 5696 complacui
1240 5627 1479 5696 (Matth.
1511 5635 1691 5694 χχιιι).
1718 5651 1746 5679 ››
1799 5631 1980 5700 Cujus
2017 5629 2122 5686 d0-

475 5721 615 5761 mus
643 5713 733 5764 est
757 5715 967 5768 sancta
997 5711 1281 5784 Ecclesia,
1307 5712 1414 5770 ubi
1441 5714 1506 5771 in
1531 5722 1741 5773 sancta
1763 5717 1884 5773 ﬁde
1909 5717 2121 5775 electo-

2242 478 2354 543 sui,
2390 477 2583 533 donec
2614 483 2884 551 tempore
2906 478 3138 550 judicii,
3171 483 3477 552 sceptrum
3508 480 3679 549 regni
3709 485 3767 536 et
3791 497 3886 553 po-

2241 565 2490 621 tentiam
2525 566 2819 623 adversus
2848 584 2952 624 eos
2977 567 3234 636 extollet,
3261 567 3366 640 qui
3387 583 3528 624 eum
3560 568 3886 642 deprimere

2241 654 2608 723 cogitabant,
2641 661 2698 712 et
2747 657 3201 713 interfectricem
3259 661 3608 714 sanctorum
3662 658 3886 715 aeternis

2241 742 2618 816 deputaverit
2643 746 2859 819 poenis.

2313 855 2342 882 «
2375 837 2546 889 Anno
2566 839 2766 890 autem
2793 834 3046 907 septimo
3068 834 3228 890 misit
3247 834 3483 902 Joiada,
3501 839 3558 891 et
3577 851 3883 891 assumens

2241 943 2270 971 ‹‹
2300 922 2677 979 centuriones
2731 928 2788 979 et
2837 923 3055 979 milites
3107 923 3438 980 introduxit
3461 924 3539 980 ad
3569 941 3632 980 se
3662 924 3725 980 in
3754 929 3884 980 tem-

2243 1032 2271 1060 ‹‹
2303 1009 2472 1083 plum
2497 1012 3110 1086 Domini,pepigitque
3133 1029 3272 1068 cum
3300 1013 3385 1067 eis
3409 1013 3626 1070 foedus.
3644 1016 3712 1069 Et
3732 1013 3885 1083 adju-

2241 1121 2270 1148 «
2301 1115 2443 1155 rans
2475 1100 2536 1156 in
2562 1100 2747 1157 domo
2779 1101 3013 1157 Domini
3040 1117 3162 1167 eos,
3187 1101 3447 1158 ostendit
3475 1101 3560 1157 eis
3580 1101 3773 1158 ﬁlium
3807 1118 3884 1157 re-

2247 1208 2265 1241 c
2304 1189 2415 1259 gis,
2468 1195 2525 1247 et
2580 1191 2862 1264 prmoepit
2907 1190 3040 1258 illis,
3089 1192 3338 1248 dicens:
3401 1195 3514 1248 Iste
3561 1197 3651 1249 est
3701 1208 3884 1248 sermo

2243 1302 2270 1329 α
2303 1295 2484 1351 quem
2506 1281 2700 1336 facere
2724 1281 2974 1337 debetis.
2990 1282 3182 1338 Tertia
3200 1297 3343 1354 pars
3357 1286 3624 1338 vestrum
3646 1282 3887 1338 introeat

2241 1388 2270 1416 «
2305 1366 2581 1435 sabbato,
2615 1373 2671 1424 et
2727 1368 3005 1425 observet
3052 1369 3397 1425 excubitum
3454 1370 3676 1425 domus
3720 1370 3884 1439 regis.

2243 1478 2271 1507 «
2300 1457 2490 1512 Tertia
2517 1462 2718 1514 autem
2751 1473 2893 1522 pars
2947 1458 3020 1514 sit
3075 1458 3153 1514 ad
3199 1464 3437 1531 portam
3467 1461 3609 1528 Seir,
3644 1464 3702 1516 et
3730 1459 3886 1515 tertia

2243 1567 2270 1592 ‹‹
2303 1561 2444 1616 pars
2465 1546 2543 1601 ad
2564 1552 2804 1619 portam
2824 1564 2961 1620 quze
2993 1552 3082 1602 est
3103 1552 3239 1620 post
3264 1547 3680 1604 habitaculum
3709 1552 3886 1603 scuta-

2243 1657 2270 1682 ‹‹
2299 1634 2546 1700 riorum,
2571 1641 2628 1691 et
2657 1636 3000 1692 custodietis
3037 1637 3386 1693 excubitum
3425 1637 3647 1693 domus
3691 1640 3883 1694 Messa.

2303 1726 2442 1778 Duae
2464 1739 2601 1779 vero
2629 1730 2828 1798 partes
2855 1741 2886 1780 e
2916 1725 3109 1791 vobis,
3125 1742 3338 1781 omnes
3371 1725 3741 1795 egredientes
3762 1724 3885 1780 sab-

2242 1833 2270 1860 «
2305 1811 2466 1882 bato,
2495 1813 2836 1869 custodiant
2852 1814 3138 1870 excubias
3161 1815 3382 1870 domus
3416 1814 3654 1870 Domini
3675 1815 3882 1870 circum

2242 1924 2270 1950 ι(
2305 1917 2530 1972 regem,
2553 1907 2610 1958 et
2639 1902 2938 1958 vallabitis
2976 1919 3116 1958 eum
3162 1903 3453 1960 habentes
3485 1919 3659 1960 arma
3685 1907 3741 1958 in
3770 1919 3884 1958 ma-

2241 2012 2271 2039 ‹‹
2308 1990 2488 2045 nibus
2512 1991 2739 2047 vestris.
2767 1991 2823 2047 Si
2845 1991 2979 2064 quis
3001 1997 3203 2048 autem
3233 1992 3543 2063 ingressus
3570 1992 3743 2048 fuerit
3763 2007 3882 2064 sep-

2242 2102 2271 2130 «
2305 2083 2364 2134 ta
2403 2079 2631 2152 templi,
2661 2079 3069 2136 interﬁciatur.
3103 2081 3393 2154 Eritisque
3432 2098 3575 2137 cum
3626 2096 3760 2151 rege
3802 2081 3880 2135 in-

2249 2189 2267 2219 ι
2306 2172 2574 2224 trocunte
2623 2173 2678 2224 et
2729 2169 3090 2239 egrediente.
3126 2173 3190 2226 Et
3219 2170 3488 2228 fecerunt
3523 2171 3880 2227 centuriones

2243 2279 2271 2305 ‹‹
2299 2257 2470 2327 juxta
2483 2257 2688 2313 omnia
2712 2274 2850 2330 quae
2876 2264 3244 2332 praeceperat
3267 2259 3350 2314 eis
3365 2259 3581 2316 Joiada
3598 2258 3878 2316 sacerdos.

2245 2368 2272 2396 ε(
2308 2349 2374 2402 Et
2403 2351 2778 2402 assumentes
2809 2346 3026 2417 singuli
3057 2348 3218 2403 viros
3269 2363 3434 2415 suos,
3465 2349 3574 2421 qui
3614 2347 3884 2419 ingredie-

2243 2458 2272 2487 ει
2307 2436 2528 2491 bantur
2559 2435 2904 2503 sabbatum,
2937 2453 3077 2492 cum
3107 2438 3200 2493 his
3229 2438 3333 2510 qui
3374 2437 3828 2507 egrediebantur
3852 2451 3883 2491 a

2243 2547 2272 2574 ‹‹
2307 2525 2584 2583 sabbato.
2613 2531 2904 2580 venerunt
2954 2526 3032 2582 ad
3080 2526 3296 2583 Joiada
3341 2527 3752 2584 sacerdotem:
3791 2524 3881 2597 qui

2243 2635 2271 2662 «
2305 2613 2470 2669 dedit
2493 2613 2578 2668 eis
2619 2614 2826 2670 hastas
2857 2620 2915 2670 et
2939 2631 3114 2670 arma
3143 2616 3300 2685 regis
3331 2615 3539 2688 David,
3575 2632 3710 2690 qum
3731 2617 3882 2670 erant

2243 2725 2271 2752 α
2305 2703 2362 2758 in
2395 2703 2579 2758 domo
2614 2703 2862 2759 Domini.
2899 2706 2964 2758 Et
3013 2709 3305 2760 steterunt
3355 2705 3579 2776 singuli
3609 2704 3879 2761 habentes

2243 2815 2271 2843 «
2306 2807 2480 2848 arma
2506 2792 2568 2846 in
2599 2807 2785 2848 manu
2826 2809 2937 2848 sua
2967 2807 3004 2848 a
3031 2799 3200 2866 parte
3230 2794 3434 2867 templi
3463 2793 3678 2850 dextra
3706 2808 3879 2864 usque

2243 2903 2271 2930 ‹‹
2301 2880 2381 2937 ad
2427 2885 2661 2952 partem
2706 2881 3008 2937 sinistram
3057 2882 3258 2938 altaris
3290 2888 3347 2939 et
3373 2882 3521 2938 mdis
3555 2883 3778 2939 circum
3808 2896 3879 2936 re-

2243 2990 2272 3022 ‹
2306 2986 2462 3040 gem.
2480 2992 2509 3019 ››
2541 2971 2677 3025 Hmc
2699 2976 2902 3026 autem
2923 2973 3236 3043 quomodo
3267 2973 3424 3029 facta
3455 2972 3578 3030 sint
3606 2979 3664 3030 et
3692 2973 3750 3028 in
3768 2971 3878 3044 qui-

2242 3060 2357 3115 bus
2374 3058 2594 3125 locis,si
2605 3059 2740 3130 quis
2761 3075 2834 3116 ea
2845 3076 2980 3133 quae
3003 3062 3278 3133 superius
3294 3061 3368 3117 de
3382 3061 3544 3117 atriis
3557 3061 3774 3118 domus
3787 3064 3878 3116 Do-

2242 3148 2390 3205 mini
2411 3149 2569 3204 dicta
2595 3153 2733 3204 sunt
2748 3148 2902 3205 bene
2924 3151 3503 3219 commemoraverit,
3521 3149 3876 3220 itaintellige-

2241 3255 2304 3295 re
2335 3243 2551 3312 potest.
2585 3237 2699 3294 Sed
2739 3254 2814 3294 ne
2860 3238 3171 3295 fastidium
3217 3240 3511 3296 faciamus
3554 3240 3873 3301 lectoribus,

2241 3328 2479 3385 omissis
2508 3345 2644 3401 quae
2670 3329 2798 3400 jam
2838 3329 3110 3402 exposita
3141 3333 3298 3392 sunt,
3333 3331 3411 3386 ad
3449 3329 3603 3386 illud
3627 3328 3786 3403 quod
3815 3327 3874 3382 de

2241 3417 2533 3474 divisione
2549 3417 2739 3473 turbae
2759 3417 2988 3474 dictum
3000 3418 3560 3489 est,veniamus.Cui
3571 3437 3640 3476 us
3654 3416 3875 3475 reiratio

2243 3506 2375 3562 talis
2406 3511 2512 3562 est.
2549 3509 2727 3562 Erant
2756 3511 2958 3562 autem
2999 3507 3180 3563 fortes
3207 3507 3413 3577 viginti
3440 3514 3703 3580 quatuor
3725 3512 3777 3563 et
3801 3521 3876 3559 sa-

2241 3596 2552 3652 cerdotum
2569 3600 2624 3652 et
2647 3596 2962 3652 levitarum
2976 3601 3031 3652 et
3041 3597 3503 3670 janitorum,qui
3526 3614 3636 3670 per
3651 3595 3872 3653 totidem

2241 3685 2612 3758 septimanas
2629 3684 2741 3740 sibi
2755 3701 2826 3740 ex
2848 3685 3058 3741 ordine
3078 3686 3493 3742 succederent:
3517 3687 3774 3742 sabbato
3794 3698 3874 3739 no-

2179 3839 2184 3848 ,
2238 3792 2318 3832 va
2349 3779 2550 3831 turma
2596 3774 2850 3831 intrante
2881 3775 2958 3831 ad
2997 3774 3284 3843 ofﬁcium,
3313 3781 3371 3832 et
3397 3783 3537 3850 post
3568 3777 3871 3833 sabbatum

2239 3881 2376 3937 quae
2406 3863 2686 3936 proxima
2707 3864 3048 3936 septimana
3069 3865 3508 3922 ministraverat
3526 3866 3774 3923 domum
3798 3877 3873 3918 re-

2239 3952 2603 4009 deunte.Sed
2627 3953 2724 4008 hic
2745 3953 3012 4026 pontifex
3029 3959 3273 4026 propter
3284 3955 3697 4012 necessitatem
3719 3967 3876 4023 agen-

2239 4042 2300 4097 di
2323 4042 2478 4110 circa
2501 4058 2728 4098 novum
2752 4059 2956 4113 regem
2977 4043 3290 4110 exercitus,
3310 4049 3369 4100 et
3386 4060 3490 4100 eos
3512 4060 3652 4117 quae
3673 4045 3873 4100 intran-

2239 4131 2301 4188 di
2327 4131 2730 4204 septimanam
2748 4132 3023 4188 ordinem
3049 4132 3378 4205 habebant,
3393 4135 3660 4207 suscepit
3682 4139 3737 4189 et
3762 4131 3874 4187 illos

2239 4221 2344 4294 qui
2369 4221 2498 4292 jam
2525 4237 2702 4277 suam
2750 4222 3152 4294 septimanam
3182 4223 3579 4280 ministrando
3616 4222 3873 4296 impleve-

2239 4317 2392 4377 rant,
2426 4326 2500 4365 ne
2532 4310 2766 4366 abirent
2795 4311 3066 4367 retinuit:
3098 4312 3204 4384 qui
3234 4312 3382 4368 alios
3412 4329 3659 4385 quoque
3687 4311 3874 4367 levitas

2239 4401 2313 4456 de
2343 4400 2574 4456 cunctis
2619 4401 2872 4455 urbibus
2899 4401 3073 4466 Juda,
3107 4401 3285 4456 simul
3317 4407 3373 4457 et
3399 4403 3696 4474 principes
3725 4397 3874 4456 fami-

2236 4489 2456 4546 liarum
2489 4489 2683 4556 Israel,
2708 4489 2911 4544 missis
2929 4489 2990 4544 in
3016 4490 3128 4545 hoc
3151 4490 3603 4547 centurionibus
3628 4492 3873 4546 Hieroso-

2237 4577 2487 4649 lymam,
2511 4582 2982 4648 congregaverat
3007 4597 3018 4634 :
3042 4579 3207 4650 quod
3235 4578 3562 4634 educturus
3589 4579 3772 4634 ﬁlium
3800 4591 3875 4630 re-

2237 4667 2328 4736 gis
2355 4666 2455 4722 tali
2483 4667 2714 4722 ratione
2741 4667 3030 4733 distinxit,
3051 4673 3116 4722 ut
3137 4683 3350 4723 omnes
3370 4667 3474 4740 qui
3503 4667 3874 4742 impleverant

2237 4755 2579 4822 sabbatum,
2603 4760 2661 4810 et
2685 4756 2982 4824 egressuri
3010 4761 3203 4822 erant,
3224 4757 3282 4812 in
3312 4757 3469 4812 duas
3495 4757 3668 4812 divisi
3694 4759 3871 4828 partes

2234 4860 2437 4915 regem
2460 4845 2522 4899 in
2550 4844 2931 4900 interioribus
2961 4845 3091 4902 atrii
3122 4845 3270 4902 locis
3305 4847 3521 4903 armati
3551 4847 3871 4902 circumsta-

2232 4939 2382 4990 rent.
2400 4933 2647 5007 Reliqua
2669 4950 2808 4990 vero
2829 4935 3172 5001 multitudo,
3189 4935 3249 4991 id
3266 4941 3355 4992 est
3375 4937 3436 4992 hi
3457 4939 3562 5010 qui
3583 4953 3704 4992 non
3725 4934 3874 4990 erant

2232 5025 2307 5079 de
2338 5023 2517 5096 stirpe
2553 5023 2705 5090 Levi,
2739 5024 3058 5080 exteriores
3097 5025 3386 5081 atriorum
3410 5026 3634 5097 januas
3674 5028 3863 5080 contra

2231 5113 2496 5169 furorem
2547 5113 2767 5182 reginae
2820 5113 2892 5184 (si
2922 5113 3069 5186 quid
3117 5114 3264 5170 forte
3297 5115 3533 5171 adversi
3560 5111 3869 5171 moliretur)

2231 5203 2624 5259 custodirent.
2658 5206 2837 5258 Porro
2864 5203 2925 5258 hi
2969 5203 3073 5276 qui
3105 5220 3286 5276 super
3318 5205 3397 5260 ad
3442 5205 3759 5260 sabbatum
3787 5213 3869 5251 ve-

2229 5297 2443 5348 nerant
2473 5290 2832 5360 sacerdotes,
2862 5292 3051 5348 levitaa
3102 5298 3160 5348 et
3205 5293 3516 5365 janitores,
3547 5293 3608 5348 in
3656 5297 3766 5347 tres
3800 5284 3870 5340 di-

2229 5381 2342 5436 visi
2371 5385 2594 5453 partes,
2624 5381 2877 5436 domum
2905 5381 3081 5451 regis,
3105 5383 3166 5437 id
3194 5387 3282 5439 est
3300 5383 3593 5455 palatium
3615 5381 3870 5438 observa-

2234 5475 2386 5540 rent,
2418 5486 2493 5526 ne
2534 5470 2626 5525 vel
2675 5469 2790 5526 hoc
2840 5471 3047 5541 regina
3093 5472 3341 5528 collecto
3389 5473 3648 5528 exercitu
3686 5469 3870 5524 contra

2231 5573 2434 5628 regem
2465 5557 2829 5613 defenderet.
2868 5560 3279 5615 Servarent-et
3324 5565 3560 5633 portam
3610 5551 3870 5613 scutario-

2231 5663 2366 5703 rum
2393 5646 2742 5716 habitaculi,
2776 5663 2882 5721 per
2911 5665 3099 5722 quam
3129 5649 3206 5706 de
3236 5649 3464 5723 templo
3493 5649 3570 5706 ad
3601 5643 3868 5721 palatium

2231 5735 2731 5807 descendebatur,
2757 5740 2907 5796 sicut
2935 5739 3092 5797 infra
3111 5739 3348 5796 dicitur.
3363 5740 3776 5808 Duxeruntque
3796 5742 3872 5785 re-
