3968 6390
82 274 186 332 513
1073 275 1332 332 ENARR.
1374 276 1442 331 ΙΝ
1484 273 1723 332 LIBROS

1934 279 2032 336 1M.
2062 279 2221 335 -ιΝ
2262 277 2392 334 LIB.
2436 277 2534 335 IV.
3417 282 3522 340 514

79 415 214 469 gem
241 398 318 454 de
349 396 535 454 domo
566 397 821 466 Domini,
843 403 899 454 et
927 405 1221 455 venerunt
1246 417 1354 472 per
1385 400 1541 458 viam
1560 405 1747 474 portae
1779 401 1829 456 Α
1860 400 2056 474 fuerit,
2080 406 2280 460 tamen
2302 418 2410 476 per
2435 402 2752 459 doctorum
2782 402 3211 475 negligentiam
3234 403 3297 460 in
3317 404 3522 462 multis

80 489 475 546 scutariorum
501 487 563 543 in
608 487 920 560 palatium,
959 495 1015 545 et
1058 489 1208 545 sedit
1251 507 1437 564 supra
1465 491 1748 546 thronum
1861 491 2381 565 corrumpebatur,
2399 491 2595 548 donec
2616 492 2843 549 veniret
2866 492 2995 565 ipse
3015 493 3121 566 qui
3139 492 3336 566 legem
3361 494 3527 552 dedit

79 595 314 650 regum,
338 577 445 633 ubi
476 582 533 634 et
563 583 740 650 porta
769 579 892 634 Seir
913 584 970 635 et
993 579 1213 635 domus
1243 583 1581 653 Messaqua:
1610 597 1751 636 cum

78 681 251 743 porta
270 667 674 724 scutariorum
695 668 1110 736 nominantur,
1133 685 1265 725 esse
1290 669 1585 725 videntur.
1613 671 1751 726 Scu-

81 757 260 814 tarios
293 760 497 813 autem
532 760 755 812 tutores
788 757 944 828 regis
977 757 1262 831 appedat,
1295 763 1545 814 testante
1598 757 1750 815 libro

78 847 581 920 Paralipomenon
606 864 618 901 :
654 845 759 920 qui
792 864 930 903 cum
960 847 1230 903 Roboam
1262 853 1430 905 scuta
1454 865 1610 906 aerea
1640 865 1751 922 pro

80 937 276 993 aureis
319 941 874 1006 commemorasset,
920 935 1178 1008 adjecit;
1224 941 1278 993 et
1329 937 1570 993 tradidit
1615 938 1749 994 illos

79 1026 455 1100 principibus
504 1026 923 1092 scutariorum,
958 1026 1062 1098 qui
1113 1027 1532 1083 custodiebant
1581 1027 1752 1084 vesti-

79 1117 293 1174 bulum
342 1116 570 1190 palatii.
620 1117 684 1171 In
732 1133 854 1189 quo
898 1115 1168 1173 videlicet
1209 1117 1382 1187 libro,
1414 1118 1751 1174 distinctius

80 1207 204 1262 haec
249 1211 471 1262 cuncta
513 1205 919 1279 replicantur:
955 1229 983 1254 «
1030 1206 1224 1262 Tertia
1273 1222 1414 1280 pars
1456 1211 1747 1278 vestrum,

79 1296 180 1368 qui
210 1295 465 1352 veniunt
494 1294 574 1350 ad
604 1294 928 1350 sabbatum
950 1295 1327 1351 sacerdotum
1358 1299 1414 1352 et
1435 1295 1748 1352 levitarum

81 1389 136 1440 et
158 1385 518 1455 janitorum,
544 1382 653 1440 erit
693 1383 754 1438 in
805 1384 1014 1456 portis.
1060 1384 1250 1440 Tertia
1308 1401 1448 1441 vero
1499 1401 1641 1458 pars
1673 1384 1749 1440 ad

83 1473 337 1529 domum
387 1473 566 1544 regis,
595 1477 652 1528 et
699 1475 868 1528 tertia
897 1473 957 1528 in
1008 1477 1183 1545 porta
1230 1490 1365 1546 qua:
1415 1473 1752 1546 appellatur

85 1563 499 1620 Fundamenti.
545 1563 734 1619 Omne
778 1578 917 1618 vero
964 1562 1264 1636 reliquum
1317 1563 1537 1634 vulgus
1587 1564 1660 1620 sit
1688 1565 1750 1619 in

83 1652 242 1708 atriis
265 1653 490 1708 domus
519 1651 775 1722 Domini,
796 1667 908 1707 nec
929 1651 1253 1725 quisquam
1281 1652 1434 1708 alius
1457 1653 1751 1724 ingredia-

1861 584 1918 636 et
1944 596 2052 654 per
2082 586 2303 637 sanctae
2328 580 2624 638 Trinitatis
2653 580 2860 653 ﬁdem,
2892 581 3252 652 decalogum
3285 582 3436 655 legis
3461 583 3525 641 in

1860 670 2044 743 Moysi
2091 675 2148 727 et
2177 670 2612 745 prophetarum
2639 671 2874 745 scriptis
2906 671 3289 745 spiritualiter
3317 673 3525 730 obser-

1860 761 2131 816 vandum
2161 761 2420 818 doceret.

1931 871 1958 899 «
2001 850 2364 923 Vocavitque
2402 866 2507 906 rex
2558 852 2695 907 Joas
2740 850 3014 907 Joiadam
3062 849 3411 925 pontiﬁcem
3467 856 3525 911 et

1861 961 1888 988 ‹‹
1931 939 2291 1008 sacerdotes,
2337 941 2545 997 dicens
2592 941 2718 997 eis:
2754 943 2948 1008 Quare
2993 946 3156 998 sarta
3201 946 3354 1000 tecta
3398 959 3524 1000 non

1861 1051 1897 1099 «τ
1928 1029 2273 1085 instauratis
2302 1030 2558 1104 templi?
2588 1030 2772 1087 Nolite
2802 1046 2947 1102 ergo
2969 1031 3228 1105 amplius
3254 1032 3526 1107 accipere

1857 1135 1890 1170 ‹
1928 1117 2251 1190 pecuniam
2302 1119 2476 1190 juxta
2533 1118 2807 1177 ordinem
2855 1125 3139 1189 vestrum,
3173 1121 3282 1178 sed
3311 1123 3390 1179 ad
3434 1121 3525 1179 in-

1859 1230 1888 1258 «
1932 1208 2363 1264 staurationem
2420 1209 2626 1283 templi
2656 1210 2885 1266 reddite
2933 1226 3090 1280 eam,
3123 1234 3152 1263 »
3189 1216 3246 1268 et
3271 1212 3522 1287 reliqua.

1861 1297 1952 1355 Sic
1997 1303 2054 1354 et
2102 1299 2392 1354 Dominus
2423 1304 2626 1356 noster
2653 1298 2715 1355 in
2764 1299 3128 1370 Evangelicis
3178 1301 3525 1359 doctoribus

1859 1386 2181 1457 mandans,
2216 1388 2296 1445 ait
2328 1407 2340 1445 :
2376 1411 2404 1439 ‹‹
2438 1391 2651 1446 Levate
2693 1389 2904 1446 oculos
2947 1394 3178 1446 vestros
3233 1396 3290 1447 et
3329 1392 3525 1448 videte

1857 1477 2134 1549 regiones
2175 1478 2322 1551 quia
2370 1478 2524 1535 albae
2557 1484 2697 1535 sunt
2720 1479 2850 1550 jam
2900 1479 2979 1536 ad
3032 1496 3294 1536 messem
3324 1482 3524 1554 (Joan.

1860 1567 1964 1638 1v).
1998 1589 2028 1618 ››
2055 1599 2123 1607 -
2146 1590 2173 1616 ‹‹
2208 1569 2432 1638 Rogate
2457 1567 2777 1624 dominum
2807 1568 3039 1638 messis,
3067 1573 3133 1626 ut
3162 1567 3356 1626 mittat
3383 1585 3526 1643 ope.

1859 1657 2048 1713 rarios
2096 1656 2157 1712 in
2199 1674 2464 1713 messem
2509 1674 2685 1714 suam
2729 1658 2975 1726 (Matth.
3023 1663 3125 1726 ix).
3161 1679 3190 1709 »
3222 1659 3292 1715 Et
3343 1659 3524 1717 item:

81 1747 172 1800 tur
200 1743 459 1800 domum
492 1741 748 1808 Domini,
781 1741 899 1797 nisi
929 1742 1290 1813 sacerdotes,
1317 1747 1373 1799 et
1417 1743 1524 1817 qui
1571 1743 1748 1800 mini-
1778 1760 1821 1813 Β
1858 1749 2078 1809 Euntes
2125 1746 2355 1820 (inquit)
2379 1747 2439 1802 in
2471 1747 2773 1804 mundum
2803 1747 3178 1817 universum,
3209 1748 3530 1821 praedicata

82 1837 268 1889 strant
314 1832 390 1887 de
438 1831 649 1887 levitis.
680 1830 798 1905 Ipsi
850 1833 1273 1888 tantummodo
1315 1833 1748 1904 ingrediantur,

81 1922 220 1995 quia
259 1921 619 1978 sanctiﬁcati
669 1925 829 1988 sunt,
861 1927 919 1976 et
970 1937 1151 1978 omne
1179 1922 1476 1996 reliquum
1535 1923 1752 1994 vulgus

82 2011 364 2068 observet
391 2010 702 2068 custodias
736 2009 992 2077 Domini,
1016 2011 1207 2068 levita:
1239 2018 1442 2069 autem
1499 2012 1752 2070 circum-

81 2102 217 2158 dent
241 2117 472 2171 regem,
501 2099 792 2157 habentes
817 2099 1036 2170 singuli
1064 2117 1235 2157 arma
1255 2118 1387 2169 sua,
1402 2106 1556 2159 )etc.
1578 2102 1752 2168 Quod

83 2190 354 2264 sequitur
383 2191 458 2245 de
487 2189 704 2246 eodem
730 2206 743 2244 :
774 2211 802 2238 «
832 2188 1237 2263 Produxitque
1267 2189 1461 2246 ﬁlium
1490 2191 1666 2260 regis,
1696 2195 1754 2247 et

83 2280 278 2354 posuit
308 2295 496 2352 super
524 2284 707 2353 caput
731 2279 862 2351 ejus
882 2279 1167 2336 diadema
1195 2285 1252 2336 et
1273 2279 1698 2338 testimonium.
1724 2302 1750 2331 η

86 2374 143 2426 In
173 2370 542 2437 diademate,
575 2369 810 2439 insigne
842 2369 1054 2442 capitis
1114 2369 1371 2440 regium,
1399 2370 1462 2425 in
1493 2370 1728 2426 testimo

85 2461 180 2517 nio
210 2461 494 2530 designat
521 2460 761 2516 decreta
791 2458 938 2530 legis
969 2459 1088 2528 Dei,
1117 2460 1342 2534 quibus
1386 2460 1534 2534 quid
1574 2477 1752 2532 agere

85 2567 184 2607 rex
229 2550 474 2617 debeat,
501 2549 758 2623 qualiter
806 2548 1022 2617 vivere,
1051 2549 1452 2623 praecipiatur.
1487 2550 1752 2624 Denique

86 2641 143 2697 in
171 2640 324 2697 libro
356 2639 688 2696 Verborum
721 2639 956 2695 dierum
987 2640 1283 2712 apertius:
1309 2661 1337 2689 «
1358 2642 1423 2696 Et
1450 2640 1754 2714 imposue-

85 2735 218 2786 runt
245 2729 490 2803 (inquit)
511 2729 560 2786 ei
593 2729 878 2786 diadema
904 2733 959 2786 et
988 2729 1416 2802 testimonium,
1435 2729 1751 2786 dederunt-

87 2837 201 2893 que
231 2821 294 2876 in
327 2835 523 2876 manu
575 2819 706 2890 ejus
739 2817 1062 2876 tenendam
1107 2818 1321 2890 legem,
1351 2825 1407 2876 et
1437 2820 1756 2877 constitue-

87 2916 221 2967 runt
265 2927 412 2967 eum
457 2925 662 2979 regem
705 2909 795 2981 (ΙΙ
828 2911 978 2966 Par.
1009 2911 1189 2980 χχιιι).
1224 2931 1242 2962 ι
1279 2912 1503 2980 Magnae
1549 2910 1754 2983 utique

87 3005 209 3056 erat
233 2998 641 3072 salutarisque
665 2998 1022 3072 prudentia;
1046 3003 1112 3054 ut
1130 3003 1268 3072 post
1296 2999 1620 3071 tyrannicae
1641 2999 1752 3055 im-

87 3090 318 3162 piaeque
347 3103 561 3144 necem
588 3087 831 3158 reginae,
861 3085 1204 3143 succedenti
1230 3087 1289 3143 in
1329 3103 1586 3159 regnum
1629 3087 1753 3145 ﬁlio
1784 3123 1824 3176 α

89 3179 239 3248 regis
280 3176 536 3249 legitimi
565 3193 704 3233 cum
735 3177 868 3250 ipso
917 3177 1088 3247 regni
1114 3176 1326 3234 habitu
1371 3178 1552 3234 simul
1575 3177 1753 3234 disci-

89 3267 248 3339 plina
276 3267 428 3338 legis
461 3265 562 3322 Dei
594 3265 897 3322 servanda
923 3267 1417 3337 committeretur,
1448 3271 1506 3323 et
1561 3266 1665 3340 qui
1691 3283 1754 3324 se

89 3357 399 3430 praelatum
430 3355 659 3429 populo
689 3355 958 3426 regendo
984 3355 1233 3425 videret,
1263 3355 1395 3429 ipse
1448 3373 1510 3413 se
1540 3372 1753 3427 regen-

91 3445 230 3502 dum
258 3445 484 3503 divinis
511 3445 746 3516 legibus
778 3445 960 3502 subdi
989 3445 1208 3502 debere
1239 3445 1635 3503 meminisset.

733 3624 959 3679 CAPUT
998 3624 1106 3678 XII.

161 3823 188 3851 ‹‹
231 3802 508 3875 Dixitque
551 3804 692 3858 Joas
743 3802 822 3859 ad
871 3803 1259 3859 sacerdotes:
1295 3805 1548 3860 Omnem
1579 3821 1758 3878 pecu-

97 3908 123 3942 ‹
160 3891 323 3947 niam
371 3896 744 3959 sanctorum,
777 3909 913 3964 qua:
963 3891 1125 3948 illata
1151 3893 1325 3949 fuerit
1371 3893 1433 3949 in
1464 3894 1758 3967 templum

97 4001 122 4026 «
161 3981 393 4037 Domini
430 3997 466 4038 a
496 3981 1019 4054 praetereuntibus,
1053 3998 1189 4056 qua:
1218 3983 1465 4040 offertur
1487 4000 1599 4057 pro
1628 3999 1760 4056 pre-

99 4092 124 4119 «
162 4071 240 4127 tio
268 4073 513 4143 animae,
546 4076 604 4128 et
631 4087 821 4146 quam
851 4077 1067 4145 sponte
1095 4078 1150 4130 et
1172 4072 1418 4129 arbitrio
1448 4073 1647 4130 cordis
1668 4075 1762 4131 sui

99 4159 423 4218 «inferunt
480 4161 541 4218 in
589 4162 886 4235 templum
934 4162 1170 4219 Domini
1201 4180 1214 4219 :
1245 4163 1545 4236 accipiant
1595 4163 1761 4220 illam

100 4267 128 4301 ‹
165 4251 504 4308 sacerdotes
557 4251 733 4322 juxta
779 4251 1055 4309 ordinem
1105 4268 1305 4321 suum,
1346 4257 1403 4309 et
1430 4252 1764 4310 instaurent

101 4361 126 4387 «
162 4345 317 4397 sarta
344 4345 503 4398 tecta
530 4340 774 4408 domus,
809 4341 856 4396 si
883 4341 1032 4414 quid
1051 4342 1458 4398 necessarium
1507 4342 1766 4400 viderint

99 4446 129 4480 ‹
167 4428 602 4487 instaurationi.
640 4453 669 4481 »
711 4430 951 4487 Mandat
997 4446 1102 4487 rex
1157 4435 1360 4487 noster
1414 4430 1763 4488 doctoribus

101 4518 238 4588 suis,
261 4524 325 4576 ut
350 4520 653 4593 accipiant
681 4535 929 4576 omnem
962 4520 1286 4594 pecuniam
1316 4537 1454 4594 quae
1483 4537 1520 4577 a
1549 4527 1761 4595 praete-

99 4608 408 4664 reuntibus
429 4609 677 4665 oﬁ'ertur
703 4607 765 4665 in
796 4609 1092 4682 templum
1143 4609 1400 4677 Domini,
1432 4626 1542 4683 pro
1573 4609 1764 4684 pretio

103 4695 314 4753 animae
342 4703 400 4755 et
429 4703 570 4755 voto
602 4699 800 4756 cordis
830 4685 923 4755 sui
950 4716 963 4754 :
997 4715 1138 4756 cum
1162 4699 1461 4772 quidquid
1493 4716 1529 4756 a
1558 4706 1766 4774 praete-

103 4787 410 4844 reuntibus
435 4787 495 4844 in
525 4789 652 4846 istis
685 4789 944 4846 scientiae
976 4789 1318 4863 spiritualis,
1346 4789 1438 4847 vel
1463 4789 1766 4848 bonorum

105 4877 538 4949 exemplorum,
571 4878 632 4934 in
689 4880 1044 4935 thesaurum
1074 4879 1309 4935 Domini
1341 4878 1628 4937 collatum
1658 4885 1768 4948 est,

106 4977 206 5032 per
236 4967 646 5035 sacerdotum,
674 4967 792 5025 hoc
822 4973 916 5025 est
938 4969 1405 5042 praedicatorum
1435 4969 1654 5033 ofﬁcia,
1689 4969 1768 5027 ad

104 5050 599 5113 instaurationem
625 5057 834 5131 templi
861 5056 1186 5131 spiritualis
1213 5058 1590 5115 conferatur:
1623 5075 1773 5132 qua-

106 5145 276 5200 tenus
305 5147 717 5221 quodcunque
768 5148 1026 5204 scissum
1072 5147 1157 5205 ibi
1205 5164 1313 5222 per
1359 5164 1644 5218 errorem,
1676 5149 1772 5206 vel

107 5246 209 5303 per
235 5234 380 5291 vitia
431 5237 790 5310 invenerint,
820 5241 1157 5295 restaurent
1191 5255 1204 5294 :
1232 5254 1308 5294 ne
1356 5237 1504 5294 forte
1536 5253 1643 5311 per
1670 5253 1766 5294 ne-

109 5321 449 5392 gligentiam
481 5327 934 5399 magistrorum,
953 5328 1236 5401 depereat
1256 5326 1578 5384 multitudo
1603 5327 1772 5384 audi-

111 5413 323 5470 torum.
356 5417 530 5482 Quod
555 5423 758 5475 autem
789 5418 1060 5492 sequitur
1092 5435 1106 5474 :

181 5525 207 5552 «
248 5505 429 5576 Igitur
475 5524 668 5581 usque
717 5508 797 5566 ad
845 5507 1199 5564 vicesimum
1257 5506 1494 5564 tertium
1540 5522 1772 5563 annum

116 5613 141 5640 «
179 5595 331 5664 regis
361 5598 502 5654 Joas
545 5614 670 5655 non
712 5598 1205 5656 instauraverunt
1226 5596 1569 5654 sacerdotes
1613 5601 1775 5653 sarta

117 5702 144 5728 α
184 5685 332 5740 tecta
379 5687 604 5760 templi,
640 5711 669 5738 »
696 5687 995 5758 significat
1036 5687 1204 5761 quod
1251 5691 1388 5744 ante
1442 5685 1774 5743 adventum

116 5768 449 5846 Salvatoris,
475 5777 610 5834 licet
651 5777 926 5836 doctrina
975 5777 1124 5850 legis
1171 5777 1234 5835 in
1291 5781 1466 5849 gente
1521 5775 1772 5834 Iudaica

1861 1835 2253 1906 Evangelium
2283 1835 2449 1892 omni
2479 1841 2767 1893 creaturae
2797 1838 3016 1906 (Marc.
3046 1839 3190 1910 xvu).
3225 1859 3254 1888 »
3283 1869 3354 1880 ..-
3378 1861 3408 1888 ‹‹
3439 1838 3530 1895 In-

1858 1925 2068 1982 ﬁrmos
2115 1930 2341 1997 curate,
2393 1931 2663 1982 mortuos
2708 1913 3006 1994 suscitate,
3038 1925 3312 1999 leprosos
3353 1943 3532 1985 mun-

1859 2014 2020 2084 date,
2074 2014 2386 2070 daemones
2437 2013 2650 2086 ejicite,
2705 2014 2888 2084 gratis
2935 2014 3275 2088 accepistis,
3346 2015 3529 2085 gratis

1859 2103 1998 2159 date
2029 2103 2275 2175 (Matth.
2296 2103 2380 2175 x).
2408 2125 2436 2153 ››

1933 2214 1960 2242 κ
2003 2195 2071 2247 Et
2091 2190 2221 2248 tulit
2243 2190 2458 2248 Joiada
2485 2191 2754 2265 pontifex
2777 2189 3281 2264 gazophylacium
3312 2207 3526 2262 unum,

1861 2303 1890 2332 «
1932 2280 2286 2354 aperuitque
2337 2281 2613 2337 foramen
2665 2279 2948 2354 desuper,
3010 2285 3068 2336 et
3123 2281 3328 2354 posuit
3380 2281 3529 2338 illud

1861 2392 1890 2421 «
1925 2370 2100 2442 juxta
2130 2369 2316 2426 altare
2344 2369 2424 2426 ad
2445 2369 2756 2426 dexteram
2777 2369 3243 2440 ingredientium
3273 2369 3530 2426 domum

1862 2482 1889 2508 α
1935 2458 2192 2515 Domini.
2227 2477 2257 2512 ›
2291 2457 2488 2514 Altare
2541 2457 2816 2515 videlicet
2871 2474 3092 2532 corpus
3153 2458 3392 2515 Domini
3420 2463 3529 2531 est,

1854 2550 2028 2622 juxta
2056 2548 2224 2622 quod
2252 2547 2753 2622 gazophylacium
2798 2548 3065 2622 positum
3094 2552 3200 2617 est,
3233 2565 3374 2605 cum
3423 2551 3531 2604 Ec-

1861 2638 2042 2696 clesia
2071 2636 2304 2694 Christo
2351 2637 2676 2709 conjuncta
2717 2642 2823 2705 est,
2869 2637 2949 2693 ad
2978 2636 3289 2694 dexteram
3333 2637 3531 2708 ingre-

1861 2729 2154 2787 dientium
2183 2729 2244 2785 in
2270 2729 2526 2785 domum
2553 2727 2823 2786 Domini:
2848 2727 2994 2802 quia
3012 2729 3142 2785 haec
3168 2733 3257 2785 est
3283 2728 3532 2786 intentio

1862 2819 2209 2889 electorum,
2240 2819 2345 2892 qui
2371 2833 2479 2891 per
2506 2818 2693 2874 ﬁdem
2731 2817 3152 2889 ingrediuntur
3181 2817 3531 2882 Ecclesiam.

1863 2915 1928 2966 ut
1957 2909 2034 2966 ad
2061 2914 2350 2965 aeternam
2375 2909 2810 2965 beatitudinem
2843 2911 3050 2982 (quam
3080 2908 3291 2965 dextra
3345 2908 3531 2980 signi-

1861 2999 2022 3070 ﬁcat)
2073 2997 2445 3071 perveniant.
2479 2997 2640 3052 Istud
2687 3012 2829 3066 ergo
2875 2997 3119 3054 mittunt
3166 2997 3532 3067 sacerdotes,

1863 3088 1969 3162 qui
1988 3087 2336 3144 custodiunt
2354 3087 2506 3142 ostia
2535 3085 2741 3158 templi
2771 3101 3016 3141 omnem
3042 3087 3365 3158 pecuniam
3395 3102 3532 3158 quae

1864 3177 2129 3234 defertur
2159 3175 2238 3233 ad
2291 3174 2586 3248 templum
2633 3173 2893 3244 Domini,
2925 3190 3065 3230 cum
3111 3174 3535 3247 praedicatores

1864 3267 2051 3325 sancti
2105 3266 2212 3340 qui
2258 3271 2501 3322 servant
2540 3264 2850 3320 introitum
2901 3264 3063 3335 fidei,
3095 3263 3356 3321 offerunt
3396 3270 3535 3322 vota

1863 3357 2135 3414 ﬁdelium
2163 3356 2225 3412 in
2270 3354 2471 3412 verbis
2517 3359 2574 3411 et
2603 3354 2889 3427 operibus
2915 3371 2928 3423 ;
2961 3359 3017 3411 et
3043 3354 3106 3410 in
3137 3353 3397 3411 Ecclesia
3425 3355 3533 3411 rite

1864 3446 2148 3521 precibus
2174 3445 2608 3502 commendant
2637 3445 2778 3501 Deo.

1940 3559 1970 3593 ‹
2009 3536 2396 3594 Ascendebat
2422 3536 2620 3592 scriba
2648 3535 2805 3606 regis
2849 3538 2907 3592 et
2949 3534 3238 3609 pontifex,
3263 3531 3535 3590 effunde—

1869 3647 1900 3682 ‹
1939 3627 2210 3700 bantque
2239 3631 2296 3682 et
2323 3625 2731 3682 numerabant
2759 3624 3083 3698 pecuniam
3108 3639 3244 3697 quae
3274 3621 3535 3679 invenie-

1868 3740 1897 3768 α
1938 3717 2119 3774 batur
2146 3716 2207 3773 in
2229 3716 2414 3772 domo
2446 3714 2703 3782 Domini,
2733 3718 2790 3771 et
2810 3714 3042 3771 dabant
3069 3729 3204 3770 eam
3228 3713 3403 3785 juxta
3429 3726 3539 3767 nu-

1868 3829 1898 3857 ‹‹
1939 3822 2176 3863 merum
2227 3811 2409 3880 atque
2464 3819 2821 3860 mensuram
2864 3802 2926 3859 in
2973 3817 3163 3859 manu
3191 3816 3402 3858 eorum
3430 3799 3537 3872 qui

1869 3919 1898 3947 ‹‹
1939 3901 2235 3971 praeerant
2281 3893 2678 3951 caementariis
2720 3893 2940 3948 domus
2984 3890 3240 3947 Domini.
3276 3889 3388 3956 Qui
3428 3887 3538 3944 im-

1868 4005 1900 4040 ‹
1940 3985 2290 4059 pendebant
2320 3999 2456 4040 eam
2489 3983 2550 4039 in
2578 3981 2767 4038 fabris
2795 3981 3100 4052 lignorum
3129 3985 3186 4037 et
3216 3983 3537 4036 czementa-

1871 4097 1900 4124 ‹‹
1941 4074 2043 4130 riis
2073 4075 2166 4131 his
2211 4073 2316 4147 qui
2367 4071 2780 4146 operabantur
2808 4072 2870 4128 in
2919 4071 3105 4129 domo
3135 4069 3394 4141 Domini,
3425 4087 3454 4122 ›
3482 4071 3542 4124 et

1869 4163 2122 4237 reliqua.
2154 4163 2426 4221 Scribam
2447 4162 2606 4234 regis
2629 4167 2688 4219 et
2715 4160 3064 4235 pontiﬁcem
3090 4159 3356 4234 appellat
3374 4175 3539 4215 sum-

1869 4269 2006 4310 mos
2034 4251 2332 4325 doctores,
2355 4252 2460 4325 qui
2480 4251 2803 4325 pecuniam
2833 4250 3112 4309 collatam
3136 4250 3312 4323 juxta
3330 4263 3542 4306 nume-

1870 4358 2010 4400 rum
2058 4347 2238 4415 atque
2283 4356 2636 4398 mensuram
2677 4340 2792 4397 illis
2851 4340 3212 4410 tribuebant,
3244 4342 3544 4414 praeerant

1873 4431 2059 4488 fabris
2079 4435 2137 4488 et
2165 4431 2584 4500 caementariis,
2600 4429 2717 4487 hoc
2745 4435 2854 4501 est,
2873 4429 3392 4504 dispensatoribus
3413 4443 3543 4486 ver-

1873 4521 1936 4579 bi
1964 4522 2152 4579 divini
2167 4522 2273 4596 qui
2295 4520 2636 4594 Evangelici
2658 4521 2828 4578 tritici
2850 4535 3224 4592 mensuram,
3241 4519 3543 4576 conservis

1875 4612 1999 4669 suis
2019 4613 2114 4669 his
2134 4612 2240 4686 qui
2265 4617 2594 4686 operantur
2609 4611 2670 4667 in
2695 4611 2881 4667 domo
2904 4609 3156 4672 Domini,
3181 4613 3238 4665 et
3251 4606 3542 4664 virtutum

1873 4717 2060 4776 opera
2091 4701 2151 4757 in
2198 4700 2452 4757 aediﬁcio
2496 4701 2699 4757 divino
2737 4703 3135 4771 componunt,
3176 4693 3542 4753 tribuebant.

1875 4791 2032 4860 Quid
2053 4807 2197 4862 ergo
2227 4789 2392 4846 aliud
2416 4789 2685 4846 fecerunt
2708 4787 2964 4862 apostoli
3011 4787 3188 4860 (quos
3239 4783 3542 4857 principes

1874 4881 1936 4938 in
1967 4879 2230 4938 Ecclesia
2275 4878 2482 4935 electio
2529 4877 2737 4934 divina
2782 4875 3105 4947 constituit)
3135 4869 3384 4946 quando
3434 4886 3544 4945 per

1877 4970 2183 5042 subjectos
2227 4968 2340 5025 sibi
2379 4966 2734 5040 discipulos,
2763 4963 2934 5022 verbi
2963 4962 3151 5020 divini
3176 4961 3409 5019 semina
3435 4976 3544 5034 per

1877 5063 2070 5117 totum
2089 5058 2300 5116 orbem
2318 5061 2668 5132 sparserunt
2681 5059 2982 5130 quatenus
3002 5052 3310 5128 operarios
3330 5051 3544 5109 volun-

1878 5148 2013 5206 tatis
2043 5147 2146 5204 Dei
2171 5146 2424 5204 idoneos
2453 5147 2513 5203 in
2539 5144 2919 5204 auditoribus
2951 5141 3077 5200 suis
3118 5141 3494 5218 praeﬁcerem
3526 5156 3540 5194 :

1877 5252 2141 5312 quorum
2163 5234 2262 5292 alii
2283 5235 2581 5292 fabricant
2595 5234 2780 5306 ligna,
2799 5249 2940 5290 cum
2960 5233 3316 5306 semetipsos
3336 5235 3394 5286 et
3411 5244 3542 5300 eos,

1878 5326 1985 5400 qui
2014 5325 2127 5383 sibi
2155 5323 2539 5394 obediebant,
2573 5324 2741 5396 ligna
2781 5321 3085 5380 fructifera
3125 5322 3188 5377 in
3216 5319 3402 5376 domo
3435 5321 3545 5374 Do-

1879 5415 2029 5474 mini
2058 5429 2272 5489 parare
2318 5414 2662 5483 studebant,
2687 5413 2787 5470 alii
2825 5416 2989 5470 sarta
3019 5414 3174 5467 tecta
3202 5406 3409 5481 templi
3454 5405 3543 5463 fa-

1880 5505 2138 5577 ciebant,
2156 5504 2405 5578 quando
2434 5503 2535 5561 illa
2561 5520 2698 5578 quae
2727 5519 2836 5578 per
2859 5500 3137 5560 haeresim
3167 5503 3224 5557 et
3252 5497 3544 5555 schisma-

1882 5601 1941 5654 ta
1966 5599 2146 5668 rupta
2174 5598 2364 5665 erant,
2395 5593 2865 5651 recedificabant.
2895 5590 3005 5648 Alii
3031 5606 3180 5649 saxa
3208 5586 3544 5655 caedebant,

1882 5703 2022 5744 cum
2060 5685 2248 5743 duros
2297 5685 2477 5742 corde
2530 5689 2588 5742 et
2655 5681 2999 5741 incredulos
3058 5681 3285 5738 fortiter
3353 5679 3548 5735 incre-

1880 5775 2132 5852 pabant,
2156 5774 2241 5834 ita
2267 5779 2335 5834 ut
2378 5773 2728 5848 impleretur
2764 5770 3118 5832 instauratio
3159 5770 3382 5830 domus
3430 5767 3550 5822 Do-
