3968 6386
469 312 572 382 513

1572 308 1928 379 ANGELOMI
1978 297 2436 374 LUXOVIENSIS
2472 305 2786 376 MONA‘CHI
3792 306 3871 372 516

466 448 636 520 mini,
669 448 731 505 in
764 433 1056 505 universis
1085 462 1221 521 quae
1242 438 1596 518 indigebant
1625 460 1891 521 expensa
1920 428 1999 499 ad
2018 427 2122 496 do-
2150 428 2199 495 λ
2238 439 2436 496 minus
2464 428 2673 497 ﬁdeles
2702 439 2762 495 in
2795 436 3203 511 spiritualibus
3260 424 3544 509 invenire,
3576 453 3770 512 quam
3798 439 3875 496 isti

470 555 639 595 mum
666 532 900 594 Domini
931 534 1347 605 muniendam,
1366 537 1541 609 juxta
1568 526 1717 593 illud
1740 535 1943 608 utique
1973 535 2125 605 Apo-

468 615 607 705 stoli
623 643 747 702 quo
776 624 859 684 ait
888 644 953 705 :_«
988 625 1317 699 Unicuique
1345 630 1549 683 autem
1577 629 1851 681 nostrum
1881 622 2024 678 data
2039 622 2128 676 cst

469 702 659 787 gratia
712 702 1047 772 secundum
1105 731 1455 773 mensuram
1521 712 1863 772 donationis
1910 707 2121 767 Christi

467 807 706 877 (Ephesi.
742 806 842 877 iv).
873 826 897 855 υ
934 808 1000 861 Et
1019 805 1204 879 paulo
1232 809 1372 879 post
1403 822 1416 861 :
1448 824 1489 867 ¢_
1511 807 1577 861 Et
1606 804 1736 878 ipse
1774 800 2007 875 (inquit)
2029 794 2127 855 de-

466 888 555 951 dit
577 882 880 967 quosdam
907 890 1157 973 quidem
1201 893 1528 967 apostolos,
1570 890 1872 967 quosdam
1924 894 2124 946 autem

463 984 791 1057 prophetas
825 1000 837 1039 :
872 968 1022 1039 alios
1074 990 1218 1040 vero
1256 982 1676 1053 evangelistas,
1725 979 1873 1037 alios
1924 981 2125 1035 autem

463 1062 742 1131 doctores
769 1074 825 1129 et
853 1072 1144 1145 pastores,
1168 1071 1246 1128 ad
1275 1070 1864 1128 consummationem
1895 1070 2126 1124 sancto-

462 1180 620 1229 rum,
652 1162 716 1218 in
746 1176 901 1235 opus
926 1160 1254 1229 ministerii,
1282 1161 1345 1218 in
1369 1160 1831 1217 aedificationem
1860 1156 2125 1232 corporis

464 1245 677 1313 Christi
705 1246 931 1324 (Ibid.).
962 1275 991 1303 »
1026 1251 1198 1318 Quod
1228 1254 1430 1307 autem
1462 1249 1766 1323 sequitur:

538 1365 567 1394 ‹‹
606 1338 1033 1398 Verumtamen
1082 1356 1206 1397 non
1251 1339 1478 1397 ﬁebant
1507 1356 1580 1396 ex
1626 1332 1839 1396 eadem
1869 1334 2127 1410 pecunia

464 1454 492 1481 ι(
531 1420 766 1503 hydria:
791 1427 995 1502 templi
1028 1427 1281 1500 Domini,
1300 1432 1358 1486 et
1382 1426 1716 1498 fuscinulae,
1736 1432 1794 1484 et
1822 1422 2127 1482 thuribula

467 1543 494 1568 «
538 1523 596 1576 et
624 1517 807 1588 tubae,
842 1518 899 1575 et
926 1534 1107 1574 omne
1135 1534 1242 1574 vas
1275 1534 1527 1574 aureum
1558 1520 1615 1573 et
1645 1520 2017 1585 argenteum,
2049 1513 2125 1570 de

466 1629 497 1677 ς
538 1607 798 1681 pecunia
841 1624 974 1679 quae
1000 1605 1367 1663 inferebatur
1390 1606 1451 1663 in
1482 1604 1774 1679 templum
1806 1603 2061 1674 Domini,
2095 1626 2122 1653 »

467 1696 769 1768 significat
787 1694 955 1770 quod
976 1694 1093 1752 alia
1117 1694 1294 1752 debet
1319 1713 1447 1752 esse
1476 1695 1647 1763 ratio,
1666 1693 2124 1751 formandorum

2233 524 2297 583 in
2327 528 2740 602 corporalibus
2771 524 3008 583 fuerant
3032 525 3276 583 inventi.

2310 639 2338 667 «
2378 617 2702 684 Pecuniam
2745 631 2888 673 vero
2935 631 3045 688 pro
3077 612 3315 687 delicto,
3342 617 3399 672 et
3426 614 3754 689 pecuniam
3786 632 3876 690 pro

2236 728 2265 756 «
2307 706 2591 779 peccatis,
2620 722 2745 763 non
2794 703 3131 761 inferebant
3182 705 3243 761 in
3298 703 3594 779 templum
3642 706 3875 777 Domini,

2238 818 2264 845 ‹‹
2306 795 2452 868 quia
2484 794 2864 853 sacerdotum
2894 799 3038 850 erat.
3076 817 3105 845 »
3136 794 3270 850 Haec
3298 794 3593 852 sententia
3620 796 3874 863 ostendit,

2234 882 2401 965 quod
2429 901 2552 941 non
2597 883 2732 959 quis
2762 882 3006 958 proprio
3056 882 3299 941 arbitrio
3346 882 3517 941 facile
3562 900 3629 941 se
3660 890 3873 941 credere

2234 971 2431 1041 debet,
2478 973 2581 1029 sed
2621 974 2815 1043 magis
2858 972 3023 1043 sciat,
3056 972 3223 1047 quod
3264 973 3561 1031 confessio
3623 980 3874 1048 peccato-

2235 1079 2369 1119 rum
2418 1064 2475 1120 et
2511 1062 2860 1137 paenitentia
2916 1063 3297 1119 sacerdotum
3322 1062 3554 1135 judicio
3605 1078 3873 1137 peragen-

2234 1152 2314 1209 da
2373 1157 2480 1219 cst,
2510 1154 2616 1227 qui
2671 1152 2900 1209 habent
2958 1153 3265 1210 scientiam
3315 1151 3700 1210 discernendi
3748 1154 3875 1210 inter

2233 1242 2535 1299 mundum
2565 1246 2621 1300 et
2644 1242 3055 1309 immundum,
3084 1246 3141 1299 et
3166 1241 3349 1316 lepra;
3407 1240 3717 1300 maculam
3748 1243 3874 1315 diju-

2234 1330 2455 1401 dicare,
2483 1335 2540 1389 et
2590 1337 2695 1390 aut
2737 1330 3163 1401 condemnare,
3197 1332 3301 1390 aut
3340 1330 3648 1390 mundum
3677 1332 3876 1391 discer-

2236 1438 2397 1479 nere.

2850 1548 3079 1605 CAPUT
3115 1548 3253 1605 Xlll.

2308 1716 2335 1742 ‹‹
2380 1690 2618 1748 Elisaeus
2668 1696 2871 1747 autem
2919 1690 3251 1762 aegrotabat
3290 1689 3661 1761 inﬁrmitate,
3691 1706 3808 1764 qua
3833 1694 3877 1745 et

464 1804 752 1844 vasorum
782 1787 842 1842 in
872 1784 1268 1842 ministerium
1290 1785 1544 1855 Domini,
1566 1784 1682 1842 alia
1710 1782 2120 1857 parandarum
2155 1786 2199 1849 Β
2237 1804 2266 1832 ‹‹
2307 1786 2579 1839 mortuus
2610 1785 2717 1837 est.
2764 1779 3197 1854 Descenditque
3229 1772 3308 1837 ad
3338 1796 3477 1837 eum
3506 1781 3651 1837 Joas
3692 1797 3792 1836 rex
3814 1778 3877 1834 ls-

463 1875 766 1945 lignorum
811 1877 868 1930 et
912 1890 1197 1930 saxorum
1248 1874 1310 1930 in
1349 1873 1672 1930 aediﬁcium
1697 1873 1941 1929 domus.
1977 1871 2127 1937 Quia

464 1963 583 2021 alia
603 1950 781 2019 debet
809 1978 937 2019 esse
986 1960 1259 2019 doctrina
1287 1978 1411 2036 qua
1457 1961 1638 2018 rudes
1662 1958 2017 2017 imbuuntur
2046 1959 2126 2016 ad

462 2052 670 2112 tidem.
718 2055 775 2110 et
824 2051 941 2109 alia
982 2068 1105 2125 qua
1150 2052 1281 2123 jam
1327 2047 1570 2125 perfecti
1619 2051 2000 2107 instruuntur
2046 2047 2125 2106 ad

462 2143 720 2199 scientia:
771 2142 1227 2215 plenitudinem.
1261 2142 1417 2198 Bene
1462 2146 1663 2198 autem
1706 2155 1858 2197 vasa
1904 2139 2125 2197 domus

462 2226 699 2291 Domini
726 2229 843 2288 illic
870 2234 1126 2305 poesunt
1150 2229 1416 2301 intelligi,
1448 2231 1552 2305 qui
1580 2230 1710 2303 jam
1738 2229 1861 2304 apti
1887 2232 2025 2285 sunt
2046 2229 2127 2285 ad

461 2318 758 2393 capienda
780 2336 1031 2377 munera
1062 2318 1288 2390 divina,
1316 2325 1374 2376 et
1398 2314 1633 2376 habiles
1659 2320 1812 2375 ﬁunt
1834 2318 1913 2375 ad
1955 2317 2127 2374 mini-

464 2410 715 2467 sterium
738 2408 860 2467 Dei.
896 2404 1047 2466 Nam
1072 2404 1303 2482 hydriae
1334 2426 1438 2466 eos
1471 2408 1808 2479 signiﬁcare
1844 2412 2123 2482 possunt,

461 2501 567 2573 qui
616 2517 841 2574 aquam
873 2499 1179 2574 sapientiae
1226 2499 1444 2555 divinae
1485 2499 1543 2555 in
1570 2515 1632 2555 se
1660 2498 1982 2556 continent.
2010 2490 2124 2553 Fu-

464 2580 712 2646 scinulae
743 2605 989 2662 quoque
1015 2589 1291 2645 doct0res
1321 2575 1677 2661 spiritua'tes,
1708 2594 1971 2661 quorum
1997 2584 2127 2643 utﬁ-

464 2679 625 2735 cium
653 2682 743 2735 est
770 2694 989 2752 corpus
1013 2681 1070 2733 et
1091 2678 1452 2747 sanguinem
1484 2677 1718 2733 Domini
1740 2674 2123 2733 credentibus

464 2756 841 2834 distribuere,
869 2762 1214 2822 infidelibus
1237 2765 1559 2836 abnegare,
1591 2782 1828 2822 necnon
1880 2772 1937 2822 et
1958 2764 2125 2839 spiri-

464 2853 691 2911 tualem
729 2854 1079 2912 alimoniam
1123 2852 1310 2924 verbi,
1356 2854 1574 2928 cuique
1621 2852 1800 2929 prout
1824 2854 2121 2917 convenit,

463 2942 781 3018 dispartiri.
817 2945 967 3011 Quia
998 2949 1138 3000 sunt
1165 2944 1226 3000 in
1274 2943 1466 3001 verbis
1498 2943 1597 3000 Dei
1646 2940 1939 3001 nonnulla
1987 2960 2125 3017 quae

461 3038 679 3090 nostrae
730 3022 1049 3090 humilitati
1093 3033 1377 3101 revelare,
1412 3028 1491 3091 ad
1533 3039 1755 3091 nostra;
1798 3033 2010 3107 epulas
2039 3051 2126 3089 re-

2237 1895 2265 1921 ‹‹
2306 1866 2449 1940 rae],
2483 1875 2540 1927 et
2566 1866 2750 1927 ﬂebat
2798 1888 3003 1927 coram
3037 1888 3129 1939 eo,
3167 1868 3565 1943 dicebatque:
3596 1872 3763 1927 Pater
3787 1868 3872 1935 mi,

2236 1984 2264 2011 «
2306 1958 2473 2017 Pater
2504 1959 2610 2031 mi,
2639 1974 2849 2016 currus
2904 1956 3081 2016 lsrael
3101 1962 3157 2015 et
3185 1958 3397 2029 auriga
3426 1958 3580 2032 ejus.
3616 1956 3685 2015 Et
3713 1957 3789 2015 ait
3809 1955 3874 2013 illi

2237 2074 2263 2103 ‹‹
2308 2050 2550 2106 Elisaaus
2584 2068 2596 2105 :
2627 2046 2784 2108 After
2822 2066 3032 2106 arcum
3059 2054 3115 2106 et
3149 2048 3413 2120 sagittas.
3447 2051 3723 2122 Cumque
3750 2052 3872 2104 attu-

2238 2162 2265 2189 ‹‹
2304 2138 2468 2195 lisset
2496 2126 2575 2195 ad
2602 2155 2743 2195 eum
2772 2154 2983 2196 areum
3011 2142 3070 2194 et
3099 2137 3367 2210 sagittas,
3400 2128 3549 2194 dixit
3585 2136 3669 2194 ad
3697 2151 3870 2208 regem

2236 2252 2265 2277 «
2308 2226 2532 2285 Israel:
2580 2224 2737 2286 Pone
2793 2242 3043 2284 manum
3098 2232 3266 2284 tuam
3316 2243 3499 2301 super
3550 2243 3778 2285 arcum.
3823 2227 3871 2279 Et

2235 2341 2263 2368 ‹‹
2306 2335 2445 2374 cum
2501 2317 2803 2391 posuisset
2842 2308 2938 2374 ille
2981 2324 3230 2373 manum
3284 2326 3480 2384 suam,
3515 2311 3875 2390 superposuit

2236 2430 2263 2457 «
2309 2406 2548 2463 Elisaeus
2578 2424 2797 2463 manus
2825 2422 2969 2463 suas
2995 2404 3280 2463 manibus
3300 2406 3479 2477 regis,
3496 2408 3555 2462 et
3581 2404 3696 2462 ait:
3720 2400 3870 2477 Aperi

2235 2520 2263 2547 ‹‹
2306 2490 2630 2553 fenestram
2661 2492 3033 2552 orientalem.
3059 2486 3331 2568 Cumque
3362 2494 3719 2569 aperuisset,
3749 2491 3874 2548 dixit

2236 2608 2263 2634 ‹‹
2308 2582 2548 2641 Eliseeus
2575 2602 2587 2639 :
2615 2586 2751 2641 Jace
2780 2574 3078 2654 sagittam.
3110 2580 3177 2639 Et
3196 2583 3357 2657 jeeit.
3392 2580 3459 2640 Et
3497 2583 3586 2641 ait
3614 2578 3869 2659 Elisaeus:

2236 2697 2263 2725 «
2309 2673 2533 2745 Sagitta
2564 2673 2772 2731 salutis
2801 2672 3036 2729 Domini
3065 2677 3123 2729 et
3171 2672 3388 2743 sagitta
3435 2673 3647 2730 salutis
3693 2676 3873 2728 contra

2237 2787 2263 2814 «
2310 2760 2564 2837 Syriam.
2613 2762 3028 2837 Percutiesque
3073 2762 3308 2836 Syriam
3354 2763 3417 2818 in
3450 2758 3679 2837 Aphec,
3705 2758 3871 2818 donec

2236 2878 2263 2904 «
2307 2871 2634 2911 consumas
2668 2869 2824 2923 eam,
2852 2876 2878 2903 »
2902 2856 2958 2911 et
2984 2850 3233 2926 reliqua.
3270 2852 3423 2919 Quid
3449 2854 3544 2909 est
3573 2848 3737 2927 quod
3753 2864 3871 2924 pro-

2234 2944 2416 3019 pheta
2438 2943 2563 3015 regi
2600 2943 2782 3000 Israel
2820 2942 2994 3014 jubet
3039 2959 3251 3000 arcum
3274 2944 3332 2999 et
3356 2942 3639 3013 sagittam
3662 2941 3866 3005 afferre,

2234 3034 2348 3091 nisi
2399 3033 2564 3107 quod
2606 3028 2972 3107 Redemptor
2999 3037 3202 3089 noster
3240 3031 3571 3089 rectoribus
3602 3029 3867 3093 Ecclesiae,

462 3122 731 3179 fectionis
783 3121 1112 3181 concedere
1160 3123 1445 3194 dignatus
1479 3129 1588 3181 est.
1622 3126 1769 3182 Sunt
1820 3126 1961 3180 item
2005 3122 2123 3181 alia
2150 3144 2193 3205 ο
2234 3123 2416 3181 armis
2442 3120 2850 3196 spiritualibus
2878 3138 2939 3178 se
2968 3116 3160 3187 indui,
3191 3126 3249 3178 et
3290 3126 3498 3178 contra
3523 3120 3761 3179 hostem
3786 3132 3869 3174 an-

461 3215 641 3269 tantae
685 3211 1132 3286 profunditatis,
1178 3230 1315 3286 quae
1363 3212 1553 3270 sancti
1604 3213 1852 3286 Spiritus
1901 3211 2124 3269 solum-

461 3300 648 3357 modo
700 3290 959 3357 scientiae
1001 3305 1264 3374 pateant,
1313 3306 1531 3357 nostrae
1584 3318 1728 3358 vero
1776 3301 2124 3374 capacitatis

461 3404 569 3460 per
588 3390 795 3445 omnia
827 3405 1177 3445 mensuram
1203 3389 1653 3446 transcendant.
1676 3390 2001 3446 Thuribula
2024 3408 2125 3446 au-

462 3481 583 3533 tem
612 3477 744 3533 illos
772 3479 1027 3549 ﬁgurate
1057 3479 1498 3546 demonstrant,
1528 3479 1631 3552 qui
1665 3481 1959 3537 mundam
1989 3498 2123 3537 ora-

462 3565 688 3622 tionem
717 3582 788 3622 ex
819 3567 1182 3624 conscientia
1211 3583 1366 3641 pura
1417 3572 1473 3625 et
1500 3568 1618 3624 ﬁde
1649 3586 1772 3625 non
1816 3570 1955 3626 ﬁcta
1984 3571 2124 3627 otl'e-

462 3660 602 3711 runt
630 3658 770 3729 Deo,
804 3658 861 3713 et
895 3673 1034 3713 cum
1059 3644 1355 3730 propheta
1385 3656 1580 3714 dicere
1609 3664 1899 3731 possunt:
1928 3684 1953 3709 ‹‹
1987 3661 2125 3717 Diri-

461 3750 635 3815 gatur
663 3746 852 3804 oratio
884 3763 1022 3803 mea
1054 3746 1206 3804 sicut
1234 3746 1548 3803 incensum
1574 3746 1633 3803 in
1665 3755 1992 3821 conspectu
2026 3755 2124 3805 tuo

462 3835 647 3906 (Psal.
680 3838 829 3909 CXL).
865 3855 894 3885 »
927 3828 1112 3892 Tubae
1143 3840 1347 3893 autem
1398 3836 1545 3910 quid
1587 3834 1751 3893 aliud
1776 3842 1912 3893 sunt
1935 3854 2124 3911 quam

457 3924 882 3998 praedicatores
912 3926 1123 3995 sancti,
1148 3926 1250 4001 qui
1278 3927 1339 3982 iu
1379 3930 1502 3984 toto
1531 3924 1677 3983 orbe
1708 3931 2001 3983 terrarum
2022 3943 2125 3984 vo-

458 4030 590 4070 cem
619 4016 987 4087 Evangelicae
1019 4016 1460 4089 praedicationis
1508 4016 1832 4074 emittunt?
1859 4034 2123 4092 quorum

457 4118 731 4176 personae
757 4121 864 4177 per
906 4106 1269 4178 prophetam
1307 4104 1535 4162 dictum
1576 4111 1701 4164 est:
1728 4129 1755 4159 ‹‹
1792 4106 2014 4179 Clama,
2046 4125 2122 4165 ne

460 4206 677 4261 cesses,
695 4194 871 4265 quasi
889 4180 1037 4248 tuba
1067 4189 1263 4249 exalta
1287 4210 1496 4251 vocem
1527 4200 1715 4262 tuam,
1744 4201 1801 4254 et
1828 4198 2123 4256 annuntia

457 4278 686 4354 populo
703 4296 840 4336 meo
867 4279 1089 4337 scelera
1109 4298 1341 4353 eorum,
1365 4287 1421 4339 et
1442 4284 1653 4341 domui
1671 4285 1855 4342 Jacob
1874 4292 2123 4360 peccata

461 4385 671 4425 eorum
700 4370 843 4440 (Isa.
878 4371 1051 4442 Lvm).
1086 4392 1113 4421 ››
1143 4374 1208 4427 Et
1227 4370 1544 4429 Psalmista
1577 4390 1591 4429 :
1627 4374 1690 4429 In
1730 4390 1974 4432 omnem
2004 4381 2120 4432 ter-

2235 3214 2469 3287 tiquum
2513 3212 2778 3287 praecipit
2814 3210 3111 3286 proeliari?
3155 3216 3343 3269 Arcus
3393 3210 3557 3269 enim
3612 3223 3866 3269 nonnun-

2233 3316 2421 3378 quam
2442 3304 2503 3360 in
2538 3318 2710 3361 sacro
2733 3301 2992 3375 eloquio,
3020 3318 3132 3375 pro
3157 3301 3290 3375 ipso
3323 3317 3494 3358 sacro
3524 3300 3760 3374 eloquio
3782 3310 3867 3369 po-

2232 3393 2295 3449 ni
2337 3394 2504 3461 solet,
2551 3391 2719 3466 quod
2766 3408 2839 3448 ex
2897 3396 3150 3465 utroque
3206 3386 3583 3449 Testamtsnto
3636 3384 3866 3447 velutex

2235 3500 2422 3540 cornu
2447 3487 2503 3539 et
2532 3481 2762 3539 chorda
2786 3487 3038 3538 constat.
3071 3485 3179 3537 Per
3207 3484 3382 3537 Vetus
3424 3480 3655 3554 quippe
3699 3480 3866 3535 Testa-

2236 3578 2506 3629 mentum
2528 3573 2822 3642 tiguratur
2852 3587 3040 3627 cornu
3060 3574 3305 3644 propter
3334 3569 3639 3627 duritiam.
3660 3571 3763 3624 Per
3780 3568 3868 3622 No-

2233 3679 2400 3732 vum,
2427 3662 2593 3733 quod
2646 3661 2957 3716 inearnato
3017 3660 3268 3716 Domino
3316 3659 3648 3729 figuratum
3679 3660 3776 3725 est,
3813 3652 3868 3707 si-

2235 3757 2453 3822 gnatur
2511 3750 2758 3818 chorda,
2790 3755 2847 3805 et
2895 3750 3042 3806 dum
3100 3749 3328 3805 chorda
3374 3750 3649 3819 trahitur,
3704 3757 3863 3803 cornu

2234 3843 2537 3906 curvatur,
2564 3837 2708 3911 quia
2739 3854 2878 3894 cum
2908 3842 3142 3894 Novum
3181 3832 3629 3894 Testamentum
3656 3830 3865 3893 discuti-

2231 3933 2350 4000 tur,
2382 3942 2419 3984 a
2447 3926 2667 3984 duritia
2690 3926 2894 3983 litterae
2926 3929 3101 3984 Vetus
3149 3926 3491 3999 inclinatur,
3515 3932 3573 3983 et
3623 3925 3701 3982 ad
3726 3918 3865 3979 intel-

2228 4017 2453 4076 lectum
2479 4016 2848 4090 spiritualem
2880 4010 3152 4084 ﬂectitur,
3186 4016 3330 4090 quia
3375 4017 3573 4087 rigore
3614 4015 3741 4088 ejus
3775 4009 3865 4066 du-

2228 4107 2372 4165 ritiae
2394 4123 2517 4164 non
2544 4112 2791 4164 tenetur.
2822 4106 3058 4177 Sagittae
3084 4105 3246 4163 enim
3286 4110 3427 4162 sunt
3454 4105 3585 4163 haec
3604 4105 3733 4179 ipsa
3757 4112 3863 4157 ver-

2227 4196 2312 4256 ba
2341 4214 2475 4272 quae
2508 4196 2784 4253 doctores
2814 4197 3143 4270 proferunt.
3179 4195 3345 4252 Unde
3389 4195 3571 4254 etiam
3608 4196 3757 4252 bene
3802 4187 3862 4243 de

2229 4288 2451 4345 sanctis
2476 4286 2842 4351 doctoribus,
2870 4302 2978 4360 per
3005 4285 3364 4360 prophetam
3390 4285 3772 4356 gentilitatem
3793 4276 3862 4332 in-

2230 4373 2640 4447 gredientibus
2672 4374 2887 4431 dicitur
2910 4393 2924 4431 :
2950 4396 2978 4425 «
3014 4380 3161 4431 (tum
3183 4374 3412 4444 sagittis
3444 4374 3634 4431 acutis
3662 4375 3716 4429 et
3741 4378 3864 4425 arcu

458 4474 593 4515 ram
637 4456 814 4514 exivit
856 4472 1041 4515 sonus
1088 4470 1299 4519 eorum
1327 4478 1340 4515 :
1370 4466 1429 4518 et
1470 4461 1534 4517 in
1579 4456 1732 4518 ﬁnes
1762 4463 1923 4520 orbis
1955 4468 2119 4522 terrae
2149 4512 2192 4537 η
2230 4464 2640 4536 ingredientur
2663 4464 2803 4521 illuc
2835 4464 2970 4536 (Isa.
2998 4464 3122 4537 vn).
3154 4485 3182 4514 »
3212 4467 3329 4521 Nos
3371 4479 3516 4536 ergo
3546 4477 3685 4520 eum
3737 4452 3863 4514 Scri-

458 4546 646 4604 verba
666 4563 878 4604 eorum
910 4547 1098 4619 (Psal.
1130 4548 1231 4621 III).
1265 4571 1295 4600 ››
1330 4547 1607 4622 Sequitur
1639 4569 1652 4607 :

532 4659 559 4687 ‹‹
600 4636 670 4694 Et
714 4652 839 4694 non
885 4635 1070 4695 ﬁebat
1096 4637 1248 4695 ratio
1290 4638 1383 4695 his
1438 4628 1811 4710 hominibus,
1837 4639 1943 4715 qui
1970 4641 2122 4700 acci-

461 4750 490 4778 «
530 4724 780 4799 piebant
823 4726 1167 4800 pecuniam,
1199 4731 1266 4784 ut
1306 4727 1730 4788 distribuerent
1775 4747 1909 4789 eam
1939 4732 2121 4789 artiﬁ-

460 4838 490 4867 «
532 4815 722 4889 cibus,
754 4806 860 4873 sed
887 4815 951 4873 in
977 4815 1097 4874 ﬁde
1128 4806 1466 4876 tractabant
1494 4835 1653 4877 eam.
1676 4840 1706 4874 ›
1730 4822 2120 4880 Devotionem

460 4900 718 4964 ostendit
746 4922 980 4973 eorum,
1010 4906 1087 4964 de
1128 4907 1353 4982 quibus
1398 4926 1598 4967 sermo
1651 4915 1741 4968 est
1772 4928 1784 4968 :
1816 4911 1966 4979 Quia
1994 4918 2121 4970 tan-

458 5000 588 5053 tum
628 4995 811 5054 studii
833 4995 895 5054 in
919 4995 1204 5068 religione
1232 4997 1598 5067 habuerunt,
1623 5003 1689 5056 ut
1714 5001 1918 5058 nullus
1948 5001 2120 5059 dubi-

457 5086 672 5144 taverit
714 5086 867 5161 quin
911 5088 1235 5161 pecuniam
1283 5088 1541 5154 Domini,
1568 5090 1695 5148 sine
1739 5092 1996 5166 alicujus
2026 5110 2121 5151 su-

458 5178 723 5251 spicione
778 5176 1006 5235 fraudis
1062 5182 1403 5237 tractarent.
1455 5183 1524 5237 Et
1569 5180 1727 5239 hanc
1774 5172 1851 5239 de
1907 5185 2118 5241 aerario

456 5268 780 5339 sublatam,
810 5264 1065 5325 ﬁdeliter
1092 5268 1441 5341 artiﬁcibus,
1468 5270 1548 5327 ad
1588 5272 1985 5332 muniendam
2014 5273 2119 5330 do-

457 5373 649 5432 mum,
674 5361 860 5432 prout
905 5357 1156 5429 singulis
1202 5375 1359 5433 opus
1408 5364 1583 5434 esset,
1609 5362 1908 5420 offerrent.
1952 5363 2119 5420 Unde

458 5459 700 5504 necesse
740 5450 850 5519 est,
894 5451 961 5505 ut
1011 5444 1395 5506 considerent
1444 5449 1527 5522 hi,
1585 5451 1691 5525 qui
1747 5451 2118 5525 spiritualem

459 5534 782 5602 pecuniam
822 5535 991 5592 verbi
1036 5538 1139 5593 Dei
1181 5536 1263 5595 ad
1303 5537 1778 5612 dispensandum
1813 5541 2117 5599 conservis

463 5620 604 5705 suis,
644 5616 931 5692 operariis
980 5625 1200 5683 scilicet
1244 5628 1463 5683 divinis
1515 5631 1836 5700 accipiunt,
1887 5635 2119 5705 quanta

461 5704 579 5795 ﬁde
626 5715 977 5789 quantaque
1019 5712 1375 5795 discretione
1402 5715 1516 5771 illis
1571 5734 1725 5790 opus
1754 5724 1864 5789 est,
1893 5704 2117 5792 quibus

461 5794 613 5853 ratio
638 5795 714 5853 de
736 5796 950 5855 eadem
977 5794 1236 5870 pecunia
1262 5796 1573 5864 reddenda
1595 5812 1715 5866 est:
1749 5812 1813 5864 ut
1834 5807 2118 5867 studeant

2230 4559 2419 4628 pturae
2450 4570 2632 4611 sacrae
2658 4553 2817 4611 dicta
2846 4566 3198 4626 pensamus,
3231 4568 3440 4610 arcum
3468 4548 3820 4609 intendimus
3849 4557 3859 4594 ε

2230 4660 2372 4700 cum
2422 4641 2609 4700 verba
2656 4642 2942 4700 doctrinae
2990 4642 3233 4714 damus,
3264 4642 3512 4712 sagittas
3540 4637 3857 4698 emittimuS-

2229 4732 2524 4806 Ponitcme
2552 4731 2799 4789 Elisaeus
2828 4748 3049 4790 manus
3079 4748 3221 4789 suas
3251 4747 3431 4809 super
3457 4745 3676 4789 manus
3700 4720 3857 4793 regis.

2229 4839 2371 4880 cum
2423 4822 2712 4897 exemptis
2764 4821 2890 4880 suis
2943 4821 3230 4879 Dominus
3275 4821 3543 4879 actiones
3571 4820 3858 4878 doctorum

2226 4912 2429 4984 dirigit
2454 4916 2513 4969 et
2536 4910 2849 4970 confortat.
2897 4912 3258 4970 Orientatem
3285 4911 3610 4969 fenestram
3655 4899 3857 4979 aperire

2228 5002 2500 5072 mandat,
2530 5006 2587 5059 et
2622 5002 2827 5075 jacere
2855 5002 3161 5074 sagittam,
3191 5001 3338 5076 quia
3376 5000 3603 5058 lumine
3629 4988 3856 5054 scientias

2227 5098 2286 5152 et
2315 5109 2467 5150 verae
2495 5093 2798 5166 doctrinae,
2832 5109 2976 5150 suos
2999 5092 3273 5151 hortatur
3310 5091 3584 5167 primum
3629 5086 3857 5145 illustra-

2226 5184 2298 5257 ri,
2330 5188 2387 5241 et
2413 5184 2568 5241 sicut
2590 5183 2797 5256 jaeula
2821 5182 3144 5240 verborum
3170 5182 3421 5241 mittere.

2300 5297 2329 5327 ‹‹
2369 5273 2821 5331 Etait’Elisaeus:
2847 5272 3072 5343 Sagitta
3093 5271 3300 5329 salutis
3322 5269 3578 5339 Domini,
3599 5270 3654 5325 et
3664 5258 3854 5356 sagitta

2230 5388 2257 5416 ‹‹
2300 5364 2511 5421 salutis
2546 5368 2758 5421 contra
2810 5363 3067 5436 Syriam,
3092 5363 3513 5437 percutiesque
3557 5356 3853 5437 Syria-111,“1

2228 5477 2258 5506 α
2297 5455 2521 5528 Aphec,
2539 5453 2732 5511 donec
2754 5435 3079 5511 consumas
3097 5435 3256 5510 eam.
3277 5476 3305 5503 »
3321 5435 3547 5524 Sagitta
3565 5461 3701 5517 61'8"

2228 5544 2300 5601 tis
2314 5525 2548 5601 D—omini
2563 5547 2788 5617 estpree
2796 5542 3011 5600 dicatio
3030 5559 3138 5600 san
3146 5547 3264 5609 cta,
3276 5558 3416 5599 cum
3432 5540 3702 5597 decenter
3715 5525 3854 5617 etilli‘

2226 5631 2422 5704 betur,
2454 5638 2511 5689 et
2531 5615 2940 5705 ‘spiritualium
2963 5631 3228 5689 hostium
3257 5630 3586 5688 certissima
3612 5615 3849 5705 interf8_0'

2229 5721 2328 5793 tio,
2345 5701 2865 5795 sirperse—veranter
2882 5722 3099 5794 agitur.
3123 5724 3241 5778 Nec
3261 5722 3351 5780 fas
3367 5726 3455 5779 est
3482 5724 3543 5777 ut
3555 5701 3849 5789 aliquaudo

2228 5809 2608 5882 dispensator
2635 5810 2803 5868 verbi
2840 5811 2938 5868 Dei
2964 5810 3221 5882 segniter
3241 5813 3493 5884 torpeat,
3522 5805 3615 5865 cui
3636 5802 3847 5876 jussum
