3968 6392
76 273 171 328 517

1082 281 1335 344 ENARR.
1377 275 1449 346 iN
1487 277 1736 350 LIBROS
1773 283 2032 354 REGUM.
2065 329 2134 338 -
2171 289 2242 356 IN
2281 289 2414 359 LIB.
2437 305 2530 361 1v.

3432 309 3539 376 5l'8

75 400 179 460 est,
207 397 510 506 utLgregjls
561 393 851 506 Dominici
897 419 1105 506 curam
1141 407 1388 506 habeat,
1417 413 1562 487 quia
1589 407 1748 472 mul-
1780 413 1831 471 Α
1870 419 1926 475 et
1955 429 2127 494 spem
2155 426 2330 482 suam
2354 419 2642 487 veraciter
2668 429 2731 486 in
2745 429 2879 506 ipso
2901 425 3174 506 collocat,
3199 438 3326 496 sine
3347 439 3536 500 dubio

73 487 194 540 tum
223 481 408 575 obest
432 487 664 547 devotis
703 491 1108 562 auditoribus,
1140 497 1189 553 si
1213 481 1753 575 inertia—praevalet

75 572 451 632 doctoribus.
511 577 658 637 Dicit
709 581 871 640 enim
924 584 1218 659 Propheta
1263 607 1276 644 :
1323 609 1352 643 ‹
1396 572 1624 660 Clama,
1676 609 1752 651 ne

74 677 264 720 cesses
307 665 458 738 (Isa.
514 668 684 743 um).
721 694 748 721 ››
777 673 844 728 Et
870 675 1196 748 Apostolus
1231 680 1309 734 ad
1335 679 1749 739 Timotheum:

75 776 100 802 ‹‹
130 755 443 846 Testificor
464 757 699 833 (inquit)
725 775 930 819 coram
963 765 1081 821 Deo
1115 770 1170 822 et
1204 767 1432 825 Christo
1463 771 1624 838 Jesu,
1647 771 1751 846 qui

71 840 450 914 judicaturus
481 846 572 904 est
601 849 772 906 vivos
799 857 856 909 et
878 857 1170 923 mortuos,
1195 860 1254 912 et
1279 872 1389 930 per
1419 840 1750 917 adventum

75 931 253 1004 ipsius
276 935 334 990 et
365 947 628 1006 regnum
658 938 809 1010 ejus,
839 941 1101 1014 praedica
1145 944 1395 1003 verbum
1432 946 1592 1004 insta
1637 952 1748 1025 o'p-

76 1023 347 1093 portune,
389 1021 736 1098 importune
771 1045 784 1083 :
822 1043 1032 1100 argue.
1074 1031 1351 1106 obsecra,
1395 1035 1644 1110 increpa
1680 1021 1748 1094 in

21 1093 25 1206 ξ
75 1110 231 1166 omni
271 1093 573 1184 patientia
612 1117 668 1171 et
708 1093 983 1175 doctrina
1031 1121 1124 1188 (II
1156 1122 1304 1178 Tim.
1337 1093 1454 1192 liv).
1508 1136 1534 1175 ›’›
1561 1093 1748 1206 ιυηᾲθ

21 1269 28 1322 ἱ

21 1719 30 1758 ι

21 1811 29 1848 ι

21 1193 26 1278 ξ
76 1210 191 1256 non
219 1199 404 1258 debet
425 1201 638 1260 doctor
657 1211 906 1280 propter
931 1209 1246 1268 avaritiam
1277 1213 1583 1285 negligere
1615 1201 1746 1272 ani-

76 1301 304 1344 marum
329 1302 567 1355 curam,
587 1291 693 1349 sed
713 1293 910 1366 magis
936 1309 1044 1368 per
1057 1298 1342 1370 pietatem
1364 1302 1438 1359 ad
1459 1306 1746 1360 aeternam

74 1377 422 1449 pertendere
451 1382 747 1454 requiem,
784 1383 953 1458 quod
983 1388 1284 1458 signiﬁcat
1311 1393 1536 1465 Aphec,
1564 1394 1745 1451 inter-

76 1470 332 1538 pretatur
380 1468 547 1528 enim
597 1475 922 1531 continebit
966 1473 1060 1532 vel
1101 1481 1530 1550 apprehendat.
1577 1483 1744 1542 Unde

77 1556 226 1613 idem
265 1560 618 1632 Apostolus,
663 1565 1028 1622 enumeratis
1068 1567 1222 1624 vitiis
1254 1585 1390 1643 quae
1425 1571 1743 1631 avaritiam

77 1646 452 1718 comitantur,
501 1649 576 1705 ad
619 1650 976 1724 praedictum
1018 1653 1383 1730 discipulum
1422 1659 1620 1718 intulit
1657 1661 1743 1718 di-

73 1749 202 1790 cens
228 1751 241 1792 :
276 1756 308 1790 at
335 1737 423 1794 'm
451 1741 653 1795 autem
670 1737 858 1798 homo
889 1743 990 1800 Dei
1013 1741 1142 1802 haec
1163 1746 1324 1816 fuge,
1350 1755 1574 1806 sectare
1596 1767 1740 1808 vero
1767 1766 1814 1834 Β

73 1821 377 1898 justitiam,
407 1827 932 1900 pietatem,ﬁdem,
961 1831 1333 1904 charitatem,
1361 1839 1736 1911 patientiam,

22 1901 31 1996 ἶ
75 1915 619 1982 mansuetudinem,
645 1925 949 1977 certamen
971 1919 1225 1992 bonum,
1250 1901 1554 1984 certamen
1575 1927 1738 2000 ﬁdei,

21 2013 30 2087 ς
77 2003 451 2080 apprehende
501 2007 685 2065 vitam
738 2013 1028 2069 aeternam
1075 2012 1139 2069 in
1193 2027 1318 2087 qua
1371 2023 1622 2074 vocatus
1674 2034 1738 2075 es

21 2169 29 2224 ἓ

21 2438 34 2520 Ρ

21 2527 34 2568 Ε

21 2887 36 2948 F

25 3159 35 3196 ι

84 2089 141 2164 (7
168 2093 312 2152 Tim.
343 2095 451 2169 Vl).
485 2109 517 2150 :5

146 2225 171 2253 ‹‹
213 2205 280 2262 Et
309 2203 390 2262 ait
434 2205 688 2263 Elisaeus
718 2207 798 2265 ad
823 2224 1072 2282 regem:
1104 2209 1263 2269 Tolle
1308 2215 1572 2286 sagittas.
1628 2218 1740 2284 Qui

21 2289 31 2377 'l
82 2316 105 2341 «
143 2307 277 2350 cum
325 2291 592 2364 tulisset,
627 2312 870 2356 rursum
921 2299 1069 2357 dixit
1115 2300 1166 2357 ei
1199 2319 1212 2356 :
1244 2306 1488 2360 Percute
1532 2305 1738 2377 jaculo

79 2403 102 2428 ‹‹
139 2386 370 2441 terram.
415 2387 484 2442 Et
528 2402 668 2442 cum
710 2389 1105 2460 percussisset
1153 2391 1342 2447 tribus
1386 2392 1635 2456 vicibus,
1681 2400 1740 2452 et

81 2492 102 2515 η
137 2471 402 2541 stetisset,
436 2467 626 2532 iratus
666 2481 754 2532 est
791 2477 880 2534 vir
911 2479 1012 2535 Dei
1049 2484 1258 2538 contra
1297 2498 1460 2552 eum,
1505 2488 1560 2538 et
1603 2484 1688 2541 ait
1721 2503 1733 2541 :

81 2582 103 2606 ‹‹
143 2559 194 2617 Si
213 2563 612 2634 percussisses
633 2565 1100 2644 quinquies,aut
1116 2571 1328 2642 sexies,
1349 2573 1472 2629 sive
1495 2573 1735 2648 septies,

81 2673 103 2696 ‹‹
141 2651 534 2722 percussisses
561 2655 796 2728 Syriam
813 2673 1008 2730 usque
1025 2659 1100 2716 ad
1121 2663 1730 2721 consummationem.

82 2760 104 2787 «
142 2743 298 2798 Nunc
319 2748 525 2801 autem
549 2744 739 2802 tribus
763 2745 997 2805 vicibus
1026 2751 1323 2822 percuties
1349 2769 1504 2810 eam.
1535 2775 1563 2804 ››
1587 2755 1735 2812 Ecce

81 2832 354 2902 propheta
381 2833 638 2892 mandat
670 2836 796 2907 regi
821 2837 1024 2908 jaculo
1050 2846 1358 2912 percutere
1405 2848 1648 2913 terram,
1677 2849 1736 2902 et

21 2923 35 3006 ί
81 2935 205 2978 cum
225 2923 473 2996 percutit
502 2926 696 2982 tribus
723 2927 956 2984 vicibus
981 2934 1040 2986 et
1069 2934 1204 2998 stat,
1228 2931 1502 2993 irascitur
1522 2940 1735 3025 contra

21 3007 35 3094 ξ
81 3026 206 3066 eum
234 3011 397 3086 quod
435 3031 563 3072 non
610 3016 831 3090 saepius
887 3022 1106 3076 terram
1152 3029 1506 3094 percuteret.
1557 3019 1640 3082 ita
1679 3029 1738 3080 et

81 3097 404 3158 doctoribus
419 3105 787 3178 praecipitur,
806 3107 1252 3180 praedicationis
1263 3111 1472 3183 jaculo
1490 3118 1730 3184 terram,
1762 3141 1804 3195 ο

83 3187 182 3245 hoc
225 3195 327 3262 est,
375 3193 652 3251 carnales
704 3201 1032 3270 percutere.
1077 3199 1193 3255 Sed
1229 3201 1335 3274 qui
1370 3202 1488 3260 hoc
1527 3203 1732 3261 minus

87 3277 326 3337 studiose
378 3289 590 3353 agunt,
641 3286 854 3343 merito
909 3287 1321 3359 increpatione
1374 3291 1581 3350 divina
1637 3310 1732 3350 ar-

87 3374 346 3436 guuntur.
389 3373 550 3440 Quid
579 3379 668 3432 est
697 3375 857 3433 enim
897 3377 1084 3434 tribus
1121 3380 1354 3436 vicibus
1388 3385 1606 3439 terram
1645 3384 1736 3456 ja-

88 3457 205 3514 culo
249 3467 579 3534 percutere,
633 3465 754 3522 nisi
805 3467 1101 3524 Trinitatis
1157 3470 1344 3526 tidem
1387 3472 1734 3529 carnalibus

85 3560 177 3616 per
201 3548 534 3610 doctrinam
563 3553 870 3613 insinuare
896 3555 924 3612 ?
970 3557 1076 3612 sed
1107 3575 1248 3614 cum
1279 3562 1407 3630 agit
1445 3560 1560 3618 hoc
1591 3563 1734 3619 satis

87 3633 290 3707 doctor,
313 3639 717 3716 hominesque
737 3644 818 3702 ad
844 3645 1029 3702 ﬁdem
1056 3648 1348 3720 perducit,
1376 3665 1620 3706 necesse
1645 3655 1736 3708 est

89 3728 141 3779 ut
163 3725 347 3814 adhuc
379 3731 556 3788 instet
582 3732 789 3802 verbo,
822 3734 1016 3792 donec
1049 3737 1182 3792 illos
1211 3737 1428 3794 doceat
1459 3740 1730 3814 quinque

87 3813 335 3873 sensibus
392 3820 666 3894 corporis
717 3821 1042 3896 imperare,
1093 3825 1395 3900 bonisque
1447 3830 1733 3902 operibus

91 3899 226 3974 (qua:
261 3923 366 3979 per
409 3910 719 3968 senarium
757 3929 1084 3972 numerum
1130 3899 1571 3992 exprimuntur)
1608 3924 1732 3976 stu-

87 3987 234 4049 dium
259 3995 631 4074 impendere,
661 4017 900 4060 necnon
933 4008 989 4062 et
1019 3987 1330 4063 scientiam
1358 4007 1731 4082 spiritualem

87 4077 346 4143 instanter
415 4087 720 4162 meditari,
795 4109 985 4166 quam
1051 4077 1412 4169 septiformis
1481 4099 1732 4172 Spiritus

90 4171 256 4237 gratia
274 4173 336 4232 in
365 4179 688 4256 Scripturis
713 4183 900 4240 sacris
923 4186 1234 4243 constituit
1253 4191 1434 4260 atque
1454 4171 1539 4244 ad
1567 4189 1730 4246 salu-

90 4261 192 4316 tem
232 4263 478 4326 humani
526 4273 766 4342 generis
809 4273 1056 4345 gemino
1101 4278 1477 4335 Testamento
1525 4279 1728 4338 edidit.

21 4340 34 4456 ς
89 4347 406 4456 Qui‘autem
449 4340 646 4418 solam
687 4340 875 4420 ﬁdem
921 4365 1051 4422 sine
1099 4365 1385 4439 operibus
1431 4367 1613 4425 bonis
1675 4374 1734 4427 et

21 4501 34 4546 ε

87 4439 444 4523 meditatione
473 4450 627 4523 legis
659 4453 761 4510 Dei
789 4454 906 4512 sibi
944 4455 1221 4514 sufﬁcere
1246 4457 1500 4516 credunt
1525 4459 1606 4516 ad
1637 4476 1732 4518 sa-

87 4522 267 4628 lutem,
291 4543 442 4597 recte
464 4556 501 4598 a
521 4519 826 4618 prOpheta
845 4550 1200 4628 arguuntur,
1218 4546 1364 4621 quia
1390 4549 1732 4607 secundum
1756 4519 1800 4574 Β

88 4615 269 4712 Jacobi
307 4615 565 4701 apostoli
613 4615 994 4708 sententiam,
1039 4658 1068 4688 «
1120 4615 1282 4693 Sicut
1323 4653 1547 4712 corpus
1599 4639 1730 4697 sine

91 4706 275 4805 Spiritu
315 4723 623 4780 mortuum
671 4728 780 4794 est,
829 4724 915 4783 ita
959 4706 1018 4783 et
1057 4725 1212 4784 ﬁdes
1262 4727 1390 4787 sine
1428 4706 1731 4805 .0peribus

89 4803 298 4891 mortua
324 4811 409 4864 est
435 4810 585 4882 (Jac.
617 4813 702 4887 ιι).
735 4834 766 4864 ››
797 4815 866 4870 Et
885 4813 1030 4872 alibi
1059 4816 1351 4891 scriptum
1385 4803 1520 4878 estV:
1557 4841 1586 4871 «
1617 4820 1730 4889 Qui

90 4880 300 4972 ignorat
321 4880 696 4969 ignorabitur
730 4904 791 4973 (Ι
809 4905 946 4962 Cor.
977 4906 1122 4979 xw).
1157 4880 1187 4957 ›ἐ

151 4998 175 5072 ξ
209 4981 455 5046 Mortuus
485 4996 575 5050 est
611 5008 755 5066 ergo
797 4995 1044 5053 Eliseeus
1071 5001 1131 5054 et
1159 4998 1523 5072 sepelierunt
1561 5015 1724 5059 eum.

91 5083 115 5110 ί(
149 5066 465 5158 μιΜοιώ
499 5098 748 5158 quoque
773 5084 848 5142 de
880 5085 1052 5144 Moab
1080 5066 1377 5146 venerunt
1404 5089 1468 5146 in
1505 5095 1727 5149 terram

94 5171 117 5201 α
149 5155 312 5254 israel
335 5165 398 5224 in
435 5155 571 5246 ipso
599 5155 786 5233 anno.
821 5176 1081 5244 Quidam
1121 5183 1326 5238 autem
1375 5180 1728 5254 sepelientes

95 5262 118 5290 κ
152 5243 479 5344 130mm;
487 5261 758 5322 videntes
782 5243 1186 5341 latrunculos,
1217 5243 1603 5344 projecerunt
1629 5286 1727 5328 ca-

95 5351 118 5378 α
151 5335 320 5400 (laver
341 5345 406 5404 in
427 5353 774 5427 sepulcrum
811 5356 1025 5415 Elisaai.
1073 5335 1252 5426 Quod
1277 5335 1425 5418 mox
1448 5363 1513 5418 ut
1540 5359 1728 5432 tetigit

95 5439 120 5469 κ
152 5437 278 5488 ossa
321 5434 528 5524 Elisaei,
561 5444 774 5504 revixit
809 5445 998 5506 homo
1045 5451 1104 5506 et
1141 5448 1300 5507 stetit
1330 5464 1512 5524 super
1537 5449 1726 5523 pedes

95 5524 234 5574 suos.
259 5543 285 5572 ››
313 5523 460 5592 Quid
491 5531 794 5605 signiﬁcat
833 5537 965 5596 hinc
993 5539 1379 5598 resuscitatio
1406 5523 1723 5598 cadaveris

309 5630 411 5687 ρετ
435 5628 781 5684 contactum
829 5627 1064 5686 ossium
1112 5629 1329 5700 Elisasi,
1379 5629 1495 5686 nisi
1537 5629 1724 5688 vitam

1865 509 2164 586 particeps
2205 514 2314 572 erit
2351 520 2802 579 resurrectionis
2835 522 2989 595 ejus.
3024 525 3174 584 Dicit
3200 529 3360 586 enim
3401 531 3536 606 ipsa

1863 599 2086 657 Veritas
2117 618 2130 656 :
2166 626 2194 654 «
2231 605 2354 675 Ego
2385 613 2521 664 sum
2551 611 2903 669 resurrectio
2935 617 2992 672 et
3019 611 3142 672 vita
3175 634 3188 673 :
3217 617 3321 692 qui
3349 599 3536 680 credit

1860 687 1921 744 in
1952 706 2068 758 me,
2105 691 2316 752 etiansi
2355 701 2633 756 mortuus
2665 699 2858 774 fuerit,
2889 697 3072 762 vivet.
3102 707 3171 764 Et
3198 687 3396 768 omnis
3427 711 3534 788 qui

1861 777 2006 836 vivit
2047 786 2105 838 et
2146 783 2332 840 credit
2369 784 2430 842 in
2470 805 2590 860 me,
2633 806 2760 846 non
2807 791 3095 851 morietur
3135 796 3196 854 in
3241 777 3530 859 aeternum

1861 867 2059 964 (Joan.
2095 874 2191 940 x1).
2227 897 2256 922 »
2285 876 2351 930 Et
2372 875 2514 933 alibi
2547 895 2560 934 :
2592 901 2620 929 «
2653 880 2815 936 Sicut
2841 881 3094 956 Moyses,
3126 885 3342 964 inquit,
3375 877 3533 949 exal=

1858 958 2004 1054 tavit
2053 967 2393 1034 serpentem
2440 965 2503 1020 in
2551 967 2808 1038 deserto,
2855 971 2938 1028 ita
2991 958 3238 1033 exaltari
3295 958 3532 1054 oportet

1856 1039 2070 1104 Filium
2091 1048 2388 1122 hominis;
2432 1057 2496 1110 ut
2523 1055 2721 1113 omnis
2749 1058 2852 1133 qui
2885 1060 3071 1119 credit
3090 1061 3151 1119 in
3183 1039 3380 1139 ipsum
3404 1085 3528 1126 non

1856 1142 2082 1209 pereat,
2133 1139 2239 1196 sed
2280 1139 2505 1200 habeat
2561 1145 2746 1204 vitam
2795 1152 3084 1207 aeternam
3138 1150 3341 1222 (Num.
3396 1175 3524 1230 xxt;

1853 1225 2030 1283 Joan.
2065 1228 2168 1300 Ill).
2204 1251 2232 1279 »

2505 1341 2734 1400 CAPUT
2771 1346 2904 1400 XIV.

1921 1477 1954 1509 ‹‹
1997 1460 2171 1525 Quod
2196 1461 2416 1519 dicitur
2447 1464 2523 1520 de
2547 1468 2791 1524 Amasis
2830 1482 2971 1540 rege
2999 1472 3154 1528 Iuda
3187 1489 3199 1528 :
3227 1477 3360 1548 ipse
3388 1489 3522 1550 per-

1849 1567 1882 1598 α
1923 1549 2112 1605 eussit
2142 1551 2330 1608 Edom
2359 1553 2422 1608 in
2452 1555 2607 1611 valle
2640 1556 2980 1616 Salinarum
3009 1560 3224 1620 decem
3243 1549 3450 1635 millia,
3471 1573 3529 1624 et

1852 1657 1881 1687 κ
1917 1639 2322 1712 apprehendit
2336 1647 2568 1715 petram
2594 1645 2654 1700 in
2675 1647 2906 1721 praelio,
2922 1652 3282 1726 vocavitque
3302 1665 3527 1714 nomen

1853 1747 1880 1776 α
1923 1727 2055 1798 ejus
2083 1729 2303 1786 Jecthel
2333 1747 2532 1806 usque
2562 1734 2624 1791 in
2653 1741 3016 1808 prmsentem
3043 1739 3230 1798 diem.
3267 1761 3299 1791 π
3339 1743 3526 1799 Vallis

1852 1815 2192 1874 Salinarnm
2211 1822 2356 1889 erat,
2378 1821 2486 1878 ubi
2509 1822 2598 1878 sal
2621 1823 2945 1894 faciebant,
2968 1829 3063 1884 vel
3083 1829 3226 1886 τωο
3249 1830 3526 1890 videlicet

1851 1903 2196 1976 saisuginis,
2229 1914 2294 1965 ut
2330 1909 2534 1966 muttis
2565 1912 2627 1968 in
2666 1912 2815 1970 locis
2857 1915 3081 1987 deciso,
3120 1919 3428 1977 exsiccata
3463 1926 3527 1978 et

1847 1993 2117 2062 incenso,
2160 1996 2256 2053 vel
2293 1999 2469 2070 aquis
2497 2003 2822 2072 puteorum
2861 2003 3039 2060 salsis
3083 2005 3440 2080 femfactis,
3462 2012 3525 2068 et

1849 2097 2041 2156 usque
2064 2083 2142 2140 ad
2167 2085 2311 2143 salis
2341 2087 2686 2146 ﬁrmitatem
2733 2093 3056 2165 coquendo
3071 2095 3398 2168 perductis,
3425 2099 3521 2154 vel

1848 2172 1966 2228 alio
1995 2173 2262 2246 quolibet
2289 2177 2521 2241 ordine,
2541 2191 2670 2251 quo
2693 2179 2785 2236 sal
2803 2180 2932 2237 ﬁeri
2951 2184 3285 2241 consuevit.
3308 2185 3371 2242 in
3389 2196 3518 2260 quo

1845 2261 2028 2317 etiam
2056 2261 2210 2332 loco,
2239 2269 2298 2321 et
2323 2265 2473 2322 loab
2499 2266 2822 2324 duodecim
2851 2270 3257 2330 tdumaeorum
3275 2279 3520 2348 percutis

1846 2351 1996 2406 sisse
2017 2351 2250 2422 legitur.
2274 2357 2389 2411 Nec
2407 2358 2897 2427 Iri-intereuntium
2917 2361 3084 2433 quod
3099 2373 3213 2435 pro
3231 2363 3387 2420 valle
3402 2367 3516 2423 Ga-

1844 2439 2104 2498 iinarum
2127 2448 2298 2500 vetus
2329 2443 2508 2501 editio
2535 2447 2710 2518 quasi
2735 2459 2963 2505 nomen
2992 2452 3253 2522 regionis
3269 2453 3516 2514 Gemeta

1841 2529 2064 2602 posuit.
2097 2534 2266 2589 Petra
2295 2537 2502 2590 autem
2531 2535 2742 2592 civitas
2777 2543 2873 2594 est
2901 2539 3135 2596 Arabiae
3180 2542 3403 2600 nobilis
3449 2544 3514 2601 in

1843 2620 2060 2676 eadem
2118 2623 2274 2679 terra
2327 2624 2541 2691 Edom,
2595 2639 2733 2698 quae
2788 2626 2852 2682 in
2907 2628 3061 2686 libro
3117 2633 3513 2690 Numerorum

1843 2707 2050 2776 (Num.
2081 2711 2262 2783 xxxr).
2294 2713 2509 2768 Recem
2539 2713 2775 2782 dicitur,
2803 2721 2864 2773 et
2899 2727 2934 2774 a
2975 2718 3140 2790 Syris
3169 2720 3348 2776 hodie
3375 2732 3516 2794 quae

1845 2798 1929 2854 sic
1955 2797 2310 2872 appellatur.
2342 2802 2566 2859 Jecthel
2595 2817 2736 2860 vero
2759 2806 2925 2878 quod
2955 2808 3234 2866 Amasias
3253 2809 3518 2867 victor-ei

1842 2904 2068 2946 nomen
2092 2891 2406 2965 imposuit,
2440 2893 2865 2966 interpretatur
2885 2905 3070 2954 cactus
3093 2901 3200 2956 Dei
3221 2899 3318 2957 vel
3337 2903 3520 2958 ἀπέει-

1845 2980 1993 3035 lium
2025 2981 2151 3050 Dei,
2179 2995 2217 3036 a
2248 2986 2422 3052 gente
2452 2991 2524 3038 eo
2551 2983 2826 3050 ﬁdeliter,
2845 2991 2912 3042 ut
2931 2988 3183 3059 perenni
3209 2989 3518 3047 inderetur

1839 3067 2150 3124 memoriae
2168 3071 2337 3142 quod
2367 3069 2525 3128 hanc
2544 3071 2641 3128 vel
2671 3078 2862 3129 ecetus
2880 3076 3093 3148 populi
3117 3077 3242 3150 Dei,
3273 3078 3371 3134 vel
3392 3083 3516 3135 ﬂeo

1845 3157 2170 3228 adjuvante
2210 3159 2452 3232 ceperit.

2483 3278 2720 3342 CAPUT
2759 3272 2876 3344 XV.

1916 3411 1944 3438 ‹‹
1985 3391 2158 3446 Anno
2181 3389 2464 3447 vicesimo
2495 3392 2750 3465 septimo
2763 3393 3085 3450 Jeroboam
3108 3394 3268 3466 regis
3300 3396 3513 3469 Israel,

1844 3500 1871 3526 «
1912 3479 2182 3549 regnavit
2204 3478 2446 3537 Marias
2463 3479 2620 3537 ﬁlius
2642 3481 2898 3538 Amasias
2921 3482 3080 3552 regis
3099 3484 3129 3538 J
3137 3484 3280 3542 uda.
3301 3484 3516 3542 Sexde-

1843 3589 1870 3616 ‹‹
1921 3567 2040 3624 cim
2079 3583 2385 3626 annorum
2438 3573 2564 3627 erat
2622 3587 2762 3628 cum
2814 3587 3069 3642 regnare
3117 3573 3416 3648 cmpisset,
3459 3579 3519 3632 et

1844 3678 1872 3705 ‹‹
1911 3657 2356 3730 quinquaginta
2395 3657 2639 3716 duobus
2669 3659 2845 3718 annis
2881 3663 3158 3732 regnavit
3207 3663 3270 3720 in
3319 3663 3518 3720 Hieru-

1844 3770 1870 3798 «
1915 3747 2128 3818 salem,
2161 3770 2190 3799 »
2229 3753 2283 3805 ct
2311 3749 2566 3822 reliqua.
2609 3750 2846 3806 Azarias
2883 3751 3015 3824 ipse
3051 3757 3140 3808 est
3185 3752 3378 3819 Osias,
3407 3753 3516 3824 qui

1841 3842 2087 3910 propter
2123 3841 2538 3912 contemptum
2585 3839 2844 3904 Domini,
2891 3839 3040 3896 dum
3077 3840 3416 3898 sacriﬁcare
3451 3841 3516 3898 in

1845 3926 2068 4000 templo
2118 3927 2292 3984 vellet
2335 3931 2548 3986 contra
2601 3926 2800 3999 legem
2837 3928 3042 4002 Moysi,
3071 3945 3402 4004 percussus
3428 3935 3518 3989 est

1839 4015 2009 4090 lepra
2039 4032 2077 4073 a
2102 4017 2358 4074 Domino
2377 4017 2554 4089 juxta
2583 4016 2770 4074 altare
2799 4023 3026 4092 astans,
3059 4023 3116 4077 et
3155 4019 3518 4079 holocausta

1839 4105 2038 4162 nitens
2067 4106 2279 4162 offerre
2313 4123 2326 4163 :
2359 4110 2556 4180 potest
2599 4106 2826 4180 quippe
2877 4108 3047 4165 Ozias
3095 4125 3199 4166 rex
3241 4109 3517 4184 lcprosus

1842 4193 2176 4265 signiﬁcare
2205 4195 2541 4265 diabolum,
2589 4195 2686 4253 cui
2713 4196 2883 4270 lepra
2910 4197 3240 4272 iniquitatis
3273 4201 3516 4259 insana-

1838 4283 1975 4340 bilis
2019 4287 2129 4341 eSt.
2183 4283 2294 4350 Qui
2347 4301 2491 4344 cum
2543 4301 2718 4344 suam
2769 4304 3127 4346 mensuram
3178 4305 3304 4348 non
3341 4290 3516 4348 vellet

1841 4388 2228 4446 cognoscere,
2246 4380 2304 4432 et
2331 4375 2572 4447 majora
2595 4381 2901 4452 tentasset,
2919 4384 3224 4454 appetere,
3251 4380 3515 4438 foeditate

1837 4463 2118 4536 pessima:
2146 4463 2330 4539 lepraa
2360 4465 2644 4523 notabilis
2675 4467 2940 4537 effectus,
2971 4468 3051 4526 de
3076 4470 3262 4528 domo
3291 4471 3517 4544 ejectus

1841 4557 1948 4622 est,
1983 4559 2040 4612 et
2061 4554 2466 4626 perseveravit
2493 4571 2692 4631 usque
2717 4556 2784 4614 in
2803 4557 2992 4614 ﬁnem
3017 4557 3316 4632 leprosus,
3343 4575 3516 4632 sepa-

1839 4648 2006 4702 ratus
2023 4660 2060 4702 a
2073 4644 2304 4718 populo
2319 4644 2444 4703 Dei.
2459 4644 2582 4704 Sub
2610 4647 2728 4704 hoc
2750 4645 3022 4704 videlicet
3038 4663 3182 4719 rege
3199 4651 3510 4718 regnante,

1839 4737 1898 4790 et
1919 4737 2220 4808 quantum
2239 4733 2304 4792 in
2331 4750 2396 4790 se
2415 4738 2506 4792 est
2525 4735 2934 4794 sacerdotium
2961 4735 3294 4809 dissipth
3323 4735 3512 4793 lsaias

1837 4823 2135 4898 propheta
2157 4821 2454 4881 visionem
2485 4822 2653 4881 illam
2676 4823 3092 4896 magniﬁcam,
3119 4840 3248 4898 qua
3279 4822 3514 4882 viderat

1839 4913 2163 4970 Dominum
2188 4912 2495 4971 sedentem
2518 4929 2700 4987 super
2721 4913 2941 4972 solium
2957 4912 3284 4983 excelsum,
3306 4913 3511 4972 videre

1835 5017 1960 5058 non
1987 5003 2198 5074 potuit.
2235 5003 2518 5068 Quandiu
2545 5001 2643 5060 ille
2671 5017 2929 5074 regnum
2965 5001 3155 5060 tenuit
3187 5003 3250 5060 in
3276 5003 3510 5074 Judaea,

1835 5091 2134 5164 propheta
2160 5091 2370 5149 oculos
2393 5107 2521 5150 non
2549 5091 2768 5149 levavit
2795 5091 2876 5150 ad
2910 5091 3160 5161 cmlum,
3197 5109 3324 5152 non
3367 5098 3512 5152 sunt

1836 5181 1889 5238 ei
1903 5184 2170 5238 reserata
2183 5180 2468 5252 caelestia,
2481 5197 2606 5240 non
2621 5181 2903 5255 apparuit
2917 5182 3208 5243 Dominus
3223 5183 3416 5242 sabao
3423 5184 3504 5254 th,

1834 5287 1947 5328 nec
1989 5269 2050 5327 in
2091 5271 2382 5344 mysterio
2423 5270 2676 5330 ﬁdeliter
2726 5272 2917 5330 sancti
2964 5289 3191 5332 nomen
3227 5273 3507 5332 auditum

1833 5364 1942 5417 est.
1977 5359 2230 5427 Quando
2254 5359 2353 5417 ille
2376 5364 2656 5418 mortuus
2685 5363 2794 5426 est,
2826 5359 3110 5418 universa
3131 5375 3270 5434 quas
3299 5357 3512 5416 subse-

1833 5465 2030 5524 quens
2053 5465 2254 5508 sermo
2277 5451 2650 5520 monstravit,
2663 5454 2874 5524 aperto
2894 5465 3026 5508 sese
3045 5449 3109 5508 in
3126 5449 3355 5509 ιω
3370 5463 3508 5524 pro-

1833 5539 2128 5598 diderant.
2147 5540 2280 5598 Tale
2297 5539 2466 5615 quod
2487 5547 2545 5599 et
2561 5541 2624 5599 in
2645 5540 2853 5600 Exodo
2873 5540 3164 5616 scriptum
3193 5544 3286 5599 est
3306 5559 3321 5600 :
3345 5541 3504 5598 Dum

1833 5631 2065 5688 Pharao
2093 5629 2262 5698 vixit,
2283 5630 2546 5704 populus
2576 5629 2758 5690 Israel
2775 5647 2856 5688 ex
2879 5631 2988 5689 luti
3015 5636 3072 5690 et
3091 5627 3293 5692 lateris
3321 5634 3379 5689 et
3399 5645 3508 5704 pa-

97 5684 351 5796 ξάέίίυιῑί,
377 5723 510 5782 quae
539 5713 604 5772 in
633 5719 830 5774 morte
843 5684 852 5685 η
2287 5684 2798 5796 rIivtinws_iisI)_i-1’avit.
2831 5721 2913 5780 ad
2954 5723 3300 5782 Dominum.
3351 5684 3508 5778 Dum

100 5775 427 5868 Quicumtu
456 5817 600 5876 ergo
625 5805 808 5866 ﬁrma
835 5807 956 5866 ﬁde
986 5775 1181 5882 tangit
1197 5775 1457 5871 magica
1479 5775 1721 5882 enim,

1832 5809 1929 5868 ille
1941 5810 2422 5884 regnavit,nemo
2433 5811 2714 5886 quaesivit
2725 5813 2913 5870 Deum
2926 5814 3163 5872 Patrem
3173 5809 3477 5871 Abraham
3488 5850 3504 5878 ,
