3968 6402
474 270 578 326 519

1595 258 1950 316 ANGELOMI
1988 253 2158 311 LUXG

2269 252 2451 309 ENSIS
2488 251 2808 310 MONACHI
3815 253 3902 304 520

475 395 646 448 Isaac
689 393 747 446 et
813 387 1023 445 Jacob.
1067 383 1321 451 Quando
1368 398 1509 439 vero
1559 382 1654 439 ille
1703 385 1978 438 mortuus
2028 382 2134 445 est,
2167 378 2214 432 Α
2252 375 2672 432 holocaustum
2698 375 2913 432 obtulit
2930 373 3121 430 ﬁlium
3144 387 3310 429 more
3332 371 3904 439 Chananaorum,et

478 479 931 552 suspiraverunt
986 475 1089 530 ﬁlii
1143 472 1346 538 Israel,
1395 477 1462 528 ut
1509 471 1813 544 Scriptura
1865 469 2026 536 dicit,
2085 471 2142 523 et

477 566 749 626 ascendit
772 566 1002 622 clamor
1030 577 1240 618 eorum
1272 560 1351 617 ad
1379 560 1733 628 Dominum;
1767 574 1906 614 cum
1936 556 2142 629 utique

469 655 647 728 juxta
673 653 982 709 historiam
1012 655 1155 707 tunc
1187 648 1382 719 magis
1423 646 1686 719 gaudere
1717 645 2053 712 debuerint,
2084 648 2142 700 et

478 749 614 802 ante
643 742 964 816 suspirare,
984 756 1124 797 cum
1152 739 1392 794 viveret.
1424 737 1720 793 Ezechiele
1741 751 1986 810 quoque
2006 749 2143 807 pro-

476 835 776 908 phetante,
826 828 1083 885 Phaltias
1127 827 1285 883 ﬁlius
1339 825 1576 882 Banaia
1621 824 1891 892 ocubuit,
1921 828 1979 879 et
2007 825 2145 896 post

477 919 724 996 pessimi
768 917 940 974 ducis
989 916 1336 973 interitum:
1383 938 1411 965 ‹‹
1443 915 1659 982 Cecidi,
1706 914 1918 987 inquit,
1965 927 2146 984 super

475 1010 690 1067 faciem
714 1024 914 1064 meam
940 1015 998 1064 et
1018 1006 1276 1063 clamavi
1300 1021 1446 1061 voce
1468 1020 1713 1074 magna,
1736 1008 1794 1059 et
1812 1002 1936 1058 dixi
1967 1019 1980 1058 :
2016 1001 2146 1056 Heu

476 1099 581 1170 mi,
626 1098 746 1154 heu
789 1096 892 1164 mi,
947 1094 1176 1152 Adonai
1225 1095 1398 1156 Deus,
1446 1093 2038 1150 consummationem
2083 1094 2145 1146 tu

475 1188 622 1245 facis
652 1185 936 1259 reliquias
976 1183 1208 1240 Israel?
1241 1205 1268 1235 ι
1303 1183 1542 1254 (Ezech.
1577 1187 1676 1249 xi).
1711 1181 1769 1237 8i
1797 1196 1941 1251 ergo
1976 1177 2145 1235 intel—

476 1277 631 1348 ligas
676 1276 740 1332 in
795 1274 933 1332 Ozia
985 1278 1043 1330 et
1094 1273 1403 1328 Pharaone
1447 1275 1504 1328 et
1544 1271 1769 1328 Phaltia
1816 1274 1872 1327 et
1921 1267 2145 1324 cateris

480 1363 824 1422 istiusmodi
842 1361 1172 1419 contrarias
1185 1360 1581 1427 fortitudines,
1595 1359 1824 1415 videbis
1837 1356 2148 1431 quomodo

485 1453 599 1510 illis
626 1450 965 1508 viventibus
985 1449 1190 1506 nullus
1216 1454 1554 1505 vestrorum
1575 1447 1775 1504 videat
1795 1451 1851 1503 et
1871 1447 2146 1518 suspiret,

483 1547 543 1598 et
569 1542 630 1598 in
656 1540 1069 1614 paenitentiam
1086 1543 1322 1595 corruet
1353 1555 1367 1593 :
1403 1561 1429 1586 ‹‹
1466 1542 1590 1594 Non
1610 1541 1837 1606 regnet.
1859 1537 1941 1592 ait
1964 1540 2151 1607 Apos-

481 1630 660 1698 tolus,
702 1633 1017 1702 peccatum
1060 1627 1120 1683 in
1160 1626 1397 1683 mortali
1437 1641 1688 1699 corpore
1721 1629 1915 1681 vestro
1960 1625 2146 1695 (Rom.

2254 481 2434 538 super
2461 465 2589 521 hac
2627 465 2817 522 multa
2860 464 2976 522 alia
3005 463 3230 520 scelera
3259 461 3646 536 perpetravit.
3680 463 3906 519 Musach

2251 570 2496 627 quoque
2526 554 2762 610 sabbati
2799 553 2966 628 quod
3015 553 3415 609 adiﬁcaverat
3463 551 3525 606 in
3574 551 3824 624 templo,
3863 558 3908 607 et

2251 640 2593 711 ingressum
2646 642 2802 712 regis
2851 641 3126 710 exterius,
3181 639 3467 696 convertit
3517 639 3578 694 in
3625 638 3908 711 templum

2253 729 2512 798 Domini,
2543 735 2788 804 propter
2815 746 3019 801 regem
3045 729 3449 802 Assyriorum.
3485 727 3622 798 Legi
3644 727 3711 782 in
3733 728 3908 798 cujus-

2256 818 2399 874 dam
2424 818 2842 883 libro,Musach
2864 817 3468 891 sabbati,expositum
3488 816 3696 872 locum
3720 833 3908 889 quem-

2254 907 2420 978 dam,
2453 907 2544 964 vel
2574 908 2896 964 adiﬁcium
2923 907 3237 981 quoddam
3267 922 3397 963 esse
3423 907 3696 979 positum
3720 906 3783 962 in
3802 922 3908 961 ves-

2254 996 2444 1054 tibulo
2474 998 2676 1070 templi
2707 997 2966 1060 Domini,
3011 997 3117 1053 ubi
3159 1012 3331 1066 reges
3371 995 3624 1068 quando
3671 993 3907 1051 sabbato

2256 1085 2540 1142 orationis
2572 1103 2756 1143 causa
2785 1086 2864 1143 ad
2907 1085 3199 1159 templum
3244 1085 3431 1152 ibant,
3464 1085 3793 1158 pecuniam
3818 1101 3908 1157 pro

2255 1173 2640 1247 eleemosyna
2660 1174 2994 1231 mittebant.
3020 1175 3182 1230 Etita
3202 1174 3443 1230 Musach
3469 1172 3736 1240 sabbati,
3761 1189 3911 1243 gazo-

2255 1261 2607 1336 phylacium
2635 1278 2764 1318 esse
2794 1278 3028 1332 regum,
3063 1261 3216 1317 sicut
3258 1261 3576 1318 Corbanan
3608 1266 3706 1316 est
3738 1277 3912 1316 sacer-

2257 1351 2488 1408 dotum.
2521 1353 2762 1409 Videtur
2791 1354 2952 1410 enim
2999 1353 3195 1409 Achaz
3249 1353 3454 1426 ipsum
3504 1351 3833 1408 adiﬁcium
3872 1357 3916 1407 et

2257 1440 2595 1510 ingressum
2635 1441 2793 1512 regis
2841 1441 3120 1508 exterius,
3152 1456 3277 1496 non
3307 1440 3444 1496 ideo
3474 1440 3841 1496 convertisse
3869 1441 3913 1495 in

2260 1529 2551 1601 templum
2592 1529 2846 1596 Domini,
2879 1530 3045 1604 quod
3077 1529 3138 1586 in
3173 1545 3244 1586 eo
3275 1529 3460 1585 cultui
3491 1529 3819 1584 serviretur
3845 1527 3916 1582 di-

2258 1616 2421 1686 vino,
2455 1616 2560 1672 sed
2588 1623 2652 1673 ut
2686 1617 2864 1673 simul
2893 1635 3033 1674 curn
3077 1617 3300 1690 templo
3331 1616 3780 1690 profanaretur,
3821 1621 3916 1670 stu-

481 1719 589 1792 ιχ).
624 1721 982 1789 »Regnante
1021 1719 1269 1790 peccato
1290 1715 1584 1788 Egyptiis
1614 1713 1976 1770 exstruimus
2005 1711 2145 1767 civi-
2179 1727 2224 1782 Β
2259 1703 2411 1760 dens
2460 1709 2528 1761 ut
2570 1706 2762 1778 magis
2805 1705 3068 1780 placeret
3115 1706 3240 1776 regi
3287 1704 3526 1778 Assyrio
3562 1721 3767 1790 quam
3818 1707 3914 1759 Deo

484 1812 634 1865 tates
690 1807 754 1862 in
798 1805 1014 1875 cinere,
1055 1820 1368 1861 versamur
1422 1805 1482 1860 in
1539 1803 1837 1860 sordibus.
1884 1805 1994 1857 Pro
2032 1800 2150 1856 fru-

483 1900 689 1953 mento
728 1895 959 1968 paleas,
1008 1910 1118 1966 pro
1169 1892 1365 1950 solida
1407 1897 1576 1966 petra
1623 1891 1730 1948 luti
1778 1906 1983 1964 opera.
2034 1888 2147 1944 Sed

482 1989 688 2042 tamen
713 1983 882 2057 quod
913 1983 1130 2039 dicitur
1154 1982 1231 2039 de
1264 1981 1590 2038 Jeroboam
1622 1995 1760 2050 rege
1791 1978 1989 2046 Israel,
2020 1978 2148 2050 ipse

480 2073 728 2131 restituit
764 2072 1051 2128 terminos
1090 2070 1273 2126 Israel
1303 2070 1381 2126 ab
1417 2069 1658 2126 introitu
1690 2069 1922 2140 Ematb,
1954 2082 2149 2139 usque

481 2162 562 2219 ad
589 2177 758 2218 mare
788 2159 1128 2218 solitudinis
1168 2159 1402 2226 Emath,
1443 2175 1578 2230 qua
1618 2173 1778 2213 nunc
1811 2154 2149 2228 Ephiphani

482 2251 778 2323 adjicitur,
805 2249 1286 2322 septentrionalis
1312 2253 1439 2304 erat
1459 2248 1748 2304 terminus
1776 2245 1974 2302 Israel.
1998 2247 2150 2301 Mare

482 2346 686 2398 autem
725 2337 1083 2405 solitudinis,
1131 2337 1297 2410 quod
1346 2336 1625 2393 Hebraice
1665 2335 1884 2392 dicitur
1930 2334 2148 2400 Arabe,

483 2445 650 2486 mare
694 2431 986 2485 Mortuum
1037 2426 1333 2496 designat,
1379 2426 1545 2498 quod
1590 2425 1649 2480 in
1693 2422 2003 2480 latitudine
2045 2437 2152 2495 per

483 2517 680 2574 stadia
703 2517 1008 2585 octoginta
1038 2531 1231 2587 usque
1253 2514 1330 2570 ad
1357 2530 1562 2570 zearos
1593 2513 1844 2582 Arabiae,
1872 2513 1932 2568 in
1962 2510 2154 2579 longi-

483 2606 691 2663 tudine
746 2610 983 2660 centum
1042 2602 1485 2676 quinquaginta
1550 2618 1744 2673 usque
1803 2600 1878 2655 ad
1936 2599 2153 2655 vicinia

489 2694 891 2750 Sodomorum
940 2691 1355 2764 progreditur;
1399 2691 1571 2761 cujus
1602 2689 1716 2745 loci
1743 2689 2036 2760 Josephus
2071 2689 2153 2742 ita

486 2779 760 2837 meminit
787 2781 994 2836 dicens
1019 2799 1033 2836 :
1083 2781 1257 2834 Anno
1283 2782 1483 2834 autem
1511 2777 1960 2851 quintodecimo
1984 2776 2151 2845 regni

488 2869 768 2937 Amasia,
820 2869 1090 2939 regnavit
1136 2867 1194 2922 in
1243 2867 1420 2923 Israel
1448 2867 1608 2922 ﬁlius
1638 2869 1782 2922 Joas
1811 2865 2152 2929 Jeroboam,

486 2960 548 3015 in
570 2959 842 3015 Samaria
857 2973 1051 3014 annos
1066 2957 1491 3030 quadraginta.
1517 2957 1620 3012 Hic
1641 2961 1842 3012 autem
1874 2971 1976 3010 rex
1999 2955 2156 3010 circa

488 3049 675 3104 Deum
705 3047 950 3136 quidem
991 3046 1319 3136 injuriosus
1350 3050 1406 3101 et
1430 3045 1687 3136 iniquus
1727 3044 1947 3100 exstitit
1982 3043 2157 3099 vehe-
2185 3081 2224 3136 Ο

486 3142 737 3204 menter,
771 3135 931 3192 idola
953 3134 1209 3191 colendo
1238 3139 1296 3192 et.
1321 3134 1510 3190 multa
1538 3134 1873 3203 incongrua
1893 3139 1950 3189 et
1969 3149 2155 3205 opera

486 3231 771 3282 extranea
793 3224 1088 3280 faciendo.
1110 3223 1336 3296 Populo
1358 3227 1560 3278 autem
1580 3222 1982 3278 lsraelitarum
2006 3218 2156 3274 mul-

485 3319 685 3371 torum
715 3314 1018 3369 bonorum
1062 3312 1170 3367 fuit
1211 3310 1473 3368 occasio.
1522 3311 1670 3366 Huic
1699 3310 1946 3383 quidem
1975 3311 2156 3364 Jonas

486 3401 886 3475 prophetavit,
939 3401 1086 3473 quia
1131 3404 1432 3472 oporteret
1471 3416 1612 3455 eum
1666 3399 1868 3471 Syrios
1916 3398 2155 3454 vincere

490 3488 860 3551 dimicando,
893 3493 950 3544 et
984 3504 1240 3559 regnum
1278 3489 1593 3561 proprium
1624 3488 1896 3558 dilatare,
1927 3487 1989 3542 in
2020 3501 2155 3559 par-

491 3579 652 3635 tibus
694 3577 942 3650 quidem
990 3576 1318 3650 Aquilonis,
1351 3593 1544 3649 usque
1591 3577 1670 3633 ad
1714 3578 1925 3634 Etham
1957 3576 2158 3632 civita-

491 3671 612 3723 tem
651 3683 664 3721 :
706 3682 743 3722 a
786 3664 1033 3721 meridie
1070 3680 1212 3720 vero
1245 3680 1435 3736 usque
1479 3663 1557 3720 ad
1589 3665 1968 3737 Asphaltum.
2001 3664 2159 3719 Anti-

489 3756 692 3829 quitus
730 3754 890 3810 enim
938 3753 1174 3810 termini
1223 3753 1547 3810 Chananai
1581 3753 1676 3809 isti
1716 3753 1975 3824 fuerunt,
2008 3753 2160 3808 sicut

488 3845 770 3919 princeps
801 3844 975 3900 Jesus
1019 3860 1090 3900 ea
1133 3842 1268 3899 loca
1343 3841 1722 3899 determinat.
1774 3843 1953 3913 Igitur
1995 3845 2156 3898 Jero-

488 3933 675 3991 boam
705 3937 1158 3990 castrametatus
1188 3936 1397 3989 contra
1430 3932 1632 4005 Syrios
1663 3947 1907 3988 omnem
1948 3947 2156 3987 eorum

489 4021 883 4095 provinciam,
913 4021 1066 4078 sicut
1091 4024 1272 4078 Jonas
1297 4021 1781 4095 prophetaverat,
1808 4019 2153 4078 devastavit.

1142 4166 1370 4221 CAPUT
1406 4165 1540 4222 XVI.

564 4311 596 4346 ‹
633 4295 808 4346 Anno
831 4289 1090 4362 septimo
1112 4287 1349 4344 decimo
1370 4289 1598 4345 Phacee
1623 4288 1726 4346 ﬁlii
1750 4288 2052 4355 Romelia,
2072 4304 2158 4345 re-

491 4401 522 4431 α
564 4380 769 4451 gnavit
808 4377 1005 4434 Achaz
1031 4377 1188 4433 ﬁlius
1216 4375 1490 4434 Joatham
1521 4377 1680 4447 regis
1719 4378 1891 4435 Iuda.
1940 4377 2153 4448 Viginti

495 4491 525 4518 «
564 4483 864 4524 annorum
901 4472 1028 4525 erat
1071 4467 1267 4522 Achaz
1306 4482 1445 4522 cum
1486 4482 1737 4538 regnare
1768 4467 2062 4540 coepisset,
2097 4471 2155 4524 et

493 4579 522 4606 ‹‹
566 4555 829 4613 sedecim
858 4555 1034 4613 annis
1064 4555 1336 4626 regnavit
1361 4555 1423 4610 in
1450 4555 1834 4611 Hierusalem.
1864 4559 1991 4611 Non
2019 4555 2156 4612 fecit

493 4668 523 4697 «
562 4644 730 4719 quod
749 4649 875 4702 erat
893 4644 1183 4718 placitum
1204 4643 1265 4700 in
1286 4649 1614 4717 conspectu
1644 4644 1879 4700 Domini
1909 4644 2009 4700 Dei
2041 4645 2154 4714 sui,

495 4757 525 4784 ‹‹
566 4733 719 4791 sicut
766 4733 955 4790 David
1003 4736 1174 4806 pater
1221 4732 1374 4805 ejus,
1418 4733 1526 4789 sed
1578 4732 1916 4790 ambulavit
1958 4733 2022 4790 in
2061 4735 2160 4792 via

495 4847 524 4875 ‹‹
564 4840 778 4894 regum
824 4823 1022 4880 Israel.
1051 4827 1300 4896 Insuper
1327 4827 1386 4879 et
1404 4822 1596 4879 ﬁlium
1637 4840 1817 4879 suum
1848 4839 2161 4881 consecra-

496 4934 524 4962 «
566 4912 665 4980 Vit,
687 4912 1047 4969 transferens
1071 4928 1180 4986 per
1207 4913 1410 4983 ignem
1441 4912 1777 4968 secundum
1818 4912 1980 4969 idola
2019 4930 2159 4985 gen-

497 5021 527 5048 ‹‹
567 5000 736 5068 tium,
803 5017 942 5074 qua
1015 5001 1330 5074 dissipavit
1394 5001 1684 5058 Dominus
1751 5018 1955 5059 coram
2021 5003 2156 5059 ﬁliis

498 5111 527 5137 «
569 5087 764 5144 Israel.
819 5109 848 5138 »
895 5089 1037 5146 Hinc
1087 5090 1389 5163 Josephus
1435 5089 1628 5147 taliter
1689 5095 1938 5146 narrat:
1979 5093 2158 5146 Porro

493 5176 770 5234 Joatham
800 5177 1050 5234 mutavit
1075 5180 1258 5236 vitam
1279 5195 1419 5236 cum
1443 5179 1684 5236 vixisset
1705 5179 1878 5235 annis
1901 5178 2161 5252 quadra-

496 5267 662 5337 ginta
686 5282 899 5329 unum,
932 5282 1005 5322 ex
1032 5267 1254 5340 quibus
1284 5267 1558 5339 regnavit
1584 5267 1927 5325 duodecim.
1957 5266 2160 5341 Sepul-

495 5360 592 5414 tus
617 5356 786 5414 estin
814 5356 992 5428 regiis
1022 5358 1452 5426 monumentis,
1483 5357 1764 5431 venitque
1792 5374 2049 5429 regnum
2079 5357 2159 5414 ad

498 5445 628 5515 ejus
654 5444 846 5501 ﬁlium
876 5445 1092 5509 Achaz.
1117 5447 1219 5518 qui
1242 5446 1464 5519 impius
1486 5447 1644 5503 circa
1659 5449 1846 5503 Deum
1873 5447 2155 5514 existens,

501 5537 558 5587 et
583 5537 845 5603 paternae
875 5536 1300 5608 pravaricator
1327 5536 1498 5606 legis,
1545 5553 1717 5607 reges
1757 5537 2158 5593 lsraelitarum

498 5618 787 5686 imitatus,
816 5623 879 5678 in
903 5624 1295 5697 Jerosolymis
1325 5625 1625 5682 idolorum
1663 5643 1800 5682 aras
1831 5626 2157 5696 constituit,

500 5711 560 5764 et
587 5722 770 5780 super
791 5725 866 5768 ea
897 5711 1269 5771 sacriﬁcavit.
1306 5718 1371 5770 In
1399 5713 1622 5785 quibus
1650 5717 1831 5774 etiam
1871 5731 2050 5773 suum
2092 5717 2154 5773 in

2259 1799 2500 1867 patrum
2525 1811 2775 1851 suorum
2795 1799 2853 1852 et
2879 1795 3151 1852 Domino.
3173 1795 3277 1850 Cui
3295 1795 3498 1851 sensui
3527 1782 3772 1850 videtur
3790 1793 3915 1849 liber

2260 1883 2763 1956 Paralipomenon
2814 1884 3159 1957 astipulare,
3210 1883 3315 1940 ubi
3362 1883 3445 1940 ita
3495 1884 3794 1956 scriptum
3841 1886 3912 1937 est

2260 1973 2364 2040 (II.
2407 1973 2554 2028 Par.
2599 1974 2798 2044 xxvxu)
2834 1990 2847 2028 :
2905 1996 2933 2024 ‹‹
2969 1973 3148 2044 Igitur
3190 1973 3390 2029 Achaz
3438 1971 3706 2046 spoliata
3753 1973 3911 2027 domo

2260 2059 2516 2130 Domini,
2581 2066 2639 2117 et
2703 2061 2889 2118 domo
2945 2078 3158 2131 regum
3225 2066 3281 2118 et
3339 2061 3715 2135 principum,
3775 2059 3910 2116 dedit

2265 2149 2390 2219 regi
2418 2149 2800 2221 Assyriorum
2830 2166 3106 2217 munera,
3125 2155 3180 2206 et
3213 2155 3415 2206 tamen
3435 2149 3583 2205 nihil
3611 2149 3668 2205 ei
3695 2149 3908 2222 profuit.

2261 2243 2509 2312 Insuper
2553 2245 2610 2295 et
2657 2245 2926 2312 tempore
2974 2240 3267 2309 angustia
3299 2256 3445 2303 sua,
3474 2239 3649 2295 auxit
3679 2245 3911 2296 contem-

2258 2334 2430 2402 ptum
2462 2329 2521 2384 in
2555 2329 2899 2384 Dominum.
2934 2334 3062 2402 Ipse
3093 2345 3200 2402 per
3223 2345 3284 2384 se
3307 2344 3411 2384 rex
3437 2328 3640 2384 Achaz
3669 2327 3912 2384 immola-

2259 2420 2341 2474 vit
2389 2417 2503 2472 diis
2554 2417 2829 2474 Damasci
2875 2417 3152 2475 victimas
3199 2418 3669 2491 percussoribus
3711 2418 3845 2482 suis,
3873 2421 3914 2470 et

2261 2506 2408 2562 dixit
2439 2525 2452 2563 :
2490 2507 2572 2562 Dii
2603 2523 2817 2576 regum
2869 2507 3052 2579 Syria
3095 2507 3460 2564 auxiliantur
3490 2507 3594 2575 eis,
3635 2523 3790 2581 quos
3825 2522 3914 2573 ego

2261 2595 2516 2668 placabo
2545 2597 2774 2662 hostiis,
2819 2601 2875 2652 et
2918 2597 3172 2653 aderunt
3201 2598 3350 2653 mihi
3389 2613 3529 2652 cum
3560 2613 3594 2652 e
3644 2595 3912 2653 contrario

2261 2685 2374 2757 ipsi
2415 2685 2633 2741 fuerint
2681 2687 2870 2741 ruina
2909 2686 2960 2741 ei
3005 2692 3061 2742 et
3105 2687 3386 2742 universo
3436 2687 3639 2742 Israel.
3677 2685 3912 2757 Dereptis

2262 2775 2463 2846 itaque
2494 2776 2688 2832 Achaz
2719 2775 3002 2831 omnibus
3027 2776 3190 2832 vasis
3221 2777 3440 2832 domus
3469 2777 3712 2832 Domini
3765 2781 3912 2846 atque

2263 2865 2604 2933 confractis,
2638 2865 2850 2922 clausit
2893 2865 3115 2936 januas
3169 2866 3376 2938 templi
3427 2865 3692 2930 Domini,
3723 2870 3778 2921 et
3806 2863 3913 2919 fecit

2265 2954 2379 3008 sibi
2428 2954 2640 3010 altaria
2687 2955 2748 3010 in
2796 2956 3092 3010 universis
3143 2954 3381 3024 angulis
3426 2954 3816 3011 Hierusalem.
3863 2956 3910 3006 In

2263 3043 2547 3099 omnibus
2594 3058 2841 3116 quoque
2886 3042 3139 3099 urbibus
3186 3043 3340 3099 Juda
3370 3044 3668 3100 exstruxit
3697 3060 3825 3100 aras
3851 3038 3909 3094 ad

2263 3132 2658 3187 cremandum
2691 3133 2854 3203 thus,
2877 3136 3057 3204 atque
3085 3131 3164 3188 ad
3186 3132 3563 3189 iracundiam
3588 3130 3909 3206 provocavit

2265 3219 2588 3275 Dominum
2643 3222 2830 3275 Deum
2889 3225 3130 3292 patrum
3191 3235 3460 3275 suorum.
3505 3243 3534 3270 »
3599 3223 3732 3276 Hac
3783 3219 3908 3273 sicut

2264 3309 2485 3380 scripta
2514 3309 2867 3382 reperimus,
2902 3310 3016 3365 hoc
3042 3309 3103 3364 in
3134 3308 3268 3365 loco
3300 3309 3588 3382 ponenda
3619 3325 3752 3365 esse
3795 3321 3907 3362 ceno

2265 3398 2520 3466 suimus,
2549 3398 2763 3468 parati,
2811 3397 2858 3452 si
2885 3398 2990 3470 qui
3031 3397 3259 3470 aliquid
3289 3397 3427 3454 inde
3455 3399 3678 3455 certius
3705 3410 3906 3470 expres-

2265 3486 2465 3552 serint,
2499 3501 2709 3542 eorum
2736 3487 3093 3542 sententiam
3121 3487 3478 3543 auscultare.

2337 3599 2363 3625 ‹‹
2405 3578 2529 3631 Tun
2553 3575 2856 3632 ascendite
2881 3575 3056 3632 Hasin
3080 3591 3186 3631 rex
3212 3576 3418 3649 Syria,
3441 3581 3499 3632 et
3523 3577 3752 3634 Phacee
3778 3573 3906 3630 ﬁlius

2267 3685 2293 3712 «
2336 3663 2613 3719 Romeliae
2639 3680 2743 3720 rex
2775 3664 2973 3726 Israel,
3016 3663 3096 3720 ad
3127 3665 3528 3738 praliandum
3562 3666 3626 3722 in
3659 3666 3905 3721 Hierusa-

2269 3775 2296 3802 «
2337 3752 2478 3809 lem.
2514 3757 2782 3826 Cumque
2828 3754 3172 3810 obsiderent
3210 3755 3430 3823 Achaz,
3462 3771 3590 3811 non
3620 3754 3907 3812 valuerunt

2269 3865 2296 3892 «
2341 3859 2626 3915 superare
2647 3860 2807 3900 eum.
2838 3847 2900 3899 In
2924 3849 3192 3918 tempore
3213 3843 3313 3900 illo
3343 3845 3601 3902 restituit
3631 3844 3807 3902 Rasin
3827 3854 3906 3896 rex

2269 3954 2296 3982 «
2340 3933 2522 4004 Syria
2554 3933 2747 3989 Ailam
2778 3933 2980 4004 Syria,
3016 3938 3073 3989 et
3115 3933 3287 4005 ejecit
3313 3934 3554 3990 Iudaeos
3585 3935 3661 3990 de
3691 3933 3829 3990 Aila.
3859 3931 3908 3983 Et

2267 4042 2295 4071 «
2341 4022 2586 4078 Idumaei
2635 4026 2925 4079 venerunt
2972 4022 3034 4078 in
3082 4022 3297 4094 Ailam,
3331 4044 3361 4073 »
3407 4028 3465 4080 et
3508 4023 3761 4097 reliqua.
3808 4020 3908 4073 Rex

2265 4109 2488 4184 impius
2515 4111 2622 4185 qui
2649 4111 2972 4168 Dominum
2997 4113 3184 4168 Deum
3214 4118 3459 4186 patrum
3491 4129 3743 4170 suorum
3771 4111 3908 4166 dere-

2265 4201 2456 4274 liquit,
2488 4207 2546 4258 et
2585 4207 2827 4257 secutus
2877 4206 2966 4258 est
3004 4201 3168 4258 idola
3207 4203 3476 4273 gentium
3511 4203 3674 4274 juste
3704 4193 3909 4256 Domini

2267 4290 2489 4348 auxilio
2519 4290 2836 4347 derelictus
2869 4295 2976 4354 est,
3009 4295 3066 4347 et
3103 4296 3612 4348 consurrexerunt
3648 4291 3908 4348 adversus

2268 4396 2409 4437 eum
2438 4379 2616 4436 Rasin
2645 4395 2750 4435 rex
2781 4381 2987 4452 Syria,
3020 4379 3081 4435 id
3108 4385 3200 4437 est
3227 4386 3408 4438 Aram
3436 4385 3492 4437 et
3521 4382 3747 4437 Phacee
3775 4376 3907 4432 filius

2271 4467 2548 4525 Romelia
2604 4484 2708 4524 rex
2766 4468 2944 4524 Israel
2981 4468 3044 4524 in
3086 4470 3379 4532 Samaria,
3426 4473 3484 4525 et
3523 4469 3810 4525 venerunt
3860 4462 3908 4515 in

2271 4556 2660 4625 Hierusalem,
2692 4561 2757 4614 ut
2781 4563 3200 4630 expugnarent
3237 4574 3392 4615 eam.
3440 4559 3715 4628 Legimus
3739 4555 3796 4611 in
3827 4555 3909 4607 Pa-

2269 4646 2688 4720 ralipomenon
2729 4646 2884 4703 libro
2925 4648 3124 4718 (Ibid.)
3177 4664 3380 4719 regem
3425 4649 3606 4704 Rasin
3637 4639 3905 4704 Damasci.

2268 4735 2426 4792 victo
2450 4735 2665 4802 Achaz,
2697 4735 2919 4792 multos
2944 4735 3019 4792 de
3049 4736 3259 4792 Judaa
3290 4739 3653 4793 Damascum
3685 4735 3908 4790 transtu-

2266 4824 2426 4892 lisse,
2459 4830 2514 4880 et
2544 4825 2770 4880 Phacee
2806 4825 2999 4881 ﬁlium
3031 4825 3314 4882 Romelia
3345 4842 3549 4897 regem
3580 4826 3784 4881 decem
3824 4815 3906 4873 tri-

2266 4913 2482 4980 buum,
2513 4929 2650 4986 qua
2684 4914 3150 4986 appellabantur
3182 4914 3379 4981 Israel,
3422 4920 3479 4970 et
3507 4911 3841 4984 regnabant
3857 4905 3904 4958 in

2271 5002 2563 5070 Samaria,
2589 5019 2710 5059 una
2737 5003 2832 5059 die
2855 5008 3096 5059 centum
3131 5004 3335 5075 viginti
3359 5003 3546 5060 millia
3571 4997 3904 5077 percussisse

2267 5093 2343 5149 de
2386 5093 2593 5149 Judaa
2646 5092 2965 5148 hominum
2994 5092 3376 5163 bellatorum,
3431 5098 3488 5149 et
3538 5108 3676 5148 cum
3704 5082 3905 5144 inﬁnita

2267 5181 2475 5255 prada
2504 5181 2566 5236 in
2594 5181 2931 5238 Samariam
2971 5181 3217 5237 duxisse
3248 5183 3508 5253 captiva.
3545 5184 3791 5236 Rursum
3829 5183 3907 5223 Ve-

2267 5272 2441 5327 niunt
2461 5271 2541 5327 ad
2558 5271 2848 5338 Iudaeam,
2873 5274 2931 5327 et
2947 5271 3321 5328 Hierusalem
3343 5271 3593 5344 cupiunt
3614 5262 3903 5324 debellare,

2269 5364 2326 5416 et
2349 5375 2470 5416 non
2501 5364 2844 5432 potuerunt,
2887 5359 3033 5433 quia
3061 5359 3384 5416 auxiliatus
3425 5364 3514 5416 est
3543 5358 3595 5416 ei
3624 5352 3902 5414 Dominus.

2268 5454 2333 5505 ut
2392 5449 2509 5505 sub
2569 5448 2886 5506 occasione
2943 5447 3390 5513 misericordia,
3449 5464 3603 5522 quas
3633 5437 3900 5519 popl!lum

2267 5538 2583 5595 obsessum
2625 5538 2920 5608 liberavit,
2960 5536 3153 5600 ﬁlium
3186 5555 3368 5595 suum
3400 5537 3698 5594 nuntiaret
3722 5531 3790 5586 de
3814 5523 3904 5579 vir-

2268 5629 2403 5699 gine
2444 5627 2838 5692 nasciturum,
2873 5627 3024 5684 sicut
3055 5628 3222 5684 Isaia
3251 5628 3560 5702 propheta
3588 5624 3733 5682 liber
3767 5627 3902 5705 cotnj

2267 5721 2568 5775 memorat
2587 5717 2726 5789 (13a.
2745 5715 3023 5790 vu).Huic
3044 5732 3169 5774 non
3194 5733 3307 5774 suo
3325 5717 3559 5785 merito,
3572 5711 3677 5772 sed
3694 5701 3901 5766 Domini
