3968 6414
95 258 178 309 521
1067 248 1324 303 ENARB.
1368 249 1444 302 ιΝ.
1479 244 1724 301 LIBROS

1986 247 2022 301 Ι.
2066 277 2132 286 --
2173 251 2238 303 ΙΝ
2283 250 2412 303 LIB.
2455 249 2546 302 ιν.

3412 252 3516 304 522

97 376 330 450 gratiam
358 370 758 434 ostendendo,
784 371 986 441 egredi
1015 372 1075 427 in
1104 388 1422 429 occursum
1446 370 1738 440 lsaiasju-
1768 370 1818 423 A
1860 372 2232 428 consentiant
2281 371 2414 442 sibi,
2456 376 2520 428 ut
2571 375 2918 445 expugnent
2970 371 3314 429 Ecelesiam.
3347 373 3522 440 Quod

96 467 270 530 betur,
303 464 377 519 ad
411 467 745 518 extremum
777 461 1169 533 aquaeductus
1200 461 1444 534 piscina:
1480 459 1745 531 superio-

99 557 168 612 ris
191 556 250 610 in
281 554 374 609 via
405 552 536 623 agri
561 551 802 607 fullonis
833 555 889 625 et
918 551 1114 608 dicere
1137 552 1216 607 ad
1241 568 1382 607 eum
1407 569 1419 606 :
1458 574 1483 599 ‹‹
1509 549 1650 606 Vide
1685 553 1747 603 ut

99 644 277 701 sileas.
309 641 437 698 Noli
459 641 687 710 timere,
708 645 764 697 et
789 656 892 696 cor
918 645 1088 697 tuum
1114 657 1189 698 ne
1216 640 1499 696 formidet
1527 656 1562 696 a
1593 639 1745 692 dua-

99 729 204 784 bus
235 727 442 784 caudis
482 725 759 782 titionum
800 725 1227 796 fumigantium
1261 725 1536 793 istorum,
1567 724 1628 779 in
1659 723 1748 779 ira

100 817 299 875 furoris
328 816 512 874 Rasin
533 815 691 886 regis
719 815 924 889 Syriae,
943 820 1000 873 et
1022 815 1128 872 ﬁlii
1156 815 1457 882 Romeliae,
1487 831 1558 872 eo
1580 812 1748 886 quod

101 907 403 966 consilium
442 906 638 962 inierit
687 911 897 963 contra
946 910 1003 962 te
1058 905 1229 980 Syria
1283 905 1644 980 pessimum,
1695 908 1751 958 et

103 997 368 1071 Ephraim
398 1001 456 1053 et
486 997 644 1052 ﬁlius
671 996 972 1066 Romeliaa,
996 997 1298 1054 dicentes:
1333 995 1752 1052 Ascendamus

102 1082 171 1138 ad
197 1081 440 1147 Judam,
470 1087 526 1138 et
558 1081 914 1137 suscitemus
957 1098 1118 1144 eum,
1152 1086 1209 1137 et
1255 1081 1581 1138 evellamus
1613 1095 1753 1135 eum

104 1171 174 1227 ad
201 1188 329 1237 nos,
362 1178 420 1228 et
447 1187 754 1245 ponamus
810 1185 1014 1240 regem
1070 1170 1132 1227 in
1169 1169 1372 1228 medio
1402 1171 1532 1240 ejus
1562 1169 1755 1224 ﬁlium

105 1261 321 1319 Tabeel.
354 1264 492 1318 Haec
539 1261 682 1318 dicit
739 1260 1030 1316 Dominus
1075 1262 1266 1317 Deus:
1320 1264 1449 1317 Non
1493 1258 1672 1315 stabit
1702 1261 1760 1314 et

103 1367 214 1408 non
241 1351 345 1408 erit
373 1350 560 1419 istud,
594 1349 701 1406 sed
731 1353 913 1422 caput
965 1349 1147 1422 Syriae
1177 1353 1529 1412 Damascus,
1563 1351 1620 1405 et
1658 1362 1756 1402 ca-

103 1445 204 1513 put
249 1439 526 1497 Damasci
556 1438 755 1497 Rasid.
790 1442 856 1496 Et
886 1437 1087 1496 adhuc
1137 1439 1449 1508 sexaginta
1491 1438 1760 1512 quinque

104 1531 256 1596 anni,
278 1534 335 1587 et
356 1529 607 1598 .desinet
635 1528 917 1601 Ephraim
944 1543 1076 1585 esse
1106 1528 1389 1602 populus.
1417 1551 1444 1578 ››
1476 1529 1636 1583 Duas
1659 1541 1763 1582 au-

107 1625 215 1676 tem
245 1619 471 1677 caudas
503 1618 802 1690 titionum,
833 1618 894 1674 id
924 1623 1012 1674 est
1042 1619 1290 1675 torrium
1311 1617 1759 1688 fumigantium.

1860 478 1993 514 cum
2029 462 2282 518 audierit
2307 462 2527 518 domus
2558 462 2762 525 David,
2789 462 2882 517 cui
2903 462 2964 518 in
2992 463 3288 519 Ezechiele
3317 469 3522 536 pasto-

1858 567 1984 607 rem
2014 552 2246 608 bonum
2276 552 2533 622 legimus
2565 552 2921 608 suseitatum
2946 553 3182 624 (Ezech.
3209 553 3436 626 xxxrv),
3466 557 3525 610 et

1857 640 2120 712 populus
2177 642 2307 713 ejus
2362 641 2707 715 simpliciter
2755 641 3006 698 credens
3061 641 3124 698 in
3175 642 3523 713 Dominum,

1860 731 2271 802 pertremiscit.
2307 735 2372 788 Et
2400 731 2536 788 ideo
2566 731 2979 805 pertremiscit,
3008 731 3154 805 quia
3181 748 3306 789 non
3345 733 3525 790 arbo-

1863 819 2029 876 ribus
2050 820 2368 891 frugiferis,
2383 821 2488 878 sed
2515 821 2886 878 infructuose
2915 821 3090 878 saltui
3113 826 3523 895 comparatur.

1866 910 2123 967 Eosdem
2149 917 2352 967 autem
2379 911 2690 968 haereticos
2717 915 2897 984 atque
2920 911 3169 981 gentiles
3193 915 3403 968 contra
3422 912 3530 969 do-

1864 1015 2034 1054 mum
2067 999 2254 1056 David
2284 1005 2780 1071 argumentorum
2807 1005 2863 1057 et
2887 1001 3212 1058 dialecticae
3243 1001 3386 1058 artis
3410 1001 3534 1073 gla-

1865 1089 1978 1144 diis
2008 1090 2295 1146 dimicare
2325 1091 2474 1146 nulli
2521 1091 2776 1147 dubium
2808 1095 2914 1159 est,
2937 1094 3004 1148 ut
3031 1090 3136 1165 qui
3164 1092 3316 1148 inter
3346 1108 3409 1148 se
3438 1092 3531 1148 di-

1867 1184 2164 1252 screpant,
2195 1180 2257 1236 in
2289 1180 2562 1236 Ecclesiae
2613 1181 3069 1254 oppugnatione
3114 1183 3529 1240 consentiant:

1861 1268 2034 1340 juxta
2062 1267 2212 1324 illud
2236 1269 2404 1342 quod
2434 1269 2695 1325 Herodes
2718 1273 2775 1324 et
2802 1269 3027 1325 Pilatus
3059 1269 3209 1326 inter
3232 1287 3293 1326 se
3314 1271 3538 1328 discor-

1869 1357 2101 1426 dantes,
2133 1358 2195 1414 in
2244 1358 2480 1414 Domini
2524 1358 2809 1432 passione
2857 1358 3123 1415 amicitia
3165 1359 3538 1418 foederantur

1873 1449 2069 1520 (Joan.
2098 1449 2248 1520 xxx).
2273 1448 2463 1521 Impio
2493 1448 2619 1519 regi
2648 1448 2710 1504 in
2743 1452 2909 1504 Isaac
2935 1448 3182 1520 jubetur
3202 1466 3538 1517 occurrere,

1871 1533 2076 1590 exiens
2106 1534 2182 1589 de
2211 1533 2345 1590 loco
2377 1550 2511 1604 suo,
2542 1549 2667 1589 non
2698 1533 2758 1589 in
2789 1533 3088 1606 principio
3120 1535 3539 1606 aquaeductus,

1875 1623 1981 1679 sed
2001 1623 2064 1679 in
2085 1623 2364 1680 extremis
2387 1623 2609 1679 ﬁnibus
2630 1623 2876 1697 piscinae
2903 1623 3227 1696 superioris
3258 1640 3395 1696 quae
3417 1627 3545 1680 erat

105 1713 272 1766 vocat
299 1708 484 1765 Rasin
512 1723 717 1778 regem
747 1707 953 1780 Syriae,
987 1711 1041 1764 et
1071 1707 1298 1764 Phacee
1323 1707 1515 1763 ﬁlium
1546 1709 1762 1762 Rome-
1790 1730 1836 1785 Β
1875 1711 1939 1770 in
1968 1728 2115 1782 agro
2136 1712 2400 1785 fullonis,
2426 1712 2528 1768 ubi
2561 1712 2771 1768 sordes
2793 1712 3306 1786 expurgabantur.
3325 1713 3548 1779 Quam-

104 1796 188 1854 liee
215 1814 420 1869 regem
454 1796 762 1867 Samariae,
790 1813 862 1853 eo
891 1797 1058 1870 quod
1083 1796 1145 1852 in
1176 1797 1291 1853 illis
1324 1796 1563 1853 ﬁnitum
1592 1796 1766 1851 sitre-

107 1903 284 1959 gnum
317 1888 525 1961 Syriae,
549 1887 611 1943 id
636 1891 726 1944 est
755 1887 1051 1956 Damasci,
1081 1891 1138 1943 et
1166 1903 1422 1958 regnum
1457 1885 1764 1954 Samariae,

107 1977 163 2033 id
192 1983 275 2034 est
305 1977 518 2034 decem
561 1977 847 2050 tribuum,
880 1977 986 2050 qui
1037 1977 1156 2033 alio
1209 1977 1455 2034 nomine
1497 1975 1766 2051 appella-

107 2063 317 2123 bantur
337 2066 644 2139 Ephraim.
668 2066 990 2136 Sexaginta
1006 2070 1210 2122 autem
1233 2070 1288 2122 et
1308 2066 1576 2138 quinque
1601 2064 1766 2132 anni,

108 2172 222 2212 non
249 2173 285 2213 a
310 2155 682 2229 temporibus
705 2155 920 2224 Achaz,
941 2155 1048 2211 sed
1070 2157 1148 2211 ab
1177 2155 1326 2213 Ozias
1348 2161 1765 2212 numerantur.

110 2245 281 2316 Igitur
313 2245 550 2302 Hebraei
580 2245 742 2302 hunc
771 2244 974 2301 locum
1004 2245 1087 2301 ita
1115 2245 1470 2314 edisserunt,
1501 2250 1564 2301 ut
1584 2250 1768 2300 Amos

111 2334 207 2406 qui
253 2335 365 2392 sub
411 2333 553 2392 Ozia
606 2333 783 2408 coepit
814 2333 1198 2406 prophetare,
1227 2332 1476 2406 quando
1507 2337 1564 2389 et
1589 2333 1770 2388 Isaias

113 2425 428 2498 prophetiae
460 2439 586 2481 suae
625 2423 840 2480 habuit
867 2423 1206 2493 exordium,
1239 2423 1470 2496 primus
1519 2423 1777 2496 prophe-

117 2515 252 2571 tavit
297 2520 510 2571 contra
559 2511 761 2584 Israel,
791 2512 1034 2569 dicens:
1090 2535 1117 2562 ‹‹
1145 2512 1328 2568 Israel
1354 2517 1556 2569 autem
1587 2512 1774 2585 capti-

125 2603 265 2660 tivus
293 2603 553 2661 ducetur
582 2603 657 2660 de
688 2608 844 2660 terra
875 2618 1008 2658 sua.
1032 2621 1061 2654 ›
1102 2601 1326 2658 Titulus
1356 2618 1602 2675 quoque
1633 2618 1773 2674 pro-

115 2693 312 2765 phetiae
361 2695 495 2766 ejus
554 2696 762 2749 contra
813 2692 1148 2749 Samariam
1192 2691 1278 2758 ﬁt,
1313 2696 1370 2747 et
1415 2692 1776 2764 prophetare

118 2783 284 2857 erepit
338 2783 400 2839 in
455 2782 674 2839 diebus
716 2781 866 2839 Oziaa
897 2781 1055 2852 regis
1103 2781 1277 2848 Juda,
1310 2785 1447 2837 ante
1486 2782 1642 2837 duos
1675 2797 1780 2836 an-

117 2887 220 2926 nos
249 2876 661 2940 terraemotus;
715 2887 901 2944 quem
956 2869 1166 2926 volunt
1213 2887 1284 2926 eo
1334 2873 1603 2942 tempore
1631 2869 1780 2926 acci-

117 2961 288 3031 disse,
311 2977 436 3036 quo
463 2963 775 3032 ingressus
809 2959 976 3016 Ozias
1005 2960 1068 3015 in
1102 2959 1396 3032 templum
1426 2959 1546 3029 Dei,
1576 2959 1656 3014 ibi
1690 2976 1782 3015 sa-

1876 1797 1963 1853 vis
1989 1798 2150 1854 enim
2171 1799 2366 1855 Aehaz
2389 1803 2669 1867 regnaret
2698 1813 2880 1870 super
2907 1797 3146 1861 Iudam,
3170 1802 3374 1854 tamen
3403 1797 3548 1871 quia

1875 1888 2099 1961 impius
2120 1893 2264 1956 erat,
2296 1889 2358 1944 in
2389 1888 2712 1961 superioris
2743 1887 2989 1960 piscinae
3016 1888 3296 1944 extremis
3321 1888 3548 1944 ﬁnibus

1878 1978 2247 2036 morabatur.
2290 1981 2443 2051 Ergo
2473 1980 2626 2034 Deus
2679 1993 2802 2033 non
2854 1981 2982 2033 tam
3026 1977 3184 2047 regis
3214 1978 3547 2044 miseretur,

1879 2085 2061 2142 quem
2105 2068 2424 2138 indignum
2479 2067 2822 2124 aestimabat
2854 2065 3063 2134 salute,
3096 2083 3286 2139 quam
3337 2065 3552 2140 populi

1881 2159 1993 2214 sui.
2019 2161 2176 2214 Duas
2207 2163 2410 2214 autem
2443 2157 2668 2213 caudas
2719 2155 2968 2212 torrium
3016 2155 3464 2226 fumigantium,
3487 2158 3554 2212 ut

1880 2249 2046 2321 prius
2078 2247 2360 2316 diximus,
2381 2251 2558 2303 vocat
2584 2245 2942 2319 sapientiam
2969 2244 3340 2317 saecularem,
3365 2245 3554 2302 haere-

1883 2339 2188 2410 ticumque
2215 2352 2576 2401 sermonem,
2603 2351 2866 2408 quorum
2897 2333 3033 2390 ﬁnis
3064 2334 3295 2391 exustio
3321 2338 3428 2405 est,
3446 2333 3554 2408 qui

1884 2427 2106 2483 frustra
2131 2427 2393 2482 inierunt
2421 2425 2758 2492 consilium,
2795 2428 2859 2480 ut
2909 2423 3308 2480 aseenderent
3344 2427 3556 2481 contra

1885 2517 2123 2587 Iudam,
2156 2521 2213 2572 et
2237 2515 2414 2589 quasi
2435 2515 2837 2585 negligentem
2865 2517 2921 2570 et
2949 2513 3351 2570 dormientem
3381 2529 3557 2586 cape-

1887 2612 2035 2673 rent,
2056 2611 2112 2662 et
2139 2606 2260 2662 suis
2293 2605 2596 2662 erroribus
2624 2603 2996 2678 copularent,
3020 2607 3436 2676 ponerentque
3461 2619 3558 2660 su~

1888 2713 1995 2770 per
2011 2713 2150 2752 eum
2168 2711 2372 2765 regem
2394 2693 2582 2750 ﬁlium
2602 2693 2838 2765 Tabeel,
2855 2693 2972 2749 hoc
2990 2697 3076 2749 est
3091 2692 3326 2749 bonum
3344 2695 3555 2749 Deum.

1893 2791 2144 2860 Uterque
2204 2787 2364 2842 enim
2419 2784 2802 2841 adversarius
2852 2783 3018 2857 apud
3067 2799 3128 2838 se
3162 2783 3558 2852 severitatem,

1890 2877 2055 2949 apud
2073 2892 2135 2932 se
2161 2875 2416 2932 aestimat
2436 2875 2730 2947 optimam
2749 2889 2879 2930 esse
2906 2872 3268 2929 doctrinam.
3294 2872 3560 2946 Denique

1889 2968 2146 3024 Marcion
2179 2964 2494 3021 haereticus
2514 2963 2660 3020 boni
2689 2963 2787 3018 Dei
2818 2962 3030 3028 ﬁlium,
3049 2963 3166 3018 hoc
3196 2966 3287 3018 est
3317 2961 3561 3019 alterius

119 3049 440 3148 cerdotium
489 3047 862 3148 vindicabat,
917 3051 974 3148 et
1032 3052 1186 3146 terra.
1237 3063 1530 3120 percussa
1582 3053 1670 3102 est
1705 3051 1784 3148 ‘et
1811 3091 1853 3148 Ο
1891 3060 2063 3130 putat
2093 3071 2225 3110 esse
2257 3053 2577 3121 Christum,
2611 3057 2668 3108 et
2709 3067 2833 3107 non
2875 3051 3020 3122 justi
3050 3051 3224 3122 cujus
3250 3052 3564 3123 prophetae

122 3139 338 3196 cineres
371 3138 580 3196 altaris
609 3136 781 3194 effusi
811 3139 969 3205 sunt,
994 3136 1197 3209 etipse
1229 3152 1332 3192 rex
1358 3152 1681 3210 percussus
1705 3135 1784 3190 1e-

122 3228 484 3300 pra.Volunt
513 3231 717 3284 autem
749 3241 981 3283 annum
1011 3225 1192 3281 fuisse
1223 3225 1581 3280 vicesimum
1611 3225 1784 3297 quin-

123 3323 238 3374 tum
287 3319 460 3385 Oziaa,
492 3317 743 3390 quando
790 3317 920 3372 haec
959 3315 1328 3386 acciderunt,
1358 3315 1532 3386 cujus
1571 3315 1784 3387 reliqui

122 3408 255 3464 anni
281 3413 421 3465 sunt
450 3407 661 3477 viginti
679 3410 930 3480 septem.
951 3407 1172 3463 Omnes
1194 3403 1357 3460 enim
1387 3401 1659 3474 regnavit
1677 3417 1786 3458 an-

122 3514 225 3553 nos
249 3497 698 3572 quinquaginta
718 3496 859 3553 duo.
881 3497 1096 3552 Postea
1123 3493 1394 3566 regnavit
1417 3493 1699 3549 Joatham
1717 3491 1786 3546 ﬁ-

121 3587 226 3644 lius
251 3589 380 3661 ejus
410 3587 594 3645 annis
627 3585 910 3654 sedecim,
934 3589 991 3641 et
1013 3584 1198 3656 hujus
1224 3583 1383 3639 ﬁlius
1413 3583 1632 3649 Achaz,
1658 3580 1790 3638 aliis

126 3677 397 3733 sedecim.
422 3679 569 3733 Post
595 3690 778 3748 quem
809 3673 1077 3744 regnavit
1097 3671 1397 3741 Ezechias,
1426 3671 1599 3742 cujus
1623 3674 1789 3726 sexto

126 3766 349 3839 imperii
372 3783 564 3829 anno.
593 3770 768 3838 capta
792 3763 1063 3821 Samaria
1085 3766 1191 3830 est,
1220 3767 1401 3834 atque
1431 3762 1514 3818 ita
1544 3760 1698 3816 efﬁci
1721 3761 1796 3816 si-

128 3855 246 3910 mul
269 3872 466 3912 annos
498 3853 815 3924 sexaginta
845 3851 1134 3925 quinque.
1171 3850 1468 3924 Scriptum
1507 3854 1596 3906 est
1632 3849 1795 3906 enim

127 3943 286 4016 quod
310 3941 892 4016 Theglathphalasar
943 3956 1046 3996 rex
1085 3939 1469 4012 Assyriorum
1514 3939 1626 3994 sub
1657 3954 1796 4009 rege

128 4033 312 4090 Achaz
337 4030 681 4090 ascenderit
709 4031 771 4086 in
802 4031 1192 4098 Damascum,
1217 4032 1273 4084 et
1287 4027 1610 4084 vastaverit
1635 4042 1794 4094 eam,

132 4127 184 4178 et
208 4122 576 4180 transtulerit
603 4120 972 4176 habitatores
1024 4121 1154 4190 ejus
1187 4117 1479 4191 Cyrenen,
1513 4121 1569 4173 et
1618 4118 1798 4173 Rasin

130 4213 495 4270 interfecerit.
532 4212 604 4267 Et
631 4209 800 4283 quod
829 4209 1140 4266 tetenderit
1176 4207 1426 4264 insidias
1475 4208 1705 4263 Phacee
1735 4205 1803 4261 ﬁ-

132 4300 205 4358 lio
233 4301 515 4358 Romeliae
553 4303 700 4358 Osee
748 4298 907 4355 ﬁlius
937 4297 1061 4365 Ela,
1095 4301 1151 4354 et
1188 4296 1548 4370 percusserit
1575 4311 1714 4352 eum
1747 4299 1804 4352 et

136 4388 502 4459 interfecerit,
538 4394 599 4445 et
624 4388 962 4460 regnaverit
1009 4403 1120 4461 pro
1173 4385 1274 4441 illo
1313 4385 1374 4440 in
1415 4383 1595 4440 Israel
1626 4383 1802 4439 annis

1894 3148 2050 3212 sunt,
2080 3159 2265 3216 quem
2287 3140 2745 3211 sanguinarium
2768 3143 2823 3194 et
2853 3137 3157 3195 crudelem
3173 3137 3443 3209 judicem
3462 3153 3567 3192 vo-

1895 3239 2008 3292 cat.
2043 3236 2174 3289 Haec
2204 3231 2317 3288 illis
2349 3229 2687 3287 dicentibus
2711 3227 3002 3283 Dominus
3019 3224 3567 3298 dominator,quod

1894 3340 2017 3380 non
2049 3326 2159 3378 stet
2189 3319 2502 3377 consilium
2552 3319 2844 3391 ipsorum,
2875 3316 2980 3372 sed
3027 3315 3262 3372 interim
3291 3313 3567 3388 quandiu

1894 3429 2058 3470 nunc
2087 3412 2195 3468 iste
2224 3410 2491 3466 mundus
2522 3414 2659 3474 stat,
2700 3413 2757 3464 et
2786 3423 2857 3464 ea
2894 3424 3030 3479 quae
3074 3405 3291 3463 mundi
3315 3408 3472 3468 sunt,
3505 3404 3568 3461 in

1900 3503 2026 3559 suis
2050 3501 2274 3557 finibus
2323 3503 2380 3556 et
2421 3499 2484 3555 in
2528 3498 2651 3554 suis
2683 3496 2935 3554 urbibus
2983 3495 3389 3553 dominentur.
3419 3496 3569 3552 Cum

1900 3596 2100 3648 autem
2133 3586 2672 3646 consummationis
2693 3590 2934 3659 tempus
2973 3584 3303 3654 advenerit,
3334 3583 3451 3642 hoc
3480 3587 3574 3640 est

1902 3679 2213 3750 sexaginta
2239 3677 2509 3750 quinque
2540 3675 2708 3733 anni.
2738 3679 2797 3732 et
2820 3679 2945 3732 tam
2973 3673 3190 3731 mundi
3218 3689 3313 3730 res
3341 3688 3480 3745 quae
3508 3671 3573 3727 in

1903 3786 2007 3826 sex
2032 3767 2246 3824 diebus
2276 3767 2444 3823 factae
2476 3768 2639 3837 sunt,
2665 3780 2854 3838 quam
2883 3763 3092 3820 omnia
3129 3777 3265 3836 quae
3293 3760 3371 3818 ad
3400 3759 3575 3833 quin-

1904 3875 2022 3933 que
2054 3873 2266 3914 sensus
2317 3855 2616 3928 pertinent
2651 3853 2837 3910 ﬁnem
2877 3853 3236 3925 acceperint,
3272 3855 3412 3906 tunc
3445 3848 3575 3905 uni-

1905 3959 2080 4000 versa
2105 3957 2237 3998 esse
2265 3939 2571 4008 solvenda,
2601 3953 2738 4010 quze
2770 3936 3019 4008 gentiles
3041 3939 3098 3992 et
3124 3934 3384 3992 haeretici
3414 3933 3574 3990 futu-

1908 4050 1977 4090 ra
2025 4047 2150 4089 non
2193 4030 2473 4096 credunt;
2530 4032 2587 4085 et
2623 4031 2868 4103 propter
2899 4025 3308 4084 inﬁdelitatem
3341 4041 3466 4082 non
3491 4023 3579 4081 in-

1909 4123 2178 4193 telligunt
2207 4137 2343 4194 quae
2371 4119 2675 4176 dicuntur.

2536 4210 2761 4266 CAPUT
2799 4208 2960 4266 XVII.

1984 4324 2011 4350 «
2048 4303 2358 4372 Iratusque
2406 4301 2496 4354 est
2549 4297 2839 4354 Dominus
2887 4295 3276 4353 vehementer
3319 4293 3500 4352 Israel
3529 4297 3588 4352 et

1917 4413 1945 4441 «
1979 4388 2225 4447 abstulit
2267 4403 2371 4444 eos
2405 4386 2480 4443 de
2512 4391 2840 4460 conspectu
2879 4402 3011 4455 suo,
3044 4389 3101 4442 et
3143 4401 3268 4442 non
3299 4382 3590 4442 remansit

137 4496 367 4552 novem,
396 4485 454 4537 et
484 4479 656 4554 quod
701 4477 925 4534 venerit
982 4476 1371 4534 Salmanasar
1398 4491 1503 4532 rex
1535 4476 1720 4529 Assur
1749 4479 1806 4530 et
1831 4451 1876 4506 D
1919 4505 1945 4529 ‹‹
1978 4479 2090 4536 nisi
2123 4477 2312 4534 tribus
2360 4476 2513 4534 Iuda
2546 4475 3007 4545 tantummodo;
3059 4475 3164 4532 sed
3191 4490 3302 4531 nec
3327 4474 3456 4548 ipse
3485 4476 3587 4530 Ju-

139 4569 431 4626 obsederit
465 4568 827 4636 Samariam,
859 4585 996 4640 quae
1047 4583 1209 4622 nunc
1243 4565 1530 4624 Sebasten
1556 4569 1830 4644 vocatur-

144 4657 322 4714 tribus
346 4659 548 4729 annis,
574 4662 632 4714 et
660 4673 822 4713 nono
854 4672 1015 4712 anno
1040 4655 1209 4726 regni
1232 4656 1377 4712 Osee
1409 4653 1804 4727 ceperiteam,

146 4747 530 4822 vinctumque
556 4749 703 4804 Osee
725 4747 787 4801 in
818 4761 1122 4802 carcerem
1147 4743 1391 4813 miserit,
1411 4748 1469 4800 et
1498 4743 1809 4799 transtule-

145 4836 211 4893 rit
238 4838 417 4894 Israel
445 4838 511 4893 in
542 4836 842 4910 Assyrios,
867 4835 1256 4908 posueritque
1279 4850 1382 4890 eos
1412 4834 1473 4889 in
1506 4833 1652 4890 Hala
1677 4833 1814 4889 etin

1921 4595 1946 4619 ‹‹
1981 4571 2094 4626 das
2124 4567 2440 4625 custodivit
2469 4566 2761 4624 mandata
2798 4564 3036 4623 Domini
3074 4563 3178 4621 Dei
3207 4565 3321 4635 sui,
3349 4579 3588 4620 verum-

1922 4683 1948 4709 «
1982 4664 2183 4716 tamen
2217 4657 2554 4714 ambulavit
2601 4657 2664 4712 in
2707 4655 3011 4712 erroribus
3051 4652 3231 4710 Israel
3262 4667 3418 4724 quos
3445 4666 3588 4722 ope-

1925 4773 1952 4798 «
1985 4752 2149 4805 ratus
2195 4747 2405 4802 fuerat.
2442 4745 2812 4817 Projecitque
2862 4743 3149 4800 Dominus
3178 4755 3360 4797 omne
3387 4754 3597 4796 semen

1925 4863 1952 4890 ‹‹
1983 4837 2182 4907 Israel,
2216 4839 2274 4892 et
2299 4834 2509 4892 afﬂixit
2529 4849 2630 4891 eos
2653 4838 2709 4890 et
2733 4832 2977 4890 tradidit
3004 4831 3064 4887 in
3095 4845 3286 4886 manu
3314 4828 3598 4903 diripien-

147 4923 340 4982 Habor
381 4929 566 4999 juxta
620 4925 877 4982 ﬂuvium
921 4925 1142 4993 Gozan,
1187 4923 1250 4979 in
1300 4923 1660 4991 civitatibus,
1694 4922 1818 4977 sive
1925 4930 2096 4996 tium,
2130 4927 2323 4984 donec
2365 4924 2679 4998 projiceret
2711 4939 2814 4979 eos
2867 4937 2903 4978 a
2940 4919 3090 4976 facie
3119 4934 3302 4975 sua.»
3346 4917 3604 4976 Subver-

149 5014 231 5084 (ut
260 5015 656 5089 Septuaginta
704 5013 1158 5082 transtulerunt)
1189 5011 1251 5068 in
1285 5011 1592 5068 montibus
1623 5009 1818 5068 Medo-

1931 5019 2021 5074 sio
2056 5021 2258 5074 autem
2303 5013 2724 5080 lsraelitarum,
2754 5027 2890 5086 quae
2941 5010 3020 5067 ab
3059 5009 3319 5083 Assyriae
3358 5008 3605 5082 regibus

145 5117 297 5159 rum.
321 5105 500 5162 Juxta
533 5119 857 5174 anagogen
886 5101 1075 5158 facilis
1095 5101 1504 5173 interpretatio
1528 5103 1635 5167 est,
1655 5097 1824 5172 quod
1929 5108 2273 5181 perpetrata
2311 5107 2399 5160 est
2426 5103 2576 5177 quid
2616 5100 2931 5174 signiﬁcat,
2963 5099 3082 5157 nisi
3113 5099 3520 5158 miserabilem
3551 5104 3610 5158 et

149 5200 430 5263 regnante
487 5195 688 5251 Aehaz
737 5209 876 5264 rege
932 5191 1141 5265 impio,
1171 5207 1274 5247 rex
1304 5195 1486 5263 Aram
1515 5189 1622 5263 qui
1651 5189 1827 5245 inter-

153 5288 418 5353 pretatur
447 5285 725 5342 excelsus
756 5288 938 5356 atque
964 5283 1257 5349 sublimis,
1291 5284 1357 5336 ut
1398 5279 1620 5336 indicet
1657 5294 1824 5336 arro-

158 5374 420 5441 gantiam
449 5373 762 5448 sapientiaa
808 5372 1044 5441 saeculi;
1078 5375 1136 5429 et
1164 5372 1392 5427 Phacee
1422 5369 1581 5426 ﬁlius
1614 5373 1826 5426 Rome-

157 5461 244 5520 lize
287 5466 392 5538 qui
439 5472 498 5522 et
542 5466 676 5538 ipse
725 5464 898 5536 juxta
938 5466 1088 5521 Osee
1125 5463 1490 5537 prophetam
1517 5464 1576 5518 et
1604 5461 1829 5518 tribum

165 5553 458 5627 Ephraim,
473 5555 552 5612 de
575 5570 701 5627 qua
716 5554 1037 5612 Ieroboam
1058 5552 1216 5609 ﬁlius
1233 5552 1469 5609 Nabath
1489 5551 1709 5608 vitulos
1732 5568 1836 5608 au-

165 5658 288 5698 reos
317 5645 378 5701 in
402 5643 608 5701 Bethel
629 5649 685 5700 et
707 5646 834 5701 Dan
857 5643 1266 5712 constituerat,
1285 5646 1342 5698 et
1374 5658 1410 5699 a
1439 5641 1625 5697 domo
1649 5641 1832 5698 David

170 5731 264 5789 Dei
290 5735 593 5809 populum
626 5737 957 5807 separarat,
986 5733 1236 5791 refertur
1257 5731 1336 5790 ad
1364 5732 1710 5800 heroeticos,
1732 5733 1838 5805 qui

572 5845 822 5899 PATROL.
866 5843 1031 5898 CXV.

1933 5196 2115 5254 nimis
2133 5192 2479 5251 deflendam
2489 5192 2729 5250 ruinam
2745 5190 2956 5265 populi
2976 5189 3399 5248 ecclesiastici?
3418 5205 3609 5263 quam

1935 5301 2040 5343 rex
2069 5281 2369 5356 Assyrius,
2401 5282 2517 5338 hoc
2563 5287 2650 5338 est
2699 5277 2998 5348 diabolus,
3029 5295 3172 5336 cum
3204 5296 3316 5335 suo
3344 5277 3609 5334 exercitu

1939 5369 2316 5431 devastando
2361 5374 2541 5443 atque
2571 5367 2908 5427 obsidendo
2939 5367 3207 5441 quotidie
3239 5365 3438 5438 efﬁcit,
3472 5381 3609 5422 cum

1942 5480 2047 5522 eos
2097 5463 2343 5535 propter
2383 5463 2634 5533 peccata
2678 5456 3029 5530 commissa,
3061 5456 3136 5514 de
3187 5455 3431 5513 sedibus
3478 5470 3620 5528 pro-

1944 5553 2090 5628 priis
2119 5550 2400 5622 evellens,
2432 5549 2624 5606 defert
2669 5549 2728 5605 in
2764 5552 2984 5604 terram
3029 5547 3310 5616 alienam,
3341 5562 3466 5618 quo
3492 5561 3621 5602 ma-

1950 5644 2039 5715 gis
2070 5642 2273 5712 Iugere
2303 5639 2578 5708 delectat,
2609 5655 2796 5713 quam
2827 5637 3051 5696 cantita
3087 5637 3304 5695 laetitire
3328 5633 3620 5710 proferre.

1989 5732 2156 5791 Unde
2187 5734 2245 5789 et
2281 5730 2597 5790 Psalmista
2626 5727 3251 5804 mysticoeloquiohoc
3282 5728 3444 5785 idem
3462 5740 3626 5783 com-

3169 5843 3228 5895 l7
