3968 6392
380 264 481 319 523

1483 255 1844 313 ANGELOMI
1884 251 2339 312 LUXOWENSIS
2376 254 2711 312 MONACHI.

3713 262 3823 317 524

376 384 695 450 memorat,
728 382 966 438 dicens:
1002 381 1233 453 «Super
1261 380 1515 437 ﬂumina
1560 380 1879 453 Babylonis
1918 379 2031 435 illic
2060 381 2111 437 Α
2152 383 2209 435 et
2236 395 2357 435 non
2391 379 2589 435 solum
2617 380 2958 436 inventores
3002 380 3182 453 primi
3206 396 3499 445 errorum,
3532 398 3690 456 quos
3719 398 3828 457 pa-

377 474 665 543 sedimus,
684 474 740 528 et
764 470 1059 537 ﬂevimus,
1084 469 1231 525 dum
1262 470 1718 526 recordaremur
1742 469 1844 537 tui,
1873 469 2032 526 Sion.

378 571 445 623 In
476 563 757 622 salicibus
803 561 866 617 in
920 559 1121 617 medio
1165 561 1317 632 ejus,
1354 561 1781 634 suspendimus
1807 574 2038 629 organa

376 658 604 712 nostra.
635 651 785 718 Quia
832 649 951 707 illic
1005 649 1522 720 interrogaverunt
1561 666 1690 719 nos,
1724 648 1829 722 qui
1857 646 2038 721 capti-

375 761 488 803 vos
517 744 815 800 duxerunt
843 756 976 809 nos,
1004 741 1193 798 verba
1221 741 1589 798 cantionum.
1627 743 1691 796 Et
1720 740 1825 813 qui
1851 738 2039 795 abdu-

374 838 591 892 xerunt
640 848 773 901 nos,
807 834 1111 905 Hymnum
1150 836 1383 888 cantate
1430 830 1607 887 nobis
1663 828 1739 886 de
1791 828 2037 887 canticis

380 924 537 981 Sion.
571 922 889 989 Quomodo
920 920 1302 977 cantabimus
1354 921 1655 977 canticum
1700 918 1935 975 Domini
1978 918 2039 972 in

373 1016 532 1069 terra
557 1010 753 1070 aliena
783 1011 969 1086 (Psal.
1002 1010 1283 1082 cxxxvi)?
1310 1033 1338 1061 ››
1379 1008 1550 1076 Quod
1599 1008 1814 1065 dicitur
1843 1008 1917 1063 de
1946 1005 2040 1062 his

374 1118 513 1176 quae
559 1103 623 1159 in
655 1101 996 1160 Samariam
1027 1100 1304 1157 adductae
1353 1103 1491 1155 sunt
1533 1114 1568 1156 a
1592 1113 1731 1167 rege
1764 1096 2038 1170 Assyrio-

372 1207 510 1247 rum
540 1190 911 1248 nationibus.

450 1321 478 1347 «
512 1301 579 1353 Et
608 1311 991 1370 unaquaeque
1015 1311 1161 1366 gens
1182 1292 1471 1351 fabricata
1502 1297 1592 1350 est
1622 1293 1804 1349 deum
1838 1307 2039 1347 suum.

377 1411 406 1438 «
437 1390 891 1458 Posueruntque
945 1401 1049 1442 eos
1089 1385 1149 1441 in
1177 1384 1394 1457 phariis
1432 1384 1700 1453 exrelsis,
1734 1400 1869 1457 quae
1896 1381 2046 1440 fece‘

379 1498 406 1526 α
438 1479 576 1533 rant
607 1473 913 1531 Samaritae
963 1489 1110 1543 gens
1152 1478 1209 1529 et
1252 1489 1398 1543 gens
1430 1473 1491 1528 in
1528 1473 1772 1528 urbibus
1807 1473 1952 1543 suis,
1979 1473 2039 1527 in

378 1585 409 1620 ‹
441 1564 665 1638 quibus
691 1563 1068 1620 habitabant.
1096 1563 1217 1618 Viri
1242 1562 1400 1618 enim
1429 1562 1743 1635 Babylonii
1773 1562 2041 1618 fecerunt

378 1678 407 1706 ‹‹
436 1654 697 1710 Sochoth
727 1652 969 1721 Benoth,
994 1653 1099 1708 viri
1116 1657 1317 1709 autem
1339 1653 1519 1710 Cuthe
1534 1652 1589 1708 si
1620 1652 1882 1709 fecerunt
1904 1655 2038 1708 Ner-

378 1768 406 1795 «
441 1743 554 1814 gel,
575 1748 631 1800 et
648 1742 761 1799 viri
779 1742 853 1799 de
876 1742 1129 1800 Hemath
1150 1742 1413 1799 fecerunt
1439 1747 1529 1797 Asa
1541 1758 1660 1798 ma.
1689 1744 1867 1798 Porro
1884 1740 2038 1797 Evaei

380 1857 408 1883 ‹‹
444 1834 709 1890 fecerunt
758 1831 991 1889 Nebaaz
1015 1836 1070 1888 et
1109 1833 1467 1889 Tharthac.»
1506 1835 1568 1887 In
1606 1830 1759 1887 libro
1790 1830 2036 1904 quidem

377 1924 668 1979 Locorum
724 1920 938 1991 legitur
986 1919 1152 1994 quod
1202 1921 1425 1976 Benoth
1465 1925 1517 1976 et
1576 1920 1783 1991 Nergel
1822 1919 2039 1976 fuerint

374 2011 640 2068 civitates
704 2026 857 2083 quas
904 2013 1364 2066 construxerunt
1413 2008 1473 2065 in
1517 2009 1759 2079 regione
1814 2009 2035 2065 Judaeae

378 2099 756 2169 Samaritani,
784 2100 890 2173 qui
926 2099 1000 2156 de
1052 2099 1380 2172 Babylonia
1421 2103 1795 2156 transierant.
1831 2100 2037 2156 Asima

373 2206 616 2264 quoque
645 2189 938 2265 oppidum
969 2188 1438 2259 eediﬁcaverunt,
1467 2188 1569 2263 qui
1597 2188 1675 2245 ad
1696 2205 1833 2245 eam
1861 2190 2037 2245 vene-

374 2285 514 2337 runt
542 2280 616 2335 de
644 2280 913 2337 Hemath.
948 2278 1184 2335 Nebaaz
1222 2280 1547 2335 et'l‘hartac
1573 2277 1842 2335 civitates
1875 2283 2032 2345 sunt,

372 2386 525 2443 quas
550 2369 704 2425 Evasi
732 2369 795 2426 in
824 2369 1036 2426 eadem
1066 2369 1283 2425 Judaaee
1313 2373 1467 2424 terra
1495 2367 1913 2424 condiderunt.
1942 2369 2034 2423 Vi-

372 2459 546 2515 detur
593 2463 816 2527 autem,
843 2458 1018 2531 juxta
1072 2457 1566 2530 consequentiam
1623 2456 1939 2525 sermonis,
1980 2461 2037 2513 et

370 2549 695 2619 idolorum,
718 2546 941 2621 quibus
961 2548 1054 2603 hae
1087 2550 1290 2618 gentes
1312 2546 1480 2619 prius
1512 2545 1573 2602 in
1594 2550 1750 2602 terra
1781 2563 1890 2602 sua
1920 2563 2037 2602 ser-

370 2638 603 2706 vierint,
635 2638 732 2693 hic
759 2653 938 2710 posse
972 2635 1267 2692 vocabula
1306 2634 1574 2705 intelligi.
1607 2636 1757 2701 Quia
1788 2652 1926 2691 cum
1954 2635 2037 2692 di-

374 2732 537 2783 ctum
590 2731 783 2783 esset:
834 2748 862 2776 ‹‹
884 2731 941 2783 et
987 2742 1389 2798 unaquaequae
1445 2741 1591 2795 gens
1632 2724 1920 2782 fabricata
1950 2728 2037 2781 est

374 2838 403 2866 ‹‹
436 2815 621 2873 deum
651 2832 851 2883 suum,
876 2838 905 2866 »
954 2815 1130 2888 quasi
1173 2814 1251 2870 ad
1298 2814 1696 2887 cxpletionem
1736 2815 2036 2870 sententiae

374 2904 763 2977 subjunctum
798 2904 907 2961 sit:
939 2903 1097 2960 (viri
1122 2901 1279 2959 enim
1310 2902 1618 2976 Babylonii
1646 2902 1911 2960 fecerunt
1940 2907 2037 2961 So-

374 2994 555 3052 choth
586 2994 872 3051 Benoth»
929 2995 995 3050 Et
1024 2992 1257 3061 melius,
1293 2991 1356 3048 ni
1385 2991 1576 3058 fallor,
1607 2992 1827 3049 faceret
1856 2993 2034 3048 inter-

371 3100 530 3159 pres,
565 3084 614 3140 si
645 3083 902 3141 Sochoth
936 3084 1137 3140 Latine
1163 3083 1224 3138 in
1255 3082 1648 3139 tabernacula
1677 3087 1945 3150 verteret,
1980 3086 2035 3139 et
2063 3087 2108 3145 ο

368 3191 595 3233 nomen
634 3173 777 3233 idoli
832 3173 1057 3231 Benoth
1101 3172 1371 3231 absolute
1410 3176 1677 3245 poneret,
1706 3177 1763 3229 et
1793 3172 1944 3230 sicut
1972 3173 2033 3229 in

375 3263 767 3339 sequentibus
798 3263 1114 3321 manifeste
1145 3261 1378 3318 dicitur.

444 3411 474 3438 α
506 3389 574 3444 Hi
602 3392 805 3445 autem
833 3387 938 3461 qui
967 3391 1138 3444 erant
1166 3387 1240 3443 de
1274 3387 1684 3459 Sepharvaim,
1715 3388 2031 3444 combure-

373 3500 405 3532 α
438 3479 585 3535 bant
614 3477 769 3533 ﬁlios
798 3494 941 3534 suos
983 3477 1108 3547 igni
1142 3477 1536 3534 Adramelech
1584 3482 1643 3534 et
1668 3478 2033 3535 Anamelech

372 3591 404 3620 «
434 3569 551 3625 diis
583 3567 993 3641 Sepharvaim.
1011 3590 1040 3619 »
1074 3568 1182 3624 Ubi
1211 3567 1544 3624 ostenditur
1565 3569 1960 3625 Adramelech
1975 3572 2034 3624 et

372 3659 742 3717 Anamelech
788 3658 951 3715 idola
980 3658 1163 3714 fuisse
1193 3658 1361 3714 urbis
1395 3658 1806 3729 Sepiiarvaim.
1838 3663 1921 3714 Ita
1947 3659 2032 3714 vi-

371 3750 545 3806 detur
568 3763 966 3822 consequens,
997 3753 1065 3804 ut
1084 3752 1142 3803 et
1168 3747 1378 3817 Nergel
1407 3748 1813 3818 Cuthteorum,
1830 3748 2034 3805 Asima

370 3840 876 3903 Hemathaeorum,
904 3837 1140 3893 Nebaaz
1186 3840 1242 3893 et
1270 3836 1567 3893 Tharthac
1616 3836 1779 3893 idola
1816 3836 2035 3895 fuerint

370 3929 701 3984 Evaeorum.
734 3926 1005 3982 Posthasc
1052 3924 1355 3996 Scriptura
1387 3928 1592 3980 narrat
1638 3924 1713 3980 de
1742 3924 1887 3997 ipsis
1928 3928 2033 3982 Sa-

370 4017 682 4073 maritanis
712 4015 884 4087 quod
907 4028 1046 4069 cum
1078 4013 1400 4069 Dominum
1429 4013 1710 4087 colerent,
1742 4015 1855 4070 diis
1883 4030 2034 4088 quo-

371 4121 489 4178 que
529 4106 653 4159 suis
680 4104 965 4158 servirent
990 4102 1163 4172 juxta
1201 4101 1699 4160 consuetudinem
1740 4106 2029 4175 gentium,

372 4188 447 4243 de
503 4188 724 4259 quibus
772 4185 1046 4241 translati
1092 4184 1328 4241 fuerant
1388 4188 1742 4259 Samariam,
1798 4195 1855 4247 et
1908 4207 2033 4247 non

372 4275 564 4333 multo
590 4278 730 4349 post
752 4273 1139 4347 subsequitur
1166 4274 1372 4331 dicens
1397 4293 1409 4331 :

448 4400 759 4457 «Fuerunt
807 4398 985 4469 igitur
1034 4403 1240 4469 gentes
1298 4401 1423 4456 istas
1476 4402 1748 4459 timentes
1784 4403 2030 4477 quidem

374 4511 404 4541 «
436 4490 647 4562 Deum,
679 4489 786 4545 sed
814 4490 1203 4546 nihilominus
1233 4495 1290 4547 et
1317 4489 1491 4547 idolis
1522 4493 1643 4548 suis
1676 4494 2030 4564 servientes;

374 4599 405 4636 ‹
430 4596 575 4637 nam
604 4584 660 4636 et
687 4578 792 4635 ﬁlii
836 4595 1046 4636 eorum
1075 4584 1131 4636 et
1157 4584 1427 4653 nepotes,
1462 4581 1612 4639 sicut
1638 4581 1905 4639 fecerunt
1926 4600 2035 4657 pa-

372 4687 403 4717 ‹‹
432 4670 550 4723 tres
572 4665 683 4734 sui,
712 4665 795 4722 ita
822 4663 1048 4723 faciunt
1078 4681 1269 4740 usque
1295 4665 1357 4722 in
1395 4671 1755 4741 praesentem
1796 4666 1977 4725 diem.
2005 4689 2034 4719 »

370 4757 439 4812 Et
466 4756 611 4831 quia
653 4753 716 4811 in
774 4755 1289 4812 Samaritanorum
1335 4772 1596 4830 persona
1650 4756 1911 4812 haeretici
1942 4774 2037 4814 ac-

370 4840 691 4913 cipiuntur,
721 4840 783 4897 in
831 4842 1118 4914 praedicta
1173 4842 1467 4898 sententia
1523 4841 1765 4897 illorum
1826 4842 2034 4915 nequi-

368 4929 450 4986 tia
489 4929 912 4986 convenienter
951 4930 1321 5003 exprimitur.
1354 4930 1591 4987 Habent
1643 4928 1803 4986 enim
1854 4931 2037 4987 haere-

369 5017 470 5073 tici
497 5019 781 5091 quaedam
829 5024 1206 5077 sacramenta
1263 5021 1610 5076 communia
1658 5036 1798 5076 cum
1828 5028 2035 5081 sancta

370 5106 651 5178 Ecclesia,
686 5112 743 5163 et
768 5109 1068 5181 quasdam
1111 5110 1433 5165 sententias
1473 5113 1817 5166 sanctarum
1846 5113 2036 5187 Scrip-

369 5195 640 5250 turarum
711 5191 819 5249 rite
891 5193 1247 5263 intelligunt,
1304 5192 1412 5249 sed
1480 5196 1683 5250 tamen
1738 5195 2035 5255 nihilomi-

366 5297 485 5337 nus
540 5279 718 5339 idolis
761 5281 1223 5340 immundorum
1271 5278 1591 5354 spirituum
1644 5285 1864 5342 servire
1906 5303 2033 5345 non

366 5376 621 5428 cessant.
677 5370 929 5429 Videtur
978 5371 1140 5427 enim
1199 5371 1283 5426 eis
1337 5370 1613 5429 timorem
1662 5373 1762 5430 Dei
1813 5375 1919 5433 rite
1968 5394 2031 5434 se

370 5461 687 5532 custodire,
746 5476 885 5516 cum
938 5458 1274 5515 secundum
1342 5475 1587 5517 sensum
1650 5481 1827 5521 suum
1883 5468 2032 5523 veri-

367 5549 469 5603 tati
529 5565 591 5603 se
645 5554 859 5621 putant
898 5549 1117 5605 favere.
1174 5549 1285 5605 Sed
1335 5551 1477 5621 quia
1532 5554 1832 5609 catholicae
1888 5556 2028 5612 ﬁdei

368 5637 660 5692 unitatem
690 5642 981 5710 spernunt
1007 5634 1250 5708 habere,
1274 5640 1679 5711 malignorum
1710 5645 2027 5718 spirituum

366 5722 776 5783 voluntatibus
798 5742 863 5783 se
873 5727 1161 5785 veraciter
1180 5730 1562 5791 manifestam
1581 5733 2021 5810 obtemperare,

2146 474 2263 525 tres
2297 470 2812 526 Samaritanorum
2866 469 3228 541 signiﬁcant,
3259 472 3375 529 hoc
3423 471 3672 545 faciunt,
3711 474 3826 530 sed

2146 562 2203 613 et
2234 573 2525 631 sequaces
2550 574 2782 630 eorum,
2802 575 2957 632 quos
2988 560 3250 616 ﬁliorum
3267 561 3513 618 nomine
3542 566 3601 619 et
3632 578 3825 636 nepo-

2145 650 2275 704 tum
2305 663 2615 722 expressos
2644 653 2800 705 recte
2829 664 3160 722 possumus
3179 648 3527 723 intelligere,
3548 651 3828 709 similiter

2147 742 2355 808 agunt

2758 828 2985 883 CAPUT
3023 826 3213 883 XVIII.

2220 935 2248 961 «
2281 915 2456 969 Anno
2474 914 2643 970 tertio
2672 915 2857 982 Oscae,
2880 913 2984 969 ﬁlii
3016 914 3119 972 Ela
3136 915 3293 985 regis
3320 916 3521 983 Israel,
3544 916 3828 988 regnavit

2150 1022 2178 1051 ‹‹
2214 1003 2678 1069 Ezechias,ﬁlius
2704 1005 2899 1059 Achaz
2930 1002 3085 1070 regis
3114 1005 3285 1060 Juda.
3308 1005 3524 1074 Viginti
3544 1005 3826 1079 quinque

2151 1104 2179 1134 «
2208 1102 2509 1142 annorum
2540 1092 2668 1143 erat
2713 1104 2852 1143 cum
2895 1103 3148 1156 regnare
3191 1088 3490 1161 ccepisset,
3522 1094 3579 1144 et
3607 1090 3829 1160 viginti

2150 1193 2180 1224 ‹‹
2210 1190 2429 1231 novem
2452 1177 2626 1232 annis
2648 1176 2920 1245 regnavit
2946 1176 3006 1231 in
3026 1176 3417 1232 Hierusalem.
3441 1181 3674 1235 Nomen
3691 1195 3829 1237 ma-

2152 1286 2179 1313 ‹‹
2212 1264 2314 1320 tris
2342 1268 2470 1335 ejus
2496 1265 2665 1332 Abia,
2684 1266 2809 1321 ﬁlia
2836 1266 3153 1323 Zacharias.
3189 1267 3463 1340 Fecitque
3496 1266 3669 1341 quod
3691 1272 3829 1326 erat

2152 1377 2179 1404 ‹‹
2211 1354 2444 1411 bonum
2474 1371 2678 1411 coram
2714 1356 2985 1423 Domino,
3006 1356 3178 1427 juxta
3208 1357 3414 1413 omnia
3436 1372 3574 1430 quas
3594 1357 3829 1415 fecerat

2154 1467 2180 1494 ‹‹
2215 1445 2400 1500 David
2426 1450 2592 1517 pater
2624 1461 2791 1500 suus.
2819 1449 2947 1517 Ipse
2979 1444 3291 1517 dissipavit
3312 1446 3566 1518 excelsa,
3593 1452 3651 1504 et
3678 1463 3829 1504 con-

2152 1558 2179 1585 ‹‹
2208 1536 2363 1590 trin‘t
2395 1541 2640 1601 statuas,
2666 1541 2719 1591 et
2750 1534 3000 1591 succidit
3022 1534 3209 1603 lucos,
3246 1535 3658 1612 confregitque
3700 1554 3826 1595 ser-

2150 1647 2177 1675 ‹‹
2207 1630 2449 1698 pentem
2482 1642 2722 1697 aereum,
2756 1641 2939 1698 quem
2970 1627 3187 1682 iecerat
3225 1629 3475 1699 Moyses.
3502 1627 3825 1701 Siquidem

2149 1738 2176 1765 ‹‹
2205 1730 2399 1788 usque
2454 1714 2533 1771 ad
2576 1714 2710 1770 illus
2760 1720 2996 1788 tempus
3042 1713 3145 1771 ﬁlii
3202 1714 3381 1771 Israel
3430 1716 3823 1774 adolebantei

2147 1828 2173 1855 ‹‹
2202 1804 2537 1860 incensum.
2576 1804 2935 1877 Vocavitque
2966 1820 3105 1860 eum
3158 1818 3385 1862 nomen
3414 1807 3544 1878 ejus
3588 1806 3822 1863 Nahas-

2147 1916 2175 1943 «
2210 1894 2372 1949 than.
2411 1896 2477 1949 Et
2507 1894 2567 1948 in
2596 1894 2850 1949 Domino
2884 1895 3001 1949 Deo
3040 1892 3220 1949 Israel
3251 1895 3530 1967 speravit.
3552 1916 3581 1945 »
3618 1895 3821 1969 Siqui-

2144 1984 2284 2038 dem
2316 1984 2657 2040 Nahasthan
2705 1984 3125 2055 interpretatur
3154 1998 3232 2039 (es
3263 1999 3485 2053 eorum,
3526 1988 3591 2040 ut
3626 1999 3822 2058 quem

2145 2072 2224 2127 illi
2252 2088 2365 2145 pro
2408 2072 2656 2127 numine
2697 2071 2978 2127 colebant
3020 2071 3083 2127 in
3140 2072 3310 2127 dictis
3340 2072 3469 2143 ejus
3498 2073 3820 2129 metallum

2144 2177 2285 2217 eum
2315 2177 2446 2217 esse
2480 2177 2597 2218 non
2626 2161 2809 2217 deum
2837 2166 3253 2234 agnoscerent.
3275 2162 3502 2235 thuia
3527 2162 3815 2219 Ezechias

2143 2252 2204 2307 in
2233 2252 2349 2308 hoc
2378 2253 2545 2325 quod
2572 2252 2809 2307 excelsa
2826 2251 3159 2325 dissipavit,
3186 2257 3244 2308 et
3261 2256 3487 2309 statuas
3513 2252 3815 2322 contrivit,

2144 2346 2323 2416 atque
2356 2343 2604 2399 succidit
2648 2342 2837 2409 lucos,
2870 2357 3107 2398 necnon
3150 2348 3207 2399 et
3254 2342 3459 2398 omnia
3486 2341 3819 2400 simulacra

2144 2431 2518 2500 comminuit,
2552 2431 2869 2487 Salvatoris
2906 2436 3121 2504 typum
3169 2434 3345 2488 tenet.
3388 2433 3821 2500 Interpretatur

2144 2520 2303 2576 enim
2338 2522 2611 2575 Ezechias
2644 2520 3095 2590 apprehendens
3124 2520 3822 2591 Dominumvelfortz’tu-

2144 2611 2219 2666 do
2248 2612 2507 2665 Domini.
2542 2613 2606 2665 In
2637 2625 2708 2665 eo
2738 2610 2869 2681 ipso
2900 2609 3104 2682 utique
3135 2608 3302 2682 quod
3334 2610 3534 2682 ipsum
3568 2624 3821 2683 serpen-

2143 2702 2264 2755 tem
2309 2714 2543 2754 zeneum
2594 2714 2778 2771 quem
2827 2701 3055 2771 Moyses
3108 2698 3262 2766 fecit,
3296 2698 3672 2771 comminuit,
3706 2702 3819 2755 Re-

2144 2788 2471 2862 demptoris
2501 2790 2759 2857 ﬁguram
2792 2790 3214 2844 convenienter
3240 2792 3414 2844 tenet.
3447 2791 3575 2844 Non
3606 2787 3812 2845 solum

2144 2879 2304 2934 enim
2337 2876 2625 2933 Dominus
2669 2883 2871 2933 noster
2908 2893 2978 2934 ac
3026 2877 3409 2951 Redemptor,
3440 2876 3517 2933 de
3549 2893 3672 2951 quo
3702 2893 3819 2952 per

2144 2964 2501 3036 Prophetam
2531 2962 2775 3017 dicitur:
2807 2981 2837 3015 ‹
2858 2961 3145 3017 Dominus
3183 2961 3351 3018 fortis
3383 2961 3672 3018 Dominus
3696 2978 3816 3036 po-

2143 3055 2273 3107 tens
2302 3050 2363 3106 in
2393 3049 2599 3123 prtelio
2632 3050 2817 3122 (Psal.
2848 3050 3031 3122 mu),
3059 3072 3088 3101 »
3115 3049 3279 3106 idola
3304 3051 3574 3120 gentium
3600 3053 3817 3107 contri-

2146 3141 2241 3211 vit,
2271 3146 2327 3197 et
2354 3140 2559 3196 omnia
2590 3139 2912 3196 simulacra
2958 3153 3171 3195 eorum
3217 3138 3556 3211 dissipavit,
3599 3146 3815 3213 quate-

2144 3246 2258 3286 nus
2312 3229 2415 3286 Dei
2465 3228 2892 3302 omnipotentis
2931 3229 3206 3285 notitiam
3254 3228 3525 3295 haberet,
3559 3228 3817 3301 ejusque

2142 3319 2326 3376 cultui
2375 3320 2557 3389 digne
2601 3319 3113 3391 manciparentur,
3144 3318 3293 3392 quin
3322 3318 3518 3391 ipsam
3545 3316 3813 3374 littaram

2140 3410 2288 3480 legis
2315 3410 2608 3477 Mosaicae,
2642 3425 2830 3482 quam
2876 3407 2971 3464 ille
3018 3408 3279 3482 populus
3320 3407 3528 3477 legalis
3558 3405 3810 3465 assidua

2140 3499 2389 3556 lectione
2402 3498 2744 3567 resonabat,
2759 3514 2829 3554 ac
2845 3513 2955 3570 pro
2967 3512 3193 3568 magno
3204 3496 3489 3565 habebat,
3510 3498 3810 3568 contrivit,

2142 3604 2210 3645 ac
2244 3605 2487 3645 sensum
2521 3587 2892 3661 spiritualem
2913 3587 2974 3642 in
3000 3603 3071 3643 ea
3098 3586 3425 3656 intelligere
3447 3602 3550 3642 eos
3578 3586 3807 3643 docuit.

2217 3704 2238 3731 α
2276 3684 2447 3734 Anno
2476 3676 2975 3749 quatuordecimo
3028 3676 3187 3747 regis
3236 3676 3493 3731 Ezechiae
3539 3676 3813 3733 ascendit

2143 3790 2171 3819 «
2207 3766 2611 3824 Sennacherib
2640 3781 2743 3821 rex
2791 3765 3179 3838 Assyriorum
3210 3764 3291 3821 ad
3332 3764 3640 3821 universas
3666 3765 3810 3820 civi-

2145 3879 2173 3907 ‹‹
2203 3862 2351 3913 tates
2379 3855 2533 3911 Juda
2563 3855 2847 3927 munitas,
2876 3858 2933 3911 et
2960 3854 3117 3927 cepit
3145 3869 3269 3911 eas.
3303 3856 3465 3910 Tunc
3495 3853 3659 3910 misit
3680 3857 3809 3911 Eze-

2143 3970 2171 3999 ι(
2206 3948 2371 4003 chias
2401 3963 2504 4002 rex
2532 3944 2685 4002 Juda
2714 3946 2957 4001 nuntios
2988 3945 3066 4001 ad
3095 3960 3301 4015 regem
3329 3944 3718 4018 Assyriorum
3745 3945 3812 4003 in

2142 4057 2171 4087 «
2200 4036 2428 4103 Lachis,
2461 4034 2666 4091 dicens
2692 4052 2703 4091 :
2735 4035 3003 4105 Peccavi,
3035 4035 3246 4091 recede
3286 4049 3323 4090 a
3377 4048 3495 4103 me,
3527 4038 3585 4091 et
3627 4049 3810 4091 omne

2143 4149 2170 4176 ‹‹
2203 4126 2370 4201 quod
2399 4125 2755 4198 imposueris
2782 4124 2949 4194 mihi,
2982 4123 3192 4181 feram.
3228 4124 3445 4180 Indixit
3469 4124 3673 4197 itaque
3702 4140 3811 4182 rex

2143 4239 2171 4267 ‹‹
2204 4215 2584 4287 Assyriorum
2638 4215 2894 4269 Ezechiae
2941 4214 3067 4283 regi
3096 4216 3125 4268 J
3135 4212 3263 4269 udae
3294 4217 3555 4269 trecenta
3585 4213 3811 4272 talenta

2144 4327 2172 4357 «
2205 4305 2454 4375 argenti,
2501 4309 2557 4360 et
2598 4304 2841 4374 triginta
2894 4303 3114 4359 talenta
3156 4303 3305 4359 auri.
3338 4302 3628 4376 Deditque
3668 4305 3808 4361 Eze-

2146 4418 2175 4445 «
2207 4396 2373 4451 chias
2408 4410 2587 4449 omne
2621 4397 2938 4464 argentum
2968 4392 3133 4466 quod
3172 4396 3477 4465 repertum
3515 4391 3709 4449 fuerat
3744 4394 3811 4451 in

2146 4508 2172 4535 ‹‹
2206 4485 2391 4541 domo
2425 4484 2678 4550 Domini,
2714 4488 2771 4538 et
2799 4483 2859 4538 in
2902 4483 3194 4538 thesauris
3220 4483 3403 4553 regis,
3432 4486 3543 4538 etc.
3566 4505 3595 4532 »
3636 4481 3811 4541 Clara

2144 4581 2230 4631 est
2257 4575 2505 4631 historia
2533 4590 2668 4647 quae
2699 4573 2761 4628 in
2788 4572 2956 4628 libris
2982 4576 3211 4643 Regum
3238 4587 3475 4628 necnon
3506 4572 3568 4627 in
3590 4573 3809 4630 Parali-

2142 4679 2449 4739 pomenon
2476 4667 2532 4719 et
2555 4664 2615 4719 in
2663 4662 2979 4734 Prophetia
3009 4661 3172 4717 Isaiae
3211 4662 3345 4735 pari
3368 4660 3552 4717 modo
3580 4660 3806 4718 descri-

2144 4753 2321 4810 bitur.
2380 4753 2656 4808 Ezechias
2702 4750 2912 4822 viginti
2986 4750 3255 4824 quinque
3323 4766 3626 4807 annorum
3679 4754 3807 4809 erat

2144 4859 2283 4900 cum
2313 4858 2565 4912 regnare
2588 4842 2865 4914 coepisset
2890 4858 2903 4896 :
2934 4840 3205 4911 regnavit
3230 4845 3433 4898 autem
3453 4840 3663 4911 viginti
3691 4856 3803 4898 no-

2148 4949 2281 4989 vem
2312 4931 2485 4987 annis
2534 4932 2594 4986 in
2627 4928 3017 5003 Hierusalem,
3048 4934 3106 4986 et
3145 4928 3454 4986 rebellavit
3483 4933 3692 4986 contra
3716 4946 3806 4987 re-

2144 5038 2281 5092 gem
2311 5022 2711 5095 Assyriorum,
2747 5025 2802 5076 et
2839 5036 2963 5076 non
2996 5020 3236 5076 servivit
3282 5018 3354 5075 ei.
3396 5018 3545 5074 Hinc
3585 5021 3806 5078 Senna-

2143 5112 2344 5169 cherib
2386 5111 2696 5183 ingressus
2719 5109 3009 5179 Judaeam,
3038 5108 3272 5166 obsedit
3302 5108 3482 5165 urbes
3516 5107 3646 5180 ejus
3673 5125 3807 5166 mu-

2140 5203 2317 5261 nitas.
2344 5205 2411 5259 Et
2440 5219 2581 5259 cum
2608 5200 2910 5257 obsideret
2939 5199 3171 5274 Lachis,
3203 5200 3365 5257 misit
3385 5198 3464 5257 ad
3501 5214 3643 5254 eum
3673 5199 3807 5255 Eze-

2140 5288 2307 5345 chias
2358 5291 2622 5345 trecenta
2668 5284 2892 5342 talenta
2933 5284 3186 5358 argenti,
3218 5289 3274 5342 et
3314 5285 3552 5355 triginta
3580 5282 3804 5343 talenta

2139 5378 2288 5447 auri,
2330 5377 2529 5433 fractis
2561 5375 2766 5447 januis
2814 5374 3041 5447 templi,
3074 5378 3130 5430 et
3175 5373 3417 5432 laminis
3447 5375 3580 5445 ejus
3607 5372 3806 5431 detra-

2138 5468 2243 5523 ctis
2274 5467 2446 5539 quasi
2478 5467 2605 5539 ipse
2636 5463 2942 5520 aﬁixisset.

2208 5580 2235 5609 α
2261 5557 2622 5614 Misitautem
2634 5571 2735 5608 rex
2756 5553 3135 5625 Assyriorum
3160 5554 3420 5610 Tarthan
3440 5556 3497 5609 et
3516 5552 3802 5610 Rabsaris

2136 5669 2163 5698 ς(
2196 5652 2251 5705 et
2299 5648 2610 5704 Babsacen
2665 5661 2803 5699 cum
2853 5660 3041 5701 manu
3068 5644 3269 5702 valida
3298 5644 3377 5701 ad
3404 5643 3800 5701 Hierusalem.

2135 5758 2164 5787 κ
2194 5740 2480 5807 Egressus
2518 5742 2610 5794 est
2636 5737 2839 5793 autem
2883 5735 2960 5793 ad
2995 5751 3098 5794 eos
3128 5735 3372 5795 Eliacim
3402 5732 3562 5791 ﬁlius
3588 5732 3805 5794 Helcim
