3968 6410
1130 281 1395 338 ENARR.
1430 282 1500 337 ΙΝ
1537 277 1785 335 LIBROS
1817 277 2076 338 REGUM.
2112 308 2181 322 --
2213 283 2279 338 IN
2310 283 2442 338 LIB.
2479 283 2565 339 ιν.

3461 287 3568 344 526

137 431 161 458 α
199 403 555 479 praepositus
582 402 824 471 domus,
848 407 906 460 et
925 405 1132 461 Sobna
1170 406 1367 461 scriba
1418 409 1475 461 et
1502 403 1692 460 Joahe
1723 402 1787 456 ﬁ-
1821 405 1868 457 A
1900 404 2085 475 chias,
2119 410 2176 461 et
2205 422 2330 462 non
2351 405 2524 462 vobis
2549 403 2772 462 tribuat
2792 404 3084 462 ﬁduciam
3110 422 3291 481 super
3312 408 3569 465 Domino

135 520 160 546 α
188 496 296 552 lius
325 493 576 565 Asapha
606 494 1074 557 commentariis,
1109 499 1258 550 etc.»
1291 496 1404 550 Iste
1433 498 1526 549 est
1547 493 1788 548 Eliacim

132 588 200 642 de
228 601 347 657 quo
377 583 565 640 Isaias
590 582 655 638 in
691 583 917 640 visione
948 584 1126 641 vallis
1165 586 1305 641 Sion
1335 585 1518 640 dixit:
1545 605 1574 633 α
1608 586 1787 638 Voca—

133 677 204 732 bo
220 690 460 730 servum
482 689 693 730 meum
710 672 957 728 Eliacim
969 673 1161 729 ﬁlium
1186 674 1403 729 Helciaz
1423 675 1562 744 (18a.
1586 677 1788 740 xxn),»

132 771 186 822 et
210 763 454 836 reliqua.
493 762 607 827 Qui
659 762 769 818 fuit
796 764 1065 835 pontifex
1094 768 1232 835 post
1263 763 1529 820 Sobnam
1562 777 1791 834 praepo-

130 855 302 911 situm
333 852 541 924 templi
567 868 754 924 quem
784 853 1030 908 tradunt
1049 853 1271 908 Hebraei
1306 853 1603 909 Rabsaces
1627 867 1790 907 com-

131 941 451 999 minatione
475 940 879 1013 perterritum,
916 941 1232 996 tradidisse
1263 957 1484 997 manus
1504 939 1788 1012 Assyriis,

131 1033 186 1085 et
204 1027 543 1101 prodidisse
589 1027 988 1094 Hierusalem,
1022 1035 1079 1086 et
1105 1035 1355 1102 excepta
1385 1045 1521 1087 arce
1557 1029 1695 1085 Sion
1737 1031 1794 1082 et

134 1116 368 1188 templo,
437 1116 716 1188 Assyrios
788 1121 975 1174 totam
1033 1118 1245 1174 urbem
1288 1118 1540 1190 cepisse.
1601 1119 1789 1182 Quem

131 1207 302 1264 etiam
351 1206 579 1264 Sobam
623 1223 764 1263 cum
809 1207 1053 1263 Eliacim
1101 1208 1179 1264 ad
1238 1208 1549 1264 Rabsacen
1597 1206 1791 1262 exisse

129 1295 373 1368 quidam
404 1301 644 1368 putant.
677 1296 988 1352 Rabsacen
1019 1303 1219 1352 autem
1247 1297 1374 1369 (qui
1395 1297 1682 1353 Hebraice
1709 1295 1794 1351 lo-

131 1389 296 1440 cutus
322 1389 457 1452 est),
483 1383 678 1440 ﬁlium
703 1385 870 1440 Isaiae
894 1386 1202 1456 prophetae
1233 1389 1572 1449 autumant,
1609 1385 1716 1456 qui
1735 1386 1794 1442 et

129 1475 250 1546 ipse
272 1475 544 1546 proditor
595 1474 804 1531 fuerat.
841 1476 1254 1548 Helictumque
1279 1476 1472 1532 ﬁlium
1503 1475 1674 1531 Isaias
1704 1474 1791 1530 al—

133 1569 314 1621 terum
347 1569 634 1621 vocatum
665 1565 876 1632 Jasub,
909 1566 1014 1637 qui
1038 1566 1266 1634 Latine,
1298 1566 1570 1621 relictum
1595 1569 1788 1620 sonat.

131 1655 231 1710 Alii
264 1661 465 1710 autem
499 1659 714 1726 putant
743 1671 885 1712 eum
931 1655 1287 1712 Samaritem
1319 1655 1502 1711 tuisse
1551 1660 1610 1712 et
1655 1655 1791 1710 ideo

1901 495 2038 550 Deo.
2073 496 2246 560 Quod
2269 499 2468 552 autem
2501 494 2744 551 Eliacim
2775 494 3053 552 etSobna
3077 499 3138 552 et
3156 497 3344 554 Joahe
3375 497 3571 554 humi-

1896 581 2027 638 liter
2051 584 2453 656 deprecantur
2473 585 2808 653 Rabsacen,
2831 587 2897 641 ut
2925 585 3169 656 Syriace
3191 585 3568 660 loqueretur,

1898 671 2059 727 hunc
2090 689 2335 730 sensum
2360 673 2574 730 habet:
2630 674 2783 739 Quia
2833 689 3081 732 necesse
3118 679 3205 732 est
3262 676 3568 749 populum

1899 759 2062 816 falsis
2095 763 2417 819 terroribus
2439 761 2836 834 commoveri,
2861 768 2921 819 et
2947 778 3173 821 vanam
3201 764 3429 835 jactare
3459 766 3572 822 vir-

1901 854 2108 907 tutem.
2141 875 2168 902 «
2204 856 2470 925 Loquere
2499 852 2771 922 linguam
2789 868 2978 926 quam
3005 853 3272 927 populus
3301 869 3428 912 non
3456 871 3569 912 no-

1899 941 2002 995 vit.
2036 944 2185 996 Nam
2217 945 2273 997 et
2315 958 2430 998 nos
2485 941 2708 1011 linguai
2756 946 2871 998 tua:
2901 942 3201 999 habemus
3230 943 3565 1001 scientiam.

1899 1029 1976 1094 At
2003 1030 2169 1102 quod
2216 1030 2312 1087 ille
2352 1035 2742 1100 arroganter:
2790 1032 3097 1106 Nunquid,
3130 1033 3231 1103 ait,
3261 1033 3345 1091 ad
3371 1034 3570 1091 Domi-

1896 1135 2049 1176 num
2081 1124 2271 1187 tuum,
2303 1124 2360 1176 et
2383 1121 2463 1177 ad
2495 1126 2546 1177 te
2573 1121 2737 1178 misit
2765 1137 2863 1178 me
2893 1121 3178 1179 dominus
3215 1125 3482 1181 meus?»
3514 1127 3570 1182 et

1897 1210 2132 1283 reliqua
2159 1227 2479 1284 usquequo
2506 1211 2607 1278 ait,
2640 1234 2670 1261 «
2692 1215 2751 1268 et
2775 1211 2990 1269 bibant
3009 1212 3247 1270 urinam
3271 1230 3449 1272 suam
3471 1229 3571 1272 vo—

1898 1319 1932 1350 κ
1952 1299 2190 1356 hiscum
2213 1300 2237 1354 ἲ
2257 1322 2286 1350 »
2316 1304 2425 1356 Per
2453 1300 2622 1372 quod
2643 1301 2907 1357 ostendit
2937 1301 3097 1360 fame
3117 1318 3223 1359 eos
3247 1308 3304 1359 et
3330 1303 3570 1362 sitiesse

1897 1389 2248 1460 capiendos.
2280 1390 2591 1463 Simulque
2610 1389 2893 1447 illecebra
2926 1391 3162 1462 mitigat
3190 1391 3486 1465 timorem,
3505 1397 3572 1452 ut

1898 1493 2058 1550 quos
2085 1482 2306 1534 terrore
2333 1495 2456 1534 non
2489 1479 2646 1546 vicit,
2679 1480 3072 1551 persuasione
3101 1478 3382 1553 decipiat.
3403 1484 3470 1539 Et
3483 1481 3574 1538 di-

1898 1568 1978 1623 cit
1994 1582 2064 1624 ex
2091 1583 2352 1640 persona
2377 1569 2567 1638 regis:
2596 1568 2788 1625 Facite
2807 1569 3570 1642 mecumbenedictionem,

1899 1657 2017 1712 hoc
2047 1662 2137 1714 est
2168 1658 2340 1714 facite
2369 1658 2537 1731 quod
2559 1658 2622 1715 in
2647 1663 2914 1715 vestram
2930 1658 3416 1716 benedictionem
3439 1676 3578 1733 pro-

130 1744 480 1802 Hebraicam
507 1743 696 1800 scisse
717 1744 1013 1813 linguam,
1048 1749 1106 1801 et
1129 1750 1249 1801 tam
1281 1745 1570 1801 audacter
1598 1749 1655 1802 et
1683 1747 1792 1800 im-
1825 1761 1864 1816 Β
1899 1745 2081 1814 ticiat,
2113 1745 2448 1804 benedicite
2478 1746 2604 1816 regi
2653 1748 2920 1821 Assyrio,
2955 1753 3013 1804 et
3061 1764 3206 1806 eum
3248 1748 3574 1806 dominum

130 1834 220 1907 pie
245 1837 439 1891 Deum
469 1832 952 1905 blasphemasse.
988 1835 1136 1898 Quia
1161 1834 1338 1906 quasi
1362 1835 1637 1906 quadam
1655 1850 1795 1890 con-

131 1923 304 1980 traria
331 1922 624 1979 fortitudo
647 1938 761 1978 sua
787 1926 1132 1993 arrogantia
1164 1922 1513 1980 imitabatur
1538 1923 1796 1996 propheo

131 2020 216 2070 tas
235 2013 336 2086 qui
368 2013 686 2070 dicebant:
706 2034 737 2064 «
761 2015 895 2070 Hinc
923 2014 1068 2069 dicit
1085 2014 1439 2070 Dominus.»
1457 2017 1571 2069 lste
1599 2013 1750 2069 dixit
1774 2030 1790 2068 :

131 2103 262 2160 Haec
282 2103 427 2160 dicit
451 2118 561 2159 rex
570 2117 831 2172 magnus
846 2118 951 2158 rex
964 2103 1404 2175 Assyriorum.»
1425 2106 1507 2158 Ac
1528 2101 1793 2174 primum

131 2193 267 2266 quia
295 2193 477 2258 dixit:
502 2215 531 2242 «
554 2191 820 2248 Conﬁdis
842 2208 1025 2264 super
1041 2196 1429 2264 Algyptum,»
1446 2191 1668 2248 falsum
1685 2197 1791 2249 est.

131 2282 295 2340 Nulla
326 2283 492 2339 enim
514 2287 722 2339 narrat
743 2282 994 2338 historia
1025 2283 1193 2355 quod
1224 2282 1509 2338 Ezechias
1539 2283 1793 2339 Pharao-

131 2373 220 2428 nis
249 2372 545 2429 auxilium
578 2372 914 2444 postularit.
951 2372 1250 2445 Quodque
1272 2371 1483 2428 infert:
1515 2394 1546 2422 α
1589 2373 1647 2429 Si
1672 2388 1794 2428 res-

135 2462 413 2534 ponderis
431 2463 606 2532 mihi,
625 2462 688 2518 in
716 2461 973 2518 Domino
989 2465 1110 2519 Deo
1131 2461 1516 2530 conﬁdimus,
1532 2483 1565 2514 in
1583 2477 1795 2517 verum

133 2558 234 2607 est.
263 2551 384 2608 Sed
435 2550 753 2622 subjungit
808 2566 1051 2606 rursum
1106 2551 1494 2608 mendacium
1540 2550 1792 2618 veritati,

134 2661 160 2690 α
196 2640 364 2712 quod
387 2640 646 2697 abstulit
666 2639 946 2697 Ezechias
977 2641 1214 2698 excelsa
1243 2641 1377 2712 ejus
1410 2646 1468 2697 et
1495 2639 1729 2698 altaria.
1763 2661 1794 2692 ιο

137 2731 262 2785 Haec
278 2730 444 2787 enim
466 2745 596 2786 non
623 2736 836 2786 contra
860 2730 1072 2799 Deum,
1099 2730 1204 2786 sed
1231 2730 1494 2802 pro'Deo
1523 2730 1676 2798 fecit,
1733 2733 1800 2786 ut

134 2818 430 2878 destructa
443 2819 790 2878 idololatria
803 2824 864 2877 et
887 2824 1103 2877 cratere
1115 2836 1312 2877 errore
1321 2863 1334 2890 ,
1351 2819 1589 2891 juberet
1610 2823 1796 2876 Deum

133 2907 365 2965 adorari
394 2911 459 2966 in
491 2908 884 2974 Hierusalem,
919 2909 1024 2964 ubi
1049 2908 1162 2965 fuit
1183 2908 1474 2981 templum
1490 2910 1642 2980 ejus.
1665 2909 1800 2975 Qui-

133 3013 245 3070 que
294 3004 359 3056 ut
401 2998 774 3071 paucitatem
829 2997 1222 3054 obsessorum
1271 2998 1630 3065 ostenderet,
1675 2999 1798 3055 duo

1901 1836 2293 1907 conﬁtemini,
2309 1843 2372 1893 ut
2386 1836 2637 1909 praemia
2655 1838 3117 1912 consequamini
3135 1857 3150 1908 ;
3168 1839 3366 1896 donec
3379 1854 3574 1897 rever-

1905 1929 1994 1981 tar
2017 1926 2092 1980 de
2123 1929 2397 2000 Egypto,
2430 1926 2525 1982 vel
2569 1932 2749 2000 capta
2779 1927 3052 1985 Lobnam
3080 1928 3364 1986 redeam:
3400 1929 3577 1987 habi-

1904 2018 2023 2072 tate
2050 2015 2112 2071 in
2155 2017 2304 2072 urbe
2351 2021 2572 2088 vestra,
2603 2022 2662 2073 et
2711 2016 2895 2074 rebus
2946 2017 3158 2074 vestris
3186 2016 3474 2088 fruimini,
3513 2021 3575 2076 et

1902 2109 2114 2178 postea
2136 2105 2361 2162 ducam
2393 2122 2501 2161 vos
2531 2107 2592 2162 in
2613 2105 2874 2163 similem
2895 2110 3066 2164 terrm
3095 2111 3308 2164 vestrm
3325 2112 3570 2179 terram,

1901 2211 2094 2267 quam
2132 2201 2336 2251 tamen
2366 2211 2491 2251 non
2525 2195 2876 2265 nominavit,
2931 2196 3080 2268 quia
3109 2196 3366 2254 similem
3394 2196 3450 2253 ei
3478 2198 3573 2254 in-

1906 2286 2108 2341 venire
2152 2301 2273 2341 non
2329 2285 2540 2357 potuit,
2575 2285 2681 2342 sed
2724 2285 3177 2343 similitudinem
3223 2287 3414 2360 ponit.
3446 2287 3574 2343 Hoc

1905 2373 2067 2430 enim
2098 2374 2515 2446 unusquisque
2558 2372 2683 2430 vult
2712 2373 2776 2429 in
2804 2389 2929 2446 quo
2956 2378 3136 2430 natus
3163 2382 3275 2430 est.
3308 2371 3419 2432 Alii
3457 2390 3572 2448 pu-

1905 2467 2036 2519 tant
2066 2468 2285 2518 terram
2314 2463 2515 2519 Mediae
2536 2463 2620 2518 eis
2638 2463 2972 2536 repromitti
2990 2479 3126 2537 quae
3152 2467 3323 2520 terra
3344 2463 3574 2520 Judaam

1906 2552 2363 2608 similitudinem
2394 2552 2638 2620 habeat,
2665 2556 2788 2608 tam
2814 2555 2876 2608 in
2919 2552 3037 2610 situ
3065 2568 3254 2626 quam
3281 2553 3343 2608 in
3372 2553 3574 2610 fructi-

1901 2643 2040 2700 bus.
2073 2642 2247 2708 Quod
2298 2642 2380 2698 ait
2418 2645 2717 2714 Rapsaces
2767 2643 2919 2699 inter
2970 2641 3089 2698 alia
3127 2642 3355 2715 quibus
3384 2643 3575 2699 Deum

1907 2731 2395 2804 blasphemabat,
2428 2731 2701 2788 clamans
2723 2736 2937 2788 contra
2967 2731 3368 2788 Hierusalem:
3394 2753 3422 2782 «
3464 2731 3577 2788 Ubi

1909 2844 1936 2872 ‹‹
1970 2827 2059 2877 est
2086 2823 2241 2876 Deus
2275 2821 2526 2876 ilemath
2553 2825 2610 2876 et
2639 2819 2932 2892 Arphad?
2983 2819 3092 2877 Ubi
3139 2825 3234 2877 est
3287 2822 3445 2877 Deus
3477 2822 3576 2878 Se-

1907 2933 1936 2961 ι‹
1971 2910 2312 2983 pharvaim,
2360 2911 2492 2966 Ana
2531 2915 2589 2966 et
2619 2910 2788 2966 Ava?
2839 2908 3126 2983 Nunquid
3169 2909 3578 2966 liberaverunt

1909 3022 1939 3050 κ
1971 2999 2309 3056 Samariam
2347 2999 2423 3053 de
2468 3014 2659 3054 manu
2707 2999 2893 3054 mea?
2941 3020 2972 3050 ν
3030 2998 3302 3055 Ostendit
3354 2999 3575 3056 harum

135 3086 314 3144 millia
341 3103 644 3160 equorum
664 3087 1275 3160 pollicetur,quorum
1289 3103 1646 3146 aseensores
1671 3091 1800 3144 Eze-
1830 3125 1871 3182 ο
1907 3089 2184 3146 omnium
2233 3089 2538 3144 civitatum
2567 3088 2690 3143 sive
2723 3087 2993 3157 gentium
3021 3087 3140 3143 diis
3185 3087 3441 3144 servisse
3471 3090 3577 3144 Sa-

134 3176 293 3233 chias
316 3194 446 3234 non
469 3176 741 3235 haberet.
777 3180 906 3234 Non
937 3177 1011 3233 de
1039 3176 1444 3234 imbecillitate
1462 3177 1676 3250 populi
1697 3193 1797 3233 ve-

134 3267 236 3334 nit,
268 3267 448 3340 quasi
474 3266 788 3339 equitandi
826 3266 1044 3337 ignari,
1098 3268 1206 3322 sed
1261 3267 1338 3323 de
1375 3267 1799 3324 observatione

135 3362 578 3430 praeceptorum
610 3357 732 3427 Dei,
762 3357 909 3430 quia
930 3356 1114 3428 Moysi
1156 3356 1461 3429 praecepit,
1483 3372 1560 3412 ne
1587 3372 1695 3413 rex
1723 3361 1800 3412 ls-

134 3446 251 3503 rael
264 3463 462 3520 equos
487 3451 548 3503 et
570 3463 789 3503 uxores
809 3446 925 3504 sibi
941 3445 1381 3518 multiplicaret.
1405 3446 1462 3503 Si
1480 3446 1803 3518 autem(in-

133 3536 278 3607 quit)
308 3553 409 3593 me
440 3537 770 3594 minimum
826 3551 1140 3592 servorum
1196 3535 1356 3604 regis
1396 3535 1800 3593 Sennacherib

134 3627 420 3683 sustinere
443 3641 572 3682 non
601 3625 792 3696 vales,
815 3624 1127 3698 quomodo
1158 3630 1390 3682 tantam
1415 3625 1573 3682 illius
1597 3631 1803 3698 poten-

135 3714 272 3772 tiam
305 3715 639 3773 sustinebis
660 3715 793 3771 ?Ad
816 3715 879 3771 id
907 3722 1113 3771 autem
1143 3715 1311 3786 quod
1335 3715 1518 3771 dixit:
1554 3737 1580 3764 «
1603 3715 1663 3771 Si
1677 3731 1800 3772 res-

136 3806 416 3876 ponderis
446 3806 625 3873 mihi,
649 3805 709 3860 in
739 3805 996 3861 Domino
1014 3805 1134 3860 Deo
1155 3805 1576 3879 conﬁdimus,»
1589 3804 1802 3862 callide

135 3895 442 3968 respondit
468 3911 534 3951 se
565 3911 691 3951 non
717 3911 828 3952 sua
842 3895 1170 3964 voluntate,
1189 3895 1296 3951 sed
1315 3895 1554 3951 Domini
1568 3895 1803 3952 venisse

136 3987 466 4059 praeceptis.
488 4007 520 4034 ‹‹
555 3985 704 4042 Dixit
733 3985 1024 4042 Dominus
1051 3985 1129 4041 ad
1159 4001 1258 4040 me
1283 4001 1298 4040 :
1325 3985 1598 4042 Ascende
1623 4001 1806 4058 super

138 4078 349 4133 terram
368 4081 432 4132 et
459 4075 748 4148 disperde
763 4090 925 4145 eam,
951 4096 980 4126 ››
1004 4077 1062 4130 et
1090 4080 1180 4131 est
1204 4079 1653 4143 argumentum.
1674 4078 1805 4133 Cer-

138 4168 197 4220 ta
224 4166 386 4222 enim
417 4167 553 4222 sine
584 4165 823 4221 Domini
854 4165 1165 4221 voluntate
1181 4164 1302 4220 huc
1331 4164 1535 4221 venire
1559 4180 1684 4221 non
1698 4180 1806 4237 po-

141 4257 344 4313 teram.
369 4261 526 4315 Cum
559 4259 762 4312 autem
783 4254 1074 4324 venerim,
1108 4259 1166 4310 et
1184 4254 1405 4312 multas
1434 4255 1614 4310 urbes
1637 4252 1851 4328 σερε-⁸

140 4343 268 4414 tim,
299 4351 358 4403 et
384 4363 536 4420 pars
567 4345 935 4402 Hierusalem
965 4351 1212 4400 maneat
1233 4345 1479 4412 intacta,
1527 4345 1808 4401 manifes-

141 4436 264 4490 tum
291 4439 380 4492 est
407 4451 516 4492 me
541 4435 678 4506 ejus
709 4433 1019 4491 voluntate
1038 4433 1304 4490 venisse.

209 4545 236 4574 α
267 4524 562 4581 Dixerunt
603 4528 810 4580 autem
845 4522 1090 4580 Eliacim
1120 4522 1281 4579 ﬁlius
1307 4522 1525 4580 Helciaa
1553 4526 1612 4579 et
1657 4523 1806 4580 Sob-

142 4634 172 4662 α
197 4629 275 4671 na
301 4619 358 4671 et
382 4615 578 4672 Joahe
609 4614 871 4671 Rabsaci
895 4631 909 4669 :
947 4616 1269 4670 Precamur
1295 4619 1360 4670 ut
1404 4613 1676 4686 loquaris
1703 4629 1806 4669 no-

145 4702 288 4759 «bis
320 4705 515 4760 servis
571 4703 690 4760 tuis
743 4704 1007 4776 Syriaca,
1063 4703 1365 4775 siquidem
1421 4703 1810 4773 intelligimus

148 4793 352 4849 «hanc
377 4793 682 4864 linguam,
719 4798 777 4850 et
828 4809 953 4849 non
1007 4792 1274 4865 loquaris
1321 4792 1499 4848 nobis
1541 4793 1810 4861 Judaice,

147 4903 174 4932 ι
200 4884 486 4940 audiente
517 4883 771 4956 populo,
793 4883 904 4956 qui
933 4887 1023 4941 est
1047 4899 1229 4956 super
1256 4899 1522 4939 murum.
1549 4886 1815 4956 Respon-

149 4990 177 5026 ‹
204 4972 408 5046 ditque
435 4973 528 5030 eis
559 4973 885 5041 Rabsaces,
917 4973 1162 5028 dicens:
1194 4971 1480 5045 Nunquid
1505 4973 1584 5029 ad
1615 4971 1816 5028 Domi-

151 5083 178 5112 c
207 5078 356 5120 num
387 5069 570 5120 tuum
594 5067 652 5118 et
681 5063 756 5119 ad
780 5068 836 5120 te
884 5063 1046 5118 misit
1089 5079 1187 5118 me
1206 5062 1496 5118 dominus
1528 5078 1722 5134 meus,
1754 5065 1820 5117 ut

150 5173 180 5200 α
209 5151 488 5227 loquerer
513 5169 828 5210 sermones
857 5155 992 5218 hos,
1025 5159 1083 5209 et
1125 5168 1250 5208 non
1304 5152 1503 5225 potius
1549 5153 1632 5207 ad
1657 5152 1819 5208 viros

158 5259 177 5293 ι
205 5245 308 5315 qui
334 5245 558 5301 sedent
581 5259 763 5316 super
792 5260 1061 5314 murum,
1113 5247 1180 5298 ut
1209 5242 1533 5299 comedent
1559 5245 1822 5298 stercora

153 5349 185 5384 ‹
211 5349 336 5401 sua,
370 5338 430 5390 et
475 5333 697 5390 bibant
751 5333 992 5390 urinam
1046 5348 1222 5388 suam
1269 5331 1612 5401 vobiscum,
1646 5351 1676 5381 ι»
1706 5335 1819 5386 etc.

158 5423 437 5494 Rapsacis
509 5423 838 5490 accusatio,
910 5421 1172 5478 Ezechiae
1231 5419 1639 5477 testimonium
1707 5423 1853 5486 est,

157 5511 295 5580 quia
316 5514 512 5586 captis
541 5513 767 5568 Judieee
799 5513 1074 5582 urbibus,
1136 5514 1196 5566 in
1243 5510 1497 5565 Domino
1551 5510 1820 5564 conﬁsus

163 5601 250 5668 sit,
276 5609 332 5660 et
350 5605 716 5661 confortavit
735 5604 1031 5676 populum
1073 5607 1139 5658 ut
1167 5602 1228 5656 in
1249 5601 1504 5656 Domino
1535 5605 1821 5672 speraret.

168 5692 322 5750 Unde
347 5699 655 5770 Rapsaces
685 5696 990 5751 destruere
1019 5693 1144 5750 vult
1172 5709 1308 5765 quae
1338 5691 1434 5747 ille
1471 5691 1823 5759 construxit,

163 5783 224 5839 et
267 5783 411 5844 dicit
465 5785 550 5843 ad
606 5783 968 5858 populum;
1015 5787 1152 5841 Non
1217 5782 1469 5838 seducet
1519 5796 1630 5838 vos
1697 5783 1828 5838 Eze-

1910 3179 2179 3244 maritas,
2211 3182 2271 3233 et
2297 3177 2442 3248 quia
2485 3191 2612 3232 non
2653 3180 2825 3232 erant
2867 3175 2971 3246 dii,
3005 3175 3116 3232 sed
3141 3175 3329 3244 idola,
3357 3175 3574 3232 merito

1909 3269 2165 3325 cultores
2194 3267 2495 3333 vanitatis,
2523 3271 2587 3323 ut
2616 3265 2892 3337 decebat,
2922 3281 3054 3322 esse
3095 3265 3442 3322 subversos.
3476 3268 3576 3322 Est

1908 3363 2113 3416 autem
2137 3358 2384 3414 Hemath
2411 3357 2557 3412 urbs
2589 3355 2920 3429 Celesyriae,
2963 3371 3103 3428 quis
3131 3371 3296 3412 nunc
3313 3356 3575 3428 Epipha-

1909 3449 2011 3505 nia
2040 3447 2279 3518 dic-itur,
2307 3448 2481 3517 juxta
2511 3450 2793 3515 Emesan,
2839 3449 2907 3502 ut
2952 3461 3142 3518 supra
3197 3445 3570 3502 monuimus.

1910 3537 2152 3610 Arphad
2206 3537 2321 3592 ubs
2364 3535 2664 3599 Damasci,
2696 3550 2887 3608 quam
2929 3538 3339 3608 expugnatam
3369 3551 3408 3592 e
3432 3550 3574 3606 rege

1909 3628 2289 3700 Assyriorum
2316 3631 2374 3682 et
2400 3625 2660 3683 Jeremia
2690 3624 2912 3681 scribit.
2949 3624 3362 3698 Sepharvaim,
3403 3624 3576 3699 quod

1909 3733 2166 3774 numero
2191 3716 2408 3789 piurali
2439 3715 2624 3772 libros
2651 3714 2744 3772 vel
2758 3714 2985 3772 litteras
3014 3719 3212 3783 sonat,
3240 3730 3465 3771 nomen
3485 3718 3578 3772 est

1909 3809 2184 3865 locorum
2212 3807 2288 3862 de
2314 3806 2538 3879 quibus
2565 3805 2790 3878 Assyrii
2815 3804 3314 3874 transmigrantes
3339 3802 3577 3861 habita—

1913 3900 2125 3954 verunt
2153 3896 2214 3951 in
2245 3895 2536 3962 Samaria,
2567 3897 2635 3950 ut
2685 3893 2752 3950 in
2795 3896 3090 3950 Locorum
3143 3891 3312 3949 libris
3339 3892 3576 3949 inveni-

1911 4004 2070 4044 mus.
2101 3989 2316 4042 Verum
2347 3985 2410 4041 in
2435 3985 2586 4042 lsaia
2613 3984 2731 4040 hoc
2774 3998 3021 4056 quoque
3050 3981 3418 4040 vocabulum
3442 3998 3578 4040 esse

1915 4075 2168 4133 civitatis
2188 4079 2461 4148 apparet,
2490 4073 2595 4130 ubi
2622 4076 2825 4147 aperte
2849 4072 3098 4129 dicitur:
3131 4093 3161 4123 «
3180 4072 3287 4129 Ubi
3311 4077 3402 4129 est
3415 4073 3579 4129 Deus

1913 4166 2082 4223 urbis
2110 4163 2501 4237 Sepharvaim
2535 4165 2679 4230 (Isa.
2710 4164 2978 4232 xxxvii)?
3008 4183 3038 4214 κ
3071 4162 3310 4219 tametsi
3336 4161 3579 4235 plurali-

1917 4262 2004 4314 ter
2041 4255 2267 4312 dictum
2300 4259 2364 4311 ut
2393 4254 2755 4323 Thebarum,
2786 4254 3180 4310 Athenarum.
3210 4256 3322 4310 Pro
3353 4253 3494 4311 Ana
3521 4255 3582 4310 et

1914 4348 2070 4415 Ava,
2101 4350 2274 4402 vetus
2303 4343 2506 4413 editio,
2533 4344 2712 4417 quasi
2739 4343 2920 4401 unius
2942 4343 3114 4401 urbis
3137 4357 3365 4400 nomen
3419 4343 3582 4401 Ane-

1921 4439 2186 4509 tz'gavam
2215 4434 2459 4509 posuit;
2511 4438 2566 4490 et
2613 4433 2860 4506 quidem
2885 4433 2949 4490 in
2999 4433 3246 4491 Hebrmo
3286 4433 3372 4490 ita
3397 4432 3586 4506 scrip-

1920 4532 2050 4584 tum
2078 4533 2185 4583 est.
2221 4529 2433 4582 Verum
2463 4523 2608 4598 quia
2628 4523 2840 4597 quinta
2870 4522 3108 4595 syllaba
3132 4524 3184 4578 ιε
3209 4539 3348 4596 qua
3375 4522 3440 4579 in
3460 4537 3586 4580 me-

1919 4616 2023 4672 dio
2038 4614 2302 4671 nominis
2317 4613 2517 4688 posita
2543 4619 2653 4682 est,
2684 4609 3176 4682 conjunctionem
3204 4613 3263 4666 et
3283 4608 3452 4681 apud
3477 4624 3586 4665 eos

1921 4703 2238 4776 signiﬁcat,
2261 4705 2460 4775 potest
2475 4704 2535 4756 et
2556 4700 2642 4758 ita
2668 4698 2974 4767 distingui,
3007 4701 3073 4753 ut
3099 4696 3352 4764 dicatur,
3383 4711 3501 4753 (me
3528 4699 3590 4754 et

1922 4809 2092 4866 gave,
2118 4797 2186 4849 ut
2213 4790 2432 4864 Aquila
2460 4787 2781 4858 transtulit,
2803 4786 2928 4843 sive
2954 4786 3096 4842 Ana
3125 4789 3184 4841 et
3207 4785 3366 4852 Ara,
3388 4787 3454 4842 ut
3480 4799 3590 4841 no-

1926 4890 2049 4941 ster
2069 4883 2242 4940 vertit
2266 4881 2578 4954 interpres.
2612 4877 2712 4934 Sin
2741 4880 2965 4945 autem,
2991 4877 3077 4932 ait
3093 4873 3272 4932 tantis
3301 4873 3418 4930 diis
3437 4890 3591 4948 prai-

1927 4974 2202 5031 sentibus
2242 4972 2513 5044 quinque
2569 4967 2762 5025 tribus
2800 4965 3056 5021 vicimus
3111 4963 3304 5033 facile,
3355 4969 3590 5038 quanto

1927 5064 2124 5133 magis
2154 5062 2348 5118 solam
2377 5057 2743 5116 Hierusalem
2775 5070 2898 5112 uno
2929 5055 3050 5112 Deo
3078 5054 3336 5128 priesule
3385 5055 3592 5114 vince-

1927 5153 2111 5212 mus?
2165 5153 2314 5207 Vere
2361 5151 2562 5222 justus
2623 5144 2901 5203 Ezechias
2953 5146 3162 5202 omnia
3207 5161 3424 5218 regens
3449 5161 3592 5202 cum

1931 5243 2178 5302 consilio
2210 5239 2519 5313 prohibuit
2557 5238 2610 5293 ei
2644 5234 3037 5309 respondere,
3072 5250 3148 5292 ne
3178 5250 3320 5293 eum
3358 5234 3441 5294 ad
3465 5249 3596 5292 ma-

1926 5334 2089 5406 jores
2114 5328 2524 5402 blasphemiae
2567 5331 2949 5399 provocarat.

2003 5445 2032 5472 ‹‹
2057 5419 2350 5490 Venitque
2384 5416 2629 5472 Eliacim
2659 5414 2819 5471 ﬁlius
2852 5413 3066 5471 Helciaa
3091 5411 3456 5486 praepositus
3485 5411 3596 5468 do-

1938 5535 1966 5564 ‹‹
1995 5527 2132 5567 mus
2157 5513 2214 5564 et
2246 5508 2448 5564 Sobna
2472 5506 2670 5561 scriba
2695 5509 2752 5560 ct
2772 5504 2935 5558 Joliae
2956 5502 3113 5558 ﬁlius
3145 5502 3348 5573 Asaph
3375 5519 3410 5559 a
3431 5517 3599 5558 com.

1937 5625 1965 5652 ι(
1994 5597 2300 5656 mentariis
2327 5596 2405 5653 ad
2431 5593 2763 5660 Ezechiam,
2797 5593 3003 5648 scissis
3036 5591 3325 5659 vestibus,
3355 5595 3412 5648 et
3441 5607 3601 5650 nun-

1936 5709 1968 5746 ‹
1992 5689 2288 5747 tiaveruut
2311 5686 2366 5742 ei
2395 5684 2579 5741 verba
2609 5681 2916 5755 Rapsaeis.
2949 5704 2977 5732 »
