3968 6398
438 291 539 344 527

1073 406 1250 461 CAPU
1265 407 1295 460 l‘
1332 406 1476 461 XIX.

509 519 539 549 ‹‹
573 499 712 562 Quae
744 511 882 551 cum
903 493 1169 550 audisset
1207 495 1500 561 Ezechias,
1533 494 1707 549 scidit
1749 493 2101 548 vestimenta

439 609 469 638 κ
501 602 632 650 sua,
652 589 709 642 et
723 588 966 657 opertus
982 587 1070 638 est
1091 599 1286 652 sacco,
1306 585 1730 656 ingressusque
1741 587 1829 637 est
1843 582 2097 636 domum

437 699 468 726 «
498 673 755 742 Domini,
787 677 843 730 et
872 672 1036 728 misit
1067 672 1309 728 Eliacim
1337 673 1727 746 praepositum
1768 671 2012 731 domus,
2041 673 2098 726 et

438 787 467 817 α
499 764 763 822 Sobnam
785 762 1067 830 scribam,
1096 767 1156 819 et
1175 779 1349 820 senes
1369 763 1444 819 de
1477 761 1911 828 sacerdotibus,
1929 775 2097 832 oper-

437 877 466 905 «
498 859 589 912 tos
617 852 828 924 saccis,
861 852 940 909 ad
971 853 1185 909 Isaiam
1234 853 1596 926 prophetam
1643 851 1833 906 ﬁlium
1887 852 2092 904 Amos.

435 967 464 996 ‹‹
499 943 609 1009 Qui
639 942 922 998 dixerunt
947 940 999 996 ei
1025 959 1038 996 :
1065 944 1199 997 Haec
1218 941 1362 997 dicit
1389 941 1669 996 Ezechias
1697 957 1708 993 :
1742 939 1874 994 Dies
1911 937 2096 993 tribu-

433 1053 461 1080 α
494 1030 752 1098 lationis,
783 1033 841 1085 et
864 1028 1312 1102 increpationis,
1341 1034 1398 1084 et
1423 1026 1823 1100 blasphemiae
1851 1025 1978 1081 dies
2011 1025 2094 1080 is-

431 1141 463 1170 α
485 1124 562 1177 te.
592 1120 901 1175 Venerunt
928 1117 1030 1172 ﬁlii
1059 1133 1257 1190 usque
1301 1117 1382 1173 ad
1407 1121 1674 1190 partum,
1707 1121 1762 1171 et
1786 1114 1942 1170 vires
1970 1129 2093 1170 non

433 1233 463 1260 α
491 1209 678 1266 habet
700 1207 1064 1281 parturiens,
1093 1228 1120 1257 ››
1142 1212 1250 1263 etc.
1279 1207 1568 1263 Scindunt
1591 1205 1945 1261 vestimenta
1960 1219 2089 1272 sua,

429 1297 575 1371 quia
601 1299 914 1370 Bapsacen
965 1294 1220 1352 audiunt
1247 1295 1796 1367 blasphemantem.
1833 1291 2014 1350 Scidit
2038 1296 2094 1349 et

427 1402 535 1443 rex
562 1391 796 1443 vestem
818 1399 1014 1452 suam,
1045 1384 1192 1456 quia
1218 1400 1330 1457 pro
1351 1383 1558 1458 populi
1589 1387 1645 1440 et
1662 1382 1784 1438 suis
1814 1397 1943 1437 esse
1959 1395 2092 1454 pec-

429 1476 580 1532 catis
613 1474 915 1545 credebat,
946 1473 1114 1546 quod
1145 1477 1445 1546 Rapsaces
1503 1489 1696 1545 usque
1743 1472 1821 1528 ad
1851 1475 2090 1544 portam

429 1562 595 1619 venit
619 1561 1006 1633 Hierusalem,
1042 1565 1098 1617 et
1134 1566 1341 1618 contra
1389 1561 1708 1617 dominum
1736 1560 1877 1617 talia
1906 1559 1980 1615 sit
2006 1558 2091 1614 lo-

1425 319 1431 324 ε
1534 281 1891 338 ANGELOMI
1947 277 2394 334 LUXOVIENSIS
2434 275 2747 334 MONACHI
2839 289 2844 293 ‘
3740 285 3827 339 528

2283 423 2310 449 «
2343 402 2550 474 Itaque
2608 415 2746 456 cum
2801 397 3128 470 accepisset
3176 397 3453 454 Ezechias
3505 399 3714 458 litteras
3765 405 3829 460 de

2208 513 2237 540 «
2269 507 2457 548 manu
2486 490 2854 549 nuntiorum,
2880 494 2935 543 et
2961 488 3201 556 legisset
3231 503 3355 556 eas,
3379 491 3638 546 ascendit
3664 491 3719 547 in
3735 494 3827 548 do-

2206 601 2235 630 κ
2266 596 2437 636 mum
2469 578 2724 645 Domini,
2750 576 3111 650 etexpandit
3135 593 3236 632 eas
3267 593 3472 634 coram
3505 579 3762 647 Domino,
3782 587 3829 637 et

2205 689 2234 718 κ
2261 670 2453 725 oravit
2489 668 2550 725 in
2578 672 2904 740 conspectu
2933 666 3087 737 ejus,
3119 666 3326 722 dicens
3353 684 3366 735 ;
3412 667 3651 724 Domine
3695 673 3828 725 Deus

2204 778 2232 805 «
2266 755 2466 824 Israel,
2500 755 2605 828 qui
2624 754 2795 810 sedes
2827 769 3008 826 super
3037 753 3371 822 cherubim,
3402 757 3466 811 tu
3491 771 3553 810 es
3581 755 3724 812 Deus
3755 773 3831 813 so-

2203 866 2232 894 «ι
2272 843 2366 900 lus
2400 844 2676 900 omnium
2705 858 2917 913 regum
2962 846 3151 910 terrae,
3205 846 3269 898 tu
3308 841 3494 898 fecisti
3542 843 3745 900 coelum
3783 850 3831 901 et

2202 955 2232 983 «
2262 937 2504 991 terram.
2548 932 2794 1004 Inclina,
2850 931 3121 1003 Domine,
3152 947 3363 988 aurem
3416 936 3578 988 tuam
3607 937 3662 990 et
3685 933 3827 1000 audi,

2200 1046 2230 1074 α
2264 1024 2428 1098 aperi
2457 1023 2664 1080 oculos
2701 1027 2853 1090 tuos,
2885 1023 3157 1092 Domine,
3191 1026 3248 1078 et
3274 1021 3432 1090 vide,
3481 1028 3538 1078 et
3563 1022 3698 1078 audi
3721 1039 3830 1079 om-

2201 1135 2230 1164 ‹‹
2256 1113 2358 1169 nia
2385 1112 2571 1168 verba
2598 1111 3024 1181 Sennaclierib,
3055 1126 3192 1184 quas
3223 1110 3382 1168 misit
3429 1115 3496 1167 ut
3536 1112 3831 1184 exprobra-

2201 1225 2228 1251 ‹‹
2261 1205 2349 1256 ret
2372 1201 2550 1257 nobis
2577 1204 2765 1257 Deum
2793 1199 3115 1268 viventem,
3136 1223 3165 1250 »
3191 1205 3249 1256 et
3267 1199 3515 1273 reliqua.
3547 1200 3703 1256 Prius
3717 1203 3832 1255 Eze-

2199 1289 2364 1344 chias
2392 1287 2631 1344 Domini
2659 1288 2873 1344 timore
2902 1288 3266 1360 perterritus,
3297 1303 3468 1344 orare
3519 1287 3579 1343 in
3632 1287 3832 1360 templo

2207 1391 2331 1432 non
2361 1375 2643 1448 audebat,
2664 1375 2760 1431 vel
2786 1375 3007 1432 liberas
3038 1375 3287 1432 fundere
3317 1391 3557 1448 preces:
3590 1381 3722 1432 tunc
3744 1392 3833 1432 au-

2202 1468 2343 1532 tem,
2377 1465 2523 1538 quia
2570 1463 2736 1522 audit
2782 1464 2998 1520 Isaiam
3027 1464 3362 1520 dicentem:
3393 1487 3422 1516 ς
3456 1468 3534 1521 Ne
3588 1465 3832 1521 timeasa

2216 1553 2366 1610 facie
2395 1555 2716 1611 verborum
2757 1567 2891 1626 quae
2921 1553 3139 1611 audisti
3169 1556 3309 1622 (Isa.
3337 1555 3586 1626 xxxvii),
3619 1577 3645 1604 »
3676 1558 3730 1610 et
3752 1570 3830 1609 re-

429 1656 628 1708 cutus.
660 1651 801 1707 Mira
829 1651 984 1721 regis
1009 1649 1315 1706 humilitas
1350 1655 1406 1707 et
1433 1649 1753 1722 prudentia
1781 1649 1794 1705 !
1827 1647 2088 1705 Dimisso
2194 1643 2382 1717 liqua,
2408 1644 2693 1701 audacter
2723 1643 3047 1700 Dominum
3088 1645 3464 1717 deprecatur.

426 1741 592 1812 regio
613 1739 798 1803 cultu,
831 1739 1154 1796 obvolutus
1186 1755 1385 1808 sacco,
1437 1739 1515 1795 ad
1559 1738 1855 1812 templum
1892 1737 2087 1810 pergit
2116 1725 2155 1780 Β
2266 1753 2298 1788 ‹
2329 1733 2476 1790 Misit
2503 1738 2704 1790 autem
2732 1733 2918 1789 Isaias
2954 1732 3113 1788 ﬁlius
3163 1738 3347 1789 Amos
3396 1733 3477 1789 ad
3521 1733 3829 1798 Ezechiam,

427 1829 503 1885 de
532 1829 755 1902 palatio
783 1846 796 1897 ;
829 1829 1130 1902 principes
1161 1828 1564 1898 sacerdotum,
1605 1843 1729 1884 non
1763 1825 1948 1895 stolis,
1981 1825 2087 1882 sed

426 1917 628 1973 ciliciis
659 1916 836 1972 mittit
859 1917 938 1972 ad
971 1917 1191 1973 Isaiam
1224 1922 1564 1990 coopertos,
1589 1921 1646 1972 et
1673 1914 1856 1971 dixit:
1903 1937 1929 1964 κ
1954 1914 2087 1970 Dies

422 2005 552 2062 haec
580 2004 980 2061 tribulationis
992 2004 1633 2076 nostrae,correptionis
1657 2003 1778 2075 Dei,
1809 2002 2087 2076 blasphe-

419 2094 558 2151 miae
583 2094 866 2150 hostium.
900 2117 927 2145 ››
954 2095 1241 2168 Ponitque
1268 2095 1719 2150 similitudinem
1754 2092 2085 2167 parturien-

422 2182 496 2237 tis
520 2182 760 2238 feminae
791 2185 847 2239 et
875 2181 1155 2254 dolentis,
1187 2199 1326 2255 quae
1357 2183 1435 2239 ad
1465 2188 1705 2255 partum
1735 2197 1928 2254 usque
1954 2196 2086 2254 per-

420 2272 602 2343 venit,
634 2275 691 2328 et
712 2286 999 2341 generare
1027 2287 1152 2328 non
1181 2271 1394 2344 possit.

492 2381 521 2410 α
549 2359 606 2417 Si
635 2361 948 2432 quomodo
972 2360 1180 2417 audiat
1203 2360 1494 2416 Dominus
1530 2363 1680 2416 Deus
1699 2364 1854 2416 tuus.
1893 2380 1919 2410 ›
1955 2362 2083 2416 Non

420 2449 583 2506 enim
615 2449 911 2506 audemus
932 2449 1128 2505 dicere
1155 2450 1430 2505 omnium
1444 2454 1718 2505 nostrum
1738 2448 2082 2513 Dominum,

419 2554 545 2611 quo
573 2537 865 2594 irascente
895 2543 1060 2594 tanta
1077 2538 1464 2610 perpetimur,
1490 2537 1595 2592 sed
1627 2541 1797 2593 tuum
1826 2537 2083 2593 dicimus

424 2626 780 2696 Dominum;
837 2631 896 2682 et
941 2627 1100 2683 hanc
1151 2626 1451 2682 habemus
1493 2625 1732 2681 ultionis
1771 2625 2080 2697 ﬁduciam,

426 2716 721 2789 quoniam
751 2717 954 2772 vivens
976 2719 1131 2772 Deus
1152 2716 1627 2789 blasphematur,
1651 2733 1688 2772 a
1709 2715 1938 2772 cultura
1958 2716 2083 2772 ido-

423 2801 625 2860 lorum
650 2808 1050 2859 mortuorum.

492 2914 521 2943 ‹‹
559 2894 716 2948 Leva
742 2907 886 2964 ergo
935 2893 1270 2950 orationem
1324 2899 1590 2950 nostram
1637 2892 1938 2964 jacentem
1971 2910 2079 2966 pro

421 3003 451 3032 ‹‹
481 2980 745 3054 reliquiis
768 2981 1002 3054 fpopuli
1030 2998 1166 3055 quae
1196 2982 1564 3038 obsidentur.
1596 3006 1624 3032 ››
1658 2983 1945 3038 Praevenit
1974 2999 2078 3039 eos

2195 1844 2226 1873 α
2251 1823 2487 1880 dicens:
2539 1824 2672 1879 Haec
2703 1822 2846 1878 dicit
2884 1822 3174 1880 Dominus
3227 1825 3384 1878 Deus
3437 1822 3657 1880 Israel:
3706 1823 3831 1888 Quae

2193 1932 2223 1961 «
2254 1910 2612 1984 deprecatus
2641 1914 2732 1967 est
2762 1926 2859 1966 me
2899 1927 3080 1984 super
3131 1911 3534 1968 Sennacherib
3563 1926 3696 1980 rege
3734 1913 3830 1964 As-

2193 2023 2223 2052 «
2252 2001 2572 2074 syriorum,
2605 2000 2832 2057 audivi.
2863 2005 2974 2058 Iste
3026 2005 3114 2058 est
3159 2017 3357 2057 sermo
3394 2016 3578 2074 quem
3619 1999 3831 2056 locutus

2191 2111 2221 2142 ς(
2254 2095 2344 2147 est
2374 2089 2664 2148 Dominus
2684 2089 2760 2146 de
2788 2106 2859 2146 eo
2884 2108 2897 2147 :
2954 2090 3185 2163 Sprevit
3211 2096 3266 2147 te
3295 2094 3352 2146 et
3380 2089 3765 2146 subsannavit
3784 2093 3829 2142 te

2191 2201 2220 2229 «
2253 2179 2424 2251 virgo
2450 2179 2576 2236 ﬁlia
2606 2179 2765 2237 Sion.
2803 2181 2943 2237 Post
2995 2184 3231 2250 tergum
3288 2184 3461 2236 tuum
3511 2184 3687 2253 caput
3723 2193 3830 2233 mo-

2193 2270 2329 2326 «vit
2357 2267 2482 2327 ﬁlia
2530 2269 2922 2326 Hierusalem.
2978 2270 3082 2326 Cui
3131 2269 3507 2342 exprobrasti
3560 2274 3616 2325 et
3666 2283 3828 2341 quem

2192 2378 2223 2412 ‹
2256 2359 2732 2432 blasphemasti?
2762 2361 2980 2415 Contra
3009 2375 3194 2432 quem
3223 2358 3498 2415 exaltasti
3526 2373 3747 2423 vocem,
3783 2360 3832 2410 et

2191 2470 2220 2500 «
2253 2448 2491 2505 elevasti
2533 2449 2594 2504 in
2641 2449 2945 2505 excelsum
2976 2447 3183 2504 oculos
3218 2453 3350 2504 tuos
3371 2449 3398 2503 ?
3432 2449 3647 2504 Contra
3675 2461 3829 2502 sanc-

2190 2556 2222 2591 ‹
2251 2541 2379 2593 tum
2407 2537 2608 2606 Israel,
2640 2560 2669 2588 »ι
2729 2541 2786 2594 et
2828 2536 3076 2610 reliqua.
3128 2535 3392 2609 Denique
3447 2536 3714 2592 Ezechias
3741 2549 3829 2590 au-

2187 2626 2396 2683 dacter
2424 2627 2745 2683 Dominum
2775 2627 3155 2700 deprecatur,
3182 2642 3293 2682 nec
3321 2627 3488 2682 misit
3513 2626 3591 2682 ad
3636 2623 3829 2681 Isaiam

2188 2719 2254 2771 ut
2280 2715 2448 2788 prius
2473 2716 2625 2784 fecit,
2651 2732 2774 2772 non
2802 2716 2932 2789 ipse
2964 2717 3258 2789 propheta
3313 2716 3511 2788 pergit
3549 2713 3628 2771 ad
3677 2727 3822 2778 eum,

2189 2805 2298 2861 sed
2328 2805 2570 2862 nuntios
2593 2805 2759 2861 misit
2787 2805 2890 2877 qui
2931 2806 3031 2861 Dei
3083 2821 3446 2877 responsum
3475 2803 3736 2860 deferant
3763 2798 3829 2854 ad

2187 2911 2327 2951 eum
2353 2912 2369 2951 :
2397 2917 2424 2946 «
2463 2895 2644 2964 Virgo
2703 2895 2864 2962 Sion,
2914 2899 2971 2951 et
3021 2895 3146 2950 ﬁlia
3200 2894 3646 2950 Hierusalem.»
3703 2893 3828 2956 Quae

2187 2984 2323 3041 ideo
2347 2985 2518 3056 virgo
2559 2984 2774 3040 dicitur
2802 2989 2859 3040 et
2910 2984 3054 3054 ﬁlia,
3085 2984 3229 3057 quia
3286 2984 3518 3040 cunctis
3573 2980 3828 3053 gentibus

418 3069 600 3126 Isaias
631 3070 770 3141 (Isa.
815 3072 1054 3143 xxxvu),
1115 3071 1258 3145 quia
1305 3086 1378 3127 eo
1442 3072 1650 3144 spiritu
1697 3087 1821 3143 quo
1879 3071 2080 3128 futura
2109 3085 2149 3140 ο
2188 3073 2512 3129 simulacra
2543 3077 2921 3130 mortuorum
2951 3073 3365 3135 adorantibus,
3401 3073 3533 3128 haec
3559 3071 3683 3127 sola
3703 3084 3824 3125 con-

415 3160 724 3231 noscebat,
758 3161 939 3219 etiam
968 3162 1282 3219 absentem
1333 3162 1621 3218 audierat.
1660 3164 1814 3222 Haec.
1863 3161 2075 3234 inquit,

414 3249 591 3306 dicite
620 3249 870 3306 domino
899 3257 1136 3308 vestro:

487 3341 621 3394 Haec
641 3338 784 3394 dicit
810 3339 1128 3397 dominus:
1165 3363 1193 3390 «
1237 3339 1364 3396 Noli
1394 3341 1599 3396 timere
1637 3338 1824 3396 verba
1854 3337 2077 3412 quibus

415 3447 447 3480 ‹‹
477 3441 601 3482 non
649 3431 732 3495 tu,
764 3427 871 3482 sed
923 3443 1036 3498 ego
1068 3445 1204 3484 sum
1257 3428 1732 3502 blasphematus,
1790 3444 1901 3487 nec
1939 3428 2076 3484 dico

416 3533 449 3568 ‹
479 3515 840 3586 omniaquae
867 3515 994 3585 regi
1049 3516 1292 3588 Assyrio
1334 3516 1575 3583 faciam,
1630 3533 1706 3574 ne
1755 3532 1959 3572 meam
1988 3516 2075 3571 vi-

414 3624 446 3654 α
479 3603 624 3660 dear
647 3604 876 3675 jactare
905 3604 1259 3676 potentiam.
1313 3605 1427 3661 Sed
1468 3605 1612 3678 quia
1657 3605 1897 3662 dandus
1927 3607 2000 3662 sit
2023 3607 2076 3663 ei

415 3715 446 3745 α
473 3693 714 3766 spiritus
749 3711 873 3750 non
900 3694 1022 3765 Dei,
1055 3694 1159 3750 sed
1191 3693 1538 3750 adversarii.
1589 3698 1654 3750 Et
1683 3694 1889 3752 audito
1919 3711 2074 3751 nun-

415 3806 444 3836 ‹‹
471 3784 576 3857 tio,
607 3789 910 3841 revertens
941 3784 1020 3842 ad
1058 3787 1280 3841 terram
1336 3801 1510 3842 suam
1565 3790 1802 3840 corruat
1851 3784 2072 3854 gladio,

413 3892 446 3927 ‹
476 3876 543 3929 ut
565 3873 692 3930 duo
735 3873 958 3947 pariter
1012 3888 1150 3947 qua;
1202 3873 1452 3948 optabat
1508 3869 1786 3928 Ezechias
1845 3874 2072 3942 audire,

413 3983 442 4013 α
477 3979 540 4019 se
571 3963 649 4020 ab
705 3963 1018 4020 obsidione
1069 3963 1477 4033 liberandum,
1537 3967 1595 4019 et
1651 3961 1966 4018 inimicum
2012 3964 2072 4020 in

414 4071 443 4101 α
476 4066 588 4108 sua
634 4055 791 4108 terra
841 4051 1203 4108 moriturum
1250 4067 1402 4108 esse.
1436 4054 1728 4106 Reversus
1768 4055 1857 4108 est
1896 4051 2076 4122 igitur

412 4160 444 4192 ‹‹
475 4143 794 4212 Rapsaces,
832 4146 889 4196 et
942 4140 1170 4197 invenit
1205 4155 1410 4211 regem
1455 4141 1840 4213 Assyriorum
1893 4157 2076 4213 expu-

414 4251 444 4280 ιι
476 4233 765 4299 gnantem
787 4228 1079 4285 Lobnam.
1109 4228 1392 4286 Audierat
1420 4230 1581 4286 enim
1604 4229 1771 4303 quod
1794 4230 2071 4286 recessis-

411 4336 446 4372 ‹
476 4321 563 4374 set
614 4316 689 4373 de
748 4317 981 4374 Lachis.
1036 4320 1308 4391 Cumque
1361 4319 1626 4375 audisset
1681 4319 1755 4374 de
1805 4320 2072 4377 Tharaca

411 4427 443 4457 ο(
473 4422 612 4478 rege
661 4406 970 4479 Ethiopiae
1025 4406 1319 4464 dicentes:
1380 4411 1526 4465 Ecce
1581 4409 1890 4478 ingressus
1955 4412 2064 4475 est,

409 4513 442 4544 α
467 4497 532 4548 ut
549 4494 778 4565 pugnet
806 4491 1133 4548 adversum
1175 4496 1249 4558 te,
1277 4497 1334 4548 et
1362 4492 1471 4548 iret
1515 4497 1724 4548 contra
1767 4509 1926 4559 eum,
1958 4492 2068 4548 mi-

409 4602 441 4633 κ
469 4582 542 4638 sit
569 4581 816 4638 nuntios
839 4580 919 4637 ad
941 4581 1272 4644 Ezechiam,
1301 4581 1536 4638 dicens:
1570 4584 1700 4638 Haec
1732 4582 1905 4638 dicite
1930 4583 2067 4637 Eze-

408 4693 439 4722 ‹‹
472 4672 620 4729 chiaa
649 4671 775 4743 regi
802 4670 1006 4728 Iudae:
1068 4675 1196 4729 Non
1225 4675 1281 4727 te
1321 4671 1568 4728 seducat
1606 4675 1762 4729 Deus
1801 4675 1959 4741 tuus,
2005 4671 2067 4726 in

407 4781 440 4812 «
468 4777 592 4834 quo
612 4760 802 4817 habes
832 4759 1145 4832 ﬁduciam,
1171 4775 1369 4834 neque
1390 4761 1591 4817 dicas:
1644 4763 1773 4816 Non
1803 4759 2068 4816 tradetur

408 4871 439 4900 κ
461 4849 828 4907 Hierusalem
872 4850 934 4906 in
964 4866 1183 4907 manus
1213 4849 1370 4920 regis
1401 4849 1802 4921 Assyriorum.
1836 4870 1863 4897 ››
1893 4849 2068 4904 Juxta

403 4940 776 4996 voluntatem
831 4939 934 4995 Dei
996 4943 1292 5012 Rapsaces
1360 4938 1625 4994 deseruit
1686 4937 2065 4993 obsidionem

406 5025 800 5095 Hierusalem,
867 5032 926 5083 et
989 5028 1249 5099 perrexit
1321 5026 1400 5082 ad
1475 5026 1793 5082 dominum
1859 5042 2062 5095 suum,

403 5130 590 5188 quem
632 5114 728 5170 vel
776 5119 954 5187 capta
993 5117 1089 5171 vel
1137 5116 1372 5172 deserta
1426 5115 1634 5171 Lachis
1684 5115 1910 5172 invenit
1961 5133 2065 5188 op-

401 5208 780 5279 pugnantem
840 5202 1130 5261 Lobnam.
1167 5205 1570 5261 Sennacherib
1603 5210 1802 5260 autem
1859 5221 2064 5261 occur-

400 5311 542 5351 rens
573 5293 698 5366 regi
728 5292 1102 5366 IEthiopum,
1131 5293 1291 5350 misit
1343 5294 1421 5350 ad
1481 5295 1786 5350 Ezechiam
1817 5296 2058 5351 nuntios

399 5388 459 5441 et
487 5383 790 5457 epistolas,
823 5388 890 5440 ut
913 5399 1015 5439 eos
1038 5398 1193 5456 quos
1216 5381 1278 5438 in
1306 5383 1535 5439 viribus
1564 5399 1686 5440 non
1731 5386 1906 5458 cepit,
1935 5401 2057 5440 ser-

400 5489 582 5530 mone
611 5477 872 5530 terreret.
916 5476 1224 5544 Pugnasse
1255 5477 1452 5529 autem
1481 5475 1881 5531 Sennacherib
1913 5491 2057 5531 con-

400 5566 493 5617 tra
520 5563 848 5634 Acgyptios,
875 5567 932 5618 et
960 5562 1266 5618 obsedisse
1317 5562 1639 5634 Pelusium,
1676 5565 1924 5638 jamque
1955 5581 2056 5621 ex-

401 5650 635 5706 structis
646 5651 966 5721 aggeribus
979 5651 1127 5707 urbe
1138 5651 1450 5724 capienda,
1470 5653 1704 5709 venisse
1725 5656 2053 5711 Tharacam

399 5753 604 5810 regem
631 5739 970 5813 Ethiopum
1007 5741 1065 5795 in
1114 5741 1421 5813 auxilium,
1453 5747 1659 5800 narrat
1700 5743 2048 5801 Herodotus.

2189 3167 2386 3218 servat
2423 3164 2779 3231 castitatem,
2813 3163 3117 3233 religionis
3151 3162 3252 3218 Dei
3271 3167 3326 3218 et
3355 3162 3539 3218 unius
3569 3158 3825 3216 divinita-

2187 3252 2259 3308 tis
2282 3252 2510 3308 cultum
2537 3269 2550 3320 ;
2585 3256 2642 3308 et
2674 3267 2812 3324 quae
2837 3268 2914 3308 ne
2939 3252 3019 3308 ad
3049 3252 3343 3324 majorem
3398 3248 3825 3323 blasphemiam

2185 3343 2530 3412 concitaret,
2562 3341 2836 3414 praesenti
2867 3357 2990 3398 non
3021 3340 3351 3414 respondit,
3377 3363 3407 3392 «
3450 3345 3590 3414 post
3619 3338 3826 3396 abeun-

2186 3453 2214 3480 ‹‹
2247 3436 2368 3488 tem
2395 3432 2581 3488 movit
2603 3436 2784 3504 caput
2813 3448 3011 3495 suum,
3043 3451 3072 3484 ›
3101 3436 3259 3487 certa
3283 3430 3359 3486 de
3389 3431 3636 3497 ultione,
3683 3442 3826 3483 secu-

2183 3536 2252 3577 ra
2279 3521 2354 3577 de
2376 3537 2579 3593 poena.
2630 3525 2690 3576 In
2723 3535 2910 3576 manu
2944 3534 3255 3575 servorum
3287 3524 3556 3588 tuorum,
3579 3533 3688 3574 nec
3716 3516 3827 3588 ipse

2183 3626 2293 3683 per
2321 3615 2396 3681 te,
2427 3611 2531 3665 sed
2564 3626 2670 3682 per
2723 3625 2931 3666 servos
2983 3614 3137 3675 tuos,
3187 3613 3253 3664 ut
3300 3610 3502 3680 major
3547 3612 3636 3664 est
3689 3620 3828 3662 arro-

2185 3699 2410 3769 gantia,
2471 3699 2791 3754 Dominum
2841 3697 3292 3770 blasphemasti.
3343 3697 3609 3754 Altitudo
3670 3709 3826 3751 mon-

2183 3789 2332 3844 tium
2362 3793 2417 3842 et
2439 3789 2589 3859 juga
2622 3788 2826 3844 Libani
2870 3787 3107 3843 excelsa
3158 3787 3319 3843 cedri
3367 3792 3428 3843 et
3479 3781 3825 3849 abietes,vcl

2182 3894 2290 3950 per
2335 3878 2755 3949 metaphoram
2807 3877 2880 3932 de
2935 3877 3166 3932 cunctis
3219 3878 3502 3947 gentibus
3553 3875 3826 3948 accipien-

2183 3964 2329 4020 dum
2361 3967 2468 4035 est,
2499 3970 2558 4020 et
2609 3964 2982 4037 principibus
3034 3981 3265 4035 earum,
3327 3965 3425 4021 vel
3455 3966 3532 4021 de
3575 3965 3828 4021 Hierusa-

2180 4051 2300 4108 lem
2328 4067 2464 4125 quaa
2486 4059 2577 4108 est
2597 4051 2812 4108 cedrus
2850 4052 3077 4121 Libani,
3111 4057 3168 4108 et
3193 4052 3420 4110 abietes
3446 4058 3828 4128 potentesque

2181 4145 2239 4198 et
2269 4143 2606 4214 optimates.
2661 4141 2926 4197 Altitudo
2973 4141 3335 4198 summitatis
3378 4147 3438 4200 et
3467 4143 3658 4199 saltus
3703 4143 3827 4196 Car-

2180 4229 2340 4295 meli,
2400 4229 2690 4302 templum
2739 4233 2848 4285 est.
2902 4229 3195 4302 Quodque
3237 4229 3450 4287 infert:
3487 4233 3668 4300 «Ego
3718 4223 3829 4282 fodi

2181 4322 2237 4374 et
2261 4318 2386 4374 bibi
2418 4333 2642 4391 aquam
2668 4336 2681 4387 ;
2725 4323 2780 4374 et
2811 4318 3029 4374 siccavi
3057 4318 3309 4389 vestigio
3344 4319 3522 4390 pedis
3571 4317 3688 4374 mei
3717 4330 3829 4371 om-

2179 4422 2286 4462 nes
2315 4408 2476 4464 rivos
2503 4421 2814 4478 aggerum,
2850 4429 2879 4457 »
2922 4407 3017 4462 vel
3071 4407 3151 4463 ob
3201 4407 3263 4462 id
3315 4407 3489 4476 dixit,
3542 4407 3684 4480 quia
3729 4417 3827 4476 pro

2179 4495 2558 4552 multitudine
2598 4495 2892 4552 exercitus
2928 4495 3134 4552 omnia
3164 4495 3391 4552 ﬂuenta
3418 4494 3745 4560 siccaverit,
3773 4495 3830 4545 ut

2177 4588 2390 4656 puteos
2423 4584 2535 4640 sibi
2556 4583 2759 4641 fodere
2789 4585 3141 4657 compulsus
3172 4583 3277 4640 sit:
3305 4583 3403 4640 vel
3432 4586 3582 4657 quia
3630 4595 3826 4639 omnes

2175 4674 2434 4746 populos
2467 4689 2622 4746 quos
2651 4689 2828 4746 aqua;
2857 4673 3214 4744 signiﬁcant,
3249 4689 3358 4729 suo
3387 4674 3647 4731 vastavit
3673 4685 3826 4727 exer-

2175 4763 2296 4819 citu

2247 4873 2276 4900 ‹‹
2298 4850 2580 4923 Nunquid
2605 4867 2729 4908 non
2755 4851 2974 4908 audisti
3004 4867 3140 4925 qum
3172 4851 3317 4908 olim
3346 4852 3594 4909 fecerim
3623 4851 3726 4908 ei?
3755 4851 3826 4903 Ex

2177 4962 2204 4990 «
2235 4940 2448 4997 diebus
2475 4941 2736 5013 antiquis
2766 4941 3064 5014 plasmavi
3089 4941 3256 5005 illud,
3302 4947 3360 4999 et
3388 4959 3557 4998 nunc
3588 4935 3822 5000 adduxi,

2173 5050 2202 5079 «
2234 5032 2292 5086 et
2328 5029 2555 5086 factum
2602 5035 2692 5086 est
2717 5030 2780 5086 in
2811 5030 3279 5087 eradicationem
3311 5031 3560 5088 collium
3593 5041 3826 5099 compu-

2175 5141 2204 5170 «
2230 5119 2545 5190 gnantium
2577 5125 2636 5176 et
2671 5119 2979 5176 civitatum
3026 5120 3418 5177 munitarum.
3457 5120 3822 5176 Habitatores

2173 5230 2203 5259 «ι
2241 5225 2451 5266 earum
2471 5209 2745 5266 breviata
2773 5225 2953 5266 manu
2975 5214 3490 5277 contremuerunt,
3521 5214 3581 5266 et
3603 5201 3824 5265 contusi

2171 5316 2202 5351 ‹
2234 5302 2393 5365 sunt,
2450 5298 2602 5354 sicut
2645 5298 2852 5354 fenum
2896 5298 3043 5368 agri,
3092 5303 3148 5355 et
3196 5314 3450 5368 gramen
3480 5312 3748 5371 pascuae,
3775 5294 3826 5348 et

2169 5409 2199 5437 ‹‹
2223 5387 2414 5443 herba
2460 5391 2770 5454 tectorum,
2821 5403 2959 5460 quae
3012 5388 3245 5444 exaruit
3275 5392 3611 5461 antequam
3645 5388 3824 5442 matu-

2168 5497 2198 5526 ‹‹
2223 5480 2431 5533 rescet.
2454 5477 2900 5533 Habitationem
2921 5481 3106 5541 tuam,
3137 5481 3195 5534 et
3215 5493 3533 5547 egressum
3555 5481 3743 5540 tuum,
3773 5472 3823 5526 et

2169 5588 2197 5616 «
2229 5565 2536 5622 introitum
2561 5570 2733 5622 tuum
2758 5565 3032 5636 cognovi,
3063 5569 3121 5622 et
3147 5566 3452 5624 insaniam
3481 5571 3654 5624 tuam
3689 5575 3820 5619 con-

2167 5675 2198 5707 ‹
2227 5660 2318 5713 tra
2348 5658 2631 5713 me.Cum
2652 5654 2877 5712 fureres
2904 5656 3221 5712 adversum
3253 5671 3368 5724 me,
3406 5655 3700 5729 superbia
3727 5656 3821 5707 tua

2166 5765 2193 5792 κ
2219 5744 2491 5801 ascendit
2508 5743 2573 5800 in
2605 5760 2782 5805 aures
2804 5760 2992 5803 meas.
3025 5747 3254 5803 Ponam
3273 5759 3419 5815 ergo
3447 5744 3742 5805 circulum
3763 5738 3820 5796 in
