3968 6406
163 275 273 328 529
1149 277 1402 332 ENARB.
1446 277 1515 331 IN
1557 272 1806 330 LIBROS

1868 271 2132 328 REGUM.
2174 301 2242 311 —
2281 273 2350 327 IN
2391 271 2524 327 LIB.
2566 274 2654 328 IV.

3521 277 3627 330 530

163 419 193 443 ιι
235 395 498 452 naribus
530 396 665 461 tuis,
697 399 754 452 et
802 395 1038 454 frenum
1075 397 1138 454 in
1185 398 1361 454 ladiis
1402 399 1538 467 tuis,
1571 403 1629 455 et
1653 396 1834 454 redu-
1863 399 1912 453 A
1949 395 2321 453 Hierusalem
2378 396 2539 453 enim
2600 400 2658 453 et
2720 395 2795 451 de
2860 398 3064 451 monte
3120 394 3260 451 Sion
3316 395 3627 466 egredien-

163 509 190 534 ιι
237 501 378 540 cam
411 489 465 542 te
495 485 557 541 in
588 486 752 542 viam
776 503 884 559 per
910 503 1097 560 quam
1127 489 1361 544 venisti.
1389 512 1417 539 »
1448 493 1580 545 Hac
1612 505 1685 545 ex
1707 504 1836 560 per-

161 590 327 630 sona
375 574 479 630 Dei
522 579 734 631 contra
793 575 978 632 verba
1037 577 1263 650 Assyrii
1312 578 1624 635 sentienda
1677 579 1836 644 sunt,

158 663 339 736 quod
369 663 451 720 ad
479 663 926 738 blasphemiam
955 666 1086 738 ejus
1131 667 1214 723 sic
1242 668 1619 741 responderit
1644 665 1841 723 Domi-

158 770 324 810 nus:
371 776 401 804 «
433 757 587 810 Num
635 754 879 825 ignoras
929 755 1098 829 quod
1126 757 1256 813 hac
1295 773 1432 830 qua
1464 757 1673 823 fecisti,
1704 771 1842 813 mea

161 843 386 900 feceris
411 843 739 910 voluntate,
787 849 846 901 et
867 845 998 901 hac
1042 862 1154 916 ego
1202 847 1402 904 futura
1434 845 1838 920 pradixerim,

163 939 378 1006 aperte
402 933 681 990 facienda
710 935 1128 992 mandaverim
1146 937 1174 992 ?
1207 959 1234 987 ››
1268 941 1472 1011 Itaque
1497 936 1663 1009 quod
1697 935 1841 992 olim

160 1022 436 1094 decrevi,
485 1023 604 1079 hoc
654 1023 950 1096 expletem
998 1029 1087 1081 est
1149 1029 1452 1099 tempore:
1516 1030 1581 1082 ut
1637 1024 1838 1092 colles,

161 1112 222 1166 id
259 1115 351 1168 est
371 1112 677 1185 principes
705 1113 810 1186 qui
839 1113 993 1170 inter
1018 1130 1080 1170 se
1103 1119 1240 1171 ante
1269 1114 1648 1188 pugnabant,
1679 1117 1737 1170 et
1759 1113 1840 1170 ci-

161 1202 386 1259 vitates
460 1203 902 1268 munitissima,
976 1220 1074 1261 me
1137 1206 1523 1262 contrahente
1587 1219 1841 1261 manum

163 1307 373 1348 meam
395 1307 508 1348 nec
531 1292 775 1349 solitum
803 1293 1110 1366 prabente
1140 1294 1432 1351 auxilium
1461 1293 1840 1351 eradicaren-

165 1387 285 1450 tur,
323 1386 382 1438 et
411 1383 942 1440 contremiscerent
970 1399 1041 1440 ac
1079 1385 1372 1456 perirent;
1401 1389 1458 1440 et
1486 1399 1840 1458 comparen-

165 1475 263 1526 tur
291 1487 418 1527 non
450 1471 624 1526 oliva
663 1476 722 1528 et
777 1472 983 1540 vinea,
1015 1473 1458 1547 fructuOsisque
1498 1473 1836 1540 arboribus,

165 1559 276 1614 sed
328 1560 468 1616 feno
509 1565 568 1616 et
602 1561 859 1630 gramini
911 1561 1237 1636 herbisque
1283 1563 1662 1634 dogmatum,
1702 1578 1840 1635 qua

163 1649 446 1719 frugibus
497 1651 933 1724 impedimenta
975 1658 1133 1721 sunt,
1166 1657 1224 1710 et
1278 1659 1416 1711 ante
1460 1656 1842 1710 marcescunt

1948 489 2044 542 tur
2101 485 2390 559 reliquiae,
2424 491 2479 541 et
2526 485 2870 559 implebunt
2923 489 3141 540 terram
3193 486 3473 554 Judeam,
3503 503 3627 543 non

1950 592 2063 632 suo
2090 577 2324 642 merito,
2353 577 2458 633 sed
2491 577 2591 634 Dei
2620 575 3052 644 misericordia,
3076 575 3199 632 imo
3222 576 3346 633 zelo
3375 593 3500 650 quo
3521 577 3630 635 ad“

1948 682 2162 722 versus
2192 666 2451 738 impium
2497 665 2721 722 zelatus
2762 669 2850 722 est
2877 665 3175 738 populum
3207 681 3408 723 suum.

2022 777 2049 804 ‹‹
2093 758 2226 811 Hac
2257 755 2400 811 dicit
2433 755 2722 810 Dominus
2743 754 2818 810 de
2856 770 2996 825 rege
3040 753 3459 825 Assyriorum:
3492 757 3626 812 Non

1953 866 1980 894 ιι
2019 843 2264 899 intrabit
2317 844 2618 900 civitatem
2649 845 2827 911 hanc,
2861 848 2918 899 et
2944 859 3070 900 non
3093 843 3276 915 jaciet
3323 843 3407 900 ibi
3435 843 3622 915 sagit-

1952 955 1980 983 «
2025 938 2174 990 tam:
2224 949 2336 989 nec
2366 933 2689 1006 occupabit
2716 949 2852 990 eam
2888 932 3161 1006 clypeus,
3193 937 3250 988 et
3279 949 3402 989 non
3430 935 3626 992 mittet

1951 1043 1980 1072 «
2022 1024 2083 1078 in
2124 1021 2375 1078 circuitu
2406 1023 2535 1093 ejus
2561 1037 2866 1092 aggerem.
2896 1023 2961 1077 In
3009 1021 3109 1079 via
3131 1037 3256 1094 qua
3286 1022 3468 1095 venit,
3517 1038 3624 1095 per

1928 1098 1981 1156 ⁷‹‹
2022 1123 2159 1164 eam
2188 1115 2535 1174 revertetur,
2570 1116 2626 1167 et
2653 1111 2867 1167 urbem
2896 1111 3055 1167 hanc
3085 1117 3208 1166 non
3231 1110 3620 1182 ingredietur,

1951 1219 1980 1246 «
2021 1196 2164 1253 dicit
2221 1199 2532 1256 Dominus.
2585 1203 2650 1256 Et
2696 1205 3013 1272 protegam
3063 1199 3358 1256 civitatem
3403 1198 3616 1255 istam:

1951 1305 1984 1340 ‹
2021 1290 2080 1343 et
2129 1286 2380 1344 salvabo
2420 1304 2555 1344 eam
2599 1293 2845 1362 propter
2895 1303 2993 1344 me
3051 1292 3110 1344 et
3151 1293 3396 1361 propter
3430 1287 3622 1344 David

1951 1397 1979 1425 ιι
2023 1391 2263 1432 servum
2292 1393 2521 1434 meum.
2553 1398 2580 1427 ι)
2611 1381 2855 1451 Propter
2883 1377 3223 1433 futurorum
3244 1392 3436 1449 spem,
3465 1393 3620 1450 pra-

1949 1471 2180 1522 sentem
2237 1469 2461 1523 excutit
2510 1472 2763 1524 metum.
2823 1466 2970 1523 Dicit
3016 1471 3241 1536 autem,
3285 1467 3432 1538 quia
3494 1482 3621 1523 non

1949 1570 2060 1610 suo
2091 1555 2304 1610 merito
2349 1555 2457 1611 sed
2492 1555 2592 1612 Dei
2643 1554 2963 1611 clementia
3005 1557 3454 1622 conserventur,
3495 1554 3620 1610 imo

1948 1643 2138 1716 patris
2165 1659 2376 1700 eorum
2408 1643 2595 1700 David
2651 1644 2980 1701 memoria:
3013 1644 3076 1699 in
3129 1659 3252 1716 quo
3297 1647 3621 1700 monentur

162 1755 359 1812 quam
390 1739 472 1796 ad
501 1741 906 1798 maturitatem
950 1743 1322 1815 perveniant.
1370 1747 1575 1818 Itaque
1627 1747 1684 1799 et
1711 1759 1817 1798 ses-

2035 1748 2156 1788 sua
2186 1732 2586 1803 negligentia,
2615 1735 2673 1789 et
2717 1732 2874 1790 illius
2903 1732 3045 1789 ﬁdei
3073 1736 3132 1789 et
3166 1731 3441 1804 justitia;
3475 1730 3622 1804 quia

163 1829 430 1900 sionem,
471 1834 530 1886 et
548 1845 880 1901 egressum,
913 1836 970 1888 et
1000 1832 1310 1889 introitum
1331 1837 1503 1890 tuum
1533 1849 1646 1904 ego
1671 1832 1834 1900 novi,

161 1922 221 1973 et
251 1918 558 1975 insaniam
589 1935 713 1992 qua
762 1924 972 1976 contra
1020 1937 1117 1977 me
1161 1921 1644 1979 debacchaturus
1681 1937 1837 1992 eras,

161 2007 480 2081 prophetis
524 2008 1016 2080 vaticinantibus,
1063 2027 1200 2066 sum
1246 2009 1502 2068 locutus.
1537 2013 1641 2067 Per
1684 2025 1840 2083 quos

161 2096 314 2153 olim
344 2096 647 2154 dicturum
678 2113 808 2156 esse
845 2103 902 2155 te
931 2115 1222 2156 noveram
1247 2118 1260 2156 :
1293 2100 1355 2156 in
1386 2099 1607 2157 calum
1635 2115 1840 2157 ascen-

161 2187 334 2253 dam,
369 2202 551 2259 super
603 2187 798 2245 sidera
841 2188 973 2244 cali
1013 2205 1241 2262 ponam
1295 2183 1582 2246 thronum
1631 2205 1838 2247 meum

160 2290 271 2331 ero
311 2275 520 2331 similis
548 2275 868 2333 Altissimo.
900 2278 1106 2351 Itaque
1137 2277 1301 2334 furor
1321 2283 1460 2334 tuus
1474 2283 1531 2334 et
1553 2278 1839 2352 superbia

165 2366 448 2438 pervenit
466 2367 528 2422 in
551 2382 728 2423 aures
756 2383 946 2436 meas,
962 2373 1018 2424 et
1033 2384 1425 2442 nequaquam
1447 2374 1500 2426 te
1529 2369 1680 2426 ultra
1702 2385 1836 2442 por-

159 2456 334 2523 tabo,
367 2461 434 2513 ut
462 2457 759 2529 intelligas
790 2459 957 2532 quod
993 2460 1237 2532 potuisti
1270 2475 1394 2516 non
1424 2460 1540 2517 tuis
1570 2460 1848 2534 potuisse-

159 2551 222 2602 te
249 2545 502 2611 viribus,
535 2547 641 2603 sed
666 2563 802 2604 meo
828 2548 1093 2604 arbitrio.
1125 2549 1498 2606 Merebantur
1531 2551 1692 2606 enim
1722 2550 1835 2606 im-

159 2635 280 2708 pia
315 2641 523 2705 gentes
544 2641 602 2692 et
625 2637 1009 2694 infructuosa
1044 2640 1312 2712 arbores,
1343 2645 1408 2696 ut
1436 2656 1544 2712 per
1577 2645 1632 2696 te
1661 2640 1834 2713 quasi

161 2727 428 2781 securim
459 2731 517 2782 et
543 2743 771 2784 serram
819 2744 1019 2785 meam
1078 2730 1526 2786 succiderentur
1555 2734 1612 2786 et
1655 2730 1833 2786 cade-

156 2820 318 2871 rent.
353 2819 555 2888 ltaque
577 2833 805 2889 ponam
829 2818 1120 2875 circulum
1151 2821 1274 2876 sive
1305 2837 1548 2876 camum
1569 2821 1630 2876 in
1672 2821 1832 2876 nari-

157 2905 282 2960 bus
325 2905 462 2977 tuis,
521 2911 587 2962 ut
623 2906 1112 2980 blasphemantia
1157 2925 1265 2966 ora
1317 2910 1746 2981 constringam,
1778 2915 1835 2968 et

159 3010 562 3067 nequaquam
590 2995 746 3052 ultra
776 2997 919 3054 talia
947 2997 1112 3071 loqui
1169 2999 1418 3069 audeas,
1472 2999 1831 3074 frenumque

1949 1821 2010 1877 in
2047 1825 2282 1878 tantum
2310 1821 2678 1892 diligitDeus
2693 1822 3017 1894 justitiam,
3039 1826 3106 1879 ut
3119 1825 3392 1894 posteros
3422 1821 3618 1894 majo-

1947 1925 2086 1966 rum
2115 1909 2332 1966 virtute
2359 1914 2614 1966 tueatur.

2020 2020 2049 2047 «
2077 1999 2329 2056 Factum
2358 2003 2448 2055 est
2466 1997 2648 2069 igitur
2692 1998 2755 2054 in
2783 2002 2959 2056 nocte
2988 1997 3108 2066 illa,
3149 1998 3314 2055 venit
3355 1996 3618 2068 Angelus

1951 2110 1978 2137 «
2021 2086 2258 2144 Domini
2273 2091 2332 2144 et
2348 2087 2645 2160 percussit
2659 2086 2725 2143 in
2739 2087 2948 2144 castris
2963 2087 3356 2161 Assyriorum
3374 2091 3618 2143 centum

1949 2199 1975 2226 «
2017 2177 2324 2248 octoginta
2365 2177 2636 2250 quinque
2665 2176 2874 2234 millia.
2899 2178 3171 2250 Cumque
3192 2175 3457 2233 diluculo
3485 2191 3616 2233 sur-

1947 2289 1976 2317 κ
2017 2266 2286 2331 rexisset,
2312 2265 2457 2322 vidit
2485 2266 2694 2322 omnia
2723 2281 2978 2338 corpora
3008 2270 3409 2335 mortuorum,
3442 2272 3500 2322 et
3531 2281 3620 2323 re-

1948 2379 1976 2406 ιι
2019 2356 2240 2412 cedens
2269 2355 2435 2414 abiit.
2459 2377 2486 2406 »
2519 2356 2772 2412 Centum
2797 2356 3108 2428 octoginta
3135 2355 3407 2429 quinque
3429 2355 3619 2414 millia

1945 2446 2408 2503 fortissimorum
2432 2446 2699 2502 virorum
2729 2444 2807 2502 ab
2856 2462 2980 2502 uno
3013 2445 3228 2517 angelo
3272 2462 3396 2504 una
3440 2450 3616 2503 nocte

1945 2536 2278 2600 caduntur,
2305 2541 2364 2591 et
2402 2535 2634 2608 absque
2663 2535 3018 2593 vulneribus
3059 2537 3400 2593 occisorum
3448 2551 3616 2592 mors

1945 2641 2107 2680 sava
2153 2624 2451 2692 discurrit,
2484 2624 2810 2682 excludens
2858 2641 2896 2682 a
2946 2625 3301 2699 corporibus
3353 2625 3614 2698 animas,

1944 2713 2181 2770 Domini
2233 2714 2557 2770 voluntate.
2604 2716 2795 2787 Super
2841 2730 2965 2787 quo
3009 2714 3071 2770 in
3113 2713 3618 2788 Paralipomenon

1941 2803 2194 2875 legitur:
2230 2827 2257 2854 ιι
2292 2807 2357 2860 Et
2399 2803 2562 2860 misit
2609 2803 2896 2860 Dominus
2943 2803 3239 2874 Angelum
3283 2820 3462 2860 suum
3509 2803 3616 2877 qui

1941 2893 2240 2967 percussit
2263 2909 2510 2950 omnem
2562 2893 2760 2949 virum
2791 2893 3131 2964 robustum,
3163 2898 3220 2950 et
3261 2892 3616 2950 bellatorem

1941 2989 1998 3038 et
2021 2982 2359 3055 principem
2413 2982 2707 3038 exercitus
2753 2982 2910 3053 regis
2941 2983 3352 3054 Assyriorum.
3395 2983 3615 3037 Rever-

157 3085 401 3140 mittam
431 3086 490 3140 in
521 3085 694 3142 labiis
727 3088 859 3156 tuis,
892 3070 1058 3160 quod
1108 3094 1272 3145 tuam
1302 3089 1588 3146 ferociam
1627 3070 1833 3148 domet
1869 3115 1910 3172 ο
1941 3088 2172 3172 εξλδίίυεξ
2185 3077 2275 3171 θξί
2459 3070 2795 3172 ignominia:
2815 3071 2876 3127 in
2904 3076 3123 3128 terram
3149 3087 3330 3172 .3118?!
3356 3072 3443 3172 ςῙῙ
3461 3073 3610 3172 ξαν·

154 3179 218 3230 et
249 3178 304 3230 te
327 3173 577 3230 reducat
603 3175 664 3231 in
693 3177 988 3249 Assyrios.

233 3287 262 3312 «
305 3263 431 3320 Tibi
454 3268 658 3320 autem
689 3266 946 3321 Ezechia
973 3266 1088 3323 lioc
1118 3267 1227 3322 erit
1255 3267 1530 3337 signum:
1579 3267 1829 3324 comede

153 3377 184 3401 ιι
231 3353 350 3409 hoc
382 3369 544 3410 anno
569 3370 706 3427 qua
735 3356 1046 3428 repereris,
1065 3356 1125 3412 in
1150 3357 1416 3414 secundo
1442 3361 1645 3413 autem
1667 3373 1830 3414 anno

153 3466 185 3493 ιι
230 3459 371 3516 qua
402 3449 614 3516 sponte
642 3450 1006 3502 nascuntur:
1039 3461 1220 3518 porro
1251 3446 1311 3502 in
1351 3462 1514 3503 anno
1537 3447 1705 3503 tertio
1736 3464 1827 3504 se-

151 3557 181 3583 ιι
229 3533 458 3589 minate
483 3539 540 3590 et
567 3534 785 3602 metite,
813 3557 841 3584 »
873 3539 930 3591 et
958 3535 1213 3608 reliqua.
1251 3534 1592 3591 Notandum
1623 3541 1827 3592 autem

148 3621 410 3694 quodin
435 3621 592 3677 libro
623 3622 785 3678 Isaia
818 3622 919 3678 ubi
947 3623 1130 3679 verba
1153 3623 1344 3696 ipsius
1371 3623 1722 3697 phropheta
1749 3625 1827 3680 ad

151 3724 365 3778 regem
411 3709 728 3766 Ezechiam
783 3709 1084 3783 descripta
1141 3715 1300 3777 sunt,
1333 3712 1414 3768 ita
1470 3716 1822 3768 narrantur:

151 3821 182 3847 ιι
228 3797 490 3854 Comede
515 3798 632 3854 hoc
659 3814 821 3855 anno
849 3815 984 3872 qua
1016 3805 1227 3872 sponte
1255 3805 1607 3870 nascuntur,
1639 3805 1696 3857 et
1717 3817 1825 3857 an-

152 3911 180 3935 ιι
226 3903 311 3942 no
343 3887 610 3944 secundo
641 3889 839 3960 pomis
868 3905 1125 3945 vescere.
1145 3893 1205 3944 In
1231 3905 1393 3946 anno
1424 3894 1623 3946 autem
1655 3891 1825 3946 tertio

154 3998 185 4029 α
227 3975 520 4032 seminate
552 3978 850 4049 etmetite,
900 3982 958 4033 et
983 3978 1248 4050 plantate
1292 3979 1517 4049 vineas,
1545 3983 1602 4035 et
1630 3995 1826 4035 come-

151 4087 181 4112 «
225 4063 348 4119 dite
379 4064 639 4121 fructum
671 4081 902 4129 earum,
933 4070 990 4122 et
1017 4066 1207 4122 mittet
1230 4067 1292 4122 id
1319 4067 1485 4140 quod
1527 4067 1824 4124 salvatum

151 4173 185 4206 ‹
226 4153 404 4209 fuerit
425 4153 500 4209 de
521 4153 708 4210 domo
729 4154 905 4219 Juda,
929 4159 986 4211 et
1014 4155 1178 4228 quod
1201 4155 1500 4228 reliquum
1521 4161 1613 4212 est
1637 4156 1828 4212 mittet

151 4265 180 4290 ιι
226 4242 492 4298 radicem
520 4243 827 4298 deorsum.
857 4247 913 4298 et
937 4243 1110 4299 faciet
1130 4243 1359 4299 fuctum
1391 4260 1656 4313 sursum,
1679 4244 1825 4316 quia

151 4355 182 4381 ‹‹
225 4331 303 4386 de
329 4332 696 4388 Hierusalem
729 4332 979 4388 exiliunt
1035 4332 1321 4405 reliquiae,
1373 4337 1430 4389 et
1459 4332 1711 4389 salvatio
1747 4334 1820 4388 de

152 4445 184 4470 ιι
226 4425 431 4478 monte
465 4421 626 4492 Sion,
657 4422 817 4478 zelus
861 4422 1097 4478 Domini
1139 4421 1509 4478 exercituum
1539 4421 1711 4478 faciet
1741 4422 1816 4478 is-

151 4536 181 4561 ιι
229 4511 335 4567 tud
367 4512 509 4578 (Isa.
540 4519 826 4572 xxxvui.»
857 4515 1023 4569 Nunc
1050 4512 1126 4568 ad
1157 4512 1358 4585 ipsum
1389 4513 1698 4568 Ezechiam
1737 4512 1821 4568 lo-

147 4601 389 4674 quitur:
415 4601 538 4658 Hoc
564 4601 692 4674 erit,
720 4601 932 4675 inquit,
953 4601 1197 4672 signum
1218 4616 1448 4669 eorum,
1463 4619 1600 4674 qua
1622 4601 1822 4659 futura

149 4690 514 4764 pranuntio,
563 4691 730 4764 quod
761 4692 876 4748 hoc
930 4706 1093 4748 anno
1150 4706 1222 4747 ea
1271 4691 1576 4755 comedas,
1630 4708 1821 4764 «qua

149 4784 368 4852 sponte
396 4784 750 4845 nascuntur,
774 4801 800 4827 »
834 4779 981 4847 sive,
1005 4780 1178 4850 juxta
1209 4780 1616 4853 Septuaginta,
1649 4797 1819 4853 «qua

152 4869 321 4942 prius
353 4884 616 4924 severas.
655 4892 681 4917 »
714 4874 886 4924 Anno
917 4874 1119 4924 autem
1143 4869 1432 4935 secundo,
1459 4870 1633 4941 juxta
1654 4873 1823 4942 Sym-

150 4959 467 5022 machum,
499 4958 698 5030 pomis
729 4975 986 5025 vescere,
1023 4958 1146 5014 sive
1190 4959 1361 5029 juxta
1405 4959 1649 5015 eosdem
1681 4977 1819 5032 qua

146 5048 226 5103 de
254 5047 566 5119 praeteritis
597 5047 902 5116 segetibus
934 5051 992 5102 et
1017 5046 1266 5102 cadente
1295 5047 1353 5102 in
1397 5052 1612 5102 terram
1646 5047 1820 5103 semi-

145 5153 226 5192 ne
288 5135 730 5207 pe.llulaverint.
785 5141 848 5192 In
899 5151 1062 5192 anno
1117 5141 1318 5191 autem
1371 5137 1562 5205 tertio,
1614 5136 1819 5205 fugato

140 5227 276 5298 jam
305 5226 572 5297 Assyrio,
603 5229 656 5281 et
687 5225 1002 5282 obsidione
1033 5225 1252 5291 laxata,
1289 5225 1578 5280 semiuate
1609 5230 1665 5280 et
1693 5242 1819 5281 mc-

148 5316 273 5381 tite,
302 5313 570 5387 plantate
601 5314 829 5382 vineas,
863 5319 920 5371 et
950 5314 1210 5370 fructum
1242 5330 1451 5370 earum
1502 5313 1814 5370 comedite.

149 5402 463 5476 Siquidem
542 5419 744 5476 parva
832 5403 998 5458 urbis
1061 5403 1245 5474 hujus
1309 5402 1596 5475 reliquia,
1657 5419 1816 5475 qua,

146 5509 312 5550 nunc
367 5494 566 5550 hostili
615 5493 918 5549 vallantur
960 5493 1241 5554 exercitu,
1298 5498 1356 5549 et
1410 5508 1700 5549 evasuras
1753 5509 1819 5549 se

147 5602 281 5640 esse
311 5602 433 5641 non
457 5583 731 5662 credunt,
761 5589 990 5640 tantam
1014 5583 1301 5655 recipient
1319 5599 1518 5638 rerum
1544 5583 1818 5639 omnium

149 5674 596 5732 abundantiam
623 5689 694 5729 ac
734 5673 1096 5742 felicitatem,
1130 5677 1195 5728 ut
1222 5672 1409 5728 instar
1437 5671 1668 5729 arboris
1699 5671 1819 5730 alta

152 5762 350 5822 radice
377 5762 670 5829 fundata,
695 5762 894 5836 pomis
918 5761 1294 5821 densissimis
1324 5760 1702 5835 impleantur.
1740 5764 1818 5819 De

1937 3162 2018 3232 ιι).
2050 3183 2080 3211 ››
2135 3161 2246 3227 Qui
2301 3160 2524 3216 idcirco
2603 3164 2873 3216 servatus
2935 3165 3042 3226 est,
3103 3164 3167 3216 ut
3200 3159 3373 3215 sciret
3399 3164 3613 3232 poten-

1940 3251 2084 3307 tiam
2116 3251 2234 3318 Dei,
2262 3255 2321 3306 et
2341 3249 2833 3322 blasphemantia
2862 3265 2971 3304 ora
3021 3247 3465 3321 comprimeret,
3496 3245 3603 3302 ﬁe-

1936 3345 2145 3412 retque
2194 3339 2360 3396 testis
2406 3339 2564 3395 illius
2615 3339 2970 3410 majestatis,
3004 3353 3189 3411 quem
3237 3335 3420 3410 paulo
3472 3341 3611 3393 ante

1939 3433 2405 3502 contempserat.

2012 3538 2040 3571 ‹
2086 3522 2148 3574 Et
2193 3533 2466 3574 reversus
2515 3522 2604 3574 est
2634 3516 3044 3574 Sennacherib
3072 3533 3174 3572 rex
3201 3515 3609 3588 Assyriorum,

1938 3629 1969 3663 ‹
2009 3612 2066 3664 et
2093 3607 2316 3664 mansit
2343 3608 2406 3663 in
2435 3607 2662 3663 Ninive.
2687 3609 2959 3680 Cumque
2988 3606 3350 3664 adoraretin
3380 3604 3609 3679 templo

1937 3720 1964 3747 «
2008 3697 2232 3754 Nesrah
2263 3695 2453 3751 Deum
2480 3712 2680 3764 suum,
2715 3694 3113 3751 Adramelech
3135 3699 3192 3752 et
3223 3697 3476 3751 Sarasar
3503 3693 3610 3750 ﬁlii

1937 3811 1964 3838 «
2006 3787 2139 3858 ejus
2188 3790 2615 3859 percusserunt
2665 3801 2804 3840 eum
2857 3784 3080 3855 gladio,
3112 3783 3513 3856 fugeruntque
3542 3782 3607 3839 in

1935 3898 1964 3926 «
2009 3882 2228 3933 terram
2281 3875 2726 3943 Armeniorum,
2788 3877 2846 3930 et
2889 3873 3167 3944 regnavit
3202 3870 3606 3928 Asarhaddon

1934 3983 1965 4019 ‹
2005 3965 2163 4021 ﬁlius
2189 3964 2320 4036 ejus
2369 3980 2480 4037 pro
2529 3980 2622 4020 eo.
2657 3986 2686 4013 ››
2708 3963 2941 4020 Pharao
2988 3977 3235 4036 quoque
3283 3961 3344 4018 in
3391 3959 3605 4018 decem

1931 4055 2168 4128 Egypti
2215 4059 2487 4111 servatur
2542 4053 2758 4127 plagis,
2813 4058 2876 4110 ut
2935 4052 3308 4110 novissimus
3374 4055 3601 4125 pereat,

1930 4145 2095 4219 quod
2128 4149 2187 4200 et
2213 4143 2323 4200 iste
2355 4159 2577 4216 passus
2606 4147 2714 4199 est.
2747 4145 2894 4201 Cum
2930 4143 3092 4201 enim
3141 4158 3419 4199 reversus
3447 4145 3604 4198 esset

1930 4235 1993 4290 in
2043 4234 2292 4289 Niniven
2341 4234 2554 4289 urbem
2586 4233 2848 4305 primam
2877 4232 3046 4305 regni
3095 4231 3210 4304 sui,
3241 4237 3300 4289 et
3322 4229 3603 4288 adoraret

1930 4323 1993 4379 in
2021 4321 2244 4395 templo
2266 4323 2529 4378 Nesrach
2555 4325 2741 4378 Deum
2763 4339 2964 4392 suum,
2986 4323 3164 4396 quasi
3191 4321 3504 4379 victoriam
3523 4319 3599 4376 de

1932 4411 2206 4469 hostibus
2234 4415 2584 4483 reportaret,
2603 4411 2737 4468 etin
2759 4411 3084 4469 delubrum
3099 4411 3244 4468 idoli
3273 4411 3368 4467 sui
3397 4410 3602 4466 trium-

1933 4503 2156 4574 phans,
2213 4505 2270 4558 et
2323 4501 2811 4572 gratulabundus
2868 4502 3168 4559 incederet
3221 4505 3599 4573 contemptor

1932 4592 2042 4647 viri
2073 4591 2170 4646 Dei
2198 4608 2210 4645 :
2241 4590 2303 4646 in
2330 4590 2472 4648 fano
2503 4591 2637 4647 falsi
2660 4591 2924 4648 nominis
2952 4591 3048 4648 dei
3077 4589 3435 4656 trucidatur;
3485 4604 3598 4645 nec

1931 4681 2204 4750 angelico
2242 4680 2396 4752 perit
2443 4679 2671 4749 gladio,
2703 4679 2873 4752 quod
2900 4684 3028 4737 erat
3061 4693 3386 4735 commune
3433 4691 3596 4732 com-

1929 4770 2222 4843 pluribus,
2253 4768 2358 4824 sed
2384 4767 2706 4839 parricidio
2740 4768 3036 4824 ﬁliorum:
3085 4765 3191 4839 qui
3234 4781 3374 4820 cum
3407 4764 3594 4834 fugis-

1931 4859 2142 4916 sentin
2174 4864 2392 4914 terram
2415 4857 2690 4925 Ararath,
2711 4857 2879 4929 quod
2900 4856 3246 4926 intelligitur
3270 4854 3589 4917 Armenia,

1930 4948 2214 5005 successit
2242 4948 2301 5003 in
2332 4947 2517 5020 patris
2532 4945 2734 5002 locum
2752 4944 3173 5013 Asarhaddon,
3191 4959 3375 5016 quem
3404 4943 3593 5015 Scrip-

1929 5044 2062 5095 tura
2081 5042 2327 5094 testatur
2352 5035 2588 5092 misisse
2614 5035 2977 5092 habitatores
3007 5034 3311 5102 Samaria,
3334 5049 3410 5091 ne
3437 5038 3592 5090 terra

1928 5131 2265 5184 remaneret
2291 5125 2535 5181 inculta.
2569 5123 2821 5182 Ararath
2849 5129 3052 5182 autem
3079 5123 3245 5194 regio
3273 5123 3334 5179 in
3384 5128 3591 5180 Arme-

1929 5219 2030 5273 nia
2075 5217 2136 5272 iu
2167 5215 2315 5270 locis
2366 5213 2807 5287 campestribus
2849 5218 2959 5287 est,
2991 5231 3098 5288 per
3135 5229 3324 5286 quam
3380 5212 3591 5269 Araxis

1929 5307 2078 5375 ﬂuit,
2111 5303 2475 5361 incredibilis
2506 5303 2815 5372 ubertatis,
2847 5304 2927 5360 ad
2963 5303 3197 5361 radices
3219 5301 3393 5359 Tauri
3414 5316 3589 5356 mon-

1931 5395 2020 5461 tis,
2045 5394 2147 5468 qui
2191 5409 2385 5465 usque
2404 5391 2544 5449 illuc
2573 5392 2928 5449 extenditur.
2954 5396 3105 5461 Ergo
3131 5394 3189 5446 et
3214 5407 3357 5447 arca
3374 5389 3436 5445 in
3465 5405 3592 5462 qua

1927 5484 2214 5539 liberatus
2271 5486 2360 5536 est
2413 5483 2532 5536 Noe
2584 5497 2724 5538 cum
2769 5480 2972 5537 liberis
3025 5479 3170 5546 suis,
3201 5483 3475 5535 cessante
3505 5478 3592 5534 di-

1927 5575 1988 5629 lu
2003 5574 2107 5640 vio,
2135 5588 2259 5628 non
2289 5570 2368 5626 ad
2405 5575 2641 5628 montes
2674 5571 3026 5642 generaliter
3054 5569 3352 5625 Armenia
3391 5567 3592 5624 delata

1927 5679 2034 5742 est,
2081 5671 2190 5728 sed
2237 5670 2316 5727 ad
2346 5675 2582 5727 montes
2609 5670 2790 5730 Tauri
2829 5669 3170 5732 altissimos,
3205 5671 3306 5742 qui
3340 5669 3592 5728 Ararath

1926 5761 2199 5820 imminet
2225 5761 2480 5833 campis.
