3968 6394
362 258 462 319 88)

1004 386 1232 442 CAPUT
1266 387 1370 442 XX.

431 499 460 527 κ
500 478 568 533 In
598 475 813 533 diebus
861 474 991 533 aliis
1023 475 1335 546 (egrotavit
1392 475 1667 531 Ezechias
1694 490 1891 547 usque
1942 474 2017 528 ad

358 588 389 622 ‹
429 569 709 632 mortem,
734 568 790 621 et
811 564 977 621 venit
998 564 1081 639 ad
1105 579 1245 620 eum
1272 564 1455 621 Isaias
1486 564 1644 620 ﬁlius
1674 569 1860 621 Amos
1879 579 2023 638 pro-

359 679 389 710 α
428 657 632 730 pheta,
686 653 955 727 dixitque
1006 652 1093 710 ei:
1128 655 1261 709 Hinc
1315 653 1459 709 dicit
1509 653 1799 710 Dominus
1829 654 2020 709 Deus:

359 764 390 797 σι
428 743 695 820 praecipe
743 742 955 798 domui
1002 746 1139 809 tute,
1180 741 1452 799 morieris
1499 742 1662 799 enim
1690 747 1777 808 tu,
1806 745 1864 799 et
1898 757 2023 798 non

358 854 388 885 α
428 833 613 890 vives.
651 852 679 882 κ
732 833 813 887 Ne
841 829 1177 887 elevaretur
1204 845 1309 887 cor
1359 830 1640 899 Ezechiae,
1671 836 1807 904 post
1835 832 2026 887 incre-

357 921 567 980 dibiles
585 921 944 994 triumphos,
957 925 1016 977 et
1029 919 1106 977 de
1122 920 1322 977 media
1333 921 1669 993 captivitate
1689 921 2022 991 victoriam,

356 1010 701 1068 infirmitate
731 1009 1001 1082 corporis
1029 1009 1391 1075 visitatur,et
1414 1009 1582 1065 audit
1606 1025 1668 1064 se
1698 1025 1830 1065 esse
1847 1009 2026 1066 mori-

357 1104 581 1167 turum,
614 1103 681 1156 ut
707 1114 1041 1156 conversus
1070 1098 1150 1154 ad
1188 1097 1509 1154 Dominum
1543 1097 1741 1154 ﬂectat
1792 1103 2025 1154 senten-

357 1188 502 1244 tiam
533 1187 684 1259 ejus.
718 1186 891 1253 Quod
919 1185 1166 1258 quidem
1192 1190 1249 1242 et
1276 1185 1338 1242 in
1369 1186 1522 1243 Jona
1550 1187 1847 1259 propheta
1877 1186 2026 1256 legi-

357 1292 517 1345 mus,
566 1279 625 1334 et
651 1277 715 1333 in
771 1274 1348 1332 comminationibus
1380 1279 1591 1332 contra
1650 1276 1855 1348 David,
1887 1290 2025 1349 quae

359 1365 644 1422 dicuntur
670 1365 890 1431 futura,
932 1378 1042 1421 nec
1074 1362 1234 1420 facta
1264 1369 1421 1428 sunt,
1457 1380 1582 1421 non
1609 1368 1731 1421 Deo
1757 1368 2026 1421 mutante

361 1454 741 1521 sententiam,
774 1453 881 1509 sed
931 1457 1300 1526 provocante
1328 1453 1669 1510 humanum
1699 1469 1890 1523 genus
1947 1453 2035 1509 ad

362 1542 637 1600 notitiam
665 1542 777 1598 sui.
799 1541 1090 1598 Dominus
1115 1542 1414 1615 pmnitens
1438 1548 1527 1597 est
1546 1558 1729 1615 super
1754 1541 2025 1611 malitiis;

368 1628 537 1687 nulla
561 1644 699 1704 quas
728 1631 790 1687 in
815 1631 933 1688 hoc
961 1631 1195 1687 mundo
1210 1630 1559 1688 hominibus
1589 1632 1762 1702 ﬁunt,
1794 1632 2029 1704 absque

1471 260 1610 317 ANG
1619 260 1826 318 ELOMl
1869 254 2325 314 LUXtWiENSls
2360 258 2674 316 IONACIII

3682 263 3795 318 532

2057 382 2109 437 ὰ
2133 384 2288 447 sant,
2317 385 2377 437 et
2411 382 2529 438 dici
2556 382 2865 439 humiliter
2888 397 3069 455 posse
3095 397 3237 438 vera
3267 381 3432 438 bona
3461 398 3585 439 non
3642 385 3800 440 resti-

2130 474 2320 526 maut.
2356 471 2516 528 Sicut
2564 474 2764 541 gravis
2813 473 2992 544 culpa
3021 476 3108 527 est
3159 471 3273 527 sibi
3314 473 3429 528 hoc
3481 472 3797 530 hominem

2131 573 2413 629 arrogare
2441 562 2610 634 quod
2638 579 2763 618 non
2793 567 2900 628 est,
2918 562 3003 617 sic
3031 562 3391 633 plerumque
3419 562 3602 633 culpa
3626 564 3802 621 nulla

2130 653 2221 706 est
2246 650 2299 706 si
2321 650 2626 707 humiliter
2640 651 2873 708 bonum
2906 653 3067 708 dicat
3103 651 3271 724 quod
3298 656 3406 708 est.
3445 652 3613 708 Unde
3635 670 3799 727 sape

2133 740 2425 809 contingit
2450 746 2518 797 ut
2533 742 2680 813 justi
2705 747 2763 798 et
2793 742 2999 813 injusti
3027 742 3295 798 habeant
3325 741 3513 798 verba
3554 743 3797 812 similia,

2134 829 2237 886 sed
2280 835 2480 886 tamen
2529 847 2636 887 cor
2666 848 2904 904 semper
2932 830 3221 887 dissimile
3252 830 3453 900 longe,
3487 835 3548 887 et
3576 831 3799 905 inqui-

2132 917 2251 974 bus
2275 918 2445 975 dictis
2477 920 2764 977 Dominus
2794 921 2873 977 ab
2925 920 3166 991 injustis
3196 920 3522 976 oﬂ'enditur
3565 920 3632 976 in
3680 922 3802 978 eis-

2134 1006 2274 1063 dem
2304 1022 2546 1080 quoque
2579 1024 2615 1063 a
2638 1009 2815 1079 justis
2838 1008 3128 1080 placatur.
3155 1012 3305 1064 Nam
3340 1008 3693 1075 Phariszeus,
3714 1010 3803 1066 in-

2136 1112 2377 1166 gressus
2403 1097 2717 1170 templum,
2750 1098 2987 1155 dicebat
3008 1098 3285 1169 :«Jejuno
3310 1096 3408 1153 bis
3435 1098 3495 1154 in
3517 1098 3801 1166 sabbato,

2134 1184 2400 1240 decimas
2427 1185 2508 1241 do
2533 1186 2808 1242 omnium
2829 1204 2966 1259 quae
2999 1186 3302 1260 possideo,
3322 1186 3428 1243 sed
3438 1187 3805 1257 justiﬁeatus

2132 1274 2327 1343 magis
2355 1274 2718 1348 publicanus
2742 1292 2927 1348 quam
2949 1276 3047 1333 ille
3061 1277 3201 1334 exiit
3231 1278 3399 1344 (Lac.
3426 1278 3647 1348 mu)»
3668 1280 3805 1334 Eae-

2134 1362 2300 1420 chias
2328 1380 2574 1437 quoque
2602 1382 2706 1421 rex
2755 1382 2895 1421 cum
2940 1366 3213 1422 molestia
3244 1366 3514 1439 corporis
3564 1365 3805 1423 aﬁlictis

2134 1452 2214 1509 ad
2234 1454 2668 1511 extremitatem
2688 1456 3076 1526 pervenisset,
3098 1454 3161 1511 in
3185 1454 3453 1511 oratione
3474 1471 3807 1528 compunc-

2134 1544 2231 1597 tus
2260 1541 2408 1598 dixit
2434 1560 2448 1597 :
2482 1563 2509 1592 σι
2535 1543 2817 1610 Obsecro,
2852 1544 3122 1613 Domine,
3154 1548 3461 1600 memento
3484 1544 3805 1616 quomodo

2136 1630 2571 1687 ambulaverim
2597 1648 2803 1688 coram
2834 1637 2888 1688 te
2916 1633 2978 1688 in
2998 1633 3247 1690 veritate
3276 1637 3333 1689 et
3369 1632 3431 1688 in
3460 1633 3641 1688 corde
3669 1650 3805 1706 per-

368 1719 795 1794 omnipotentis
844 1720 944 1777 Dei
996 1719 1234 1777 occulto
1287 1720 1539 1777 consilio
1576 1720 1844 1777 veniunt.
1879 1725 2025 1778 Nam
2068 1734 2111 1791 ι
2136 1718 2308 1775 fecto.
2343 1740 2372 1772 ι
2412 1723 2527 1777 Nec
2558 1722 2845 1778 Dominus
2872 1722 3030 1781 hanc
3085 1721 3528 1779 confessionem
3571 1722 3805 1795 perfec-

367 1811 588 1865 cuncta
625 1810 781 1865 Deus
812 1814 1089 1866 secutura
1117 1822 1383 1881 praesens
1414 1814 1552 1865 ante
1576 1810 1799 1867 saecula
1827 1810 2030 1865 decre-

365 1897 471 1969 vit,
518 1898 772 1971 qualiter
819 1914 929 1971 per
976 1897 1195 1955 saecula
1248 1899 1670 1972 disponantur.
1731 1902 2029 1956 Statutum

366 1986 594 2061 quippe
640 1988 772 2060 jam
811 1986 1161 2044 hominibus
1213 1990 1321 2053 est,
1355 1988 1443 2045 vel
1492 1993 1790 2063 quantum
1844 1991 2028 2062 hujus

365 2075 579 2133 mundi
626 2076 997 2151 prosperitas
1050 2078 1322 2151 sequitur
1348 2082 1720 2151 quantumve
1760 2079 2029 2135 adversi-

365 2165 503 2223 tatis
524 2164 727 2223 feritas
752 2164 944 2234 feriat,
966 2178 1078 2223 nec
1108 2166 1326 2224 electos
1356 2168 1504 2239 ejus.
1528 2172 1633 2224 aut
1656 2168 2027 2225 immodera-

363 2258 426 2311 ta
453 2254 818 2330 prcsperitas
856 2254 1065 2323 elevet,
1096 2259 1199 2313 aut
1225 2256 1414 2313 nimia
1441 2256 1774 2314 adversitas
1800 2262 2023 2328 gravet.

367 2343 665 2401 Statutum
694 2358 940 2417 quoque
966 2348 1384 2418 est,quantum
1412 2345 1473 2402 in
1488 2346 1623 2420 ipsa
1651 2346 1773 2404 vita
1790 2347 2031 2404 mortali

364 2432 770 2505 temporaliter
819 2433 1074 2504 vivatur,
1106 2449 1251 2491 nam
1280 2436 1387 2490 etsi
1442 2449 1637 2490 annos
1682 2435 2029 2509 quindecim

364 2522 629 2579 Ezechiae
658 2522 787 2593 regi
817 2522 897 2579 ad
919 2523 1104 2579 vitam
1134 2524 1367 2579 addidit
1416 2524 1798 2596 omnipotens
1827 2528 1982 2582 Deus
2013 2544 2026 2595 ;

363 2627 504 2668 cum
526 2626 667 2668 eum
690 2612 846 2668 mori
873 2612 1163 2686 permisit,
1194 2617 1337 2669 tunc
1362 2612 1661 2686 prsescivit
1689 2629 1819 2670 esse
1846 2615 2029 2671 mori-

363 2703 606 2769 turum;
635 2712 759 2773 qua
806 2699 868 2757 in
916 2716 978 2757 re
1026 2702 1279 2773 quaestio
1308 2703 1513 2772 oritur,
1546 2703 1854 2775 quemodo
1908 2704 1961 2760 ei
1992 2719 2031 2761 a

362 2788 895 2861 Pwpheta'dicitur
910 2807 924 2842 :
938 2808 970 2839 α
990 2791 1251 2863 Hispone
1273 2790 1481 2846 domui
1511 2794 1628 2846 tuae
1654 2792 1797 2865 quia
1818 2793 2031 2851 morie

361 2875 446 2935 ris
486 2880 572 2945 tu,
603 2881 660 2934 et
702 2890 827 2934 non
881 2878 1062 2935 vives.
1099 2900 1129 2929 ιο
1177 2879 1281 2935 Cui
1310 2894 1450 2935 cum
1501 2880 1708 2937 mortis
1737 2882 2033 2939 sententia

361 2966 523 3024 dicta
547 2971 654 3036 est,
688 2968 963 3040 protinus
996 2967 1075 3025 ad
1104 2968 1236 3040 ejus
1265 2967 1568 3041 lacrymas
1596 2973 1685 3026 est
1708 2970 1828 3027 vita
1853 2972 2027 3028 addi-

2137 1809 2313 1865 tionis
2338 1810 2469 1881 ejus
2494 1810 2767 1883 despexit
2796 1817 2902 1868 aut
2923 1812 3140 1880 renuit,
3183 1828 3369 1885 quem
3415 1828 3561 1869 mox
3584 1812 3651 1869 in
3677 1813 3808 1869 suis

2137 1898 2418 1970 precibus
2456 1900 2781 1957 exaudivit.
2815 1904 2960 1957 Ecce
3001 1901 3339 1974 pharisaeus
3360 1917 3423 1957 se
3445 1900 3804 1971 justiﬁeavit

2135 1986 2199 2043 in
2230 2003 2445 2060 opere:
2484 1990 2760 2045 Ezechias
2782 1991 3013 2061 justum
3039 2007 3101 2045 se
3127 1990 3379 2046 asseruit
3407 1990 3672 2047 etiamin
3702 2007 3804 2048 co-

2137 2075 2441 2147 gitatione.
2470 2080 2662 2150 Atque
2706 2080 2869 2135 unde
2915 2079 3009 2135 ille
3038 2078 3307 2143 oﬂendit,
3348 2078 3489 2135 inde
3533 2080 3642 2135 iste
3695 2083 3808 2136 Do-

2137 2164 2372 2221 minum
2401 2164 2681 2237 placavit.
2724 2168 2841 2224 Cur
2860 2168 3065 2240 itaque
3089 2168 3207 2223 hoc
3225 2167 3253 2224 ?
3276 2167 3391 2223 nisi
3437 2167 3584 2240 quia
3605 2168 3807 2226 omni-

2135 2257 2350 2326 potens
2409 2254 2565 2310 Deus
2622 2255 3000 2325 singulorum
3053 2255 3241 2312 verba
3294 2271 3367 2311 ac
3415 2256 3807 2325 cogitationes

2137 2346 2371 2413 pensat,
2403 2347 2459 2399 et
2488 2343 2549 2399 in
2577 2344 2708 2414 ejus
2748 2345 3000 2400 auribus
3052 2344 3316 2417 superba
3340 2360 3465 2401 non
3498 2348 3641 2402 sunt
3666 2361 3805 2418 quas

2138 2429 2350 2487 humili
2373 2432 2552 2490 corde
2577 2433 2930 2505 proferunt?

2209 2542 2239 2571 α
2283 2520 2582 2595 Flevitque
2612 2523 2890 2580 Ezechias
2920 2524 3066 2580 ﬂetu
3094 2539 3343 2594 magno.
3380 2526 3447 2581 Et
3470 2526 3807 2596 antequam

2141 2631 2170 2660 α
2210 2612 2593 2681 egrederetur
2649 2614 2835 2670 Isaias
2860 2614 3126 2671 mediam
3163 2619 3394 2687 partem
3439 2614 3572 2671 atrii
3609 2614 3806 2672 factus

2142 2721 2170 2749 α
2209 2703 2298 2756 est
2320 2716 2521 2757 sermo
2548 2702 2785 2760 Domini
2820 2702 2899 2760 ad
2941 2718 3104 2769 eum,
3134 2703 3379 2761 dicens:
3412 2706 3724 2760 Revertere
3748 2707 3807 2759 et

2138 2810 2168 2839 α
2208 2788 2306 2845 dic
2337 2789 2594 2846 Ezechiae
2614 2789 2753 2848 duci
2773 2792 2982 2866 populi
3001 2793 3153 2850 mei:
3179 2793 3317 2850 Haec
3342 2794 3483 2850 dicit
3511 2792 3807 2851 Dominus

2139 2898 2167 2929 ς(
2212 2879 2365 2934 Deus
2396 2879 2583 2951 patris
2618 2880 2700 2935 tui
2733 2881 2949 2938 David:
3004 2882 3221 2940 Audivi
3251 2882 3584 2940 orationem
3610 2886 3805 2949 tuam,

2138 2985 2171 3021 ‹
2209 2966 2330 3024 vidi
2350 2966 2684 3040 iacrymam
2716 2974 2883 3027 tuam
2910 2974 2969 3028 et
2987 2987 3125 3028 ecce
3152 2972 3363 3029 sanavi
3395 2976 3469 3028 te.
3501 2972 3599 3028 Die
3632 2971 3804 3030 tertio

360 3058 440 3112 ta.
477 3054 591 3113 Sed
620 3070 731 3129 per
752 3055 1112 3129 prophetam
1136 3057 1423 3114 Dominus
1446 3057 1594 3114 dixit
1617 3073 1743 3131 quo
1756 3062 2025 3133 tempore
2067 3089 2110 3147 ο
2138 3076 2168 3106 «τ
2209 3056 2499 3147 ascendas
2519 3058 2811 3131 templum
2834 3060 3088 3130 Domini,
3112 3066 3171 3118 et
3193 3062 3419 3118 addam
3446 3061 3666 3118 diebus
3686 3063 3803 3118 tuis

360 3142 515 3199 mori
544 3143 673 3217 ipse
702 3144 1064 3215 merebatur,
1093 3161 1205 3203 nec
1236 3147 1543 3205 dominica
1593 3148 1860 3206 instituta
1889 3164 2027 3207 con-

360 3229 539 3290 vulsa
570 3236 729 3299 sant,
761 3235 867 3309 qui
894 3241 1096 3293 autem
1146 3252 1220 3292 ex
1265 3236 1537 3307 largitate
1561 3238 1662 3294 Dei
1700 3237 1845 3294 anni
1889 3239 2025 3296 vita

357 3322 843 3387 crescerent,hoc
867 3338 1115 3397 quoque
1135 3328 1275 3381 ante
1302 3325 1524 3381 saecula
1544 3325 1862 3398 praeﬁxum
1892 3326 2024 3396 fuit,

356 3411 538 3480 atque
558 3410 820 3481 spatium
838 3411 973 3467 vita:
992 3412 1162 3484 quod
1178 3412 1471 3487 inopinati
1492 3414 1635 3471 foris
1650 3418 1739 3471 est
1751 3414 2026 3472 additum

360 3495 491 3552 siue
514 3503 842 3568 augmento
870 3500 1152 3571 praesenti
1174 3500 1284 3557 fuit
1312 3502 1471 3558 intus
1494 3507 1808 3560 statutum.

430 3600 460 3633 α
486 3584 598 3651 Qui
618 3587 910 3642 convertit
936 3587 1154 3643 faciem
1176 3604 1354 3645 suam
1384 3590 1462 3645 ad
1487 3591 1782 3663 parietem
1816 3596 1874 3648 et
1897 3607 2028 3650 ora-

359 3678 392 3724 «ὀ
429 3671 507 3729 vit
550 3674 872 3731 Dominum
933 3674 1162 3732 dicens.
1195 3694 1226 3729 s
1274 3680 1693 3752 Convertitque
1745 3681 2026 3737 Ezechias

356 3758 573 3819 faciem
627 3779 801 3820 suam
851 3764 930 3821 ad
968 3765 1279 3838 parietem,
1309 3767 1455 3840 quia
1499 3769 1576 3824 ad
1620 3769 1912 3842 templum
1940 3770 2026 3827 ire

357 3856 483 3909 non
511 3854 763 3925 poterat.
783 3854 875 3910 Ad
900 3854 1190 3928 parietem
1212 3859 1411 3912 autem
1437 3857 1646 3931 templi
1662 3857 1832 3928 juxta
1859 3859 2026 3931 quod

360 3939 642 3997 Salomon
673 3943 970 4014 palatium
1018 3948 1387 4002 exstruxerat
1422 3961 1436 4000 :
1496 3946 1586 4001 vel
1632 3946 1907 4003 absolute
1945 3947 2024 4004 ad

356 4028 668 4101 parietem,
686 4046 762 4086 ne
781 4030 1084 4103 lacrymas
1113 4048 1258 4089 suas
1285 4033 1690 4089 assidentibus
1721 4040 2023 4093 ostentare

357 4116 676 4174 videretur.
710 4123 824 4176 Aut
852 4124 1008 4177 certe
1031 4121 1205 4193 juxta
1237 4124 1553 4180 Jeremiam
1580 4124 1659 4181 ad
1689 4140 1793 4181 cor
1817 4141 2022 4195 suum,

357 4206 465 4279 qui
502 4206 727 4264 idcirco
775 4210 1067 4282 parietem
1123 4226 1228 4268 cor
1269 4212 1551 4286 appellat,
1576 4218 1641 4270 ut
1669 4217 1794 4273 tota
1823 4220 2022 4272 mente

359 4295 689 4352 Dominum
720 4296 1168 4370 deprecaretur.

432 4402 462 4433 κ
481 4382 763 4456 Obsecro,
784 4386 1055 4457 Domine,
1080 4391 1384 4445 memento
1411 4390 1722 4461 quomodo
1748 4391 2022 4447 ambula-

360 4493 390 4522 κ
429 4472 619 4528 verim
650 4488 855 4531 coram
882 4478 937 4532 te
962 4476 1023 4531 in
1054 4476 1320 4547 veritate,
1352 4481 1407 4533 et
1448 4477 1509 4533 in
1538 4478 1717 4534 corde
1735 4479 2018 4552 perfecto,

359 4582 390 4611 α
429 4564 486 4618 et
510 4561 676 4636 quod
733 4564 1020 4637 placitum
1050 4570 1139 4622 est
1162 4580 1367 4623 coram
1426 4571 1477 4621 te
1510 4567 1767 4623 fecerim.
1804 4590 1832 4617 ››
1867 4568 2023 4624 Felix

356 4652 724 4710 conscientia
743 4668 881 4727 quae
899 4652 1238 4712 aﬂlictionis
1260 4661 1530 4730 tempore
1556 4657 1852 4713 bonorum
1885 4672 2025 4729 ope-

356 4756 494 4797 rum
535 4742 903 4801 recordatur.
948 4766 979 4795 «
1009 4745 1170 4802 Beati
1199 4745 1359 4802 enim
1391 4746 1623 4803 mundo
1653 4746 1833 4802 corde
1871 4761 2026 4818 quo-

356 4830 527 4887 niam
560 4832 674 4905 ipsi
709 4836 898 4891 Deum
929 4834 1222 4892 videbunt
1245 4837 1487 4903 (Matth.
1521 4838 1634 4907 v).»
1669 4838 1735 4890 Et
1775 4849 2027 4898 quomo-

357 4918 439 4974 do
469 4918 614 4976 alibi
643 4922 930 4995 scriptum
952 4927 1071 4978 est:
1105 4946 1135 4974 ‹‹
1160 4924 1303 4989 Quis
1334 4923 1686 4994 gloriabitur
1710 4938 1932 4995 purum
1962 4937 2028 4979 se

357 5005 583 5063 habere
613 5023 716 5065 cor
748 5010 949 5080 (Prov.
976 5012 1083 5082 x)?
1106 5032 1135 5063 ι»
1161 5012 1331 5084 quod
1380 5012 1461 5068 ita
1487 5012 1771 5067 solvitur:
1805 5011 2029 5084 perfec-

358 5094 584 5150 tionem
623 5096 822 5155 cordis
872 5100 935 5154 in
983 5115 1057 5155 eo
1111 5115 1277 5156 nunc
1305 5100 1442 5168 dici,
1473 5100 1641 5173 quod
1697 5100 1859 5158 idola
1894 5102 2031 5158 des-

360 5183 628 5249 truxerit,
655 5186 861 5259 templi
890 5200 1135 5260 quoque
1181 5187 1385 5245 valvas
1426 5190 1743 5261 aperuerit,
1780 5206 2025 5265 serpen-

359 5275 483 5331 tem
524 5288 763 5332 mneum
807 5275 1251 5347 comminuerit,
1297 5283 1353 5333 et
1403 5282 1616 5335 caetera
1645 5278 1846 5336 fecerit
1888 5296 2025 5354 quae

360 5363 663 5437 Scriptura
688 5368 1144 5423 commemorat.
1174 5365 1536 5440 Plerumque
1555 5367 1857 5442 aliquibus
1876 5370 2024 5442 justi

359 5452 815 5510 necessitatibus
857 5452 1058 5511 afﬂicti
1105 5468 1217 5510 sua
1269 5469 1455 5527 opera
1507 5462 1802 5526 coguntur
1830 5457 2020 5529 fateri,

363 5539 471 5595 sed
494 5554 634 5596 cum
657 5558 866 5599 eorum
896 5543 1056 5599 dicta
1084 5542 1287 5614 injusti
1316 5545 1566 5602 audiunt
1596 5547 1723 5603 haec
1766 5564 1875 5620 per
1905 5549 2022 5606 ela-

361 5627 589 5685 tionem
604 5632 804 5703 potius
824 5648 1012 5705 quam
1042 5647 1150 5705 per
1176 5634 1484 5691 veritatem
1513 5636 1853 5693 existimant
1879 5654 2020 5710 pro-

362 5713 505 5779 lata.
538 5719 621 5774 Ex
671 5733 795 5776 suis
823 5720 984 5781 enim
1031 5723 1313 5781 cordibus
1340 5725 1526 5784 verba
1548 5726 1849 5796 justorum
1873 5742 2019 5799 pen.

2140 3167 2167 3196 ‹‹
2209 3146 2556 3218 quindecim
2584 3164 2796 3204 annos.
2825 3149 2936 3205 Sed
2960 3154 3018 3206 et
3034 3150 3112 3207 de
3134 3165 3322 3207 manu
3343 3150 3500 3219 regis
3520 3151 3800 3224 Assyrio-

2137 3256 2166 3283 «ι
2205 3250 2341 3292 rum
2370 3235 2642 3294 liberabo
2666 3242 2739 3301 te,
2773 3241 2829 3295 et
2857 3238 3157 3296 civitatem
3184 3240 3364 3299 hanc.
3396 3244 3453 3295 et
3472 3244 3794 3313 protegam

2137 3343 2167 3372 α
2207 3323 2421 3381 urbem
2466 3324 2645 3382 istam
2673 3330 2917 3399 propter
2945 3342 3043 3383 me
3079 3331 3139 3383 et
3167 3334 3414 3400 propter
3459 3328 3650 3385 David
3681 3344 3807 3385 ser-

2136 3433 2165 3463 ‹‹
2206 3428 2350 3469 vum
2383 3429 2609 3471 meum.
2636 3436 2665 3464 »
2687 3414 2872 3472 Flevit
2901 3420 3107 3473 autem
3126 3416 3272 3473 ﬂetu
3300 3432 3529 3486 magno
3557 3423 3805 3491 propter

2133 3501 2601 3573 promissionem
2636 3503 2870 3560 Domini
2901 3504 2982 3561 ad
3008 3505 3214 3575 David,
3255 3521 3446 3577 quam
3465 3506 3712 3565 videbat
3737 3507 3801 3563 in

2134 3605 2246 3646 sua
2270 3595 2462 3647 morte
2488 3593 2835 3664 perituram.
2885 3597 2966 3650 Eo
2993 3595 3156 3651 enim
3205 3600 3473 3668 tempore
3518 3597 3802 3653 Ezechias

2132 3678 2290 3737 filios
2318 3696 2442 3737 non
2466 3681 2752 3750 habebat,
2785 3699 2929 3739 nam
2960 3689 3102 3757 post
3130 3689 3385 3741 mortem
3416 3686 3548 3755 ejus
3576 3689 3807 3745 Manas-

2135 3784 2228 3824 ses
2258 3784 2396 3824 cum
2424 3769 2743 3827 duodecim
2781 3787 3083 3829 annorum
3133 3778 3307 3841 esset,
3332 3790 3587 3844 regnare
3627 3777 3809 3849 czepit

2133 3857 2195 3914 in
2229 3856 2401 3913 Juda.
2438 3861 2519 3913 Ex
2547 3875 2670 3930 quo
2701 3862 3088 3933 perspicuum
3133 3867 3222 3918 est
3249 3867 3386 3935 post
3422 3864 3664 3920 tertium
3696 3881 3808 3922 an-

2132 3963 2281 4004 num
2335 3962 2634 4003 concessus
2674 3949 2832 4019 vitta,
2864 3953 3173 4007 Manassen
3231 3968 3364 4007 esse
3422 3958 3803 4023 generatum.

2133 4037 2287 4105 Ergo
2323 4036 2435 4093 iste
2465 4036 2661 4092 omnis
2691 4044 2778 4094 est
2800 4038 2995 4109 fletus,
3017 4041 3185 4113 quod
3215 4041 3579 4114 desperabat
3610 4043 3808 4100 Chris-

2132 4128 2261 4182 tum
2286 4124 2363 4181 de
2385 4141 2495 4181 suo
2526 4126 2752 4183 semine
2783 4128 3174 4184 nasciturum.
3200 4130 3486 4195 Quamvis
3516 4130 3611 4186 alii
3640 4148 3806 4188 asse-

2133 4217 2274 4271 runt
2301 4218 2541 4270 sanctos
2572 4214 2753 4285 viros,
2786 4231 2909 4271 non
2965 4218 3163 4273 terreri
3206 4223 3451 4291 propter
3502 4219 3804 4278 incertum

2129 4303 2359 4375 judicii,
2379 4308 2437 4360 et
2456 4304 2892 4374 ignorationem
2916 4307 3220 4362 sententiae
3239 4308 3358 4374 Dei,
3380 4324 3570 4381 quam
3593 4310 3804 4368 sedem

2133 4393 2396 4449 habituri
2446 4394 2583 4459 sint,
2616 4395 2916 4468 simulque
2949 4397 3086 4453 facti
3118 4398 3373 4470 quaestio
3415 4397 3688 4469 solvitur,
3730 4417 3808 4457 ac

2135 4481 2501 4537 necessitatis
2526 4482 2767 4539 vincula
2798 4487 2976 4555 atque
3008 4496 3352 4553 causarum,
3378 4486 3546 4558 quod
3566 4503 3807 4560 nequa-

2132 4586 2317 4642 quam
2350 4570 2478 4626 dies
2506 4573 2711 4628 mortis
2752 4574 3001 4635 singulis
3041 4579 3389 4646 praestatuta
3433 4576 3526 4642 sit,
3562 4577 3670 4633 sed
3696 4594 3809 4634 vo-

2132 4659 2363 4717 luntate
2394 4662 2493 4716 Dei
2523 4667 2582 4717 et
2608 4663 2828 4731 ignotis
2861 4663 3217 4720 mortalibus
3249 4665 3471 4735 causis,
3505 4665 3596 4721 vel
3638 4666 3808 4726 vivat

2136 4748 2354 4820 aliquis
2389 4750 2485 4805 vel
2541 4751 2851 4808 moriatur.
2903 4754 3235 4810 Praesertim
3276 4768 3416 4810 cum
3465 4757 3524 4811 et
3576 4758 3807 4815 statuta

2134 4853 2297 4894 nunc
2326 4839 2532 4896 mortis
2573 4844 2901 4897 necessitas
2930 4842 3261 4914 differatur,
3286 4848 3343 4899 et
3372 4850 3508 4916 post
3537 4850 3804 4903 mortem

2132 4928 2512 4985 resuscitatos
2562 4930 2854 5002 plurimos
2901 4931 3194 5001 legamus.
3230 4933 3557 4990 Revertitur
3593 4938 3802 4992 autem

2135 5017 2213 5074 ad
2235 5033 2437 5087 regem
2459 5020 2758 5090 propheta
2768 5021 3003 5077 Domini
3016 5021 3308 5092 jussione,
3332 5027 3398 5078 ut
3411 5023 3538 5096 ipse
3556 5030 3805 5083 sanaret

2133 5107 2237 5180 qui
2289 5115 2686 5180 percusserat,
2737 5116 2795 5165 et
2821 5117 3071 5168 vocatur
3124 5111 3400 5167 Ezechias
3425 5112 3546 5167 dux
3586 5114 3803 5186 populi

2133 5196 2270 5270 mei,
2295 5200 2351 5252 et
2379 5197 2536 5252 ﬁlius
2567 5198 2772 5265 David,
2811 5200 2983 5270 cujus
3009 5215 3197 5271 opera
3232 5200 3610 5256 sectabatur:
3640 5201 3802 5259 fece-

2130 5288 2224 5340 rat
2266 5285 2427 5340 enim
2466 5290 2692 5341 rectum
2742 5286 2912 5356 juxta
2943 5289 3149 5345 omnia
3190 5304 3328 5361 quae
3358 5289 3578 5345 fecerat
3604 5290 3801 5347 David

2130 5378 2299 5447 pater
2328 5374 2478 5445 ejus,
2505 5379 2562 5431 et
2587 5376 2828 5432 auditur
2856 5377 2984 5447 ejus
3013 5378 3223 5446 oratio,
3256 5378 3656 5452 videnturque
3712 5378 3801 5436 la-

2130 5478 2375 5534 crymm,
2390 5464 2679 5535 quoniam
2699 5464 3113 5522 ambulaverat
3129 5482 3332 5522 coram
3356 5467 3603 5522 Domino
3621 5467 3679 5521 in
3702 5483 3797 5523 ve-

2129 5552 2319 5611 ritate.
2340 5557 2396 5608 et
2417 5552 2479 5606 in
2499 5552 2678 5607 corde
2705 5552 2985 5624 perfecto.
3016 5558 3078 5609 Et
3110 5556 3354 5611 fleverat
3375 5557 3516 5611 ﬂetu
3542 5570 3793 5624 magno,

2128 5644 2184 5695 et
2199 5640 2365 5711 quod
2382 5640 2667 5713 placitum
2685 5642 2878 5697 eratin
2898 5643 3085 5698 oculis
3105 5645 3233 5714 ejus
3250 5644 3797 5714 fecerat.Adjiciun-

2131 5731 2350 5800 turque
2369 5728 2718 5800 quindecim
2746 5731 2889 5788 anni
2918 5731 2999 5790 ad
3016 5731 3219 5801 vitam,
3242 5749 3397 5806 quos
3423 5733 3518 5792 ille
3544 5748 3671 5791 non
3690 5749 3797 5805 po-
