3968 6412
190 275 294 331 533

1161 277 1416 334 ENARR.
1457 278 1527 334 ΙΝ
1567 271 1817 332 LIBROS
1854 269 2123 335 REGUM.
2156 301 2226 313 -—
2253 273 2322 330 IN
2364 273 2493 329 LIB.
2534 273 2619 329 IV.

3530 279 3634 333 534

172 397 523 469 stulaverat,
546 397 679 455 etin
701 397 1118 472 supervivente
1139 398 1240 456 illo
1265 399 1434 471 regni
1451 399 1739 456 securitas
1761 412 1847 452 re-
1874 391 1925 447 A
1961 396 2024 452 ni
2066 400 2279 452 exortu
2304 399 2627 457 reddatur:
2664 399 2816 456 sicut
2858 401 2916 456 et
2942 399 3216 455 veterum
3244 397 3529 471 historias,
3576 378 3635 457 et

168 488 559 562 promittitur.
586 488 685 545 Sin
712 491 912 545 autem
937 490 1019 557 (ut
1049 490 1303 562 quidam
1332 492 1565 562 putant)
1612 490 1672 544 in
1716 503 1849 544 cor—

166 594 316 654 pore
335 576 536 635 vivere
553 578 981 636 condemnatio
1006 584 1118 650 est,
1143 583 1201 635 et
1218 581 1390 652 juxta
1414 580 1561 636 illud
1576 578 1751 652 quod
1769 576 1853 633 di-

165 667 323 725 citur
353 684 366 724 :
405 688 427 715 ι
460 668 1013 735 Revertere,anima
1030 685 1187 735 mea,
1211 669 1273 725 in
1295 669 1565 741 requiem
1595 673 1784 724 tuam.
1822 686 1849 715 ι

167 760 234 814 Et
255 756 325 814 in
343 756 466 815 alio
482 756 619 815 loco
640 776 651 814 :
677 779 705 807 ‹‹
721 758 884 815 Educ
905 758 981 815 de
1003 774 1242 816 carcere
1266 759 1538 816 animam
1563 775 1787 821 meam,
1819 776 1850 812 ›

163 848 441 921 optanda
461 851 553 907 est
569 864 725 914 mos,
747 854 812 906 ut
831 848 908 905 de
934 864 1172 906 carcere
1196 849 1524 907 liberemur
1538 847 1851 922 quomodo

161 953 331 994 nunc
357 937 550 995 donat
577 954 688 1012 pro
719 938 1039 1010 beneﬁcio,
1088 943 1153 996 ut
1192 940 1296 1013 qui
1325 940 1679 996 liberandus
1726 942 1854 995 erat

162 1027 371 1084 adhuc
410 1027 760 1101 quindecim
790 1028 969 1085 annis
995 1028 1156 1086 vivat
1185 1029 1247 1085 in
1278 1046 1515 1087 carcere
1534 1029 1561 1085 ‘2

234 1138 266 1169 α
290 1116 573 1192 Dixitque
588 1117 772 1175 Isaias
796 1118 1046 1176 :Afferte
1063 1136 1329 1175 massam
1350 1120 1641 1176 ﬁcorum:
1663 1134 1852 1191 quam

162 1226 196 1258 α
212 1223 359 1264 cum
383 1208 724 1265 attulissent
743 1208 1162 1281 etposuissent
1184 1225 1366 1281 super
1390 1208 1559 1267 ulcus
1582 1209 1732 1279 ejus,
1752 1224 1853 1265 cu-

163 1302 397 1355 «natus
418 1301 528 1354 est.
554 1320 584 1349 »
602 1297 782 1355 Aiunt
812 1299 1038 1355 Hebraei
1070 1299 1330 1355 verbum
1364 1299 1623 1357 schehin
1655 1298 1853 1371 (quod

159 1386 601 1461 praetermisere
647 1388 1058 1459 Septuaginta)
1082 1388 1255 1444 ulcus
1299 1404 1544 1458 sonare,
1577 1404 1702 1445 non
1723 1387 1853 1444 vul-

1958 486 2149 542 nostri
2172 487 2451 545 homines
2481 489 2608 558 aevi,
2624 489 2728 562 qui
2748 488 2863 546 illis
2878 487 2953 544 de
2975 488 3246 561 partibus
3272 489 3627 559 adveniunt,

1956 575 2475 635 abundantissime
2499 579 2783 652 produnt,
2811 593 3133 652 nunquam
3170 582 3374 636 autem
3422 579 3485 638 hi
3525 581 3633 654 qui

1955 664 2238 723 interiora
2264 668 2449 726 austri
2469 667 2759 736 incolunt,
2782 667 2984 724 videre
3010 666 3201 724 solem
3224 682 3330 740 per
3353 669 3631 727 meridia-

1955 768 2067 810 nas
2084 754 2296 826 plagas
2311 756 2392 813 ad
2412 757 2703 814 orientem
2730 755 2810 814 ab
2830 771 3054 813 occasu
3080 755 3294 814 redire.
3329 756 3505 824 Quod
3554 758 3631 815 si-

1958 858 2147 911 gnum
2168 849 2225 901 et
2244 848 2556 918 praesentis
2579 846 2865 920 temporis
2888 848 2946 903 et
2970 844 3155 902 futuri
3176 848 3358 920 typus
3383 851 3532 918 erat,
3563 850 3632 906 ut

1957 934 2269 1004 quomodo
2297 935 2386 992 sol
2414 940 2807 993 reverteretur
2834 935 2916 992 ad
2943 935 3260 993 exordium
3291 936 3404 1004 sui,
3434 936 3535 1001 ﬁita
3570 941 3630 993 et

1956 1023 2218 1079 Ezechias
2257 1026 2400 1092 vita,
2432 1025 2513 1081 ad
2536 1025 2805 1082 detextos
2823 1040 3017 1083 annos
3040 1024 3260 1083 rediret
3284 1042 3298 1082 :
3321 1026 3626 1099 nobisque

1956 1110 2019 1168 in
2040 1111 2423 1171 hebdomade
2454 1118 2510 1172 et
2534 1114 2813 1184 ogdoade
2828 1114 3168 1171 viventibus
3195 1130 3303 1188 per
3331 1130 3625 1172 ressurre-

1958 1201 2219 1259 ctionem
2241 1203 2472 1275 Christi,
2491 1204 2621 1260 vitae
2638 1204 2833 1276 spatia
2852 1202 3239 1276 protelentur.
3265 1204 3466 1263 Solent
3482 1221 3622 1264 san-

1957 1296 2192 1348 ctorum
2215 1293 2488 1350 locorum
2508 1294 2569 1350 in
2595 1295 2707 1350 hac
2731 1293 3042 1366 provincia
3069 1298 3523 1367 monstratores,
3535 1296 3623 1352 in-

1956 1384 2045 1443 tra
2070 1389 2363 1456 consepta
2393 1383 2597 1456 templi
2618 1383 2937 1440 ostendere
2969 1383 3196 1453 gradus
3223 1384 3484 1441 Ezechias
3516 1386 3624 1442 do-

158 1492 302 1534 nus.
336 1480 490 1537 Nam
525 1476 760 1550 Aquila,
796 1478 1321 1551 Symmachusque
1366 1484 1422 1533 et
1467 1476 1847 1534 Theodotion
1951 1485 2092 1527 mus
2122 1472 2218 1528 vel
2245 1472 2459 1543 Achaz,
2490 1473 2659 1545 quod
2686 1472 2775 1529 sol
2804 1487 2909 1544 per
2949 1488 3053 1528 eos
3081 1470 3477 1530 descenderit.
3505 1474 3621 1532 Sed

159 1566 313 1630 ἕλκος
340 1565 715 1639 interpretati
758 1572 917 1637 sunt,
950 1582 1060 1640 per
1096 1568 1261 1640 quod
1296 1567 1580 1623 morbum
1607 1565 1844 1635 regium
1947 1575 2270 1635 nunquam
2295 1578 2408 1632 ego
2450 1562 2651 1630 credo,
2684 1578 2806 1618 non
2837 1561 2972 1621 dico
3014 1562 3214 1619 Achaz
3240 1562 3346 1635 qui
3373 1578 3477 1619 rex
3505 1562 3620 1620 im-

156 1654 414 1726 intelligi
434 1654 668 1711 volunt.
699 1654 805 1713 Cui
834 1656 1135 1713 contraria
1154 1662 1446 1729 putantur
1476 1655 1571 1712 vel
1597 1661 1841 1728 sumpta
1948 1652 2086 1724 pius
2114 1651 2243 1721 fuit,
2276 1652 2383 1708 sed
2414 1652 2735 1723 cujuslibet
2757 1651 2917 1723 regis
2940 1652 3089 1723 justi
3125 1651 3381 1710 domum
3428 1652 3619 1710 fuisse

154 1745 223 1802 in
240 1744 504 1814 cibo,vel
521 1745 802 1819 apposita
814 1746 1051 1819 corpori
1067 1762 1449 1819 quaecunque
1463 1745 1834 1803 suntdulcia.
1869 1754 1919 1812 Β
1946 1740 2009 1796 in
2033 1742 2259 1814 templo
2287 1742 2387 1798 Dei
2420 1761 2432 1799 :
2477 1758 2617 1798 cum
2666 1741 2953 1800 Salomon
2979 1741 3206 1799 idcirco
3232 1742 3437 1813 jDeum
3466 1742 3620 1800 inter

154 1824 317 1906 Ergo
344 1838 414 1893 ut
435 1834 538 1891 Dei
564 1834 830 1906 potentia
859 1840 1316 1907 monstraretur,
1351 1852 1458 1908 per
1478 1840 1596 1893 tres
1624 1835 1838 1892 noxias

153 1929 217 1983 et
244 1925 541 1983 adversas
572 1924 799 1982 sanitas
828 1926 1097 1983 restituta
1122 1931 1230 1983 est.
1276 1926 1388 1983 Alii
1411 1925 1683 1993 schehin,
1714 1942 1837 1982 non

152 2014 356 2078 ulcus,
389 2013 495 2072 sed
528 2018 843 2088 apostema
872 2015 1277 2088 suspicantur,
1305 2016 1556 2089 quando
1596 2020 1835 2072 tumens

151 2121 385 2179 corpus
407 2120 594 2162 cocco
624 2108 682 2162 et
707 2109 1229 2179 computrescente
1258 2122 1409 2178 pure
1450 2106 1755 2179 impletur,
1782 2113 1840 2162 et

145 2195 333 2269 juxta
352 2197 546 2255 artem
580 2192 958 2251 medicorum
987 2194 1186 2252 omnis
1237 2194 1433 2251 sanies
1488 2194 1837 2251 siccioribus

145 2283 286 2343 ﬁcis
326 2287 510 2358 atque
559 2283 848 2351 contusis,
879 2283 942 2341 in
986 2283 1137 2343 cutis
1170 2283 1557 2355 superﬁciem
1611 2298 1835 2356 provo-

149 2376 352 2431 catur.
384 2376 467 2429 Ac
496 2387 607 2446 per
632 2371 750 2431 hoc
770 2387 897 2431 non
949 2372 1361 2445 spernendam
1400 2388 1530 2428 esse
1585 2371 1836 2429 medici-

147 2478 323 2533 nam,
338 2477 477 2535 quae
502 2478 622 2523 usu
657 2466 889 2521 constet
914 2465 973 2519 et
997 2463 1409 2536 experimento
1439 2462 1583 2535 quia
1603 2466 1658 2518 et
1673 2463 1831 2519 hanc

144 2551 360 2611 fecerit
387 2551 566 2613 Deus.

225 2663 257 2695 α
285 2641 531 2701 Dixerat
556 2644 761 2701 autem
790 2642 1067 2699 Ezechias
1103 2642 1184 2700 ad
1213 2641 1431 2699 Isaiam
1463 2641 1671 2708 :Quod
1710 2639 1839 2699 erat

147 2754 179 2785 ι(
211 2732 479 2802 signum,
501 2730 649 2805 quia
664 2731 959 2789 Dominus
976 2748 1075 2788 me
1099 2732 1354 2803 sanavit,
1377 2736 1435 2787 et
1462 2731 1604 2803 quia
1623 2747 1833 2789 ascen-

146 2836 381 2879 usurus
410 2835 546 2879 sum
567 2819 665 2876 die
718 2818 888 2878 tertio
940 2819 1236 2895 templum
1266 2819 1557 2877 Domini?
1600 2820 1706 2875 Cui
1754 2819 1837 2876 ait

143 2933 176 2962 κ
212 2909 441 2969 Isaias:
469 2912 591 2967 Hoc
613 2909 721 2967 erit
741 2910 988 2982 signum
1011 2926 1051 2967 a
1071 2909 1348 2980 Domino,
1374 2910 1542 2983 quod
1563 2908 1832 2966 facturus

142 3023 175 3051 «ι
200 2999 281 3058 sit
307 2999 599 3059 Dominus
628 3014 972 3059 sermonem
1004 3015 1191 3074 quem
1223 2999 1457 3056 locutus
1485 3003 1592 3055 est.
1640 2998 1743 3055 Vis
1769 3002 1834 3056 ut

138 3113 172 3143 κ
201 3089 500 3151 ascendat
517 3089 740 3148 umbra
756 3089 971 3146 decem
985 3088 1177 3159 lineis,
1200 3105 1282 3146 an
1304 3094 1368 3148 ut
1394 3093 1726 3147 revertatur
1749 3093 1831 3145 to-
1867 3115 1910 3175 α

139 3204 174 3235 κ
200 3179 394 3238 tidem
416 3179 768 3251 gradibus,»
794 3183 853 3236 et
876 3178 1339 3252 reliqua.-Datur
1357 3184 1561 3236 autem
1583 3179 1826 3249 signum

140 3272 215 3327 ut
243 3267 339 3324 sol
352 3266 566 3325 decem
597 3267 897 3338 gradibus
925 3272 1255 3325 revertatur
1305 3283 1462 3340 quos
1493 3282 1607 3323 nos
1652 3267 1827 3339 juxta

139 3356 593 3433 Symmachum
608 3356 669 3413 in
685 3355 876 3416 lineas
886 3361 943 3414 et
954 3356 1337 3428 horologium
1350 3356 1823 3428 vertimus,quos

136 3446 381 3520 gradus
407 3444 695 3505 intellexit
721 3446 785 3504 in
814 3446 1011 3515 lineis,
1063 3450 1133 3504 ut
1170 3446 1645 3503 manifestiorem
1682 3461 1819 3501 sen-

138 3552 289 3596 sum
317 3534 661 3606 legentibus
686 3533 951 3593 faceret:
1009 3534 1134 3591 sive
1180 3534 1264 3591 ita
1319 3539 1489 3591 erant
1539 3534 1824 3591 exstructi

137 3623 400 3697 gradus,
430 3628 559 3683 arte
586 3623 962 3691 mechanica,
994 3628 1063 3680 ut
1087 3624 1308 3680 umbra
1322 3623 1697 3679 descendens
1722 3623 1827 3680 ho-

133 3730 359 3773 rarum
389 3713 588 3787 spatia
617 3713 987 3771 terminaret.
1021 3716 1158 3771 Erat
1187 3718 1388 3770 autem
1422 3714 1572 3770 hora
1592 3712 1706 3769 diei
1730 3713 1828 3770 de-

136 3805 311 3863 cima
348 3802 603 3878 quando
629 3803 744 3859 hoc
768 3803 897 3871 regi
950 3803 1247 3876 propheta
1300 3802 1681 3876 laquebatur.
1729 3802 1824 3859 Vis

136 3892 552 3966 ergo,inquit,
576 3896 644 3948 ut
672 3891 965 3949 ascendat
991 3891 1212 3949 umbra
1241 3892 1453 3948 decem
1481 3891 1654 3948 lineis
1682 3908 1820 3965 pro-

134 3982 397 4047 cedente
450 3979 575 4039 sole
618 3996 806 4054 supra
852 3984 1073 4041 terram
1121 3998 1229 4055 per
1278 3981 1552 4039 boreales
1606 3980 1823 4054 plagas

131 4086 341 4145 usque
398 4069 479 4128 ad
523 4070 816 4128 Orientem
843 4070 871 4126 ?
914 4071 1084 4144 quod
1131 4070 1345 4128 subtus
1372 4075 1596 4128 terram
1641 4071 1817 4142 juxta

131 4160 571 4236 quotidianam
601 4160 1104 4218 consuetudinem
1136 4161 1234 4217 sui
1263 4176 1481 4218 cursus
1516 4165 1644 4218 erat
1699 4160 1819 4217 fac-

134 4256 317 4311 turus
347 4268 361 4306 :
394 4264 475 4307 an
496 4254 564 4307 ut
580 4254 912 4307 revertatur
934 4249 1157 4308 umbra
1201 4250 1449 4306 totidem
1505 4249 1816 4321 gradibus.

133 4354 441 4397 conversa
468 4342 797 4396 retrorsum
824 4338 975 4395 facie
1021 4339 1183 4405 solis,
1230 4339 1485 4412 ipsoque
1516 4355 1623 4412 per
1673 4355 1816 4395 aus-

130 4428 359 4490 tralem
377 4428 626 4504 plagam
646 4428 726 4487 ad
744 4429 1037 4489 orientem
1055 4444 1348 4499 regresso.

216 4542 245 4572 ι‹
276 4524 349 4579 At
376 4536 485 4576 rex
510 4536 525 4575 :
549 4519 748 4577 Facile
776 4524 883 4587 est,
933 4518 1147 4593 inquit,
1210 4519 1494 4575 umbram
1551 4534 1816 4574 crescere

135 4632 174 4665 ο(
204 4609 418 4667 decem
446 4609 643 4678 lineis,
666 4623 781 4665 nec
815 4609 935 4666 hoc
954 4608 1090 4667 volo
1112 4608 1238 4676 ﬁat,
1262 4607 1368 4664 sed
1398 4614 1464 4665 ut
1486 4612 1818 4666 revertatur

134 4717 176 4756 ‹
206 4702 539 4756 retrorsum
567 4698 779 4759 decem
801 4698 1113 4769 gradibus.
1140 4720 1169 4749 η
1200 4698 1361 4759 Vidit
1386 4713 1653 4772 namque
1674 4698 1820 4771 quia

132 4788 397 4860 majoris
424 4787 700 4847 miraculi
720 4805 850 4846 esse
869 4793 1124 4862 poterat,
1138 4789 1187 4845 si
1204 4787 1293 4846 sol
1314 4788 1684 4846 contrarium
1707 4804 1817 4844 suo

130 4878 302 4936 mori
330 4893 579 4937 cursum
608 4883 831 4949 ageret,
862 4894 1055 4951 quam
1081 4877 1131 4935 si
1181 4883 1471 4937 consueto
1524 4894 1817 4952 processu

128 4968 456 5041 incedens,
496 4970 733 5025 tametsi
769 4968 961 5026 multo
989 4968 1195 5036 altius,
1213 4968 1275 5026 id
1302 4973 1392 5026 est
1415 4983 1600 5041 supra
1628 4973 1818 5027 terras

131 5057 338 5117 elatus
378 5056 459 5113 ad
480 5055 793 5123 orientem,
822 5056 1000 5131 quasi
1031 5056 1280 5114 secundi
1307 5056 1423 5113 diei
1451 5072 1631 5115 mane
1651 5055 1820 5113 nulla

129 5146 577 5209 interveniente
601 5152 797 5218 nocte,
821 5147 1089 5204 facturus
1108 5146 1435 5204 advolaret.
1461 5148 1609 5201 Nam
1627 5148 1685 5201 et
1701 5146 1817 5201 hoc

131 5235 250 5311 qui
271 5234 337 5295 in
364 5234 564 5293 insula
596 5235 806 5309 Thyle,
837 5252 975 5310 quae
1010 5235 1164 5293 ultra
1190 5233 1558 5292 Britanniam
1587 5237 1696 5298 est,
1724 5232 1818 5290 vel

133 5327 204 5384 in
243 5323 472 5383 ultimis
513 5325 876 5399 Scytharum
897 5324 1122 5383 ﬁnibus
1147 5323 1396 5394 degunt,
1420 5321 1589 5379 omni
1611 5325 1814 5379 testate

135 5415 363 5475 diebus
393 5414 629 5488 aliquot
651 5414 779 5471 ﬁeri
809 5414 1052 5472 vident:
1076 5414 1224 5487 quia
1248 5412 1339 5469 sol
1358 5416 1573 5469 caetero
1601 5410 1735 5469 orbi
1754 5412 1816 5470 in

136 5520 372 5567 occasu
398 5508 458 5561 et
478 5504 597 5562 sub
630 5508 785 5562 terra
812 5504 1065 5577 positus,
1097 5501 1246 5576 ipsis
1275 5501 1666 5558 nihilominus
1696 5506 1820 5559 tota

138 5600 320 5653 nocte
345 5610 535 5668 supra
564 5598 786 5652 terram
815 5599 1126 5667 appareat,
1159 5599 1216 5649 et
1244 5590 1557 5665 quomodo
1587 5606 1626 5648 a
1650 5596 1817 5665 parte

141 5684 475 5742 occidentis
496 5683 580 5742 ad
596 5684 890 5742 orientem
915 5683 1159 5741 humilis
1185 5682 1389 5739 redeat
1410 5679 1721 5737 manifeste
1742 5681 1821 5738 vi-

141 5774 359 5839 deatur
375 5775 580 5839 donec
594 5778 870 5848 tempore
879 5777 1227 5848 opportuno
1246 5775 1370 5835 toto
1387 5770 1523 5831 orbi
1541 5785 1815 5833 commw

1853 4476 1901 4537 D

1944 1835 2163 1887 caetera
2181 1830 2505 1888 offendisse
2534 1830 2807 1901 dicatur,
2847 1829 3018 1904 quod
3046 1830 3109 1887 in
3139 1828 3399 1887 sublime
3428 1828 3619 1897 adiﬁ-

1944 1920 2170 1977 caverit
2190 1920 2377 1991 Mello,
2395 1920 2558 1978 unde
2600 1921 2819 1978 atrium
2863 1919 3090 1993 templi,
3122 1919 3526 1977 deambulans
3554 1919 3617 1976 in

1943 2013 2104 2065 turre
2130 2009 2359 2083 palatii,
2407 2010 2707 2082 respicere
2756 2009 2965 2066 solitus
2992 2009 3083 2065 sit.
3133 2008 3335 2066 Solent
3362 2008 3617 2081 quidam

1942 2098 2057 2156 bos
2088 2100 2299 2157 decem
2329 2100 2555 2169 gradus
2570 2100 2869 2156 linearum
2900 2098 2979 2156 ad
3009 2098 3370 2171 mysterium
3400 2098 3616 2157 Christi

1943 2190 2286 2258 transferre,
2330 2196 2393 2247 ut
2420 2189 2671 2247 umbras
2700 2190 3039 2259 ﬁgurarum
3059 2188 3121 2245 in
3150 2187 3614 2246 descensionem

1943 2280 2154 2336 Christi
2205 2280 2687 2353 interpretentur,
2721 2296 2829 2353 per
2857 2294 3016 2352 quos
3052 2278 3271 2336 iterum
3302 2277 3392 2335 sol
3442 2277 3615 2350 justi-

1943 2370 2037 2426 tiaa
2052 2370 2343 2439 Christus,
2365 2375 2503 2444 post
2521 2369 3021 2427 resurrectionem
3041 2368 3312 2429 ascendit
3336 2387 3349 2425 :
3372 2368 3611 2427 Primus

1941 2457 2145 2531 itaque
2174 2458 2400 2529 gradus
2433 2458 2849 2516 descensionis
2870 2457 2947 2515 de
2980 2458 3103 2514 Deo
3132 2456 3198 2517 in
3218 2457 3437 2529 angelo
3460 2456 3609 2531 ltuit,

1942 2549 2089 2621 quia
2121 2570 2151 2600 κ
2172 2550 2381 2619 magni
2434 2550 2667 2608 consilii
2694 2549 2944 2606 nuntius
2983 2552 3112 2606 erat
3135 2548 3280 2620 (Isa.
3309 2552 3412 2620 ιι),
3444 2566 3476 2603 δ
3504 2548 3612 2606 de-

1942 2638 2126 2711 nique
2146 2644 2205 2696 et
2246 2638 2436 2696 Jacob
2469 2640 2556 2695 sic
2590 2638 2963 2711 alloquitur:
3010 2639 3135 2713 «Εἰ
3163 2636 3337 2705 dixit,
3393 2637 3610 2711 inquit,

1944 2729 2196 2798 angelus
2227 2730 2461 2787 Domini
2488 2749 2502 2788 :
2537 2732 2661 2800 Ego
2696 2746 2835 2786 sum
2866 2730 3043 2800 Deus,
3071 2728 3172 2787 cui
3194 2728 3451 2799 junxisti
3479 2728 3611 2786 titu-

1940 2818 2070 2876 lum
2096 2823 2153 2875 et
2172 2819 2387 2877 vovisti
2416 2824 2626 2878 votum
2650 2820 2815 2890 (Gen.
2844 2820 3011 2891 ml)
3042 2836 3056 2876 :
3090 2839 3122 2873 υ
3154 2820 3222 2876 ut
3248 2821 3308 2875 et
3326 2817 3612 2889 angelum

1940 2913 1999 2967 et
2028 2910 2217 2966 Deum
2244 2908 2604 2966 ostenderet.
2642 2908 2955 2967 Secundus
2992 2908 3221 2981 gradus
3268 2907 3610 2978 descensio,

1939 2997 2035 3055 nis
2060 2998 2137 3056 de
2157 2998 2375 3067 angelo
2390 2998 2453 3055 in
2470 2997 2829 3071 patriarchis
2846 2997 2977 3070 fuit,
2999 2998 3147 3071 quia
3168 3020 3198 3051 ε
3219 2996 3281 3055 in
3301 2998 3609 3069 omnibus,

1940 3090 2007 3144 ut
2034 3086 2116 3143 ait
2143 3086 2624 3159 apostolus,ipse
2652 3090 2743 3144 est
2765 3090 3052 3158 operatus
3076 3086 3126 3157 (1
3150 3085 3288 3142 Cor.
3312 3084 3449 3156 xu)»
3472 3085 3613 3141 Ter-

1938 3176 2055 3234 tius
2082 3175 2311 3245 inlegis
2333 3175 2662 3245 dationem,
2687 3174 2831 3248 quia
2858 3178 2918 3232 et
2943 3173 3007 3231 in
3026 3173 3159 3243 lege
3203 3172 3339 3246 ipse
3384 3176 3476 3231 est
3526 3173 3611 3230 lo-

1939 3269 2135 3323 cutus.
2165 3266 2425 3331 Quartus
2458 3264 2684 3335 gradus
2715 3264 2779 3321 in
2810 3266 2954 3321 Jesu
2981 3266 3165 3332 Nave,
3195 3266 3264 3319 ut
3308 3260 3609 3334 populum

1937 3355 2001 3412 in
2057 3359 2278 3413 terram
2328 3353 2814 3428 repromissionis
2867 3352 3197 3411 induceret.
3257 3351 3514 3419 Quintus
3543 3350 3608 3408 in

1937 3445 2271 3511 iudicibus,
2304 3445 2450 3518 quia
2473 3445 2760 3502 eumdem
2789 3445 3092 3518 populum
3121 3460 3231 3518 per
3254 3442 3501 3514 eosipse
3517 3457 3608 3498 re-

1937 3537 2135 3607 gebat.
2172 3538 2406 3607 Sextus,
2438 3535 2498 3593 in
2530 3535 2776 3605 regibus
2822 3535 3193 3603 Iudaeorum,
3215 3533 3362 3608 quia
3412 3532 3477 3588 in
3516 3532 3604 3589 eis

1935 3626 2064 3699 ipse
2090 3625 2400 3695 regnabat.
2428 3626 2730 3698 Septimus
2745 3625 2808 3682 in
2833 3624 3169 3698 prophetis,
3199 3624 3346 3698 quia
3369 3637 3478 3695 per
3502 3638 3605 3678 eos

1935 3716 2345 3773 annuntiatur.
2375 3718 2637 3774 Octavus
2655 3714 2719 3771 in
2738 3713 3149 3788 pontiﬁcibus,
3181 3713 3327 3786 quia
3353 3713 3485 3785 ipse
3513 3715 3606 3768 est

1936 3822 2216 3864 summus
2245 3806 2529 3863 sacerdos
2558 3806 2767 3861 Patris.
2791 3808 2996 3862 Nonus
3038 3805 3100 3860 in
3130 3802 3399 3860 homine.
3442 3801 3605 3858 Deci-

1931 3911 2074 3954 mus
2091 3894 2464 3968 inpassione.
2489 3897 2596 3952 Per
2615 3894 2727 3951 hos
2749 3894 2911 3951 enim
2925 3894 3138 3951 decem
3157 3891 3403 3963 gradus,
3425 3890 3603 3964 quasi

1932 4002 2040 4060 per
2065 3985 2350 4043 umbram
2375 3984 2523 4055 legis
2581 3984 2795 4057 priscae
2845 3983 3112 4041 Christus
3166 3981 3501 4051 descendit,
3527 3995 3602 4038 ac

1929 4090 2143 4135 rursus
2183 4079 2326 4147 post
2374 4073 2877 4131 resurrectionem
2954 4088 3129 4129 suam
3199 4070 3291 4129 sol
3356 4070 3600 4143 justitiaa

1933 4164 2222 4232 Christus,
2251 4178 2362 4235 per
2389 4165 2638 4221 eosdem
2666 4163 2893 4235 gradus
2912 4178 3157 4219 sursum
3176 4162 3238 4219 in
3258 4161 3481 4223 calum
3510 4176 3600 4217 as-

1931 4252 2134 4309 cendit
2160 4268 2174 4307 :
2207 4256 2265 4308 et
2300 4267 2548 4310 omnem
2580 4252 2864 4310 umbram
2915 4252 3065 4325 legis
3094 4252 3361 4311 veritatis
3409 4249 3596 4308 radiis

1929 4342 2266 4412 illustravit,
2293 4341 2556 4400 obscura
2582 4343 2878 4415 revelans,
2934 4343 3142 4401 clausa
3181 4356 3483 4410 reserans,
3542 4344 3601 4398 et

1930 4433 2141 4491 omnia
2162 4436 2316 4490 tecta
2343 4432 2685 4490 denudans.

1994 4543 2025 4574 ι
2054 4528 2118 4580 In
2147 4526 2395 4594 tenpore
2426 4522 2526 4579 illo
2558 4522 2724 4580 misit
2750 4522 3059 4581 Berodach
3107 4521 3381 4581 Baladan
3434 4522 3596 4580 ﬁlius

1930 4612 2218 4679 Baladan,
2246 4628 2350 4670 rex
2409 4613 2909 4686 Babyloniorum,
2950 4612 3178 4670 litteras
3231 4617 3290 4671 et
3340 4627 3599 4671 munera

1929 4703 2011 4760 ad
2058 4702 2390 4759 Ezechiam.
2445 4702 2730 4759 Audierat
2812 4701 2976 4758 enim
3022 4700 3192 4774 quod
3243 4703 3599 4770 aegrotasset

1929 4792 2232 4850 Ezechias.
2266 4794 2522 4847 Lanatus
2580 4794 2673 4847 est
2700 4794 2905 4847 autem
2952 4790 3016 4845 in
3069 4789 3332 4845 adventu
3381 4803 3595 4846 eorum

1927 4881 2229 4947 Ezechias,
2280 4884 2340 4937 et
2382 4879 2648 4937 ostendit
2714 4879 2803 4936 eis
2833 4878 3089 4938 domum
3117 4881 3481 4946 aromatum,
3536 4881 3596 4936 et

1926 4987 2147 5030 aurum
2176 4975 2235 5027 et
2255 4974 2574 5041 argentum
2598 4972 2656 5026 et
2678 4968 2992 5041 pigmenta
3031 4966 3224 5035 varia,
3279 4971 3597 5038 unguenta

1925 5076 2172 5133 quoque
2231 5063 2289 5115 et
2337 5058 2593 5115 domum
2637 5072 2923 5114 vasorum
2977 5071 3251 5128 suorum,
3282 5062 3340 5115 et
3386 5058 3596 5115 omnia

1925 5164 2064 5221 quae
2145 5146 2372 5205 habere
2443 5150 2676 5219 poterat
2732 5145 2798 5201 in
2884 5144 3183 5203 thesauris
3245 5147 3397 5204 suis.
3464 5150 3595 5204 Non

1927 5260 1958 5289 κ
1980 5237 2090 5294 fuit
2116 5236 2375 5293 verbum
2403 5236 2571 5310 quod
2607 5251 2734 5293 non
2773 5240 3141 5294 monstraret
3189 5238 3276 5294 eis
3315 5236 3595 5294 Ezechias

1929 5348 1960 5379 α
1988 5326 2050 5383 in
2076 5325 2263 5383 domo
2291 5341 2424 5397 sua,
2449 5329 2517 5382 ut
2546 5324 2611 5381 in
2646 5323 2816 5381 omni
2838 5329 3133 5398 potestate
3163 5341 3292 5383 sua.
3320 5348 3350 5377 ιι
3400 5326 3596 5397 Supra

1924 5415 2182 5486 legimus
2202 5416 2255 5483 (1
2271 5416 2316 5472 V
2332 5416 2476 5486 Reg.
2503 5415 2666 5488 mi)
2689 5412 2927 5471 decimo
2945 5418 3165 5488 quarto
3211 5428 3375 5471 anno
3434 5413 3595 5484 regis

1928 5504 2189 5563 Ezechim
2234 5503 2583 5560 ascendisse
2658 5503 3067 5562 Sennachertb
3149 5518 3357 5575 regem
3415 5504 3611 5577 Assy-'

1926 5596 2157 5653 riorum
2207 5609 2390 5666 super
2467 5607 2682 5650 omnes
2740 5591 3009 5650 civitates
3081 5591 3242 5650 Juda
3296 5592 3586 5664 munitas,

1928 5690 1987 5744 et
2057 5683 2289 5755 cepisse
2364 5698 2488 5751 eas,
2543 5688 2603 5741 et
2670 5685 2884 5756 postea
2959 5683 3273 5741 obsedisse
3358 5684 3590 5751 Lachis,

1929 5770 2219 5839 treusisse
2303 5772 2575 5833 Lobnam
2599 5818 2616 5848 ,
2704 5771 2942 5831 misisse
3018 5774 3391 5834 Hierusalem
3456 5790 3598 5849 par-
