3968 6426
349 313 452 365 535

1449 301 1807 358 ANGELOMI
1860 295 2329 353 LUXOVIENSIS
2376 297 2684 353 MONACHI

3683 301 3812 354 536

341 438 465 490 tem
487 431 781 487 exercitus
806 430 921 500 sui,
955 443 1230 500 caesaque
1279 442 1386 498 per
1439 425 1726 495 angelum
1765 426 2008 479 centum
2038 419 2090 475 Α
2120 424 2176 475 et
2201 419 2735 477 odoramentorum
2765 426 2821 478 et
2845 420 3138 491 unguenti
3152 419 3384 493 optimi,
3411 420 3652 493 quodin
3676 424 3815 477 He-

342 519 648 589 octoginta
675 518 945 591 quinque
976 516 1158 572 millia
1191 515 1483 570 exercitus
1510 515 1668 584 ejus,
1701 517 1757 567 et
1806 512 2009 584 ipsum

2125 508 2327 563 braico
2356 510 2632 566 scribitur
2651 510 2764 567 olei
2806 510 2973 577 boni,
3016 514 3073 566 et
3101 525 3312 565 omnes
3341 510 3660 566 thesauros
3690 527 3819 566 va-

342 609 571 680 fugisse
622 606 892 672 Niniven,
934 604 1434 677 interfectumque
1490 618 1529 659 a
1560 602 1700 657 filiis
1758 600 1821 657 in
1867 598 2012 656 fano
2123 615 2329 654 sorum
2361 601 2549 667 Gazae,
2604 600 2749 669 sive,
2809 605 2876 656 ut
2924 599 3007 656 ibi
3062 598 3297 669 legitur,
3328 615 3617 656 vasorum
3648 616 3825 655 suo-

345 698 442 755 dei
463 696 575 768 sui,
620 710 913 766 regnasse
943 710 1055 767 pro
1086 710 1158 750 eo
1203 691 1607 749 Asarhaddon
1634 690 1827 746 ﬁlium
1856 688 2013 759 ejus.

2121 697 2279 738 rum.
2304 685 2458 741 Gaza
2484 688 2684 741 autem
2714 684 2922 755 lingua
2954 686 3269 740 Persarum
3299 683 3520 740 divitiae
3550 701 3821 741 nuncu-

346 790 681 859 Egrotasse
709 785 1043 853 Ezechiam,
1071 787 1128 841 et
1148 783 1443 856 recepisse
1470 781 1779 854 propheta:
1803 778 2016 835 nuntio
2123 778 2367 844 pantur,
2400 790 2510 829 nec
2558 777 2646 830 est
2692 774 2976 829 Hebraeus
3032 789 3252 844 sermo,
3306 773 3413 830 sed
3460 772 3820 829 barbarus.

348 876 719 949 sospitatem,
745 874 975 930 factum
1002 873 1244 943 signum
1285 869 1652 937 incredibile,
1685 873 1751 925 ut
1774 868 1864 924 sol
1906 868 2016 922 ho-

345 981 552 1022 rarum
575 963 786 1036 spatiis
813 965 1206 1019 reverteretur
1233 960 1310 1016 ad
1341 965 1542 1015 ortum
1565 974 1747 1014 suum
1777 961 1835 1013 et
1863 972 2019 1030 pene

347 1053 572 1127 duplex
600 1052 727 1108 dies
750 1052 937 1107 ﬁeret.
964 1054 1129 1107 Nunc
1157 1049 1414 1120 legimus
1448 1047 1616 1120 quod
1646 1047 1708 1102 in
1743 1054 2019 1117 tempore

345 1142 471 1214 illo,
499 1142 617 1198 hoc
648 1145 759 1206 est,
784 1139 847 1195 in
874 1138 1090 1195 eodem
1141 1153 1303 1193 anno
1334 1151 1457 1208 quo
1486 1135 1614 1191 hinc
1662 1138 1831 1205 gesta
1883 1137 2023 1188 sunt

350 1230 577 1298 omnia,
607 1228 835 1285 miserit
867 1225 1174 1283 Berodach
1222 1224 1506 1295 Baladan,
1538 1222 1696 1279 ﬁlius
1746 1222 2016 1278 Baladan

347 1337 457 1377 rex
481 1317 825 1391 Babylonis,
855 1316 1042 1372 libros
1071 1318 1128 1371 et
1153 1329 1408 1370 munera
1435 1313 1514 1369 ad
1538 1312 1866 1378 Ezechiam,
1897 1325 2022 1367 non

353 1406 777 1472 Asarhaddon,
801 1403 908 1477 qui
927 1402 1331 1461 Sennacherlb
1361 1400 1517 1474 patri
1536 1400 1699 1473 apud
1731 1400 1933 1472 Syrios
1962 1400 2025 1455 in

354 1510 616 1565 regnum
641 1494 1031 1558 successerat,
1060 1491 1135 1546 de
1180 1489 1352 1562 cujus
1385 1505 1493 1544 seu
1522 1492 1712 1544 morte
1757 1504 1863 1544 seu
1908 1487 2027 1543 vita

363 1583 668 1655 Scriptura
695 1580 995 1637 conticuit.
1030 1582 1113 1634 Ex
1143 1595 1264 1650 quo
1294 1577 1690 1650 perspicuum
1724 1580 1834 1643 est,
1862 1575 2028 1632 aliud

362 1671 549 1728 fuisse
565 1675 705 1726 tunc
721 1684 978 1739 regnum
998 1667 1399 1740 Assyriorum,
1423 1666 1655 1722 etaliud
1675 1664 2032 1737 Babylonio-

2130 864 2305 917 «Non
2340 860 2469 928 fuit,
2502 862 2714 935 inquit,
2742 861 3016 917 verbum.
3051 882 3079 913 ι
3110 861 3283 928 Quod
3321 862 3494 933 juxta
3535 862 3822 919 Hebrai-

2129 966 2262 1005 cam
2309 950 2825 1018 consuetudinem,
2877 967 2987 1024 pro
3018 967 3081 1007 re
3105 950 3449 1023 frequenter
3475 951 3823 1024 accipitur,

2130 1039 2291 1110 quod
2320 1055 2442 1095 non
2473 1040 2811 1096 ostenderet
2840 1040 2924 1095 eis
2952 1040 3015 1096 in
3045 1039 3230 1096 domo
3261 1055 3391 1111 sua,
3442 1044 3499 1096 et
3546 1038 3609 1094 in
3659 1055 3826 1096 om-

2129 1128 2191 1183 ni
2220 1132 2511 1200 potestate
2568 1145 2702 1186 sua.
2751 1129 2915 1185 Unde
2969 1129 3068 1185 Dei
3117 1129 3207 1185 ira
3242 1127 3601 1201 justissima,
3646 1144 3833 1201 quo-

2130 1218 2294 1274 niam
2316 1233 2439 1273 non
2471 1218 2667 1274 solum
2698 1220 3013 1275 thesauros
3042 1235 3185 1275 suos
3220 1223 3398 1292 atque
3428 1218 3657 1292 palatii,
3698 1216 3832 1273 sed

2130 1311 2188 1361 et
2235 1306 2439 1379 templi
2496 1307 2840 1375 ostenderit,
2895 1307 3062 1380 quod
3116 1311 3272 1364 certe
3322 1306 3431 1362 fuit
3475 1306 3830 1379 potestatis

2133 1396 2286 1467 ejus,
2322 1396 2396 1451 de
2418 1396 2592 1467 cujus
2618 1396 2802 1452 valvis
2830 1397 2959 1453 atrii
2989 1395 3247 1453 laminas
3260 1400 3397 1453 ante
3408 1396 3541 1468 jam
3554 1395 3830 1452 tulerat.

2206 1507 2235 1534 «
2278 1484 2521 1541 Intravit
2552 1490 2752 1542 autem
2782 1486 2966 1542 Isaias
2988 1487 3283 1560 propheta
3312 1485 3392 1542 ad
3417 1488 3643 1555 Regem
3664 1488 3833 1540 Eze-

2138 1597 2165 1624 (ι
2209 1574 2428 1643 chiam,
2461 1579 2519 1632 et
2543 1575 2692 1632 dixit
2720 1575 2771 1631 ei
2802 1592 2815 1631 :
2842 1575 2996 1641 Quid
3019 1576 3300 1633 dixerunt
3323 1575 3435 1631 viri
3455 1575 3570 1643 isti,
3602 1578 3665 1631 et
3698 1590 3836 1629 un-

2140 1687 2167 1715 α
2210 1664 2285 1720 de
2318 1669 2607 1721 venerunt
2628 1665 2704 1720 ad
2736 1670 2789 1721 te
2814 1666 2842 1722 ?
2886 1667 2951 1721 Et
2978 1665 3124 1722 dixit
3155 1665 3432 1721 Ezechias
3475 1683 3488 1720 :
3533 1667 3616 1721 De
3647 1667 3837 1720 terra

363 1777 523 1817 rum.
556 1759 822 1832 Denique
857 1756 1215 1828 Samariam,
1242 1755 1304 1811 id
1330 1759 1436 1822 est,
1472 1772 1577 1811 sex
1603 1754 1794 1811 tribus
1821 1769 2030 1828 cepere
2058 1772 2103 1827 Β
2143 1776 2171 1803 ‹‹
2211 1753 2545 1826 longinqua
2574 1757 2869 1809 venerunt
2895 1753 2975 1810 ad
3013 1770 3110 1811 me
3135 1754 3211 1809 de
3240 1752 3565 1827 Babylone.
3623 1754 3702 1808 Et
3735 1751 3839 1808 di-

365 1848 617 1922 Assyrii,
631 1849 662 1901 J
668 1847 854 1904 udam
868 1850 1069 1903 autem
1082 1849 1140 1902 et
1156 1844 1532 1900 Hierusalem
1552 1848 1763 1917 postea
1774 1844 2030 1914 legimus

368 1937 601 2011 cepisse
649 1935 982 2004 Chaldteos,
1031 1950 1295 2008 quorum
1334 1950 1440 1989 rex
1468 1932 2037 1990 Nabuchodonosor

369 2026 497 2083 fuit.
534 2029 599 2081 Et
623 2025 770 2097 quia
805 2024 973 2097 apud
1018 2039 1122 2079 eos
1176 2027 1481 2080 astrorum
1512 2022 1898 2078 observantia
1921 2025 2033 2093 est,

369 2114 797 2188 stellarumque
826 2129 1055 2177 cursus,
1106 2112 1290 2183 longo
1344 2129 1463 2168 usu
1505 2116 1563 2169 et
1619 2112 2037 2168 exercitatione

370 2204 672 2275 cognitus,
700 2201 867 2276 quod
884 2207 941 2258 et
968 2202 1031 2257 in
1047 2201 1283 2257 Domini
1309 2201 1613 2257 nativitate
1642 2203 2037 2267 monstratur,

371 2292 786 2350 intellexerunt
798 2290 988 2347 solem
998 2306 1333 2358 reversum,
1355 2290 1472 2346 diei
1491 2290 1689 2363 spatia
1708 2289 2034 2363 duplicata,

373 2382 631 2440 serviere
658 2382 712 2437 ei
739 2396 925 2453 quem
955 2380 1154 2437 solum
1178 2380 1383 2445 deum,
1417 2380 1477 2436 id
1508 2383 1617 2449 est,
1652 2379 1841 2435 solem
1861 2384 2039 2451 puta-

371 2472 541 2529 bant.
569 2472 843 2543 Cumque
872 2484 1088 2525 causas
1113 2469 1297 2540 hujus
1317 2469 1591 2525 miraculi
1621 2468 2039 2540 rationemque

374 2557 976 2634 perquirerent,fama
1004 2573 1112 2630 per
1142 2571 1357 2614 omnes
1385 2561 1600 2627 gentes
1624 2556 1931 2621 volitante,
1949 2556 2040 2611 di-

375 2648 651 2705 dicerunt
659 2651 903 2720 propter
914 2646 1366 2717 aegrotationem
1376 2645 1534 2716 regis
1553 2646 1838 2713 Exechiae,
1862 2644 2041 2700 ctiam

378 2753 621 2794 cursum
659 2734 1133 2805 signiclarissimi
1178 2739 1637 2801 commutatum,
1688 2750 1875 2806 quam
1918 2749 2041 2789 non

377 2839 509 2881 esse
536 2822 970 2896 opiniationem
1006 2837 1230 2893 meam,
1262 2822 1368 2878 sed
1391 2822 1687 2895 Scripture
1717 2812 1937 2877 sanctae
1973 2822 2041 2876 ﬁ-

379 2912 523 2969 dem
566 2912 807 2968 Dierum
852 2910 1039 2969 verba
1072 2915 1364 2968 testantur
1396 2913 1483 2983 (II
1502 2913 1652 2968 Par.
1684 2912 1881 2983 xxxn),
1906 2927 2041 2983 quae

379 3001 585 3057 dixere
610 3004 748 3073 post
774 2999 926 3057 alia:
962 3004 1127 3074 «Ipse
1150 3005 1242 3057 est
1290 3000 1566 3057 Ezechias
1594 3000 1698 3073 qui
1746 2999 2045 3056 obturavit

2145 1864 2172 1891 «
2216 1844 2299 1898 xit
2358 1860 2370 1897 :
2424 1842 2577 1903 Quid
2606 1842 2885 1899 viderunt
2906 1843 2967 1899 in
3001 1842 3187 1899 domo
3218 1846 3323 1898 tua
3347 1843 3376 1897 ‘I
3420 1843 3488 1898 Et
3515 1840 3669 1897 dixit
3707 1843 3837 1896 Eze

2146 1951 2177 1986 ‹
2219 1932 2385 1988 chias
2419 1949 2432 1988 :
2476 1932 2691 1989 Omnia
2737 1948 3116 2006 qurecunque
3159 1932 3219 1988 in
3249 1932 3435 1989 domo
3473 1946 3613 1987 mea
3644 1935 3833 1993 sunt,

2148 2045 2176 2073 ‹‹
2216 2021 2515 2078 viderunt.
2546 2025 2672 2078 Non
2704 2021 2813 2078 fuit
2854 2021 3110 2078 verbum
3142 2021 3263 2077 sive
3301 2036 3397 2077 res
3441 2035 3634 2094 quam
3688 2034 3832 2076 non

2149 2132 2177 2161 «
2218 2110 2585 2166 ostenderim
2616 2110 2701 2166 eis
2730 2110 2791 2166 in
2822 2111 3117 2167 thesauris
3147 2110 3320 2167 meis.
3348 2112 3416 2166 Et
3434 2108 3584 2166 dixit
3617 2108 3830 2165 Isaias

2149 2223 2177 2250 α
2219 2201 2299 2257 ad
2325 2201 2632 2257 Ezechiam
2659 2201 2844 2256 :Audi
2872 2200 3126 2257 verbum
3149 2200 3385 2256 Domini
3410 2199 3829 2257 exercituum:

2152 2314 2179 2340 «
2221 2294 2367 2346 Ecce
2394 2290 2632 2346 venient
2664 2290 2789 2346 dies
2835 2294 2893 2347 et
2938 2288 3282 2346 auferentur
3334 2288 3542 2345 omnia
3578 2303 3731 2361 qua;
3766 2286 3834 2343 in

2151 2403 2178 2431 «
2220 2382 2405 2437 domo
2432 2385 2534 2437 tua
2563 2386 2724 2446 sunt,
2754 2385 2811 2437 et
2848 2395 2982 2453 quae
3015 2379 3563 2436 thesaurizaverunt
3607 2380 3835 2450 patres

2153 2491 2180 2520 ‹‹
2222 2470 2327 2533 tui,
2358 2485 2550 2541 usque
2578 2469 2655 2525 ad
2672 2468 2830 2525 diem
2860 2469 3019 2525 hanc
3048 2469 3110 2523 in
3151 2466 3540 2540 Babylonem.
3568 2468 3711 2522 Non
3740 2480 3837 2521 re-

2153 2582 2179 2608 ‹‹
2223 2558 2525 2629 linquetur
2550 2557 2911 2631 quidquam,
2942 2557 3084 2613 dicit
3133 2555 3441 2612 Dominus.
3475 2554 3593 2612 Sed
3643 2558 3709 2611 et
3752 2552 3836 2609 de

2154 2668 2183 2701 ‹
2223 2647 2359 2703 filiis
2390 2645 2504 2703 tuis
2526 2648 2630 2720 qui
2659 2646 3036 2718 egredientur
3087 2661 3155 2703 ex
3192 2649 3270 2714 te,
3324 2660 3478 2718 quos
3509 2643 3831 2716 genueris,

2156 2760 2183 2786 ‹‹
2222 2736 2447 2802 tollent,
2472 2740 2528 2793 et
2552 2739 2726 2792 erunt
2744 2735 3005 2791 eunuchi
3028 2735 3091 2790 in
3121 2733 3347 2808 palatio
3366 2732 3524 2803 regis
3554 2731 3837 2805 Babylo-

2155 2849 2183 2875 ‹‹
2225 2825 2337 2881 nis.
2368 2828 2434 2880 Et
2457 2825 2604 2880 dixit
2633 2824 2913 2881 Ezechias
2949 2823 3030 2881 ad
3074 2823 3294 2880 Isaiam
3356 2839 3369 2876 :
3422 2822 3663 2878 Bonum
3692 2836 3833 2876 ver-

2153 2934 2184 2968 ‹
2224 2914 2372 2969 bum
2396 2913 2633 2969 Domini
2661 2914 2829 2987 quod
2853 2914 3087 2970 locutus
3118 2916 3224 2969 est.
3259 2914 3326 2968 Et
3353 2911 3433 2968 ait
3461 2927 3475 2966 :
3527 2910 3654 2967 Fiat
3684 2913 3832 2966 tan-

2153 3024 2181 3051 ‹‹
2226 3006 2350 3057 tum
2382 3017 2499 3074 pax
2526 3006 2581 3057 et
2604 3002 2822 3058 veritas
2851 3002 2913 3058 in
2940 3001 3154 3058 diebus
3210 3000 3379 3056 meis.
3413 2998 3669 3072 Reliqua
3712 3014 3830 3055 au-

381 3089 754 3162 superiorem
782 3088 1009 3146 fontem
1035 3104 1335 3162 aquarum
1366 3090 1577 3157 Gihon,
1610 3094 1666 3145 et
1702 3088 1914 3145 avertit
1941 3104 2043 3144 eas
2072 3120 2115 3180 Ο
2155 3113 2183 3142 ‹‹
2226 3097 2343 3147 tem
2377 3105 2724 3147 sermonum
2746 3090 3023 3157 Ezechiae,
3047 3094 3105 3146 et
3132 3087 3328 3146 omnis
3347 3087 3632 3144 fortitudo
3664 3085 3827 3159 ejus,

380 3179 586 3235 subter
614 3178 694 3235 ad
748 3178 1122 3235 occidentem
1175 3178 1343 3235 urbis
1391 3178 1599 3235 David.
1657 3184 1720 3234 In
1759 3178 2043 3234 omnibus
2083 3175 2115 3180 “
2157 3200 2184 3230 ι(
2226 3185 2281 3236 et
2310 3179 2620 3253 quomodo
2642 3178 2843 3235 fecerit
2871 3179 3168 3252 piscinam
3197 3180 3252 3233 et
3276 3175 3736 3250 aquaeductum,
3770 3176 3831 3229 et

377 3265 662 3340 operibus
693 3266 816 3322 suis
845 3265 1285 3340 fecitprospere
1314 3283 1451 3340 quae
1480 3266 1667 3322 voluit
1711 3288 1741 3317 ››
1770 3271 2047 3322 Attamen

375 3356 440 3411 in
463 3354 762 3425 legatione
790 3354 1155 3429 principium
1189 3355 1539 3428 Babylonis,
1582 3358 1688 3429 qui
1721 3356 1894 3411 missi
1916 3355 2046 3411 fue-

377 3448 517 3499 rant
543 3443 624 3498 ad
669 3459 831 3509 eum,
879 3447 947 3499 ut
973 3444 1411 3514 interrogarent
1438 3445 1513 3501 de
1544 3448 1823 3518 portento
1880 3444 2048 3518 quod

381 3529 685 3588 acciderat
715 3546 898 3602 super
932 3534 1175 3598 terram,
1229 3532 1543 3606 dereliquit
1586 3549 1728 3589 eum
1781 3534 1938 3589 Deus
1986 3536 2052 3589 ut

382 3624 729 3691 tentaretur,
787 3623 847 3676 et
889 3623 1036 3676 nota
1069 3619 1283 3677 ﬁerent
1312 3622 1522 3678 omnia
1569 3637 1705 3696 quae
1762 3628 1933 3679 erant
1988 3624 2049 3679 in

382 3707 564 3764 corde
616 3708 770 3778 ejus.
822 3707 1048 3764 Idcirco
1068 3713 1272 3765 autem
1301 3712 1612 3767 tentationi
1640 3711 1881 3767 relictus
1941 3716 2048 3783 est,

383 3797 529 3870 quia
550 3800 689 3871 post
719 3801 950 3854 tantam
974 3797 1289 3855 victoriam
1330 3804 1388 3855 et
1417 3799 1562 3855 solis
1604 3814 1970 3870 regressum,
1996 3804 2055 3857 et

386 3886 968 3958 congratulationem
1018 3888 1189 3959 regni
1262 3889 1682 3963 potentissimi,
1741 3904 1845 3950 cor
1897 3888 2053 3945 illius

383 3975 682 4032 elevatum
732 3981 842 4033 est.
874 3976 1140 4049 Denique
1196 3976 1258 4033 in
1309 3978 1525 4034 eodem
1581 3977 1888 4034 volumine
1913 3978 2054 4033 scri-

383 4063 578 4119 bitur:
609 4082 641 4117 ‹
691 4065 848 4122 Multi
905 4066 1255 4122 deferebant
1300 4067 1527 4123 hostias
1575 4072 1633 4123 et
1660 4067 1951 4124 sacriﬁcia
1992 4068 2053 4123 in

391 4150 760 4208 Hierusalem
827 4154 1104 4221 Domino,
1176 4159 1235 4211 et
1309 4171 1564 4213 munera
1612 4157 1871 4215 Ezechiae
1926 4158 2053 4228 regi

384 4238 562 4309 Juda,
614 4239 720 4312 qui
763 4241 1060 4297 exaltatus
1108 4246 1198 4298 est
1242 4248 1383 4316 post
1434 4245 1561 4302 haec
1591 4262 1796 4304 coram
1817 4247 2049 4305 cunctis

391 4326 695 4397 gentibus.
728 4328 793 4384 In
840 4328 1054 4385 diebus
1080 4329 1196 4386 illis
1222 4334 1532 4403 aegrotavit
1551 4336 1829 4393 Ezechias
1861 4353 2051 4410 usque

2158 3294 2184 3320 ‹‹
2227 3269 2621 3327 introduxerit
2671 3282 2862 3342 aquas
2917 3269 2977 3324 in
3039 3268 3357 3339 civitatem,
3435 3280 3640 3322 nonne
3691 3264 3829 3321 haec

2159 3384 2187 3411 ‹‹
2228 3359 2447 3433 scripta
2475 3361 2615 3415 sunt
2642 3358 2702 3414 in
2734 3358 2888 3415 libro
2928 3372 3277 3415 sermonum
3319 3354 3555 3412 dierum
3584 3356 3826 3426 Regum

2160 3473 2187 3499 «
2226 3450 2379 3506 Iuda
2404 3448 2433 3505 ‘2
2480 3452 2591 3505 etc.
2626 3470 2654 3498 »
2726 3447 2991 3505 Tradunt
3036 3444 3263 3503 Hebrzei
3308 3444 3443 3501 ideo
3496 3447 3829 3515 aegrotasse

2160 3538 2488 3604 Ezechiam,
2524 3536 2816 3611 quoniam
2850 3541 3094 3610 propter
3119 3531 3457 3591 inauditam
3480 3530 3826 3600 vietOriam,

2160 3630 2217 3682 et
2251 3626 2476 3698 Assyrii
2512 3626 2672 3695 regis
2726 3625 3050 3688 interitum,
3110 3639 3233 3681 non
3278 3621 3556 3679 cecinerit
3607 3620 3828 3677 laudes

2162 3716 2429 3786 Domino,
2461 3732 2613 3789 quas
2653 3714 2866 3771 cecinit
2898 3717 3126 3787 Moyses
3156 3712 3464 3769 Pharaone
3480 3709 3828 3780 submerso,

2161 3808 2220 3860 et
2246 3803 2480 3859 Debora
2508 3804 2813 3860 interfecto
2855 3803 3055 3860 Sisara
3101 3822 3114 3858 :
3168 3806 3224 3859 et
3272 3806 3443 3858 Anna
3487 3798 3692 3870 genito
3727 3801 3829 3856 Sa-

2161 3893 2378 3950 muele.
2433 3893 2598 3949 Unde
2648 3894 3085 3951 commonitum
3127 3907 3260 3949 esse
3315 3889 3650 3962 fragilitatis
3676 3904 3826 3955 suae,

2161 3998 2525 4056 rursumque
2564 3987 2702 4056 post
2730 3983 3000 4056 corporis
3032 3982 3349 4038 sanitatem
3396 3984 3453 4037 et
3496 3978 3653 4049 signi
3694 3993 3831 4034 ma-

2164 4072 2557 4144 gnitudinem,
2594 4071 2811 4128 auferri
2837 4072 3099 4145 aliquam
3121 4070 3500 4127 occasionem
3523 4067 3828 4141 superbia?

2161 4170 2348 4235 quam
2396 4162 2461 4217 ut
2501 4158 2768 4234 prudens
2814 4165 2872 4217 et
2910 4160 3010 4216 Dei
3054 4152 3245 4216 cultor
3293 4157 3481 4214 vitare
3510 4155 3828 4219 debuerat,

2163 4265 2273 4306 nec
2300 4252 2637 4305 monstrare
2668 4246 3017 4318 alienigenis
3039 4245 3278 4303 divitias
3312 4260 3457 4301 suas
3482 4259 3657 4317 quas,
3710 4244 3829 4297 Deo

2166 4339 2479 4403 tribuente,
2510 4336 2885 4411 possederat.
2920 4339 3003 4392 Ex
3029 4351 3151 4408 quo
3178 4335 3351 4407 juxta
3391 4333 3553 4403 leges
3582 4344 3831 4406 quoque

392 4413 476 4470 ad
508 4417 788 4486 mortem,
835 4420 894 4473 et
918 4418 1111 4474 oravit
1141 4419 1220 4475 ad
1256 4422 1598 4480 Dominum.
1632 4428 1700 4480 Et
1749 4426 2053 4482 exaudivit
2090 4477 2134 4501 ἢ
2165 4427 2513 4501 tropologiae
2542 4426 2853 4496 discimus,
2883 4441 3008 4482 non
3057 4448 3087 4476 «
3119 4423 3444 4481 mittendas
3469 4421 3833 4491 margaritas

393 4518 557 4573 eum,
587 4505 645 4558 et
678 4502 844 4561 dedit
886 4505 941 4562 ei
970 4506 1233 4581 signum,
1266 4510 1373 4565 sed
1411 4526 1535 4567 non
1559 4513 1732 4583 juxta
1760 4513 2053 4569 beneﬁcia

392 4606 533 4664 quas
582 4599 916 4665 acceperat,
947 4596 1218 4655 retribuit
1250 4616 1263 4655 :
1304 4600 1450 4672 quia
1479 4600 1804 4657 exaltatum
1834 4606 1927 4657 est
1955 4617 2057 4657 cor

394 4680 546 4752 ejus.
598 4684 666 4737 Et
711 4682 869 4740 facta
919 4688 1007 4742 est
1051 4691 1260 4744 contra
1308 4704 1446 4745 eum
1478 4689 1587 4755 ira,
1636 4693 1694 4747 et
1721 4694 1931 4747 contra
1959 4692 2057 4745 Ju-

394 4767 564 4836 dam,
590 4772 648 4827 et
669 4771 1056 4831 Hierusalem.
1087 4776 1473 4852 Rursumque
1522 4779 1825 4854 Scriptura
1856 4784 2063 4837 sancta

398 4856 718 4916 elationem
746 4862 947 4920 cordis
975 4864 1106 4936 ejus
1143 4866 1286 4924 dicit
1320 4868 1673 4941 pmnitentia
1699 4868 2061 4938 mitigatam,

399 4946 711 5005 inferens:
757 4969 789 5004 ‹
820 4955 887 5008 Et
936 4954 1289 5014 humiliatus
1336 4963 1424 5014 est
1468 4963 1700 5030 postea,
1761 4973 1833 5013 eo
1896 4957 2063 5030 quod

398 5033 729 5091 exaltatum
758 5045 913 5095 esset
944 5056 1046 5097 cor
1074 5044 1225 5115 ejus,
1267 5048 1391 5101 tam
1430 5045 1562 5116 ipse
1618 5060 1806 5116 quam
1837 5045 2066 5101 habita-

399 5122 558 5175 tores
594 5120 985 5194 Hierusalem,
1035 5134 1092 5186 et
1130 5130 1355 5187 idcirco
1407 5148 1531 5188 non
1578 5132 1738 5189 venit
1766 5133 1854 5189 ira
1885 5150 2067 5207 super

403 5222 509 5263 eos
541 5207 779 5265 Domini
801 5211 865 5269 in
889 5214 1104 5271 diebus
1131 5218 1411 5276 Ezechiae.
1448 5242 1476 5269 κ
1510 5222 1762 5278 Laetatus
1804 5227 1891 5278 est
1921 5238 2064 5293 ergo

401 5294 826 5385 inadventum
865 5299 1203 5371 legatorum
1234 5307 1560 5377 Berodach,
1601 5326 1785 5383 quem
1828 5317 2065 5385 patrem

402 5382 590 5442 fuisse
633 5386 1196 5451 Nabuchodonosor
1240 5394 1474 5453 chrmi
1520 5382 1858 5467 autumant,
1902 5406 1960 5458 et
2000 5401 2065 5457 in

403 5471 646 5531 datione
694 5493 1039 5550 munerum,
1096 5487 1155 5540 et
1202 5486 1717 5555 congratulatione
1791 5491 2063 5547 sanitatis

407 5575 535 5615 sum
598 5567 863 5625 ostendit
919 5586 1055 5641 quas
1128 5573 1213 5627 eis
1274 5575 1447 5645 juxta
1518 5579 1908 5652 Septuaginta
1962 5580 2069 5636 do-

406 5662 581 5703 mum
659 5659 854 5724 νεχοθὰ
911 5673 1026 5731 pro
1100 5677 1227 5735 qua
1302 5665 1700 5738 Symmachus
1767 5669 2069 5727 transtth

408 5743 750 5800 aromatum
787 5761 1059 5819 suorum,
1089 5754 1150 5814 et
1186 5753 1495 5816 thesauros
1540 5759 1673 5817 auri
1711 5763 1769 5825 et
1803 5760 2061 5835 urgenti,

2165 4522 2303 4573 ante
2326 4532 2542 4590 porcos
2570 4531 2682 4572 nec
2703 4515 2976 4572 dandum
2998 4517 3279 4571 sanctum
3297 4512 3551 4569 canibus
3579 4508 3831 4580 (Matth.

2166 4609 2261 4678 γι).
2295 4628 2321 4654 ››
2357 4606 2468 4673 Qui
2497 4606 2655 4662 enim
2689 4604 2880 4661 ﬁdelis
2915 4610 3005 4661 est
3034 4603 3264 4677 spiritu,
3293 4600 3611 4658 abscondit
3647 4610 3838 4669 nego‘

2171 4697 2250 4752 tia
2280 4700 2335 4751 et
2363 4694 2699 4768 cuicunque
2726 4695 2843 4751 hoc
2872 4708 2998 4750 non
3040 4692 3262 4762 fecerit,
3315 4690 3512 4747 omnis
3551 4688 3745 4745 virtus
3772 4684 3832 4741 il-

2170 4785 2283 4841 lius
2315 4789 2653 4853 enervatur,
2686 4784 2956 4857 peritque
2985 4781 3323 4855 posteritas,
3371 4782 3429 4835 et
3477 4776 3703 4835 amisso
3753 4773 3834 4829 vi-

2171 4874 2263 4930 rili
2308 4873 2541 4942 robore,
2566 4874 2629 4930 in
2649 4872 3006 4929 muliebrem
3037 4869 3328 4940 redigitur
3367 4865 3825 4924 mollitudinem.

2174 4964 2507 5034 Ingreditur
2534 4978 2679 5034 ergo
2712 4961 2895 5019 Isaias
2928 4961 3008 5018 ad
3030 4973 3256 5031 regem,
3297 4960 3360 5014 et
3385 4955 3561 5030 quasi
3586 4955 3828 5011 nescius

2176 5053 2505 5109 sciscitatur
2536 5069 2549 5107 :
2585 5050 2739 5117 Quid
2768 5050 3048 5106 dixerunt
3092 5048 3201 5105 viri
3228 5046 3325 5103 isti
3368 5050 3426 5102 et
3463 5044 3625 5101 unde
3659 5057 3831 5099 vene-

2174 5145 2359 5199 runt?
2391 5143 2518 5199 Duo
2548 5142 2874 5211 interrogat
2919 5154 2931 5195 :
2988 5137 3137 5211 quid
3181 5135 3365 5194 locuti
3395 5135 3530 5202 sint,
3587 5138 3643 5190 et
3670 5129 3830 5189 unde

2176 5232 2446 5288 venerint
2474 5231 2503 5287 ‘i'
2533 5230 2630 5286 Ille
2660 5230 2738 5287 ad
2776 5245 2969 5285 unum
2992 5225 3323 5301 respondit,
3385 5223 3572 5282 altero
3602 5226 3832 5296 praeter-

2176 5321 2381 5389 misso,
2403 5319 2571 5392 quod
2600 5318 2874 5391 emphasi
2904 5321 2963 5374 et
2991 5314 3307 5389 supercilio
3329 5311 3658 5385 legendum
3688 5312 3775 5367 est
3811 5321 3826 5361 :

2177 5431 2206 5460 ‹‹
2241 5413 2320 5465 De
2347 5413 2504 5466 terra
2548 5407 2883 5481 longinqua
2927 5408 3221 5462 venerunt
3245 5403 3326 5461 ad
3368 5417 3467 5459 me
3518 5400 3595 5458 de
3644 5399 3835 5469 Baby-

2175 5496 2332 5552 lone.
2393 5515 2421 5543 »
2489 5492 2683 5560 Quod,
2743 5480 2975 5565 quanto
3024 5495 3182 5547 terra
3234 5488 3474 5558 longior
3538 5485 3613 5541 sit
3678 5480 3831 5540 unde

2176 5582 2485 5645 venerunt,
2513 5581 2678 5633 tanto
2725 5576 2835 5631 iste
2878 5575 3192 5645 gloriosior
3243 5575 3490 5647 propter
3533 5584 3715 5644 quem
3746 5579 3831 5621 ve-

2177 5669 2389 5725 nerint.
2437 5689 2465 5717 ‹‹
2511 5669 2575 5721 Et
2609 5669 2917 5732 venerunt,
2966 5664 3181 5737 inquit,
3231 5662 3310 5720 ad
3357 5675 3474 5727 me,
3528 5682 3558 5709 »
3607 5657 3707 5730 qui
3739 5654 3830 5710 de-

2176 5759 2391 5813 buerat
2415 5756 2632 5823 dicere,
2676 5759 2972 5813 venerunt
3009 5754 3090 5816 ad
3124 5750 3589 5826 gloriﬁcandum
3627 5747 3824 5809 Deum:
