3968 6396
105 287 207 339 537

1083 283 1338 338 amna.
1384 285 1451 338 [Ν
1491 280 1743 338 uanos
1784 253 2048 338 πουτί.
2093 312 2162 322 -
2201 282 2269 339 IN
2311 282 2442 342 LIB.
2484 286 2571 341 1v.

3435 295 3536 350 538

104 420 216 477 pro
248 404 402 476 signi
427 404 845 475 magnitudine
875 404 950 462 de
978 405 1303 480 Babylone,
1340 423 1478 480 quae
1510 407 1655 463 urbs
1709 405 1770 462 in
1797 407 1846 460 A
1888 406 2266 464 conscientiae
2289 413 2742 482 commemorat,
2761 411 2904 484 quia
2923 411 3193 469 favorem
3224 413 3400 472 alieni
3420 416 3539 471 oris

104 501 227 552 toto
283 495 428 551 orbe
477 496 892 569 potentissima
941 501 1045 552 est.
1092 500 1472 570 Rursumque
1529 497 1763 553 Isaias:

107 605 134 632 ‹‹
175 583 357 655 Quid,
389 583 606 657 inquit,
648 583 928 641 viderunt
973 584 1034 640 in
1078 585 1263 640 domo
1310 585 1464 641 tua?
1495 607 1523 636 »
1569 586 1638 639 Et
1676 582 1772 638 ille

103 673 420 747 respondit
444 689 518 730 ex
566 677 734 746 parte
780 690 1016 746 verum,
1042 673 1208 747 quod
1263 673 1468 731 omnia
1515 671 1774 729 viderint

106 763 165 820 in
193 763 384 820 domo
409 761 588 834 illius,
610 779 721 819 nec
745 763 925 820 fuerit
953 780 1047 820 res
1075 780 1264 836 quam
1295 779 1419 820 non
1449 761 1774 819 ostenderit

105 853 163 908 in
212 851 512 908 thesauris
560 851 685 907 suis
733 851 855 907 eis:
891 851 999 907 sed
1039 851 1292 907 alterum
1335 853 1508 915 tacet,
1542 851 1617 906 de
1647 865 1772 922 quo

104 940 426 998 verebatur
474 940 792 1008 oﬁ‘ensam,
847 941 1013 1014 quod
1062 940 1388 998 ostenderit
1422 940 1508 996 eis
1557 943 1774 995 cuncta

111 1045 244 1104 quae
285 1030 536 1087 haberet
564 1029 626 1086 in
659 1034 953 1104 potestate
983 1046 1113 1099 sua,
1142 1030 1309 1087 haud
1337 1029 1593 1086 dubium
1623 1029 1771 1102 quin

108 1126 162 1177 et
213 1119 422 1194 templi
479 1119 930 1193 supellectilem,
961 1124 1207 1193 propter
1257 1137 1394 1194 quas
1443 1119 1624 1176 Isaias
1673 1119 1772 1175 Dei

105 1225 382 1266 sermone
419 1210 646 1283 profert
675 1208 1033 1266 sententiam
1062 1227 1074 1266 :
1113 1232 1141 1259 ‹‹
1173 1209 1330 1265 Audi
1357 1209 1614 1265 verbum
1664 1211 1773 1264 Do-

106 1301 248 1355 mini
280 1299 653 1356 exercituum
687 1317 699 1356 :
734 1299 948 1356 Veniet
980 1303 1218 1372 tempus
1265 1299 1515 1372 quando
1563 1298 1771 1355 omnia

103 1389 229 1446 haec
251 1405 392 1462 quae
437 1388 498 1445 in
525 1389 712 1446 domo
743 1392 847 1445 tua
896 1393 1053 1457 sunt,
1087 1394 1144 1445 et
1173 1405 1297 1445 non
1350 1393 1473 1451 tuo,
1508 1388 1614 1445 sed
1661 1404 1768 1461 pa-

106 1483 258 1536 trum
289 1484 534 1535 tuorum
565 1479 772 1535 labore
801 1481 1058 1552 qumsita
1098 1483 1258 1549 sunt,
1283 1479 1344 1535 in
1392 1478 1765 1552 Babylonem

107 1568 568 1638 transferantur,
601 1573 659 1626 et
701 1568 777 1625 de
829 1569 1057 1625 semine
1090 1573 1191 1625 tuo
1233 1569 1382 1625 ﬁant
1413 1568 1675 1625 eunuchi
1704 1568 1766 1624 in

106 1658 240 1714 aula
269 1657 438 1728 regia
487 1659 628 1726 (Isa.
661 1658 880 1727 χχχιχ).
913 1675 944 1710 ›
987 1661 1070 1713 Ex
1096 1673 1220 1730 quo
1261 1657 1489 1714 Hebraei
1534 1657 1764 1724 volunt,

1881 511 2004 550 non
2052 498 2296 569 appetit,
2321 499 2452 554 vitae
2498 516 2621 555 suae
2668 500 2889 570 gaudia
2937 505 3101 557 extra
3145 504 3538 577 semetipsum

1879 601 2102 658 ponere
2122 587 2376 657 ignorat.
2399 589 2765 646 Occultanda
2786 594 2926 647 sunt
2945 606 3088 662 ergo
3111 609 3247 666 quae
3278 595 3536 665 agimus,

1877 691 1954 732 ne
1979 675 2109 732 haec
2139 676 2198 732 in
2225 677 2407 749 hujus
2436 679 2571 735 vitae
2595 679 2802 736 itinere
2828 680 3064 737 incaute
3102 686 3428 756 portantes,
3450 684 3537 742 la-

1878 766 2302 822 trocinantium
2333 767 2648 840 spirituum
2680 769 3018 827 incursione
3047 771 3395 844 perdamus.

2407 913 2600 968 CAPP.
2643 915 2750 968 XXI
2791 917 2848 968 et
2884 915 3037 970 XXII.

1889 1084 1891 1087 .
1953 1055 1979 1084 α
2023 1034 2432 1108 Dormivitque
2481 1036 2756 1094 Ezechias
2805 1053 2942 1093 cum
2991 1039 3262 1111 patribus
3309 1041 3451 1109 suis,
3485 1045 3542 1098 et

1882 1145 1910 1172 ‹‹
1956 1123 2228 1192 regnavit
2258 1127 2564 1182 Manasses
2594 1126 2751 1181 ﬁlius
2797 1127 2928 1198 ejus
2957 1145 3067 1200 pro
3092 1144 3184 1184 eo.
3213 1130 3538 1187 Duodecim

1879 1232 1908 1260 ‹‹
1951 1227 2252 1268 annorum
2287 1218 2411 1270 erat
2436 1217 2736 1271 Manasses
2768 1232 2906 1270 cum
2937 1232 3188 1286 regnare
3239 1219 3536 1291 ccepisset,

1877 1319 1909 1354 ‹
1941 1304 1997 1356 et
2023 1301 2467 1374 quinquaginta
2495 1303 2764 1376 quinque
2814 1305 2988 1360 annis
3026 1307 3294 1375 regnavit
3322 1307 3382 1362 in
3415 1307 3540 1363 Hie-

1879 1413 1908 1440 «
1937 1391 2222 1462 rusalem,
2255 1397 2364 1448 etc.
2392 1417 2421 1444 ››
2469 1396 2605 1449 Post
2632 1398 2889 1451 mortem
2920 1409 3062 1464 ergo
3105 1395 3384 1463 Ezechiae,
3408 1412 3540 1452 nar-

1874 1484 1968 1536 rat
1998 1480 2300 1552 Scriptura
2355 1485 2690 1540 Manassem
2741 1483 2933 1539 ﬁlium
2982 1484 3111 1553 ejus
3157 1499 3441 1554 regnasse
3478 1485 3540 1540 in

1875 1569 2246 1626 Hierusalem
2272 1590 2283 1638 ;
2317 1573 2423 1644 qui
2453 1588 2591 1628 cum
2619 1572 2698 1628 ad
2730 1572 2892 1628 idola
2918 1571 3194 1637 colenda,
3225 1577 3281 1628 et
3307 1572 3541 1628 abomi-

1873 1653 2149 1711 nationes
2224 1654 2533 1712 faciendas
2601 1672 2666 1712 se
2731 1660 3128 1724 converteret,
3195 1656 3542 1729 relinquens

107 1746 432 1818 Danielem,
461 1747 782 1817 Ananiam,
814 1746 1132 1814 Misaelem,
1154 1747 1426 1803 Asariam
1449 1747 1577 1820 (qui
1603 1746 1768 1803 fuere
1796 1762 1838 1816 Β
1875 1742 2064 1798 Deum
2105 1748 2346 1815 patrum
2396 1761 2645 1800 suorum
2697 1748 2754 1800 et
2782 1745 2947 1801 bona
2987 1745 3285 1817 exempla,
3313 1762 3448 1818 quae
3480 1746 3540 1802 in

105 1834 175 1892 de
204 1835 434 1892 semine
473 1835 663 1906 regio)
694 1851 828 1891 esse
857 1835 1193 1904 eunuchos,
1225 1851 1381 1908 quos
1411 1836 1472 1890 in
1503 1835 1767 1891 ministe-

105 1925 188 1981 rio
262 1924 828 1982 Nabuchodonosor
895 1924 1080 1981 fuisse
1153 1940 1278 1981 non
1343 1924 1600 1980 dubium
1657 1928 1763 1980 est.

110 2032 137 2067 α
175 2014 447 2088 Dixitque
465 2015 772 2072 Ezechias:
799 2016 1035 2072 Bonum
1056 2015 1310 2071 verbum
1340 2015 1575 2071 Domini
1598 2015 1767 2087 quod

105 2103 335 2161 locutus
365 2108 480 2161 est.
513 2127 544 2155 »
575 2109 638 2161 In
669 2121 792 2179 quo
843 2104 921 2162 ab
970 2104 1235 2161 Hebraeis
1283 2104 1763 2178 reprehenditur,

108 2210 207 2250 cur
233 2210 358 2251 non
387 2194 468 2251 sit
489 2194 757 2250 imitatus
780 2194 1112 2251 bonitatem
1142 2193 1347 2267 Moysi,
1374 2194 1478 2267 qui
1527 2194 1763 2249 locutus

110 2283 183 2340 ad
211 2285 534 2342 Dominum
559 2289 647 2341 est
678 2303 690 2340 :
727 2306 754 2334 ‹‹
783 2286 900 2340 Aut
946 2284 1176 2341 dimitte
1206 2284 1290 2339 eis
1321 2285 1480 2340 hanc
1510 2299 1756 2351 noxam,

110 2378 206 2430 aut
226 2374 275 2430 si
291 2389 413 2430 non
441 2373 746 2443 facis,dele
765 2389 859 2429 me
875 2373 950 2430 de
964 2373 1118 2430 libro
1138 2378 1244 2429 tuo
1259 2389 1444 2446 quem
1468 2372 1764 2445 scripsisti

111 2463 315 2530 (Exod.
342 2463 550 2535 xxxu).
577 2483 606 2511 »
636 2462 801 2518 Unde
825 2466 883 2518 et
907 2462 1229 2536 Apostolus
1279 2463 1606 2518 anathema
1633 2460 1762 2515 vult

111 2566 230 2608 esse
257 2569 295 2610 a
324 2553 562 2609 Christo
591 2566 702 2624 pro
724 2551 1007 2608 fratribus
1034 2550 1176 2619 suis,
1193 2551 1298 2624 qui
1329 2555 1469 2606 sunt
1489 2549 1764 2606 Israelita:

112 2640 286 2711 (Rom.
318 2642 422 2713 xx).
464 2641 603 2697 Haec
630 2640 832 2713 itaque
857 2641 1152 2697 sententia
1181 2641 1492 2714 prophetae
1524 2639 1602 2695 ad
1634 2641 1766 2695 Eze-

117 2729 322 2798 chiam,
350 2729 607 2803 mystice
643 2733 851 2786 contra
893 2730 1241 2802 hypocritas
1289 2729 1525 2801 prolata
1572 2727 1764 2800 accipi

114 2823 295 2890 potest
325 2836 338 2875 :
371 2819 480 2892 qui
511 2823 651 2891 post
673 2833 932 2888 magnas
952 2819 1197 2874 virtutes
1223 2819 1594 2884 decrescunt,
1619 2817 1766 2890 quia

113 2923 310 2964 cavere
339 2907 751 2977 malignorum
783 2907 1104 2980 spirituum
1133 2907 1382 2963 insidias
1429 2906 1760 2977 negligunt,

113 3003 162 3054 et
200 2998 372 3054 celari
414 2997 480 3054 in
534 2997 762 3054 eisdem
816 2996 1136 3053 virtutibus
1181 2997 1413 3064 nolunt,
1440 2997 1608 3052 bona
1654 3011 1765 3051 sua

115 3085 499 3156 ostendendo,
528 3087 795 3143 hostium
825 3086 1052 3174 faciunt
1081 3103 1094 3142 :
1129 3090 1184 3142 et
1215 3086 1627 3158 imprudentes
1671 3103 1768 3140 su-
1793 3119 1837 3174 ο

114 3175 226 3233 bito
256 3178 538 3233 amittunt
565 3175 864 3249 quidquid
910 3173 1134 3230 diutius
1179 3176 1484 3232 studentes
1511 3191 1766 3248 operan-

116 3269 218 3323 tur.
266 3267 413 3324 Hinc
462 3281 574 3340 per
620 3266 996 3322 Psalmistam
1045 3264 1261 3321 dicitur
1293 3282 1305 3320 :
1340 3287 1368 3315 «
1401 3265 1666 3320 Tradidit
1702 3265 1764 3320 in

117 3356 502 3428 captivitatem
554 3355 833 3412 virtutem
883 3370 1114 3417 eorum,
1142 3358 1200 3410 et
1251 3353 1762 3426 pulchritudinem

116 3458 309 3502 eorum
353 3446 416 3501 in
466 3459 690 3501 manus
731 3443 956 3499 inimici
996 3444 1187 3513 (Psal.
1240 3445 1475 3504 Lxxvn).
1509 3463 1536 3492 »
1571 3441 1766 3497 Virtus

116 3529 322 3603 quippe
352 3534 410 3587 et
435 3527 823 3603 pulchritudo
862 3527 1277 3597 arrogantium
1303 3525 1526 3582 inimici
1575 3525 1768 3582 mani-

115 3616 219 3674 bus
249 3620 519 3688 traditur,
546 3618 691 3690 quia
720 3633 900 3673 omne
929 3617 1162 3672 bonum
1201 3616 1369 3689 quod
1411 3631 1519 3688 per
1547 3631 1768 3671 concu-

117 3707 449 3778 piscentiam
470 3707 668 3764 laudis
689 3707 1043 3775 ostenditur,
1059 3705 1276 3762 occulti
1299 3705 1628 3762 adversarii
1645 3705 1766 3776 juri

119 3799 498 3872 mancipatur.
533 3801 738 3853 Hostes
792 3811 1059 3868 namque
1091 3795 1169 3851 ad
1216 3795 1494 3867 rapinam
1546 3810 1766 3866 provo-

118 3891 261 3955 cant,
291 3888 391 3961 qui
422 3903 568 3944 suas
597 3902 808 3942 eorum
864 3885 1086 3940 notitiae
1132 3883 1369 3939 divitias
1401 3883 1716 3939 denudant
1748 3899 1762 3936 :

119 3989 419 4050 quousque
441 3977 607 4034 enim
625 3975 702 4032 ab
724 3980 963 4031 aeternae
981 3973 1189 4047 patriae
1212 3973 1525 4028 securitate
1537 3972 1767 4042 disjun-

122 4063 318 4133 gimur,
348 4067 406 4122 in
437 4066 746 4122 latronum
793 4063 1208 4120 insidiantium
1256 4062 1464 4118 itinere
1495 4060 1768 4116 ambula-

122 4169 243 4209 mus
263 4157 290 4211 ?
313 4157 416 4229 qui
447 4156 614 4214 enim
640 4155 702 4211 in
731 4154 940 4210 itinere
960 4152 1299 4225 depraedari
1325 4151 1630 4217 formidat,
1662 4149 1768 4205 ab-

123 4245 351 4302 scondat
375 4261 622 4304 necesse
644 4250 737 4301 est
756 4245 923 4301 bona
944 4259 1083 4316 quae
1110 4246 1327 4315 portat.
1350 4243 1392 4297 Ο
1416 4239 1639 4307 miseri,
1661 4239 1766 4312 qui

123 4331 444 4391 atl‘ectantes
461 4335 678 4392 laudes
694 4333 1014 4389 hominum
1032 4331 1093 4386 in
1117 4329 1453 4402 semetipsis
1469 4327 1769 4399 dissipant

123 4418 327 4478 fructus
346 4423 650 4480 laborum.
678 4425 949 4494 Cumque
975 4437 1037 4477 se
1059 4418 1374 4475 ostendere
1398 4417 1608 4472 alienis
1630 4433 1771 4472 ocu-

124 4505 184 4562 lis
209 4519 509 4584 appetunt.
543 4513 842 4568 damnant
861 4509 1028 4583 quod
1053 4512 1268 4579 agunt:
1294 4523 1449 4580 quos
1477 4505 1766 4561 nimirum

125 4598 347 4670 maligni
386 4602 650 4676 spiritus,
683 4602 831 4657 dum
883 4598 963 4656 ad
1001 4598 1358 4670 jactantiam
1411 4601 1767 4679 provocant,

126 4701 314 4744 eorum
368 4693 547 4762 (sicut
597 4690 884 4759 diximus)
945 4703 1131 4760 opera
1176 4687 1383 4742 hostes
1431 4683 1765 4740 denudant.

129 4774 255 4832 Hinc
277 4782 362 4834 est
385 4781 545 4836 enim
567 4778 735 4851 quod
763 4793 873 4850 per
903 4775 1294 4845 Evangelium
1326 4773 1554 4830 Veritas
1578 4772 1720 4828 dicit
1751 4789 1763 4827 :

130 4884 151 4909 ‹‹
179 4867 390 4922 Nescia!
415 4868 656 4924 sinistra
679 4872 776 4922 tua
809 4865 959 4938 quid
983 4864 1164 4920 faciat
1193 4863 1440 4919 dextera
1459 4865 1670 4929 tua,ut
1699 4860 1772 4916 sit

129 4950 488 5028 eleemosyna
535 4961 638 5013 tua
667 4956 730 5012 in
785 4953 1162 5021 abscondito,
1197 4957 1256 5008 et
1284 4955 1453 5008 Pater
1483 4955 1622 5006 tuus
1666 4949 1770 5021 qui

130 5040 272 5098 videt
295 5044 352 5100 in
382 5046 740 5103 abscondito
770 5044 984 5100 reddet
1007 5041 1112 5099 tibi
1144 5042 1389 5113 (Matth.
1426 5043 1529 5107 v1).
1565 5061 1593 5087 ››
1623 5037 1773 5094 Hinc

131 5135 210 5186 est
223 5135 377 5205 quod
391 5135 467 5193 de
482 5137 807 5194 electorum
831 5132 1094 5189 Ecclesia
1103 5147 1211 5205 per
1227 5129 1618 5186 Psalmistam
1635 5127 1775 5183 dici-

132 5223 238 5276 tur:
256 5243 282 5275 ‹
296 5226 494 5282 Omnis
517 5225 708 5296 gloria
728 5225 858 5296 ejus
879 5222 1016 5278 ﬁlia:
1038 5221 1198 5290 regis
1227 5219 1306 5276 ab
1332 5219 1492 5274 intus
1518 5218 1768 5288 (Psalm.

133 5314 286 5381 κων).
320 5337 345 5363 ››
379 5315 526 5372 Hinc
555 5315 774 5372 Paulus
807 5314 888 5370 ait
921 5331 934 5368 :
972 5334 1001 5362 «
1033 5310 1230 5368 Gloria
1263 5313 1472 5364 nostra
1496 5307 1626 5362 haec
1660 5311 1771 5375 est,

133 5397 516 5460 testimonium
539 5402 916 5461 conscientiae
943 5404 1181 5458 nostrae.
1210 5422 1238 5449 »
1264 5397 1404 5454 Filia
1431 5395 1655 5468 quippe
1686 5410 1774 5450 re-

138 5497 262 5551 gum
283 5492 534 5550 Ecclesia
553 5497 801 5565 est,quaa
818 5490 980 5547 bono
1000 5503 1182 5561 opere
1208 5483 1608 5558 spiritualium
1623 5481 1774 5538 ﬁlio-

138 5586 254 5631 rum
273 5580 339 5635 sit
353 5583 772 5653 praedicatione
789 5584 1100 5653 generata:
1122 5576 1374 5650 gloriam
1395 5574 1552 5629 intus
1570 5573 1769 5638 habet,

141 5665 266 5732 Quia
309 5669 420 5726 hoc
467 5672 631 5745 quod
681 5672 820 5742 agit,
851 5673 911 5726 in
963 5666 1359 5725 ostentatione
1412 5663 1767 5733 jactanliam

143 5765 250 5811 non
277 5757 466 5819 habet.
492 5762 754 5820 Gloriam
778 5776 956 5819 suam
988 5755 1312 5834 Apostolus
1357 5751 1770 5817 testimonium

1875 1832 2141 1904 genitore
2188 1849 2298 1889 suo
2333 1835 2577 1890 Ezechia
2606 1839 3020 1907 conspexerat.
3051 1838 3429 1907 Locutusque
3455 1839 3544 1891 est

1875 1921 2164 1977 Dominus
2195 1923 2273 1978 ad
2303 1939 2442 1978 eum
2469 1927 2526 1979 et
2555 1923 2633 1978 ad
2665 1924 2960 1996 populum
2981 1923 3134 1994 ejus,
3154 1927 3212 1979 et
3236 1925 3540 1980 attendere

1874 2011 2216 2067 noluerunt.
2242 2012 2464 2068 Idcirco
2495 2012 2915 2085 superinduxit
2934 2013 3018 2068 eis
3048 2012 3349 2085 principes
3379 2028 3541 2068 exer-

1875 2099 2026 2155 citus
2056 2099 2213 2169 regis
2242 2100 2658 2173 Assyriorum,’
2681 2105 3088 2173 ceperuntque
3119 2104 3452 2168 Manassen,
3483 2104 3541 2156 et

1872 2189 2142 2245 vinctum
2186 2190 2410 2245 catenis
2452 2193 2632 2263 atque
2682 2189 3099 2262 compedibus,
3133 2189 3436 2246 duxerunt
3476 2189 3537 2245 in

1880 2279 2268 2350 Babylonem.
2302 2279 2411 2345 Qui
2441 2284 2766 2352 postquam
2799 2283 3231 2348 coangustatus
3261 2283 3369 2349 est,
3402 2295 3537 2336 ora-

1873 2368 1956 2423 vit
2001 2368 2321 2424 Dominum
2373 2372 2560 2426 Deum
2615 2386 2816 2439 suum,
2857 2373 2914 2425 et
2961 2370 3079 2439 egit
3122 2369 3537 2442 paenitentiam

1871 2457 2048 2513 valde
2079 2473 2285 2513 coram
2315 2458 2567 2515 Domino
2600 2461 2718 2514 Deo
2747 2463 2991 2531 patrum
3021 2475 3288 2515 suorum.
3319 2459 3538 2532 Depre-

1873 2550 2162 2618 catusque
2193 2551 2282 2601 est
2311 2563 2472 2614 eum,
2504 2551 2561 2603 et
2597 2547 2936 2604 obsecravit
2988 2547 3231 2616 intente,
3264 2553 3322 2604 et
3360 2564 3540 2604 exau-

1872 2635 2020 2690 divit
2049 2635 2380 2691 orationem
2425 2635 2580 2706 ejus,
2624 2635 2980 2707 reduxitque
3034 2651 3174 2691 eum
3219 2636 3279 2692 in
3335 2636 3538 2691 Hieru-

1875 2725 2065 2779 salem
2108 2725 2170 2779 in
2228 2739 2483 2794 regnum
2533 2741 2732 2788 suum,
2785 2729 2841 2780 et
2905 2724 3188 2794 cognovit
3237 2728 3540 2781 Manasses

1873 2812 2040 2884 quod
2087 2812 2378 2867 Dominus
2420 2813 2548 2885 ipse
2595 2816 2750 2867 esset
2780 2815 2954 2868 Deus.
2987 2811 3306 2885 Exemplar
3335 2818 3539 2869 autem

1873 2907 1963 2957 est
1989 2902 2118 2957 hzec
2147 2902 2493 2974 paenitentia
2537 2905 2804 2958 Manasse
2834 2902 3001 2974 quod
3031 2908 3167 2975 post
3212 2903 3541 2959 commissa

1874 2991 2099 3047 scelera
2135 2991 2337 3046 nullus
2385 2991 2565 3047 debet
2606 2990 2682 3046 de
2727 2991 2827 3046 Dei
2876 2992 3287 3048 misericordia
3334 2992 3543 3066 despe-

1872 3097 2024 3144 rare,
2052 3079 2158 3134 sed
2188 3080 2382 3148 magis
2420 3095 2528 3152 per
2558 3079 2970 3151 paenitentiam
2999 3096 3333 3149 congruam
3366 3097 3540 3152 spem

1871 3169 2094 3224 habere
2126 3167 2335 3234 venias,
2368 3167 2414 3223 si
2446 3183 2582 3223 eam
2607 3167 2714 3222 rite
2743 3167 3074 3239 perfecerit.
3105 3170 3241 3223 Post
3271 3168 3432 3223 hunc
3454 3183 3542 3223 re-

1874 3257 2080 3328 gnavit
2098 3255 2256 3311 ﬁlius
2285 3256 2416 3326 ejus
2440 3261 2698 3311 Ammon
2721 3255 3058 3312 idololatra.
3078 3257 3217 3311 Post
3244 3272 3428 3328 quem
3449 3259 3541 3312 Jo-

1875 3349 1994 3403 sias
2021 3346 2179 3402 ﬁlius
2209 3346 2340 3416 ejus
2389 3361 2494 3401 rex
2526 3345 2904 3415 justissimus
2946 3345 3239 3417 regnavit,
3269 3346 3372 3419 qui
3408 3362 3541 3402 om-

1873 3452 2015 3492 nem
2045 3434 2396 3506 spurcitiam
2428 3433 2728 3490 idolorum
2758 3449 2948 3507 quam
2986 3439 3188 3507 patres
3232 3434 3324 3490 sui
3366 3433 3544 3491 fabri-

1874 3529 2184 3595 caverunt,
2215 3524 2586 3595 emundavit,
2615 3528 2677 3580 et
2723 3539 2786 3579 se
2831 3524 2894 3580 in
2947 3525 3047 3580 Dei
3092 3524 3258 3581 cultu
3305 3529 3543 3582 strenue

1874 3613 2156 3670 exercuit.
2190 3616 2254 3668 Et
2296 3613 2528 3681 merito,
2561 3615 2706 3686 quia
2748 3613 2927 3683 longe
2971 3619 3108 3670 ante
3158 3615 3273 3670 hoc
3320 3614 3395 3670 de
3442 3613 3543 3670 illo

1876 3703 2228 3777 prredictum
2280 3707 2368 3758 est
2415 3718 2522 3775 per
2565 3703 2946 3776 prophetam.
2981 3704 3405 3775 Interpretatur
3442 3718 3542 3758 au-

1878 3799 1996 3849 tem
2019 3792 2210 3848 Josias
2241 3793 2413 3863 cujus
2440 3796 2528 3848 cst
2557 3792 2919 3848 sacriﬁcium
2950 3791 3224 3859 Domino,
3251 3790 3348 3847 vel
3375 3793 3543 3848 salus

1877 3882 2121 3937 Domini
2147 3869 2240 3935 vel
2269 3881 2506 3937 Domini
2539 3880 2856 3950 fortitudo.
2893 3879 3067 3946 Quod
3114 3884 3317 3936 autem
3348 3879 3543 3952 sequi-

1877 3977 1974 4028 tur
2002 3971 2077 4026 de
2108 3971 2322 4027 eodem
2352 3987 2512 4040 rege,
2545 3971 2712 4042 quod
2742 3970 2948 4026 audito
2989 3969 3143 4026 libro
3172 3969 3320 4039 legis
3349 3970 3544 4026 Domi-

1878 4059 2158 4131 ni,quem
2187 4058 2458 4114 Helchias
2489 4057 2769 4113 sacerdos
2791 4057 3017 4114 invenit
3041 4057 3102 4113 in
3133 4057 3318 4114 domo
3352 4057 3546 4113 Domi-

1879 4149 1961 4214 ni,
1991 4148 2260 4203 scidisset
2290 4148 2644 4202 vestimenta
2685 4163 2815 4215 sua,
2849 4151 2906 4203 et
2952 4146 3212 4202 misisset
3242 4146 3545 4203 Helchiam

1879 4236 2253 4292 sacerdotem
2279 4240 2335 4291 et
2365 4240 2609 4292 caeteros
2647 4236 2752 4308 qui
2783 4235 3223 4309 subsequenter
3253 4251 3546 4292 annume-

1878 4330 2108 4393 rantur,
2134 4323 2213 4379 ad
2243 4323 2456 4380 Oldam
2484 4324 2846 4396 prophetam
2864 4339 3115 4380 uxorem
3143 4323 3388 4395 Sellum,
3409 4340 3546 4397 quae

1880 4413 2194 4469 habitabat
2209 4412 2272 4467 in
2289 4411 2657 4468 Hierusalem
2685 4413 2748 4468 in
2769 4413 3054 4469 secunda.
3081 4411 3235 4478 Quid
3257 4413 3551 4483 signiﬁcet

1881 4502 2028 4558 illud
2075 4502 2239 4574 quod
2299 4502 2534 4571 dicitur,
2582 4501 2698 4557 «in
2749 4501 3086 4567 secunda,»
3134 4501 3196 4556 in
3247 4501 3402 4558 libro
3441 4503 3552 4557 Pa-

1881 4593 2302 4664 ralipomenon
2332 4591 2691 4657 declaratur,
2724 4591 2829 4647 ubi
2868 4591 3156 4662 scriptum
3186 4596 3277 4645 est
3301 4591 3376 4646 de
3402 4606 3551 4662 prae-

1882 4681 2003 4737 fato
2060 4696 2200 4750 rege
2245 4680 2493 4736 Ezechia
2544 4680 2631 4748 (II
2679 4681 2828 4734 Par.
2883 4681 3106 4744 xxxn):
3156 4677 3551 4733 «zEdiﬁcavit

1881 4785 2126 4843 quoque
2157 4783 2344 4838 agens
2389 4767 2680 4822 industrie
2721 4782 2968 4822 omnem
2998 4781 3264 4833 murum,
3295 4765 3401 4836 qui
3425 4764 3550 4820 fue-

1881 4864 1975 4915 rat
2015 4857 2358 4929 dissipatus,
2393 4855 2771 4927 extruxitque
2819 4859 3011 4910 turres
3055 4853 3336 4926 desuper,
3369 4857 3427 4908 et
3465 4853 3550 4910 fo-

1881 4948 2152 5003 rinsecus
2183 4945 2436 5001 alterum
2478 4958 2745 4998 murum.
2769 4963 2797 4991 »
2845 4941 3103 4999 Meminit
3132 4941 3314 5013 hujus
3351 4941 3467 4997 loci
3492 4945 3550 4998 et

1885 5037 2242 5108 Sophonias,
2273 5035 2478 5090 dicens
2503 5050 2515 5087 :
2549 5054 2576 5081 «
2601 5035 2722 5087 Vox
2739 5030 3018 5087 clamoris
3045 5046 3081 5086 a
3101 5035 3277 5103 porta
3299 5031 3547 5104 piscinae

1883 5129 1940 5180 et
1967 5123 2229 5179 ululatus
2274 5139 2310 5178 a
2359 5121 2624 5178 secunda
2665 5121 2867 5190 (Soph.
2894 5124 3017 5187 1):»
3061 5136 3173 5193 pro
3211 5136 3334 5194 quo
3377 5125 3548 5176 vetus

1883 5214 2062 5270 editio
2085 5213 2257 5285 quasi
2288 5211 2599 5284 proprium
2629 5226 2853 5266 nomen
2879 5209 2994 5267 luci
3027 5210 3327 5267 transtulit
3352 5211 3415 5266 in
3438 5214 3550 5266 Ma-

1884 5319 2048 5358 sena.
2077 5305 2312 5358 Masena
2343 5302 2568 5373 quippe
2605 5301 3028 5372 interpretatur
3055 5300 3338 5356 secunda.
3373 5297 3548 5364 Quod

1883 5409 2026 5463 ergo
2057 5391 2270 5446 dicitur
2288 5390 2732 5464 prophetissam
2755 5389 3062 5445 habitasse
3090 5388 3198 5443 «in
3217 5386 3546 5454 secunda,»

1882 5485 1942 5539 in
1976 5480 2220 5537 secundi
2275 5481 2430 5536 muri
2478 5485 2643 5552 parte
2687 5479 2970 5549 intellige.
3003 5477 3174 5544 Quod
3216 5477 3431 5532 dicitur
3469 5477 3544 5533 de

1882 5572 2039 5627 Josia
2070 5586 2207 5632 rege
2235 5589 2244 5622 :
2282 5568 2768 5625 «Contaminavit
2789 5583 3034 5640 quoque
3059 5567 3348 5638 Thophet,
3381 5566 3546 5638 quod

1885 5684 1912 5708 «
1945 5665 2031 5715 est
2061 5659 2116 5711 in
2153 5657 2419 5712 convalle
2453 5657 2550 5710 ﬁlii
2585 5659 2814 5718 Ennon,
2848 5661 2912 5710 ut
2958 5671 3138 5710 nemo
3171 5659 3545 5710 consecraret

1884 5773 1912 5802 ‹‹
1945 5748 2135 5804 ﬁlium
2164 5763 2344 5803 suum
2375 5750 2478 5803 aut
2503 5744 2689 5804 ﬁliam
2719 5759 2826 5817 per
2853 5743 3058 5814 ignem
3086 5744 3371 5802 Moloch.»
3406 5744 3546 5797 Fre-
