3968 6398
393 265 501 325 ιθθ

389 403 582 459 quens
640 391 731 447 est
778 386 840 444 in
870 387 1182 460 Scripturis
1232 388 1449 445 horum
1497 388 1725 446 mentio
1751 387 2047 447 locorum,
2079 381 2123 440 Δ

390 473 652 529 maxime
680 475 742 530 in
771 475 925 532 libro
970 478 1197 545 Regum
1241 482 1297 532 et
1321 478 1575 535 Jeremia
1605 477 1918 550 propheta.
1955 476 2052 528 Est

390 566 593 619 autem
617 563 789 621 vallis
818 569 1051 636 Ennon,
1078 565 1201 623 sive
1221 566 1327 623 ﬁlii
1365 570 1575 624 Ennon
1605 568 1779 639 juxta
1803 577 2050 621 murum

390 651 753 711 Hierusalem
798 658 1007 713 contra
1055 656 1365 724 orientem,
1392 656 1456 713 in
1502 673 1627 729 qua
1676 671 1893 713 nemus
1919 651 2051 726 pul-

392 742 754 800 cherrimum
774 744 927 802 Siloe
951 744 1217 803 fontibus
1238 745 1819 817 irrigatur.Thophet
1847 746 2050 800 autem

391 830 515 885 sive
543 831 812 904 Thophet
853 836 1199 905 (utrumque
1247 834 1408 889 enim
1457 834 1755 892 scribitur)
1805 834 1932 887 erat
1970 829 2056 884 lo-

392 936 498 975 cus
525 920 585 975 in
609 922 823 978 eadem
858 924 1129 979 convalle
1148 924 1323 995 juxta
1338 923 1632 996 piscinam
1660 921 1924 983 fullonis,
1953 936 2053 975 cu-

386 1008 486 1080 jus
519 1010 792 1067 meminit
823 1012 1147 1085 Scriptura,
1175 1016 1232 1068 et
1254 1013 1428 1083 juxta
1456 1028 1670 1082 agrum
1711 1009 2051 1077 Aceldema,

390 1098 495 1171 qui
526 1115 717 1172 usque
746 1100 926 1156 hodie
954 1104 1323 1157 monstratur
1351 1101 1431 1157 ad
1452 1100 1778 1158 australem
1809 1098 2054 1171 plagam

392 1188 612 1243 montis
647 1189 807 1247 Sion.
843 1189 1128 1247 Solebant
1155 1193 1359 1246 autem
1395 1190 1460 1246 in
1487 1189 1756 1261 Thophet
1784 1187 1947 1259 (quia
1971 1187 2055 1241 lo-

393 1293 500 1332 cus
520 1281 649 1333 erat
675 1278 1144 1348 amcenissimus,
1180 1278 1349 1349 unde
1368 1278 1547 1334 hodie
1576 1294 1712 1351 quae
1740 1278 2054 1334 hortorum

392 1365 903 1437 praebetdelicias)
921 1366 1118 1439 posita
1146 1383 1254 1424 ara
1285 1367 1620 1424 sacriﬁcare
1649 1366 2050 1431 daemonibus,

392 1454 778 1527 nefandoque
802 1456 941 1525 igne
971 1473 1111 1513 suos
1142 1473 1493 1515 consecrare
1522 1456 1763 1521 liberos,
1798 1456 1921 1511 sive
1950 1456 2055 1510 ho-

394 1544 732 1602 locaustum
786 1546 1036 1604 offerre:
1087 1548 1237 1604 sicut
1291 1548 1351 1604 in
1390 1547 1543 1603 libro
1572 1546 1902 1601 Verborum
1932 1542 2054 1599 die-

395 1648 532 1688 rum
560 1630 637 1689 de
662 1634 857 1692 Achaz
888 1652 1027 1697 rege
1073 1637 1365 1709 scriptum
1396 1641 1488 1693 est
1518 1637 1607 1703 (II
1630 1636 1777 1691 Par.
1810 1634 2050 1702 xxviii):

1491 259 1853 324 ANGELOII
1890 252 2349 321 LUXOVIENSIS
2385 254 2721 311 IONAOHI.

3744 252 3866 310 ΜΘ

2165 393 2423 449 puerum
2478 378 2817 435 imberbem
2868 376 2931 433 in
2980 391 3159 432 curru
3189 378 3498 446 ponentes
3531 390 3749 448 equos
3780 376 3867 433 ei-

2157 466 2296 522 dem
2335 468 2507 538 quasi
2536 484 2713 523 cursu
2745 465 2965 522 omium
2996 468 3263 537 petentes
3296 463 3707 535 subjungant.
3744 464 3869 523 Cui

2156 560 2475 627 propterea
2524 554 2693 627 pueri
2734 557 2943 629 aptant
2969 552 3318 622 imaginem,
3352 550 3499 624 quia
3544 552 3638 609 sol
3671 553 3869 609 velut

2157 643 2424 715 quotidie
2455 660 2610 700 novo
2633 648 2767 700 ortu
2793 645 2997 710 natus,
3027 642 3090 699 in
3116 639 3353 697 nullum
3381 639 3563 712 plane
3589 641 3866 699 senium

2158 731 2385 789 incidit.
2419 735 2488 790 Ut
2517 737 2721 790 autem
2770 730 2934 787 idem
2986 745 3196 787 currus
3235 733 3295 787 et
3321 744 3512 801 equos
3538 730 3863 798 tribuant,

2158 821 2234 877 de
2266 821 2556 878 miraculo
2598 825 2684 877 est
2722 824 3034 893 sumptum
3080 818 3217 875 Elite
3271 819 3605 892 prophetae,
3638 818 3766 891 qui
3825 833 3866 876 a

2161 927 2341 967 curru
2368 910 2545 980 igneo
2578 914 2634 965 et
2663 910 2832 981 equis
2861 909 3052 979 igneis
3102 912 3190 964 est
3240 911 3447 980 raptus
3475 907 3554 964 ad
3582 907 3860 975 caelum,

2162 1005 2227 1056 ut
2267 1001 2531 1058 Joannes
2563 997 3142 1069 Constantinopolim
3195 996 3514 1070 episcopus
3544 997 3858 1054 restituat.

2163 1090 2314 1157 Quia
2338 1090 2499 1146 enim
2530 1091 2727 1146 Greece
2755 1087 2939 1150 Ἥλιος
2984 1088 3199 1143 dicitur
3229 1086 3341 1158 sol,
3374 1089 3531 1144 sicut
3556 1090 3619 1143 et
3647 1086 3865 1143 Sedu-

2159 1178 2274 1235 lius
2324 1195 2464 1235 cum
2517 1179 2578 1235 in
2646 1178 2778 1234 Eliso
2848 1193 3108 1235 ascensu
3192 1179 3525 1247 caneretur,
3591 1175 3858 1247 dicens,

2162 1268 2420 1325 ostendit
2446 1286 2460 1324 :

2267 1358 2441 1420 Quam
2468 1357 2612 1412 bene
2642 1357 2898 1410 ﬂuminei
2930 1353 3251 1427 praelucens
3290 1354 3494 1410 semita
3524 1355 3689 1426 cali,

2270 1446 2547 1503 Convenit
2568 1448 2706 1501 Elias
2737 1446 3059 1516 meritoque
3090 1454 3147 1500 et
3173 1446 3403 1501 nomine
3422 1443 3689 1514 fulgens.

2269 1536 2386 1590 Hac
2416 1553 2522 1606 cpe
2553 1536 2761 1604 dignus
2785 1543 2930 1601 erat,
2961 1535 3234 1605 quoniam
3266 1534 3551 1591 sermonis
3580 1534 3817 1591 Achivi

2271 1626 2397 1681 Una
2422 1644 2525 1698 per
2553 1634 2847 1681 accentum
2876 1632 3129 1680 mutetur
3149 1624 3369 1692 litters,
3396 1625 3485 1678 sol
3515 1630 3629 1680 est.

398 1738 426 1769 α
461 1721 591 1789 lpse
622 1723 727 1784 est,
760 1719 863 1791 qui
890 1720 1148 1778 adolevit
1194 1723 1513 1777 incensum
1557 1720 1620 1777 in
1655 1718 1806 1775 valle
1839 1721 2057 1773 Benen-
2086 1734 2129 1791 Β
2164 1715 2489 1772 Audientes
2513 1716 2695 1772 Graeci
2726 1715 2805 1771 ab
2838 1715 3138 1781 lsrdelitis,
3161 1730 3316 1786 quos
3344 1713 3580 1770 divinas
3602 1712 3851 1773 habere

397 1815 543 1870 non,
576 1807 633 1858 et
657 1801 927 1861 lustravit
956 1805 1111 1861 filios
1154 1822 1297 1863 suos
1345 1806 1406 1861 in
1436 1806 1644 1875 igne.»
1684 1806 2056 1859 Bennennon

399 1888 693 1961 siquidem
720 1894 928 1949 Ennon
952 1893 1271 1965 signiﬁcat,
1300 1894 1471 1952 vallis
1497 1898 1698 1950 autem
1727 1896 1935 1949 Ennon
1966 1890 2050 1947 di-

395 1977 547 2034 citur
574 1979 861 2039 Hebraice
895 1986 1235 2053 Benennon,
1268 1984 1441 2054 cujus
1493 1984 1737 2039 nomine
1784 1982 1846 2038 in
1888 1984 2056 2037 Novo

394 2068 766 2125 Testamento
792 2086 973 2141 poena
1001 2071 1329 2129 inferorum
1361 2073 1638 2143 gehenna
1665 2070 2056 2142 cognomina-

394 2158 507 2210 tur.
538 2157 686 2219 Quia
740 2158 1021 2216 nimirum
1072 2161 1225 2218 sicut
1274 2162 1336 2219 in
1386 2161 1657 2218 convalle
1709 2164 1919 2216 Ennon
1948 2158 2055 2230 qui

392 2243 567 2300 idolis
599 2248 942 2317 servierunt,
963 2250 1044 2308 ita
1072 2251 1135 2307 in
1165 2268 1257 2321 ea,
1285 2252 1594 2324 prophetis
1615 2249 2050 2315 altestantibus,

392 2334 741 2405 poenitentia
782 2344 1126 2410 peccatores
1181 2356 1255 2396 ex
1301 2341 1393 2396 his
1459 2357 1597 2413 quae
1653 2341 2056 2413 peccaverunt

391 2427 613 2480 aeterna
662 2424 1052 2484 damnatione
1080 2430 1420 2501 punientur.
1456 2428 1726 2500 Denique
1764 2426 2055 2484 Jeremias

392 2526 531 2567 cum
557 2513 799 2571 referret
829 2519 1183 2590 praecepisse
1215 2519 1330 2574 sibi
1382 2519 1702 2575 Dominum
1734 2533 1803 2573 ac
1834 2515 2055 2571 dixisse

394 2602 538 2667 (Jer.
575 2604 729 2675 xxx):
766 2628 793 2657 ι(
818 2608 1109 2675 Egredere
1153 2608 1234 2664 ad
1262 2608 1481 2664 vallem
1518 2606 1621 2662 ﬁlii
1654 2610 1885 2675 Ennon,
1915 2620 2053 2676 quae

392 2694 480 2748 est
501 2690 675 2762 juxta
701 2693 1006 2751 introitum
1050 2701 1240 2767 portae
1280 2696 1493 2754 fictilis.
1520 2719 1549 2746 ι»
1588 2695 1771 2753 Paulo
1799 2698 1935 2766 post
1965 2693 2053 2749 di-

390 2779 501 2837 cit:
536 2802 565 2831 ι(
589 2783 657 2839 Et
680 2797 804 2841 non
833 2784 1147 2842 vocabitur
1168 2784 1337 2842 locus
1371 2786 1479 2843 iste
1508 2783 1770 2856 amplius
1785 2783 2057 2855 Thophet

391 2871 449 2925 et
476 2868 649 2925 vallis
668 2868 770 2925 ﬁlii
805 2874 1039 2937 Ennon,
1071 2872 1179 2929 sed
1207 2873 1379 2930 vallis
1406 2872 1757 2930 occisionis:
1799 2876 1858 2928 et
1884 2870 2054 2927 dissi-

390 2957 554 3029 pabo
582 2959 902 3017 consilium
922 2962 1092 3018 Judae
1123 2968 1181 3019 et
1210 2964 1575 3021 Hierusalem
1596 2963 1657 3019 in
1685 2962 1817 3019 loco
1840 2961 1974 3027 isto,
1998 2963 2056 3017 et

392 3044 867 3146 subvertameos
897 3050 1119 3120 gladio.
1146 3074 1176 3102 »
1209 3053 1389 3111 lsaias
1418 3068 1661 3125 quoque
1691 3049 2054 3108 manifestis-
2083 3088 2124 3146 Ο

391 3134 540 3193 sime
571 3137 837 3210 Thophet
881 3140 1186 3201 infernum
1216 3142 1496 3215 appellat.
1532 3141 1645 3207 Qui
1675 3157 1813 3198 cum
1842 3155 2054 3213 perpe-

391 3228 562 3284 tuum
588 3226 811 3285 diaboli
841 3228 1165 3301 interitum,
1195 3232 1310 3289 sub
1337 3232 1585 3289 nomine
1603 3235 1810 3298 Assur,
1838 3229 2054 3287 descri-

390 3314 577 3386 beret,
607 3315 814 3374 dicens
858 3321 1000 3386 (Isa.
1040 3322 1213 3392 xxx):
1265 3340 1297 3377 ‹
1322 3325 1370 3379 Α
1413 3337 1561 3377 voce
1603 3320 1766 3377 enim
1816 3318 2053 3376 Domini

388 3404 633 3476 pavebit
679 3409 865 3462 Assur
910 3408 1080 3477 virga
1127 3426 1470 3483 percussus,
1511 3413 1569 3466 et
1619 3410 1729 3466 erit
1770 3410 2052 3467 transitus

389 3491 574 3560 virgae
602 3490 910 3565 fundatus,
943 3511 1132 3567 quam
1157 3498 1530 3570 requiescere
1560 3497 1735 3554 feciet
1764 3498 2053 3555 Dominus

393 3595 573 3651 super
602 3595 742 3638 eum
770 3598 783 3638 :
810 3603 839 3632 »
886 3584 1088 3641 statim
1115 3588 1445 3658 quomodo,
1477 3591 1536 3644 et
1580 3587 1683 3643 ubi
1722 3592 1875 3643 esset
1902 3587 2055 3659 peri-

390 3671 578 3739 turus,
608 3669 894 3740 subdidit,
925 3672 1132 3730 dicens
1158 3692 1171 3730 :
1226 3697 1255 3726 «
1277 3674 1621 3747 Praeparata
1665 3678 1756 3731 est
1781 3675 1943 3731 enim
1973 3674 2052 3731 ab

391 3758 518 3816 heri
547 3760 835 3833 Thophet,
861 3778 898 3820 a
924 3778 1063 3832 rege
1092 3770 1452 3837 praeparata,
1480 3763 1803 3837 profunda,
1827 3769 1883 3820 et
1903 3764 2052 3820 dila-

390 3852 532 3907 tata.
556 3872 584 3902 »
603 3851 851 3909 Pulchre
872 3853 952 3911 ait
973 3877 1001 3905 «
1028 3858 1084 3910 et
1112 3854 1378 3922 dilatata,
1401 3876 1428 3903 »
1454 3856 1599 3927 quia
1618 3854 1887 3925 Thophet
1905 3853 2050 3909 dici-

389 3941 486 3997 tur
511 3940 787 3999 latitudo.
819 3965 847 3993 ‹‹
866 3944 1256 4013 Nutrimenta,
1288 3945 1500 4017 inquit,
1529 3944 1657 4014 ejus
1703 3943 1857 4013 ignis
1901 3948 1958 3999 et
1984 3943 2051 3999 li-

392 4041 513 4097 gna
544 4029 751 4097 multa,
784 4036 972 4088 status
1002 4034 1235 4089 Domini
1283 4034 1436 4089 sicut
1461 4038 1692 4088 torrens
1724 4032 2050 4105 sulphuris,

395 4117 769 4173 succendens
831 4136 987 4177 eam.
1016 4142 1044 4169 »
1102 4122 1543 4178 Contaminavit
1600 4126 1803 4179 autem
1865 4122 2054 4178 Josias

392 4204 680 4277 Thophet,
712 4208 808 4263 vel
825 4224 965 4265 ossa
992 4214 1369 4267 mortuorum
1396 4211 1480 4267 ibi
1510 4212 1684 4284 (sicut
1707 4214 1768 4268 in
1799 4228 2053 4284 sequen-

394 4293 552 4350 tibus
600 4294 678 4351 de
723 4296 854 4352 aliis
884 4297 1183 4356 idolorum
1224 4300 1370 4357 locis
1410 4300 1622 4358 fecisse
1667 4302 1921 4372 legitur),
1956 4300 2053 4356 vel

391 4382 509 4443 alia
537 4384 819 4456 quaslibet
840 4385 1160 4444 immunda
1178 4389 1551 4462 dispergens,
1574 4396 1874 4463 quatenus
1902 4390 2051 4445 abo-

393 4472 708 4530 minationi
754 4476 955 4547 potius
1004 4493 1192 4549 quam
1233 4477 1610 4534 delectationi
1648 4482 1825 4551 aptus
1856 4478 2050 4533 omni-

390 4560 508 4617 bus
537 4562 644 4634 qui
687 4565 1023 4637 aspicerent
1074 4566 1245 4622 locus
1286 4571 1621 4640 appareret.
1655 4566 1829 4633 Quod
1858 4567 2052 4638 sequi-

391 4653 488 4710 tur
516 4651 590 4709 de
622 4652 835 4709 eodem
866 4669 1004 4723 rege
1029 4656 1207 4711 losia.

999 4816 1230 4872 CAPUT
1268 4817 1447 4873 XXIII.

466 4941 493 4971 ‹‹
520 4921 778 4977 Abstulit
820 4938 1064 4995 quoque
1121 4939 1314 4994 equos
1362 4939 1519 4995 quos
1567 4920 1860 4977 dederant
1886 4937 2057 4990 reges

393 5028 421 5056 α
449 5008 623 5074 Iuda,
651 5009 762 5064 soli
798 5010 860 5066 in
908 5011 1152 5067 introitu
1200 5010 1403 5082 templi
1460 5009 1716 5065 Domini.
1743 5032 1771 5060 »
1815 5014 1871 5066 et
1908 5026 2059 5083 pau-

394 5116 423 5143 ‹‹
455 5094 513 5150 lo
544 5100 711 5166 post:
773 5101 995 5153 Currus
1042 5104 1246 5155 autem
1298 5099 1439 5154 solis
1501 5099 1834 5155 combussit
1881 5100 2061 5167 igni.»

395 5184 668 5241 Ostendit
737 5187 905 5240 omni
980 5187 1249 5255 gentium
1319 5187 1709 5244 idolatrarum
1785 5191 2068 5262 supersti-

397 5274 543 5331 tionl
594 5274 834 5331 Judreos
890 5291 961 5332 eo
1005 5279 1273 5347 tempore
1317 5276 1499 5333 fuisse
1547 5279 1938 5351 mancipatos,
1983 5280 2067 5337 ita

391 5367 458 5419 ut
513 5365 576 5420 in
650 5362 1098 5420 venerationem
1173 5363 1338 5434 solis,
1396 5380 1579 5437 quem
1644 5382 1811 5423 more
1877 5368 2064 5437 genti-

390 5450 538 5509 lium
588 5457 775 5509 Dcum
822 5470 949 5510 esse
996 5452 1343 5523 credebant,
1373 5455 1694 5512 simulacro
1734 5458 1863 5528 ejus
1895 5457 2062 5530 quod

391 5537 651 5596 fecerant
718 5558 928 5596 currus
985 5557 1294 5613 equosque
1365 5543 1737 5600 subdiderint
1837 5551 1892 5601 et
1946 5547 2060 5602 hoc

395 5627 455 5681 in
514 5629 677 5682 atriis
728 5630 932 5701 templi
988 5630 1239 5685 Domini.
1296 5633 1386 5688 Sic
1444 5634 1604 5689 enim
1670 5633 1863 5690 solent
1914 5651 2059 5705 gen-

391 5714 521 5771 tiles
580 5718 847 5790 pingere,
915 5718 1012 5777 vel
1074 5720 1267 5779 facere
1345 5723 1736 5783 simulacrum
1798 5725 1941 5783 solis
1995 5730 2063 5784 ut

2162 1805 2385 1862 litteras
2406 1804 2572 1861 fama
2598 1803 2918 1877 prodebat,
2943 1803 3256 1876 praedicari
3276 1802 3443 1875 quod
3468 1802 3627 1858 Elias
3650 1818 3849 1859 curru

2164 1894 2345 1964 igneo
2391 1898 2449 1949 et
2476 1894 2645 1965 equis
2700 1893 2776 1951 sit
2813 1893 3005 1961 igneis
3046 1891 3127 1948 ad
3176 1890 3440 1948 ccelestia
3469 1890 3843 1959 translatus,

2166 1983 2261 2038 vel
2291 1987 2445 2039 certe
2476 1983 2589 2038 hoc
2614 1982 2815 2053 ipsum
2835 1980 2987 2037 inter
3016 1980 3134 2038 alia
3160 1980 3467 2053 depictum
3498 1979 3558 2037 in
3589 1979 3837 2052 pariete

2166 2072 2461 2137 videntes,
2490 2070 2850 2127 crediderint
2881 2070 3117 2141 (vicinia
3160 2070 3395 2142 decepti
3434 2068 3707 2125 nominis
3741 2084 3843 2125 so-

2163 2160 2254 2230 lis)
2286 2161 2381 2216 hic
2409 2159 2727 2216 transitum
2769 2174 2877 2231 per
2921 2159 3102 2215 ccelos
3152 2175 3286 2215 esse
3332 2158 3731 2228 designatum
3778 2162 3843 2215 et

2164 2248 2523 2306 miraculum
2554 2247 2844 2304 divinitus
2875 2247 3100 2305 factum
3133 2247 3257 2311 Dei,
3291 2250 3603 2305 mutarunt
3642 2246 3714 2305 in
3738 2260 3841 2305 ar-

2166 2341 2525 2407 gumentum
2562 2336 2800 2405 erroris,
2829 2336 3105 2394 humana
3160 2335 3406 2395 stultitia
3452 2339 3838 2396 commenta.-

2165 2431 2312 2483 tum.
2347 2429 2507 2494 Quos
2536 2425 2750 2482 imitati
2782 2424 2895 2499 ipsi
2923 2425 3110 2482 Judaai
3134 2429 3496 2495 sategerunt,
3530 2440 3606 2481 ne
3629 2424 3697 2483 in
3730 2423 3843 2481 aii-

2161 2532 2285 2588 quo
2316 2515 2646 2584 gentilium,
2702 2513 3066 2571 stultissimis
3122 2514 3329 2572 minus
3372 2513 3535 2571 stulti
3576 2528 3840 2587 appare-

2160 2608 2310 2661 rent.
2347 2604 2518 2671 Quod
2547 2602 2732 2676 paulo
2764 2608 2902 2673 post
2938 2603 3015 2659 de
3044 2602 3260 2659 eodem
3289 2618 3429 2674 rege
3479 2602 3721 2661 dicitur.

2236 2714 2264 2743 «
2288 2692 2537 2749 Excelsa
2563 2707 2809 2765 quoque
2831 2708 2968 2764 quae
3006 2696 3177 2749 erant
3212 2691 3275 2751 in
3321 2690 3719 2763 Hierusalem,
3751 2689 3839 2748 ad

2164 2805 2192 2833 «ι
2223 2782 2534 2839 dexteram
2563 2787 2797 2853 partem
2825 2782 3049 2838 montis
3076 2779 3445 2851 offensionis,
3469 2796 3606 2853 qua;
3637 2778 3836 2838 aediﬁ-

2160 2891 2190 2921 «
2223 2875 2462 2929 caverat
2493 2870 2775 2928 Salomon
2803 2887 2907 2929 rex
2940 2870 3115 2927 Israel
3144 2869 3427 2927 Astarotli
3470 2867 3633 2929 idolo
3663 2868 3839 2929 Sido-

2162 2983 2192 3015 α
2224 2961 2486 3030 nierum,
2518 2964 2576 3016 et
2606 2960 2864 3017 Chamos
2889 2959 3207 3016 offensioni
3234 2959 3425 3027 Moab,
3454 2963 3510 3016 et
3536 2958 3835 3017 Melchom

2162 3073 2190 3102 ‹‹
2224 3048 2661 3107 abominationi
2675 3049 2938 3106 filiorum
2954 3054 3215 3106 Ammon
3240 3048 3455 3121 polluit
3474 3064 3599 3117 rex,
3612 3053 3671 3107 et
3687 3064 3836 3107 con-

2162 3163 2190 3193 ς(
2222 3139 2375 3197 trivit
2400 3142 2687 3196 statuas.»
2715 3141 2867 3195 Luce
2893 3138 3110 3195 clarius
3138 3142 3227 3194 est
3254 3138 3422 3211 quod
3455 3136 3693 3194 excelsa
3722 3153 3834 3196 no-

2161 3230 2394 3287 minare
2457 3227 2603 3284 solet
2668 3227 2990 3299 Scriptura,
3034 3226 3170 3283 loca
3223 3226 3286 3284 in
3336 3226 3588 3285 collibus
3626 3226 3833 3299 posita

2161 3318 2601 3385 frondentibus,
2632 3316 2695 3373 in
2743 3316 2967 3390 quibus
3008 3315 3105 3372 vel
3133 3316 3517 3373 daemonibus
3545 3315 3827 3375 immola-

2158 3408 2310 3467 bant
2338 3406 2429 3463 vel
2462 3405 2737 3468 Domino.
2769 3406 3041 3463 locorum
3074 3405 3420 3465 amaznitate
3448 3404 3662 3473 allecti,
3686 3420 3828 3462 eon~

2160 3501 2251 3555 tre
2270 3496 2672 3564 interdictum,
2706 3496 2908 3553 relicto
2934 3495 3105 3552 altari
3134 3495 3303 3567 quod
3332 3499 3458 3553 erat
3484 3494 3547 3553 in
3577 3494 3825 3569 templo,

2159 3587 2386 3644 hostias
2433 3585 2784 3643 offerebant.
2820 3585 2985 3642 Unde
3040 3584 3261 3657 saepius
3306 3585 3367 3643 in
3406 3584 3522 3641 hoc
3558 3583 3713 3643 libro
3747 3584 3826 3643 de

2159 3677 2405 3747 regibus
2424 3676 2530 3748 qui
2563 3676 2764 3732 minus
2794 3674 3051 3748 perfecte
3074 3675 3220 3746 justi
3271 3674 3437 3731 fuere
3461 3674 3696 3745 dicitur,
3727 3689 3829 3731 ve-

2158 3783 2295 3821 rum
2327 3771 2530 3822 tamen
2572 3766 2807 3822 excelsa
2856 3780 2983 3821 non
3030 3763 3292 3821 abstulit.
3327 3766 3584 3821 Montem
3612 3767 3817 3821 autem

2162 3854 2512 3911 offensionis
2544 3859 2811 3909 montem
2842 3852 2987 3909 idoli
3011 3853 3173 3919 dicit,
3194 3853 3341 3925 quia
3368 3852 3654 3909 nimirum
3685 3868 3825 3913 oon-

2163 3942 2497 4000 suetudinis
2555 3948 2643 3999 est
2710 3943 3151 4014 Scripturarum
3208 3941 3608 3999 offensionem
3661 3942 3825 4001 idola

2162 4047 2537 4104 nuncupare,
2563 4031 2708 4104 quia
2751 4032 2844 4088 vel
2872 4032 2933 4087 in
2983 4031 3098 4088 illis
3150 4030 3473 4091 offenditur
3516 4034 3690 4099 Deus,
3726 4030 3825 4091 vel

2163 4121 2556 4177 offensionem
2584 4127 2641 4177 et
2671 4121 2910 4177 ruinam
2938 4121 3062 4177 suis
3086 4120 3346 4178 afferunt
3368 4119 3713 4177 cultoribus.
3744 4120 3828 4179 Si-

2163 4215 2264 4268 cut
2290 4211 2351 4267 in
2399 4212 2513 4267 huc
2548 4211 2684 4283 ipsa
2713 4212 3003 4267 sententia
3034 4213 3467 4283 subsequenter
3496 4209 3821 4277 intimatur,

2164 4301 2312 4358 dum
2341 4300 2557 4357 dicitur
2581 4318 2596 4357 :
2644 4322 2673 4353 ‹‹
2694 4303 2836 4366 Quae
2862 4300 3260 4359 aediﬁcaverat
3287 4300 3572 4358 Salomon
3608 4315 3712 4356 rex
3741 4301 3822 4355 ls-

2162 4391 2286 4447 rael
2316 4391 2593 4446 Astaroth
2618 4389 2780 4446 idolo
2815 4389 3241 4462 Sydonorium,
3278 4394 3337 4446 et
3363 4390 3623 4447 Chamos
3643 4388 3823 4445 offen-

2165 4480 2315 4536 sioni
2347 4480 2519 4535 Moab
2544 4484 2601 4535 et
2625 4479 2913 4536 Melchom
2943 4478 3382 4536 abominationi
3403 4478 3662 4535 ﬁliorum
3681 4481 3819 4535 Am-

2164 4584 2311 4624 mon
2336 4567 2544 4639 polluit
2575 4584 2734 4624 rex.«
2782 4567 2892 4624 Ubi
2936 4567 3051 4624 hoc
3106 4583 3372 4640 quoque,
3405 4566 3465 4623 ni
3496 4566 3686 4629 fallor,
3712 4582 3820 4639 pa-

2161 4656 2287 4712 lam
2341 4655 2691 4723 ostenditur,
2733 4655 2902 4728 quod
2945 4655 3178 4712 utinam
3224 4671 3349 4712 non
3387 4654 3815 4724 ostenderetur,

2163 4745 2310 4817 quia
2330 4744 2599 4800 videlicet
2622 4744 2904 4801 Salomon
2924 4744 2999 4801 de
3027 4744 3297 4811 admisso
3318 4744 3668 4803 idololatriae
3697 4761 3818 4803 sce-

2165 4833 2285 4889 lere
2333 4848 2650 4905 nunquam
2691 4834 2948 4905 perfecte
2977 4832 3294 4906 pmnituit:
3342 4848 3489 4890 nam
3516 4832 3569 4888 si
3596 4831 3815 4889 fructus

2167 4922 2529 4995 poenitentiae
2570 4922 2785 4992 dignos
2815 4922 3051 4991 faceret,
3085 4927 3381 4993 satageret
3422 4927 3559 4979 ante
3598 4922 3817 4994 omnia,

2170 5015 2237 5067 ut
2263 5011 2425 5066 idola
2469 5027 2605 5083 quae
2636 5012 3035 5068 aediﬁcaverat
3061 5012 3137 5067 de
3168 5012 3402 5068 civitate
3431 5014 3640 5068 sancta
3668 5011 3818 5068 tolle-

2171 5106 2395 5168 rentur,
2423 5106 2480 5156 et
2516 5116 2639 5156 non
2668 5100 2729 5156 in
2760 5101 3111 5156 scandalum
3166 5100 3507 5167 stultorum,
3537 5117 3674 5172 quae
3698 5100 3819 5172 ipse

2174 5205 2313 5244 cum
2357 5188 2564 5245 fuisset
2593 5188 3072 5261 sapientissimus
3095 5205 3348 5245 erronea
3385 5188 3623 5255 fecerat,
3654 5190 3819 5260 quasi

2174 5277 2474 5349 sapienter
2499 5294 2569 5334 ac
2627 5282 2753 5333 ecte
2782 5277 2940 5334 facta
2968 5278 3343 5350 relinqueret.
3368 5276 3627 5335 Meminit
3647 5292 3820 5349 supra

2173 5372 2231 5423 et
2259 5367 2442 5439 hujus
2471 5367 2587 5423 Ieci
2611 5368 2932 5441 Scriptura,
2974 5367 3183 5424 dicens
3213 5385 3226 5423 :
3273 5389 3302 5419 α
3325 5370 3489 5424 Tunc
3517 5364 3820 5427 admonvit

2176 5458 2459 5515 Salomon
2502 5456 2713 5514 fanum
2747 5458 3025 5524 Chamos,
3057 5457 3219 5514 idola
3267 5457 3492 5515 Moloch
3522 5456 3584 5513 in
3604 5460 3814 5527 monte,

2174 5548 2275 5618 qui
2307 5552 2398 5602 est
2440 5551 2649 5603 contra
2694 5547 3081 5613 Hierusalem,
3112 5552 3169 5602 et
3218 5546 3446 5603 Moloch
3488 5545 3650 5603 idolo
3674 5545 3815 5603 ﬁlio.

2170 5652 2305 5692 rum
2364 5641 2621 5692 Ammon
2676 5639 2794 5707 (III
2816 5640 2957 5708 Reg.
2990 5638 3147 5708 x1).»
3201 5641 3314 5693 Nec
3361 5635 3551 5693 videri
3598 5640 3816 5694 contra-

2170 5726 2328 5784 rium
2355 5726 2553 5795 debet,
2574 5726 2745 5798 quod
2769 5727 2852 5785 ibi
2882 5743 3058 5785 mons
3078 5727 3140 5784 in
3167 5743 3293 5801 quo
3322 5725 3482 5786 facta
3513 5730 3660 5784 sunt
3686 5727 3807 5786 haec
