3968 6416
61 285 199 343 541
1192 292 1449 348 ENA“.
1488 288 1558 347 IN
1600 285 1857 346 LIBROS
1886 286 2149 347 RIGUM.
2188 317 2257 334 --
2294 288 2369 347 IN
2406 290 2538 347 LIB.
2577 290 2665 346 IV.
3464 297 3568 355 us

61 408 297 481 idola,
342 413 557 470 contra
596 413 992 478 Hierusalem,
1017 414 1116 471 hic
1162 415 1228 472 in
1261 414 1631 472 Hierusalem
1661 427 1791 469 esse
1820 415 1864 469 Δ
1907 415 2126 469 octavo
2174 412 2413 472 decimo
2440 429 2604 472 anno
2632 414 2803 485 regni
2833 415 2944 482 sui,
2972 416 3222 487 quando
3253 416 3314 474 in
3356 422 3571 476 octava

64 500 342 573 positus
370 501 691 559 asseritur:
742 503 891 576 quia
916 504 1205 561 nimirum
1235 504 1296 561 in
1330 510 1497 561 tanta
1526 510 1655 561 erat
1698 520 1794 558 ur.
1901 506 2071 558 atate
2120 504 2382 570 generali
2438 504 2867 562 resurrectione
2924 509 3287 578 perpetrata,
3330 511 3568 565 sanctos

64 589 188 648 bis
225 589 454 649 vicinia
479 592 738 666 positus,
761 598 826 649 ut
853 593 935 649 ad
957 593 1154 666 ipsam
1181 595 1499 668 pertinere,
1519 594 1790 667 etipsam
1899 606 2042 646 suos
2070 608 2210 649 cum
2257 593 2621 665 perfectione
2644 593 2951 651 bonorum
2989 610 3266 666 operum,
3295 596 3571 668 perducit

65 694 359 753 quoque
385 680 672 738 sordibus
710 698 849 755 qua
876 682 939 738 in
967 699 1039 740 eo
1081 684 1610 755 congregabantur
1638 688 1790 740 atta-
1898 680 1976 735 ad
2028 685 2265 739 aterna
2322 682 2707 741 beatitudinis
2753 682 3071 741 denarium
3123 684 3565 759 accipiendum,

66 768 345 827 minare
372 770 697 828 videretur.
1896 769 2096 839 ejectis
2127 771 2296 843 prius
2320 772 2607 829 omnibus
2642 772 2942 830 scandalis
2971 772 3048 831 de
3076 788 3266 843 regno
3294 774 3464 845 ejus:
3491 774 3568 833 de

160 879 201 911 α
232 860 307 917 Et
322 860 1051 931 eonversuslosias,vidit
1068 861 1151 918 ibi
1171 862 1450 936 sepulcra
1466 878 1603 935 qua
1620 865 1792 919 erant
1894 875 2017 932 quo
2048 861 2371 932 pradictus
2400 863 2699 935 Propheta
2729 862 2812 921 ait
2837 878 2850 917 :
2892 884 2919 912 α
2946 866 3092 919 Ecce
3121 864 3280 921 enim
3310 863 3441 920 dies
3471 881 3570 922 ve-

71 969 105 997 κ
140 948 223 1006 in
256 953 501 1018 monte;
551 951 833 1026 misitque
862 957 921 1008 et
947 953 1077 1009 tulit
1117 970 1259 1010 ossa
1299 955 1374 1010 de
1407 954 1700 1027 sepulcris
1732 958 1789 1009 et
1895 948 2017 1008 niet
2045 966 2337 1010 succensa
2363 952 2539 1024 quasi
2572 952 2894 1019 cemimus,
2925 957 2981 1011 et
3011 958 3187 1011 erunt
3222 969 3435 1012 omnes
3464 971 3566 1012 su-

70 1058 105 1088 α
146 1039 514 1096 combussit
543 1056 615 1097 ea
646 1057 832 1114 super
858 1042 1064 1111 altare,
1097 1048 1155 1099 et
1183 1043 1398 1116 polluit
1419 1043 1583 1100 illud.
1610 1061 1642 1095 ›
1671 1044 1788 1099 Cur
1893 1038 2082 1111 perbi,
2108 1045 2391 1098 etomnes
2410 1041 2696 1099 facientes
2724 1042 3095 1116 impietatem
3125 1043 3364 1115 stipula.
3393 1047 3461 1101 Et
3479 1044 3567 1103 in-

69 1133 311 1187 autem
328 1129 531 1188 Josias
549 1146 696 1188 ossa
714 1136 1093 1190 martum-mn
1115 1134 1486 1191 conm-amari
1500 1135 1790 1206 jussitsu-
1890 1125 2235 1185 ﬂammabit
2263 1144 2364 1185 eos
2393 1129 2521 1185 dies
2550 1130 2823 1199 veniens,
2850 1131 2993 1189 dicit
3020 1132 3309 1190 Dominus
3340 1134 3565 1190 exerci-

68 1233 211 1292 per
239 1220 453 1291 altare,
475 1221 591 1277 nisi
615 1228 678 1278 ut
705 1223 1065 1287 ostenderet,
1082 1224 1249 1297 quod
1272 1224 1527 1297 profana
1546 1224 1788 1281 fuerunt
1891 1221 2085 1287 tuum,
2102 1233 2239 1290 quae
2261 1234 2386 1276 non
2406 1218 2781 1292 dereIiDQuet
2796 1222 2881 1276 eis
2906 1221 3173 1279 radicem
3205 1227 3262 1278 et
3292 1237 3565 1292 germen.

70 1324 323 1365 eorum
376 1310 673 1367 sacriﬁcia
692 1312 721 1366 ‘t
750 1316 809 1367 ct
834 1328 957 1369 non
985 1313 1184 1369 solum
1217 1314 1522 1385 pecudum
1553 1314 1780 1369 hostias

67 1397 428 1455 daemoniis
459 1399 811 1468 offerebant,
846 1402 955 1457 sed
975 1403 1159 1459 etiam
1182 1403 1539 1475 semetipsos
1569 1418 1678 1476 per
1697 1418 1783 1458 er-

74 1504 309 1545 rorem
330 1489 685 1548 idololatria
702 1492 761 1547 in
781 1496 1136 1565 potestatem
1150 1493 1498 1549 damonum
1517 1493 1779 1549 tradide-

70 1578 287 1630 runt:
314 1575 421 1648 qui
445 1575 613 1646 justo
641 1576 742 1635 Dei
767 1577 997 1648 judicio
1023 1578 1202 1634 simul
1222 1595 1358 1634 cum
1388 1579 1593 1645 altare,
1613 1579 1781 1651 quod

78 1658 289 1715 idolis
336 1658 802 1732 fabricaveram,
830 1662 1164 1737 dissipandi
1194 1668 1384 1720 erant.
1418 1664 1655 1735 Mystice
1683 1680 1786 1719 au-

1897 1309 1960 1363 Et
1986 1307 2210 1364 orietur
2241 1308 2413 1366 vobis
2444 1308 2791 1366 timentibus
2811 1326 3033 1367 nomen
3059 1327 3263 1367 meum
3288 1312 3380 1368 sol
3395 1313 3567 1383 justi-

1892 1396 2004 1463 tia,
2038 1401 2095 1451 et
2125 1398 2352 1455 sanitas
2380 1399 2443 1456 in
2473 1399 2689 1471 pennis
2719 1399 2867 1470 ejus.
2897 1401 3295 1470 Egrediemini
3320 1407 3376 1457 et
3400 1401 3568 1458 salie-

1891 1487 1962 1543 tis
1985 1488 2161 1559 quasi
2174 1488 2340 1544 vituli
2362 1489 2438 1546 de
2464 1494 2759 1559 armento,
2774 1494 2830 1547 et
2855 1490 3163 1545 calcabitis
3187 1490 3405 1563 impios
3427 1507 3565 1549 cum

1891 1577 2113 1633 fuerint
2142 1577 2291 1635 cinis
2316 1578 2431 1635 sub
2460 1578 2668 1650 planta
2694 1579 2919 1651 pedum
2952 1583 3290 1635 vestrorum
3317 1580 3562 1651 (Malae.

1891 1666 2028 1737 iv).»
2056 1669 2120 1723 Et
2147 1670 2303 1724 recte
2325 1666 2551 1723 dictum
2582 1672 2671 1724 est
2700 1668 2867 1740 quod
2899 1690 2926 1717 α
2950 1683 3074 1724 non
3105 1668 3330 1724 factum
3346 1668 3566 1740 (fuerit)

74 1751 226 1804 tem
261 1747 612 1818 signiﬁcant
639 1766 878 1817 omnes,
907 1753 1014 1825 qui
1042 1752 1267 1809 diaboli
1297 1753 1536 1809 servitio
1562 1754 1787 1809 manci-
1815 1770 1861 1825 Β
1892 1756 2079 1812 Phase
2114 1755 2226 1812 tale
2256 1772 2293 1812 a
2322 1757 2537 1813 diebus
2569 1757 2869 1828 judicum,
2907 1757 3013 1830 qui
3037 1758 3463 1828 judicaverunt
3494 1762 3568 1813 ls-

74 1837 457 1910 pati,vitam
488 1839 845 1911 sacrilegam
874 1843 1278 1915 temporaliter
1301 1842 1601 1910 ﬁnierant,
1625 1849 1790 1898 ater-
1890 1844 2034 1913 rael,
2058 1849 2116 1901 et
2142 1845 2417 1903 omnium
2439 1845 2673 1903 dierum
2699 1862 2910 1916 regum
2942 1847 3139 1915 Israel,
3164 1851 3221 1903 et
3238 1863 3448 1915 regum
3471 1848 3568 1903 Ju-

74 1928 193 1985 nis
232 1929 604 1989 cruciatibus
632 1932 1106 1997 consumendos,
1134 1933 1255 1989 Deo
1280 1934 1395 1989 illis
1422 1933 1787 1989 retribuente

77 2019 453 2078 secundum
484 2022 735 2093 propria
758 2024 974 2080 merita
1001 2038 1257 2095 operum
1287 2024 1547 2080 illorum.

169 2111 603 2183 Reversusque
650 2116 737 2168 est
773 2112 965 2169 losias
994 2112 1387 2182 Hierusalem,
1420 2133 1449 2167 ‹
1477 2118 1535 2170 et
1561 2129 1786 2185 przrce-

78 2219 115 2247 α
148 2198 255 2271 pit
278 2199 449 2256 omni
498 2200 747 2272 populo,
781 2200 1027 2258 dicens:
1078 2202 1277 2258 Facite
1309 2203 1498 2258 Phase
1528 2202 1785 2257 Domino

81 2306 115 2336 ι
154 2288 292 2343 Deo
319 2293 542 2359 vestro,
565 2290 901 2347 secundum
928 2291 1096 2364 quod
1122 2292 1413 2365 scriptum
1437 2291 1609 2363 estin
1630 2290 1784 2347 libro

82 2398 117 2427 κ
153 2376 413 2434 faderis
468 2378 730 2449 hujus,»
797 2384 907 2436 etc.
960 2380 1135 2446 Quod
1202 2386 1404 2437 autem
1463 2380 1786 2453 pradictus

83 2481 207 2523 rex
256 2467 464 2538 ejectis
493 2467 672 2528 idolis
715 2468 793 2525 de
835 2474 1012 2534 terra,
1044 2486 1284 2527 necnon
1324 2470 1698 2543 pythonibus
1727 2473 1787 2526 et

84 2555 333 2627 ariolis,
364 2559 425 2613 et
452 2557 739 2614 omnibus
790 2558 1188 2616 immunditiis
1242 2564 1423 2633 atque
1472 2559 1788 2616 abomina-

87 2646 377 2703 tionibus
422 2646 661 2719 ablatis,
692 2648 754 2704 in
783 2654 1001 2706 octavo
1036 2649 1277 2705 decimo
1303 2665 1467 2706 anno
1490 2650 1660 2719 regni
1690 2650 1783 2706 sui

86 2737 369 2793 Domino
418 2737 611 2810 phase
659 2738 1117 2796 celeberrimum
1148 2740 1357 2797 fecisse
1386 2741 1624 2811 legitur,
1657 2757 1785 2797 mo-

88 2824 311 2883 raliter
338 2824 517 2883 dot-et
535 2842 648 2883 nos
677 2833 743 2884 ut
766 2844 1098 2901 purgemus
1119 2830 1385 2902 primum
1410 2835 1629 2885 terram
1659 2845 1786 2886 cor-

86 2910 194 2967 dis
231 2912 429 2971 nostri
456 2913 536 2971 ab
579 2917 864 2973 omnibus
892 2917 1070 2984 vitiis,
1103 2923 1160 2975 et
1204 2918 1575 2977 mundemus
1613 2923 1785 2974 actus

86 3006 348 3059 nostros
376 3001 461 3061 ab
485 3004 653 3063 omni
681 3005 1161 3079 iniquinamento
1182 3011 1589 3079 peccatorum,
1621 3012 1677 3064 et
1702 3008 1783 3064 ab

87 3091 403 3163 operibus
429 3094 705 3163 mortuis,
740 3101 804 3152 ut
835 3097 1057 3153 servire
1082 3098 1388 3170 possimus
1429 3101 1544 3153 Deo
1578 3098 1782 3153 viven-
1808 3127 1853 3183 ο

88 3181 160 3247 ti,
195 3181 416 3255 sicque
443 3187 685 3253 gratum
712 3185 965 3244 Domino
994 3187 1370 3245 celebremus
1396 3188 1782 3255 Pascha,non

88 3272 317 3344 utique
373 3273 489 3331 «in
537 3274 830 3333 fermento
876 3277 1118 3334 malitia
1164 3283 1223 3334 et
1257 3277 1562 3351 nequitia,
1589 3277 1695 3334 sed
1720 3278 1783 3334 in

90 3362 340 3436 azymis
367 3363 725 3421 sinceritatis
761 3369 819 3423 et
846 3367 1107 3423 veritatis
1155 3369 1212 3440 (Ι
1225 3369 1364 3425 Cor.
1388 3368 1467 3439 v).
1493 3390 1521 3418 »
1565 3370 1786 3424 Secun-

89 3452 257 3511 dum
314 3457 520 3511 autem
567 3454 937 3527 allegoriam,
964 3457 1157 3513 losias
1208 3457 1317 3512 iste
1366 3461 1580 3529 typum
1626 3460 1785 3512 tenet

94 3542 348 3601 Domini
379 3542 723 3613 Salvatoris,
758 3546 862 3618 qui
886 3546 1060 3604 salus
1109 3550 1168 3603 et
1212 3544 1498 3602 fortitudo
1547 3545 1783 3602 Domini

91 3630 326 3688 merito
368 3630 604 3699 dicitur,
637 3633 782 3706 quia
809 3633 937 3707 ipse
978 3638 1064 3691 est
1095 3634 1172 3690 de
1203 3651 1328 3708 quo
1361 3634 1665 3707 Scriptura
1689 3634 1781 3690 di-

92 3723 222 3779 cit:
257 3744 287 3773 u
312 3722 602 3779 Dominus
638 3724 826 3792 fortis,
860 3725 1151 3781 Dominus
1197 3729 1414 3797 potens
1461 3724 1524 3780 in
1573 3724 1781 3797 pralio

94 3813 303 3883 (Psal.
334 3813 565 3883 imm,»
595 3817 654 3870 et
677 3813 819 3870 alibi
846 3832 860 3882 ;
885 3835 914 3867 κ
966 3816 1099 3887 Ipse
1142 3815 1303 3870 enim
1335 3813 1570 3869 salvum
1608 3813 1784 3870 faciet

93 3900 411 3974 populum
443 3918 623 3958 suum
645 3918 680 3958 a
705 3903 967 3976 peccatis
986 3918 1197 3959 eorum
1230 3902 1474 3973 (Matth.
1508 3906 1569 3969 ι).
1593 3924 1621 3952 ››
1655 3906 1782 3974 Ipse

94 3990 363 4062 quidem
391 3989 516 4046 selo
554 3990 656 4047 Dei
705 3991 967 4048 mundat
993 3994 1213 4048 terram
1241 3991 1395 4048 Juda
1423 3994 1481 4047 et
1511 3990 1784 4046 Hierusa-

93 4078 223 4135 lem
258 4078 341 4135 ab
369 4079 654 4136 omnibus
681 4080 1081 4138 immunditiis
1111 4085 1169 4137 et
1197 4078 1779 4147 abominationibus,

96 4168 215 4241 qui
244 4183 353 4240 per
375 4169 740 4242 Prophetam
769 4170 947 4226 dixit:
1000 4169 1221 4226 «Zelus
1268 4170 1490 4225 domus
1529 4173 1646 4224 tua
1687 4183 1784 4223 co-

98 4258 301 4314 medit
338 4274 436 4315 me
487 4259 607 4330 (Ps.
635 4260 909 4331 vaui);»
966 4259 1042 4315 de
1094 4274 1220 4331 quo
1262 4262 1320 4315 et
1364 4258 1629 4314 Joannes
1658 4257 1777 4313 ait:

101 4370 130 4396 κ
160 4348 353 4419 Cujus
393 4348 795 4406 vcntilabrum
858 4349 923 4406 in
972 4364 1164 4406 manu
1214 4364 1347 4411 sua,
1402 4352 1459 4403 et
1497 4346 1782 4419 purgabit

98 4455 319 4496 aream
349 4454 527 4496 suam
552 4439 795 4510 (Matth.
827 4441 945 4511 in);
983 4440 1057 4496 de
1105 4455 1229 4513 quo
1259 4443 1318 4494 et
1344 4436 1661 4494 Malachias
1689 4435 1779 4492 di-

100 4530 188 4586 cit
221 4546 236 4585 :
269 4549 298 4581 «
328 4532 478 4586 Ecce
514 4529 697 4600 venit,
727 4529 871 4586 dicit
918 4529 1206 4587 Dominus
1256 4528 1663 4584 exercituum:
1716 4528 1783 4582 Et

100 4620 249 4695 quis
292 4619 510 4692 poterit
534 4619 697 4675 diem
726 4620 991 4691 cogitare
1030 4618 1326 4676 adventus
1367 4618 1520 4688 ejus,
1555 4621 1613 4673 et
1641 4616 1780 4690 quis

104 4710 297 4766 stabit
336 4709 417 4766 ad
447 4708 775 4765 videndum
805 4711 990 4766 eum?
1027 4709 1162 4782 Ipse
1209 4708 1372 4765 enim
1420 4706 1600 4781 quasi
1628 4706 1785 4777 ignis

103 4799 411 4866 conﬁ‘ans,
443 4806 502 4857 et
526 4800 701 4872 quasi
730 4799 919 4857 herba
942 4799 1266 4868 fullonum,
1298 4802 1360 4855 et
1389 4797 1623 4854 sedebit
1652 4812 1790 4852 con-

110 4896 291 4963 tlans,
322 4897 381 4949 et
415 4891 760 4948 emundans
815 4895 1157 4963 argentum,
1198 4895 1255 4946 et
1290 4888 1577 4963 purgabit
1630 4887 1789 4944 ﬁlios

107 4984 270 5040 Levi.
307 4985 374 5039 Et
415 4981 705 5038 conﬂabit
749 4997 854 5038 eos
910 4981 1090 5054 quasi
1133 4996 1352 5037 aurum
1406 4984 1463 5036 et
1491 4979 1668 5052 quasi
1699 4993 1791 5034 ar-

107 5076 388 5143 gentum,
419 5075 478 5128 et
519 5075 695 5127 erunt
742 5071 998 5127 Domino
1047 5070 1365 5126 offerentes
1405 5066 1701 5123 sacriﬁcia
1728 5065 1791 5122 in

95 5162 362 5236 justitia.
397 5163 463 5217 Et
490 5161 753 5233 placebit
782 5163 901 5216 Deo
927 5158 1290 5215 sacriﬁcium
1317 5156 1472 5213 Juda
1503 5160 1557 5211 et
1590 5155 1792 5210 Hieru-

103 5253 322 5317 salem,
359 5250 512 5307 sicut
541 5250 670 5307 dies
697 5250 922 5316 saculi,
957 5254 1015 5306 et
1056 5249 1211 5305 sicut
1255 5247 1400 5304 anni
1438 5244 1690 5318 antiqui.
1724 5246 1795 5301 Et

107 5340 407 5398 accedam
446 5339 525 5397 ad
553 5356 665 5396 vos
695 5340 757 5396 in
782 5338 1034 5411 judicio,
1066 5342 1125 5395 et
1148 5353 1250 5394 ero
1280 5335 1442 5393 testis
1466 5333 1639 5391 velox
1663 5348 1793 5390 ma-

105 5429 322 5494 leficis,
376 5434 435 5485 et
477 5428 786 5495 adulteris,
847 5432 907 5485 et
952 5426 1230 5501 perjuris,
1288 5428 1344 5481 et
1398 5422 1505 5497 qui
1562 5421 1790 5479 calum-

111 5520 442 5576 niabantur
496 5519 838 5576 mercedem
885 5515 1239 5573 mercenarii
1291 5520 1348 5569 et
1389 5512 1797 5569 humiliabant

110 5609 325 5664 viduas
366 5614 420 5665 et
461 5607 750 5679 pupillos,
784 5613 841 5663 et
867 5605 1220 5679 opprimunt
1244 5602 1653 5677 peregrinum,
1684 5616 1796 5656 nec

124 5699 386 5755 imerunt
438 5714 555 5761 me,
590 5697 734 5754 dicit
790 5698 1080 5753 Dominus
1121 5693 1495 5750 exercituum
1547 5692 1793 5761 (Malae.

115 5791 220 5859 ιιι).
250 5808 280 5841 ››
303 5787 577 5846 Celsbrat
603 5801 749 5860 ergo
775 5786 970 5847 tostas
998 5787 1207 5843 noster
1233 5796 1447 5842 verum
1473 5778 1707 5839 Pascha
1735 5778 1795 5838 in

1892 1933 1993 2003 da,
2025 1936 2182 1993 sicut
2230 1935 2291 1991 in
2348 1941 2565 1994 octavo
2621 1935 2860 1993 decimo
2901 1952 3063 1992 anno
3109 1939 3267 2005 regis
3297 1937 3474 1992 Josia
3502 1937 3566 1993 in

1893 2024 2291 2093 Hierusalem;
2317 2044 2347 2076 »
2375 2025 2539 2097 quia,
2558 2024 2777 2080 ablatis
2811 2025 3039 2093 figuris,
3062 2026 3353 2081 veraciter
3383 2025 3446 2081 in
3468 2025 3566 2081 die

1888 2112 2097 2184 judicii
2126 2113 2468 2169 transibunt
2491 2114 2682 2169 sancti
2709 2114 2783 2169 de
2804 2118 2995 2169 morte
3017 2114 3095 2169 ad
3117 2114 3411 2185 vitam,de
3438 2130 3566 2169 cor-

1892 2201 2168 2273 ruptione
2185 2202 2266 2257 ad
2288 2202 2562 2271 gloriam.
2582 2202 2795 2275 Sicque
2812 2202 2873 2257 in
2887 2206 3210 2274 conspectu
3231 2202 3566 2257 Conditoris

1895 2291 1985 2349 sui
2015 2292 2075 2347 in
2107 2291 2330 2351 caelesti
2359 2291 2729 2350 Hierusalem
2768 2293 2831 2348 in
2868 2297 3160 2348 aeternum
3190 2291 3562 2361 gaudebunt,

1892 2380 2036 2454 quia
2064 2380 2358 2437 videbitur
2386 2386 2543 2439 Deus
2589 2381 2841 2437 deorum
2884 2380 2947 2437 in
2979 2380 3152 2437 Sion:
3195 2400 3211 2430 c
3241 2383 3306 2437 Et
3351 2380 3563 2436 civitas

1892 2469 1993 2526 illa
2015 2485 2138 2525 non
2166 2472 2301 2537 eget
2329 2469 2455 2527 sole
2480 2485 2677 2542 neque
2700 2469 2849 2527 luna
2870 2474 2935 2526 ut
2962 2469 3204 2526 luceant
3226 2469 3287 2524 in
3312 2471 3563 2526 ea.Nam

1892 2558 2129 2616 claritas
2178 2559 2279 2616 Dei
2336 2559 2700 2619 illuminabit
2739 2575 2897 2628 eam,
2931 2564 2989 2615 et
3039 2558 3288 2617 lucerna
3315 2559 3448 2628 ejus
3476 2561 3567 2614 est

1890 2653 2118 2719 Agnus,
2141 2652 2197 2706 et
2219 2648 2626 2708 ambulabunt
2648 2654 2855 2719 gentes
2884 2648 2945 2706 in
2966 2648 3194 2706 lumine
3225 2648 3275 2718 ej
3289 2664 3377 2709 us.
3402 2651 3459 2704 et
3479 2662 3566 2703 re-

1891 2753 1997 2808 ges
2027 2742 2197 2795 terra
2224 2737 2477 2795 afferent
2493 2736 2750 2807 gloriam
2776 2753 2952 2795 suam
2973 2741 3029 2795 et
3048 2737 3341 2795 honorem
3364 2735 3425 2791 in
3441 2734 3564 2802 illa,

1890 2832 1946 2883 et
1973 2831 2162 2900 porta
2191 2826 2323 2897 ejus
2346 2841 2471 2883 non
2503 2826 2859 2883 claudentur
2880 2842 2987 2899 per
3015 2826 3209 2895 diem;
3250 2841 3373 2882 nox
3403 2824 3566 2882 enim

1887 2932 2013 2973 non
2056 2916 2166 2972 erit
2192 2916 2330 2985 illic,
2356 2920 2413 2972 et
2443 2916 2694 2973 afferent
2725 2916 2981 2985 gloriam
3010 2919 3068 2972 et
3095 2917 3391 2971 honorem
3419 2929 3563 2984 gen-

1888 3005 2039 3063 tium
2063 3007 2125 3062 in
2156 3005 2340 3062 illam.
2374 3008 2488 3062 Nec
2509 3005 2754 3062 intrabit
2775 3005 2838 3061 in
2868 3021 3004 3061 eam
3029 3004 3259 3077 aliquid
3290 3002 3566 3076 coinqui-

1889 3099 2126 3164 natum,
2161 3099 2219 3151 et
2254 3094 2484 3150 faciens
2515 3094 3031 3151 abominationem
3061 3098 3121 3151 et
3153 3093 3563 3159 mendacium,

1891 3183 2125 3256 nisiqui
2147 3182 2351 3255 scripti
2371 3186 2512 3240 sunt
2530 3182 2591 3238 in
2612 3181 2767 3238 libro
2794 3182 2931 3237 vita
2961 3181 3116 3252 Agat
3143 3182 3356 3252 (Apoc.
3378 3182 3555 3251 m).»

1890 3275 1958 3333 Et
1978 3288 2202 3329 nomen
2224 3272 2474 3329 civitatis
2500 3288 2571 3329 ex
2593 3271 2693 3332 illa
2712 3271 2809 3328 die
2830 3272 3113 3328 Dominus
3134 3271 3372 3328 ibidem.
3403 3287 3436 3324 ι
3460 3271 3565 3325 Be-

1889 3362 2165 3420 nedictus
2198 3362 2488 3419 Dominus
2536 3362 2828 3436 quoniam
2870 3360 3207 3417 miriﬁcavit
3235 3360 3567 3416 misericor—

1888 3452 2054 3509 diam
2084 3467 2262 3508 suam
2289 3451 2353 3511 in
2384 3451 2685 3508 civitatem
2712 3451 3176 3507 circumstantia
3208 3452 3326 3522 (Ps.
3362 3450 3436 3521 x).
3464 3470 3493 3499 »

1960 3562 1989 3593 «
2019 3540 2228 3597 Occiso
2256 3540 2462 3613 itaque
2499 3540 2661 3597 Josia
2691 3556 2831 3611 rege
2861 3540 2923 3595 in
2952 3539 3264 3610 Mageddo,
3298 3538 3433 3595 tulit
3460 3553 3566 3611 po-

1892 3650 1921 3683 ‹
1946 3630 2127 3703 pulus
2180 3634 2352 3687 terra
2398 3630 2656 3686 Joachaz
2704 3629 2897 3685 ﬁlium
2945 3629 3145 3699 Josia,
3180 3632 3237 3685 et
3264 3631 3566 3684 unxerunt

1890 3740 1918 3769 ‹‹
1953 3735 2116 3784 eum,
2143 3722 2203 3775 et
2232 3718 2671 3775 constituerunt
2699 3734 2838 3773 eum
2869 3734 3074 3787 regem
3094 3734 3205 3791 pro
3226 3722 3396 3790 patre
3428 3732 3560 3772 suo.

1891 3830 1919 3859 ‹‹
1949 3810 2140 3874 Quem
2171 3808 2404 3864 Pharao
2428 3808 2646 3874 Necho,
2676 3807 2860 3863 vinxit
2888 3807 2949 3863 in
2982 3806 3188 3872 Rebla,
3218 3809 3275 3861 et
3300 3804 3472 3863 duxit
3500 3804 3563 3859 in

1894 3920 1922 3949 ‹‹
1950 3901 2295 3971 Εεγριιιω.
2328 3900 2395 3953 Et
2423 3896 2712 3969 imposuit
2756 3896 3047 3952 mulctam
3097 3899 3267 3951 terra
3321 3897 3562 3951 centum

1892 4007 1922 4042 ‹
1948 3988 2184 4044 talentis
2215 3987 2468 4056 argenti,
2503 3992 2559 4043 et
2590 3985 2815 4043 talento
2851 3986 2982 4042 auri
3008 4002 3025 4054 ;
3071 3999 3399 4057 regemque
3424 3999 3563 4039 con-

1892 4078 2082 4134 stituit
2111 4076 2397 4133 Eliachim
2445 4076 2638 4131 ﬁlium
2669 4075 2843 4132 losia
2875 4091 2986 4148 pro
3014 4075 3175 4131 losia
3208 4079 3378 4147 patre
3409 4074 3560 4145 ejus,

1893 4189 1922 4217 ‹‹
1954 4170 2203 4239 eratque
2247 4181 2474 4222 nomen
2541 4167 2672 4236 ejus
2701 4166 2950 4222 Joacim.
2978 4186 3007 4215 »ι
3054 4164 3206 4231 Quid
3238 4168 3440 4220 autem
3474 4162 3564 4219 in-

1894 4254 2154 4312 terfectio
2182 4253 2358 4309 Josia
2390 4253 2710 4324 significat,
2742 4254 2849 4327 qui
2895 4269 2933 4310 a
2976 4253 3282 4309 Pharaone
3327 4251 3563 4308 Nechao

1891 4346 2285 4417 interemptus
2337 4351 2428 4400 est
2480 4344 2543 4399 in
2586 4343 2900 4415 Mageddo,
2932 4344 3043 4401 nisi
3086 4342 3566 4417 persecutionem

1894 4434 2126 4507 antiqui
2189 4433 2380 4489 hostis
2438 4433 2730 4491 adversus
2789 4439 3032 4490 sanctos
3094 4430 3568 4506 pradicatores?

1893 4539 2049 4597 quos
2091 4538 2199 4597 per
2252 4521 2545 4579 invidiam
2594 4522 2726 4579 neci
2770 4524 3003 4583 tradere
3050 4522 3315 4593 molitur,
3347 4524 3405 4576 et
3453 4535 3564 4575 au-

1893 4614 2045 4671 ferre
2084 4613 2161 4670 de
2188 4617 2343 4670 terra
2392 4613 2663 4670 Ecclesia
2703 4616 2976 4680 conatur,
3010 4616 3310 4684 quatenus
3333 4609 3566 4665 facilius

1896 4707 2083 4759 totam
2114 4702 2357 4775 plebem
2395 4701 2690 4773 dissipare
2734 4705 2791 4756 et
2818 4700 3104 4756 invadere
3133 4698 3359 4771 possit:
3392 4697 3569 4751 inter-

1894 4795 2160 4865 pretatur
2203 4790 2434 4844 Pharao
2481 4789 2804 4857 dissipans,
2855 4787 3058 4842 Necho
3101 4784 3421 4855 percussio,
3454 4783 3567 4837 Ma-

1896 4880 2095 4951 geddo
2160 4879 2412 4935 tentalio
2468 4880 2574 4932 est.
2618 4875 2949 4931 Permissus
3004 4874 3229 4945 quippe
3284 4869 3566 4926 diabolus

1897 4983 2259 5038 consurgere
2287 4966 2578 5022 adversus
2609 4967 2848 5021 sanctos
2876 4963 2992 5017 hoc
3012 4957 3398 5016 solummodo
3422 4956 3566 5029 agit,

1897 5059 2014 5116 hoc
2055 5058 2191 5115 totis
2238 5055 2468 5111 viribus
2516 5057 2719 5120 certat,
2749 5055 3052 5125 quatenus
3099 5047 3387 5106 tentando
3440 5062 3569 5117 gre-

1902 5164 2041 5218 gem
2071 5145 2305 5203 Domini
2353 5144 2692 5217 percutiens
2735 5141 3004 5214 dissipet,
3037 5156 3263 5213 eosque
3302 5138 3567 5211 primum

1903 5238 2153 5309 auferat,
2184 5251 2447 5309 quorum
2479 5234 2690 5291 solatio
2742 5232 2934 5305 adjuti
2980 5235 3190 5289 contra
3226 5232 3438 5287 hosem
3484 5227 3572 5282 di-

1903 5328 2126 5386 micare
2153 5325 2506 5381 debuerant.

1979 5440 2008 5469 ‹‹
2038 5415 2311 5487 Tulitque
2337 5412 2600 5487 populus
2620 5416 2791 5469 terra
2810 5410 3068 5467 loachas
3087 5408 3278 5465 ﬁlium
3303 5405 3574 5471 losia,et

1906 5529 1936 5564 ‹
1965 5509 2267 5564 unxerunt
2296 5519 2433 5560 eum
2461 5522 2474 5571 ;
2503 5507 2561 5559 ct
2587 5502 3019 5558 constituerunt
3045 5515 3183 5555 eum
3225 5512 3427 5565 regem
3458 5510 3571 5567 pro

1909 5622 1934 5649 ‹‹
1967 5602 2138 5670 patre
2169 5610 2343 5650 suo.»
2385 5592 2641 5648 Joachaz
2686 5592 2791 5662 qui
2832 5591 3254 5662 interpretatur
3282 5590 3567 5651 retentus,

1908 5689 2106 5753 signat
2126 5684 2317 5741 malos
2330 5684 2791 5754 doctores,quos
2813 5679 3072 5754 populos
3095 5684 3284 5743 terra,
3300 5674 3572 5731 carnales

1907 5777 2201 5846 videlicet,
2213 5779 2456 5833 terrena
2472 5771 2784 5845 cupiditati
2799 5770 3006 5842 dediti,
3020 5767 3357 5828 secundum
3372 5779 3573 5824 mores
