3968 6390
70 259 182 314 545

1101 259 1354 317 ENARB.
1386 258 1454 316 ΙΝ
1485 257 1738 317 LIBROS
1767 254 2025 319 REGUM.
2054 295 2122 304 -ο
2163 269 2230 320 lN
2271 266 2400 321 LIB.
2435 269 2522 322 ιν.

3417 270 3520 332 546

69 380 319 437 cularia
353 379 471 436 illis
503 381 746 450 negotia
774 382 1120 452 inserendo,
1172 384 1510 440 retardant:
1565 400 1642 440 ne
1670 384 1763 440 vel
1793 388 1837 440 A
1870 401 1934 442 re
1963 391 2020 442 et
2050 387 2213 444 dono
2240 389 2445 446 divino
2475 390 2828 458 abutuntur,
2883 367 2942 450 et
2970 394 3121 452 falso
3166 397 3278 453 sibi
3307 414 3535 456 nomen

69 471 193 544 ipsi
226 487 343 543 per
373 471 560 541 hujus
591 470 940 526 exercitium
968 471 1284 527 resistendi
1325 473 1614 528 ﬁduciam
1670 488 1763 526 su.-

70 565 278 628 mant,
313 560 410 616 vel
434 560 587 616 alios
614 560 762 617 forte
792 561 898 633 qui
922 560 1119 630 legere
1155 562 1448 627 nesciunt,
1481 563 1559 618 ad
1590 563 1765 618 resis-

72 650 343 706 tendum
398 649 561 706 vitiis
608 649 1005 717 exhortando,
1057 655 1162 707 aut
1191 652 1569 724 corripiendo
1600 667 1764 707 acce-

72 740 252 796 dant.
289 738 530 796 Tollunt
559 739 763 796 fabros
799 757 1286 807 armorum,cum
1316 756 1420 797 eos
1457 742 1560 812 qui
1591 756 1763 796 sacra

75 828 332 902 eloquia
361 833 609 897 norunt,
664 829 966 887 intantum
1001 830 1325 887 sceleribus
1373 832 1657 896 obruunt,
1700 833 1764 884 ut

76 919 288 974 dicere
320 918 490 974 bona
532 935 660 992 qua
709 919 1044 977 didicerant
1085 936 1333 993 prorsus
1383 919 1758 976 erubescant.

76 1008 483 1064 'l‘ransferunt
511 1024 759 1064 omnem
789 1011 1080 1066 artiﬁcem
1111 1016 1169 1066 et
1197 1010 1502 1065 clusorem
1529 1009 1603 1064 de
1634 1009 1761 1064 Hie-

75 1097 352 1154 rusalem
382 1097 445 1152 in
475 1097 897 1170 Babyloniam.
941 1100 1090 1154 Cum
1147 1115 1251 1154 eos
1304 1100 1408 1172 qui
1438 1097 1762 1154 multifaria

77 1188 380 1244 virtutum
409 1186 792 1260 operationes
812 1188 1090 1260 pluribus
1127 1187 1437 1261 prodesse,
1469 1192 1526 1244 et
1556 1188 1760 1243 civita-

81 1281 208 1332 tem
243 1277 351 1332 Dei
391 1281 604 1332 contra
634 1278 1047 1350 corruptiones
1089 1278 1487 1334 tentationum
1525 1279 1762 1333 munire

81 1365 389 1433 solebant,
422 1381 458 1422 a
487 1367 798 1439 proposito
841 1367 1186 1434 deﬂectunt,
1220 1371 1401 1440 atque
1449 1367 1761 1438 ingenium

78 1455 253 1528 quod
287 1456 526 1513 tuitioni
553 1461 774 1513 sanctae
805 1457 1081 1514 Ecclesiae
1134 1457 1486 1529 impendere
1534 1457 1760 1512 debue-

80 1549 240 1613 rant,
277 1545 359 1601 ad
389 1545 762 1601 voluntatem
789 1546 992 1619 potius
1019 1546 1178 1616 regis
1208 1547 1490 1602 vitiorum
1521 1545 1762 1618 dispen-

83 1651 217 1692 sare
244 1634 640 1708 compellunt.
676 1635 850 1701 Quod
881 1636 929 1691 si
959 1635 1258 1692 clusorem
1306 1636 1422 1692 hoc
1448 1635 1602 1703 loco,
1636 1651 1756 1690 non

1869 476 2113 546 justitiae
2144 480 2485 552 usurpant?
2527 481 2825 538 Mathania
2863 488 3066 539 autem
3115 485 3539 560 interpretatur

1877 582 2095 623 munus
2127 568 2249 624 sive
2288 570 2534 634 donum,
2579 571 2857 628 Sedecias
2897 576 3102 644 justus
3144 577 3393 645 domini,
3430 579 3534 651 qui

1872 655 2154 713 undecim
2195 658 2370 714 annis
2421 675 2710 729 regnasse
2739 660 2975 731 dicitur,
3008 665 3175 736 quod
3232 667 3533 737 signiﬁcat

1872 760 2010 801 eum
2043 749 2549 817 transgressorem
2564 749 2714 820 legis
2747 749 2927 808 fuisse
2953 771 2965 822 ;
2987 753 3357 812 undenarius
3373 757 3534 814 enim

1871 850 2161 891 numerus
2201 837 2306 910 qui
2353 837 2669 896 denarium
2725 843 3192 914 supergreditur,
3226 848 3527 905 excessio-

1871 939 2012 979 nem
2044 927 2320 997 Decalogi
2352 928 2670 998 signiﬁcat.
2726 934 2841 987 Nec
2873 931 2982 987 rite
3013 949 3118 989 rex
3169 935 3285 990 dici
3315 940 3530 1008 potest,

1871 1012 1976 1093 qui
2004 1016 2342 1071 secundum
2374 1017 2666 1074 mandata
2696 1019 2932 1075 Domini
2955 1022 3347 1095 semetipsum
3377 1030 3434 1082 et
3463 1026 3535 1082 si-

1871 1101 1934 1156 bi
1966 1102 2269 1175 subjectos
2300 1121 2506 1176 regere
2535 1107 2811 1164 noluerit.

2489 1252 2722 1308 CAPUT
2774 1255 2922 1310 XXV.

1945 1391 1971 1416 ‹‹
2025 1370 2272 1424 Factum
2319 1373 2407 1428 est
2451 1377 2654 1430 autem
2713 1390 2875 1430 anno
2924 1389 3089 1432 nono
3145 1380 3316 1449 regni
3368 1382 3524 1455 ejus,

1874 1477 1901 1503 ‹‹
1945 1473 2152 1514 mense
2181 1459 2438 1524 decimo,
2464 1461 2702 1518 decima
2746 1463 2843 1520 die
2869 1466 3118 1538 mensis,
3151 1468 3312 1525 venit
3339 1471 3534 1526 Nabu-

1874 1568 1900 1598 α
1943 1546 2330 1605 chodonosor
2351 1567 2457 1606 rex
2478 1551 2821 1625 Babylonis,
2844 1553 2972 1627 ipse
3005 1559 3062 1612 et
3086 1557 3284 1613 omnis
3311 1559 3534 1615 exerci-

1873 1656 1901 1683 ‹‹
1937 1639 2028 1690 tus
2057 1637 2188 1708 ejus
2217 1638 2280 1694 in
2308 1639 2700 1709 Hierusalem,
2735 1647 2794 1699 et
2821 1642 3350 1703 circumdederunt
3374 1663 3532 1719 eam,

83 1725 386 1782 ostiorum
425 1725 552 1781 sive
577 1741 914 1795 murorum,
951 1726 1058 1782 sed
1111 1726 1242 1783 auri
1262 1726 1462 1799 potius
1494 1741 1758 1797 gemma-
1790 1744 1832 1798 Β
1873 1745 1899 1772 ‹‹
1925 1729 1982 1779 et
2009 1730 2431 1784 exstruxerunt
2455 1729 2518 1784 in
2562 1729 2811 1786 circuitu
2867 1733 2997 1803 ejus
3052 1733 3436 1793 munitiones.
3470 1739 3537 1793 Et

81 1830 348 1886 rumque
375 1814 705 1884 intelligere
729 1815 1121 1879 voluerimus,
1156 1817 1234 1871 ad
1271 1833 1462 1874 unum
1491 1815 1759 1889 profecto

82 1905 501 1977 eumdemque
532 1904 857 1977 spiritualis
910 1905 1206 1978 expositio
1260 1905 1443 1962 ﬁnem
1496 1905 1756 1977 respicit.

86 1995 326 2051 Dictum
359 1995 588 2068 quippe
618 2000 708 2051 est
753 1996 829 2052 de
881 1996 1177 2070 sapientia
1225 1997 1369 2070 quia
1427 2013 1645 2053 aurum
1703 2000 1759 2051 et

83 2083 412 2140 multitudo
439 2099 822 2154 gemmarum
848 2085 900 2141 ei
929 2101 1054 2141 non
1083 2085 1277 2143 valeat
1295 2086 1655 2159 comparari,
1673 2089 1756 2142 at-

83 2189 202 2246 que
232 2173 373 2228 ideo
403 2171 670 2229 clusores
711 2173 934 2230 horum
983 2189 1106 2230 non
1152 2174 1302 2231 alios
1347 2175 1545 2247 aptius
1571 2189 1759 2247 quam

83 2263 367 2319 doctores
387 2261 714 2333 intelligere
740 2263 1032 2320 valemus.
1067 2265 1179 2330 Qui
1205 2264 1480 2337 quandiu
1504 2271 1660 2320 recte
1673 2264 1757 2318 vi-

87 2359 238 2408 vunt
267 2369 339 2408 ac
360 2353 603 2420 docent,
630 2353 692 2409 in
721 2359 1003 2410 ornatum
1035 2359 1258 2410 sanctae
1309 2354 1560 2411 civitatis
1586 2354 1759 2409 indu-

89 2443 294 2498 striam
327 2446 552 2498 sanctae
583 2443 724 2498 artis
748 2442 1128 2516 impendunt.
1161 2448 1232 2501 At
1273 2445 1322 2500 si
1353 2445 1498 2500 forte
1520 2459 1755 2500 errave-

88 2531 224 2600 rint,
257 2531 412 2603 quid
442 2530 558 2586 nisi
580 2546 616 2587 a
644 2547 785 2603 rege
817 2532 1234 2589 Chaldaeorum
1261 2533 1479 2605 captivi
1501 2532 1756 2604 Babylo-

86 2622 253 2678 niam
273 2621 754 2678 transferuntur?
770 2625 826 2678 et
848 2622 1138 2695 quoniam
1151 2622 1438 2679 artiﬁcem
1455 2623 1756 2680 clusorem

92 2711 168 2766 ab
199 2710 636 2783 Hierosolymis
664 2710 1064 2782 Babyloniam
1095 2712 1654 2784 transmigrari,hoc
1670 2717 1760 2768 est

92 2799 388 2855 talentum
421 2798 583 2854 verbi
617 2798 849 2855 crelitus
877 2805 1198 2873 acceptum
1227 2803 1290 2857 in
1346 2806 1502 2857 terra
1530 2800 1755 2871 defodi,

89 2888 150 2943 id
175 2893 264 2944 est
291 2887 611 2944 scientiam
643 2888 1014 2960 spiritualem
1044 2889 1124 2945 ad
1157 2895 1542 2961 peccatorum
1572 2905 1759 2962 opera

1875 1834 1902 1860 «
1935 1812 2146 1871 clausa
2167 1819 2256 1870 est
2277 1816 2483 1872 civitas
2514 1821 2695 1890 atque
2723 1818 2967 1889 vallata,
2991 1837 3188 1895 usque
3238 1823 3317 1879 ad
3347 1824 3535 1880 unde-

1875 1923 1902 1950 «
1933 1903 2158 1959 cimum
2191 1921 2418 1961 annum
2452 1907 2608 1978 regis
2640 1907 2920 1977 Sedecite,
2952 1925 3118 1966 nona
3160 1912 3255 1968 die
3285 1913 3530 1972 mensis.

1875 2014 1901 2040 ‹‹
1933 1991 2370 2067 Praevaluitque
2417 1996 2609 2052 fames
2663 1997 2725 2052 in
2756 1997 3010 2066 civitate,
3058 2015 3169 2056 nec
3199 2007 3326 2058 erat
3354 2004 3532 2074 panis

1873 2102 1900 2131 ‹‹
1936 2083 2163 2155 populo
2187 2088 2376 2141 terrae.
2403 2109 2431 2135 »
2463 2087 2831 2144 Novenarius
2857 2104 3147 2145 numerus
3167 2091 3271 2164 qui
3308 2108 3533 2148 munus

1871 2171 2052 2227 habet
2080 2173 2330 2230 denario
2367 2175 2880 2248 imperfectionem
2928 2177 3076 2248 legis
3107 2179 3421 2252 signiﬁcat,
3454 2181 3533 2237 si-

1872 2267 1972 2318 cut
1999 2263 2370 2321 undenarius
2414 2267 2980 2337 transgressionem,
3009 2274 3067 2325 et
3109 2274 3266 2326 recte
3303 2271 3533 2328 dictum

1872 2356 1962 2406 est
1985 2353 2150 2425 quod
2181 2353 2657 2412 Nabuchonosor
2683 2356 2746 2413 in
2776 2372 2940 2414 nono
2970 2373 3132 2415 anno
3160 2360 3329 2429 regni
3361 2361 3534 2418 Sede-

1873 2441 1978 2496 ciee
2003 2442 2305 2500 obsederit
2328 2445 2645 2514 civitatem,
2698 2463 2906 2505 mense
2950 2447 3186 2505 decimo
3216 2455 3274 2506 et
3296 2450 3534 2508 decima

1875 2528 1971 2585 die
2027 2532 2275 2599 mensis,
2324 2534 2467 2606 quia
2521 2535 2665 2591 mali
2714 2547 3010 2609 pastores,
3061 2553 3201 2594 cum
3253 2539 3531 2611 Decalogi

1875 2620 2165 2678 mandata
2201 2638 2339 2694 quae
2383 2623 2631 2680 scientia
2663 2629 2886 2698 tenent,
2919 2643 3099 2700 opere
3155 2632 3213 2684 et
3257 2628 3532 2686 doctrina

1873 2711 2160 2783 perﬁcere
2193 2712 2539 2784 negligunt:
2595 2729 2842 2771 necesse
2891 2721 2980 2772 est
3038 2721 3100 2773 ut
3126 2717 3369 2790 plebem
3419 2718 3533 2774 sibi

1874 2802 2263 2857 commissam
2295 2803 2580 2877 antiquus
2611 2804 2799 2860 hostis
2838 2821 2978 2862 cum
3009 2821 3118 2862 suo
3145 2807 3408 2864 exercitu
3431 2807 3536 2863 ob-

1873 2884 2104 2943 sidione
2125 2888 2472 2959 circumdet,
2505 2895 2563 2947 et
2585 2893 2921 2950 munitione
2963 2895 3203 2964 erroris,
3254 2912 3326 2952 ac
3362 2895 3534 2952 vitio-

88 2977 356 3033 converti
384 2975 842 3046 intelligendum
873 2980 980 3041 est,
1015 2993 1348 3051 omnesque
1374 2978 1548 3046 fviros
1579 2979 1757 3034 fortes
1869 2990 2007 3030 rum
2047 2982 2408 3045 constructa,
2459 2979 2702 3036 claudat
2746 2981 3029 3038 vallando
3058 2983 3381 3052 civitatem,
3424 2984 3533 3040 sic-

88 3072 141 3123 et
168 3065 495 3123 bellatores
525 3065 706 3122 simul
735 3067 797 3122 in
823 3066 1231 3140 captivitatem
1261 3068 1494 3130 ductos,
1527 3069 1642 3123 hoc
1669 3072 1760 3123 est

1789 3100 1831 3156 C
1869 3080 1989 3156 que
2021 3065 2225 3156 fames
2281 3067 2343 3122 in
2396 3067 2630 3124 civitate
2683 3071 3028 3142 praevaleat,
3076 3071 3270 3128 fames
3323 3074 3531 3145 utique

88 3173 193 3214 eos
231 3156 341 3230 qui
389 3155 752 3212 videbantur
788 3156 896 3211 viri
926 3156 1107 3212 fortes
1138 3173 1268 3213 esse
1327 3163 1384 3213 et
1417 3157 1757 3227 bellatores,
1803 3154 1828 3156 ““
1868 3154 2032 3210 verbi
2084 3155 2204 3224 Dei,
2234 3172 2374 3212 cum
2401 3171 2527 3212 non
2573 3159 2931 3230 expenditur
2958 3159 3144 3216 libere
3177 3160 3352 3234 panis
3380 3160 3524 3217 doc-

86 3247 310 3304 astutia
340 3245 751 3316 malignorum
803 3247 1124 3318 spirituum
1156 3247 1460 3319 deceptos,
1489 3251 1670 3320 atque
1697 3247 1760 3301 in

87 3351 397 3393 carcerem
429 3335 753 3408 spiritualis
779 3335 1129 3409 Babyloniae
1148 3336 1760 3409 captivatos,necesse

87 3430 178 3481 est
203 3429 271 3481 ut
291 3440 547 3497 operam
577 3423 792 3480 demus
820 3430 1122 3498 quatenus
1149 3425 1462 3480 saevissimi
1490 3425 1646 3495 regis
1659 3442 1764 3498 po-

89 3519 368 3572 testatem
407 3514 766 3586 evadamus,
798 3515 1119 3586 vigilemus
1149 3519 1206 3570 et
1241 3514 1428 3571 sobrii
1467 3516 1763 3583 simus;ti—

88 3620 327 3660 morem
357 3603 462 3659 Dei
493 3620 732 3676 semper
762 3609 899 3660 ante
931 3604 1139 3660 oculos
1169 3619 1494 3677 ponamus,
1517 3609 1573 3660 et
1592 3620 1762 3661 man-

88 3694 378 3751 datorum
410 3693 542 3765 ejus
573 3693 941 3750 oblivionem
973 3695 1224 3751 omnino
1247 3693 1762 3763 fugiamus.Cons-

89 3789 366 3840 truamus
396 3783 574 3839 nobis
620 3788 836 3840 terram
893 3783 1199 3840 bonorum
1253 3800 1530 3857 operum,
1563 3790 1618 3840 et
1656 3801 1762 3857 per

86 3874 428 3946 profectum
451 3873 584 3929 vitae
608 3872 668 3928 in
689 3872 854 3929 illam
873 3874 1379 3944 conscendamus,
1414 3897 1442 3924 ‹‹
1473 3875 1662 3930 induti
1682 3874 1762 3930 lo-

88 3964 214 4019 rica
240 3963 482 4034 justitiae
513 3967 571 4018 et
597 3962 773 4032 galea
804 3963 1038 4032 salutis,
1072 3963 1354 4020 habentes
1407 3969 1664 4031 scutum,
1696 3964 1764 4018 ﬁ-

89 4053 209 4121 dei,
251 4059 304 4108 et
363 4051 636 4122 gladium
687 4051 930 4124 spiritus
989 4051 1159 4124 quod
1213 4056 1302 4108 est
1356 4053 1613 4108 verbum
1665 4052 1763 4107 Dei

89 4140 336 4212 (Ephes.
366 4143 466 4212 γι).
502 4163 530 4190 ››
564 4140 989 4197 Custodiamus
1040 4144 1246 4212 portas
1291 4155 1584 4197 sensuum
1631 4157 1764 4197 nos-

90 4236 345 4298 trorum,
374 4245 451 4287 ne
471 4247 639 4286 mors
669 4231 848 4287 intret
876 4246 986 4303 per
1015 4229 1330 4287 fenestras.
1366 4230 1541 4288 Omni
1569 4235 1765 4286 custo-

89 4319 197 4375 dia
225 4335 537 4375 servemus
567 4335 671 4376 cor
698 4324 997 4386 nostrum,
1046 4319 1190 4391 quia
1218 4319 1347 4392 ipse
1376 4335 1450 4374 ex
1477 4319 1596 4375 vita
1624 4335 1764 4392 pro-

92 4408 272 4478 cedit,
305 4413 365 4464 et
385 4413 522 4464 ante
551 4409 758 4466 omnia
793 4425 967 4482 spem
999 4413 1270 4464 nostram
1297 4408 1357 4464 in
1379 4409 1537 4478 regis
1562 4407 1764 4464 caeles-

93 4500 168 4554 tis
197 4497 464 4554 bonitate
490 4514 818 4570 ponamus,
851 4502 1122 4571 petentes
1183 4502 1248 4553 ut
1303 4498 1435 4569 ejus
1486 4498 1680 4568 gratia
1729 4513 1766 4554 a

91 4587 274 4645 malis
323 4587 615 4644 omnibus
651 4588 997 4644 liberemur.
1035 4587 1248 4660 Sicque
1279 4587 1501 4644 erimus
1529 4604 1768 4661 semper

92 4679 401 4735 immunes
453 4676 532 4733 ab
585 4677 861 4735 hostibus
913 4676 1343 4750 spiritualibus,
1376 4677 1521 4750 quia
1577 4679 1765 4749 (Psal.

91 4769 260 4837 xxvx)
292 4789 320 4817 ‹‹
347 4765 639 4822 Dominus
666 4766 954 4824 fortitudo
980 4765 1175 4839 plebis
1206 4782 1352 4838 suae,
1384 4770 1442 4822 et
1468 4769 1768 4839 protector

94 4857 458 4914 salutarium
488 4856 699 4915 Christi
720 4858 812 4914 sui
828 4861 939 4928 est,
970 4880 998 4906 η
1030 4860 1136 4930 qui
1159 4856 1354 4914 salvat
1381 4873 1594 4914 omnes
1628 4872 1765 4930 spe-

94 4952 300 5004 rantes
323 4945 386 5002 in
410 4962 494 5002 se.

170 5059 196 5086 «
232 5035 416 5105 Igitur
443 5033 692 5092 Joachin
746 5034 1071 5108 captivato,
1118 5035 1424 5092 constituit
1456 5035 1768 5092 Nabucho-

94 5147 124 5180 ‹
157 5125 357 5182 donor
380 5125 746 5182 Mathaniam
768 5130 1054 5198 patruum
1082 5125 1212 5195 ejus
1233 5139 1344 5196 pro
1357 5140 1447 5187 eo,
1462 5123 1768 5196 imposuit-

96 5235 123 5261 «
157 5227 278 5284 que
307 5227 536 5268 nomen
558 5213 688 5284 ejus
700 5212 1399 5270 Sedeciam.Vicesimum
1423 5217 1478 5268 et
1502 5211 1767 5284 primum

97 5321 125 5350 σε
155 5314 391 5356 annum
443 5300 630 5357 aetatis
672 5300 941 5358 habebat
997 5301 1274 5358 Sedecias
1323 5316 1464 5356 cum
1514 5314 1768 5368 regnare

99 5413 126 5439 α
149 5389 450 5462 coepisset,
485 5393 543 5447 et
570 5389 853 5448 undecim
881 5390 1056 5448 annis
1084 5389 1355 5461 regnavit
1394 5389 1457 5445 in
1499 5389 1770 5445 Hierusa-

100 5502 125 5529 α
159 5479 301 5537 lem.
325 5480 609 5553 Fecitque
635 5481 868 5538 malum
884 5497 1090 5538 coram
1108 5479 1363 5538 Domino
1369 5479 1543 5551 juxta
1562 5478 1769 5536 omnia

101 5593 127 5619 ιι
159 5586 297 5642 quae
325 5569 465 5627 fecit
490 5571 778 5627 Joacim.»
804 5571 959 5638 Quid
980 5571 1042 5627 in
1086 5569 1333 5626 Sedecia
1362 5568 1527 5625 aliud
1559 5568 1769 5624 intelli-

101 5677 238 5731 gere
262 5677 593 5734 possumus
621 5661 737 5718 nisi
764 5663 932 5736 quod
956 5662 1019 5718 in
1055 5661 1284 5719 Joacim
1310 5664 1446 5717 ante
1496 5657 1770 5733 praedixi-

103 5767 258 5820 mus,
291 5752 406 5810 hoc
437 5756 529 5809 est
552 5751 748 5810 malos
775 5756 1032 5810 rectores
1051 5753 1116 5809 in
1133 5748 1536 5824 Ecclesia,qui
1557 5763 1768 5807 mune-

1795 4461 1839 4516 D

1869 3243 2036 3298 trinae
2062 3243 2290 3317 populo
2316 3249 2502 3300 terrae.

1943 3355 1970 3382 ‹‹
2007 3336 2073 3389 Et
2101 3333 2435 3407 interrupta
2453 3338 2543 3391 est
2568 3334 3143 3410 civitas,omnesque
3159 3337 3266 3394 viri
3286 3337 3536 3395 bellato-

1872 3444 1900 3472 «
1932 3438 2028 3478 res
2076 3426 2250 3480 nocte
2297 3423 2634 3495 fugerunt.»
2657 3427 2994 3498 Interrupta
3021 3427 3270 3501 quidem
3298 3443 3406 3501 per
3425 3428 3534 3485 de-

1870 3511 2272 3583 praedationes
2288 3512 2486 3569 varias
2502 3514 2906 3585 malignorum
2927 3515 3243 3588 spirituum
3261 3517 3535 3574 custodia

1872 3600 2262 3673 populorum,
2292 3601 2354 3657 hi
2393 3601 2498 3674 qui
2525 3601 2864 3660 debuerant
2889 3604 3074 3660 armis
3100 3605 3399 3662 civitatem
3432 3606 3533 3663 de-

1873 3689 2136 3761 fendere,
2180 3695 2354 3746 nocte
2383 3691 2737 3762 ignorantiae
2769 3697 2826 3748 et
2862 3693 3122 3749 tenebris
3147 3699 3534 3767 peccatorum

1875 3780 2070 3836 vallati
2102 3780 2336 3850 fugiunt
2357 3781 2384 3836 ‘2
2405 3782 2570 3854 quia,
2595 3781 2932 3838 secundum
2964 3783 3232 3840 Veritatis
3268 3800 3483 3840 vocem
3515 3801 3530 3840 :

1877 3893 1903 3919 ‹‹
1934 3870 2325 3926 Mercenarius
2356 3875 2412 3926 et
2461 3871 2566 3943 qui
2590 3886 2716 3926 non
2755 3874 2844 3926 est
2878 3877 3086 3944 pastor
3133 3872 3294 3929 videt
3319 3872 3534 3946 lupum

1875 3959 2235 4029 venientem,
2268 3963 2326 4016 et
2353 3959 2596 4015 dimittit
2633 3976 2773 4016 oves
2801 3965 2859 4017 et
2877 3960 3046 4032 fugit,
3075 3966 3132 4018 et
3172 3961 3352 4035 lupus
3380 3961 3538 4034 rapit

1874 4052 1931 4104 et
1958 4048 2246 4120 dispergit
2272 4065 2412 4104 oves
2447 4049 2645 4121 (Joan.
2679 4050 2755 4121 x);
2786 4072 2814 4100 ››
2865 4054 2923 4107 et
2969 4050 3324 4123 Apostolus:
3361 4072 3388 4100 «
3424 4049 3538 4117 Qui

1874 4137 2430 4211 dormiunt,inquit,
2456 4142 2629 4195 nocte
2654 4138 2982 4207 dormiunt,
3006 4143 3064 4196 et
3089 4139 3196 4213 qui
3220 4139 3370 4196 ebrii
3399 4142 3540 4195 sunt

1875 4231 2051 4283 nocte
2081 4225 2231 4282 ebrii
2262 4231 2403 4282 sunt
2432 4227 2492 4298 (Ι
2537 4227 2735 4284 Thess.
2766 4228 2849 4300 v).
2883 4227 3056 4291 Quod
3085 4233 3288 4286 autem
3337 4228 3537 4302 sequi-

1877 4322 1991 4386 tur,
2019 4316 2185 4390 quod
2209 4332 2317 4388 per
2339 4316 2502 4373 viam
2531 4322 2722 4390 porta:
2747 4335 2885 4392 quae
2915 4323 3006 4377 est
3033 4319 3188 4377 inter
3232 4319 3538 4394 duplicem

1878 4423 2121 4463 murum
2152 4407 2228 4463 ad
2270 4408 2513 4464 hortum
2536 4408 2694 4479 regis
2723 4408 3004 4481 fugerint,
3030 4409 3285 4468 latenter
3307 4409 3541 4484 aperuit

1877 4498 2154 4554 inertiam
2197 4497 2534 4567 doctorum,
2585 4498 2710 4572 qui,
2739 4499 2892 4556 inter
2937 4499 3241 4574 duplicem
3293 4517 3539 4556 murum

1877 4588 2140 4646 duorum
2169 4591 2684 4645 Testamentorum
2735 4589 3057 4657 constituti,
3087 4605 3212 4645 non
3231 4589 3536 4660 belligare,

1877 4678 1983 4735 sed
2005 4677 2268 4749 effugere
2297 4680 2599 4749 quaerunt,
2629 4681 2688 4733 et
2715 4679 2778 4732 in
2807 4676 3033 4733 deliciis
3072 4677 3271 4747 magis
3309 4676 3541 4732 difﬂue-

1875 4784 1959 4835 re,
2023 4766 2190 4839 quod
2249 4766 2461 4822 hortus
2535 4765 2852 4836 signiﬁcat,
2911 4781 3101 4838 quam
3161 4769 3332 4821 scuto
3395 4764 3540 4820 ﬁdei

1875 4857 2154 4914 hostibus
2192 4854 2502 4912 obsistere.
2538 4876 2566 4904 «
2617 4854 2820 4925 (Porro
2870 4854 3131 4912 Chaldaei
3165 4853 3541 4912 obsistebant

1878 4968 1906 4996 ‹‹
1937 4946 1999 5002 in
2027 4944 2279 5002 circuitu
2306 4944 2626 5007 civitatem)
2652 4961 2665 5010 ;
2714 4941 2867 5012 fugit
2894 4942 3097 5013 itaque
3130 4941 3406 5000 Sedecias
3431 4958 3540 5016 per

1879 5057 1908 5086 «
1938 5035 2100 5091 viam
2131 5050 2268 5107 qute
2315 5033 2481 5089 ducit
2536 5031 2617 5088 ad
2644 5030 3008 5105 campestria
3055 5031 3414 5089 solitudinis.
3473 5035 3542 5089 Et

1879 5146 1907 5173 «ι
1937 5125 2294 5196 persecutus
2343 5125 2437 5177 est
2486 5120 2780 5177 exercitus
2835 5119 3255 5178 Chaldaeorum
3309 5137 3536 5194 regem,

1878 5236 1905 5264 ‹‹
1938 5210 2515 5284 comprehenditque
2563 5226 2704 5266 eum
2763 5210 2825 5266 in
2881 5209 3126 5284 planitie
3171 5212 3424 5279 Iericho,
3483 5214 3541 5266 et

1880 5325 1906 5351 ‹‹
1941 5317 2154 5357 omnes
2176 5299 2495 5356 bellatores
2509 5299 2615 5372 qui
2640 5303 2972 5356 erantcum
2987 5315 3058 5356 eo
3089 5300 3345 5372 dispersi
3376 5303 3537 5371 sunt,

1879 5413 1906 5440 «
1941 5395 1998 5446 et
2025 5388 2396 5461 reliquerunt
2425 5405 2586 5458 eum,
2621 5410 2650 5438 ››
2682 5393 2738 5446 et
2765 5388 3018 5462 reliqua.
3047 5388 3316 5460 Malignis
3369 5387 3540 5461 spiri-

1877 5480 2036 5537 tibus
2065 5477 2363 5552 populum
2423 5478 2940 5536 circumdantibus
2985 5482 3180 5536 rector
3209 5477 3380 5549 fugit,
3412 5493 3538 5535 non

1878 5569 1956 5626 ad
1987 5572 2243 5637 montes,
2270 5567 2345 5624 de
2374 5567 2597 5640 quibus
2644 5567 2931 5641 scriptum
2963 5573 3056 5626 est
3083 5569 3276 5640 (Psal.
3323 5568 3480 5640 xxxv)
3517 5587 3532 5626 :

1881 5682 1908 5709 ‹‹
1940 5661 2161 5716 Montes
2199 5656 2260 5713 in
2315 5656 2564 5713 circuitu
2618 5657 2772 5730 ejus,
2828 5662 2887 5714 et
2915 5659 3206 5715 Dominus
3235 5658 3299 5716 in
3325 5658 3535 5715 circui-

1876 5752 1942 5806 tu
1983 5746 2192 5822 populi
2231 5746 2353 5803 sui:
2411 5766 2442 5801 ›
2492 5746 2601 5804 sed
2653 5747 2734 5806 ad
2776 5748 3141 5822 campestria
3194 5746 3536 5810 solitudinis
