3968 6384
464 266 568 323 867

1565 254 1926 315 ANGELOMI
1959 249 2125 309 LUXﬂ

2235 250 2421 311 ENSIS
2446 253 2762 312 IONAOBI
2916 284 2921 289 τ
3784 261 3876 313 ⁵48

465 387 582 445 hoc
611 390 719 454 est,
750 385 833 442 ad
858 382 1236 442 dilectionem
1288 378 1561 436 luxuriae.
1620 377 1787 435 Unde
1832 375 2123 442 scriptum
2154 377 2203 431 Α
2234 374 2403 446 plum
2434 377 2668 434 Domini
2695 378 2831 435 est?
2859 377 3151 450 quoniam
3183 378 3229 433 si
3285 378 3711 436 benedixeritis
3766 381 3875 437 vias

466 482 557 534 est
578 494 592 534 :
619 500 648 528 α
670 479 937 545 Augusta
961 478 1019 529 et
1043 477 1204 528 arcta
1216 474 1304 527 est
1333 471 1430 526 via
1454 485 1591 541 quas
1620 468 1784 526 ducit
1814 467 1893 524 ad
1914 466 2120 534 vitam,

464 566 588 627 lata
612 573 667 624 et
696 566 962 638 spatiosa
989 578 1127 634 quae
1143 560 1308 619 ducit
1324 559 1403 617 ad
1419 564 1675 618 mortem
1698 557 1937 630 (Matth.
1962 556 2120 625 vu).»

466 686 537 699 -
561 678 590 709 α
623 649 1203 725 Comprehenditque
1233 664 1373 705 eum
1404 648 1466 707 in
1505 647 1752 720 planitie
1778 646 2036 711 Jericho,
2066 646 2124 700 et

468 769 496 799 κ
518 760 731 802 omnes
756 741 1074 798 bellatores
1093 738 1200 811 qui
1240 742 1413 797 erant
1438 754 1579 795 cum
1608 753 1680 793 eo
1709 735 1965 808 dispersi
1983 737 2124 790 sunt

466 855 495 884 «
524 838 583 890 et
609 832 977 903 reliquerunt
1009 844 1170 885 eum.
1207 845 1238 880 ›
1290 830 1461 885 Recte
1489 843 1635 897 ergo
1682 842 1823 884 cum
1873 825 2121 881 virtutes

463 923 774 981 hominem
802 919 1112 987 deserunt,
1144 933 1281 990 quas
1325 934 1465 974 eum
1520 916 1843 975 defendere
1899 913 2122 971 debue-

458 1016 615 1078 rant,
646 1010 710 1068 in
734 1009 978 1082 planitie
1004 1007 1240 1065 Jericho
1270 1007 1523 1079 capitur,
1559 1006 1675 1062 hoc
1704 1010 1796 1062 est
1834 1004 1893 1061 in
1924 1003 2120 1059 defec-

462 1100 622 1156 tione
668 1097 926 1155 carnalis
981 1112 1218 1152 sensus.
1245 1094 1475 1151 lericho
1518 1094 1681 1150 enim
1710 1093 2124 1164 interpretatur

462 1190 631 1255 (una,
665 1190 723 1244 et
749 1186 1046 1257 signiﬁcat
1069 1183 1369 1239 defectum
1399 1183 1618 1239 carnis.
1640 1183 1803 1239 Unde
1825 1182 1919 1236 ille
1940 1182 2123 1236 homo

460 1278 567 1351 qui
589 1274 960 1332 Hierusalem
977 1271 1385 1328 descendebat
1407 1271 1468 1327 in
1489 1271 1747 1337 Jericho,
1774 1271 1836 1327 in
1863 1270 2123 1326 latrones

460 1365 743 1424 incidisse
760 1362 1139 1421 describitur.

535 1476 567 1505 ι(
606 1454 1076 1527 Apprehensum
1111 1466 1255 1519 ergo
1285 1465 1490 1518 regem
1517 1448 1902 1505 adduxerunt
1929 1446 2008 1503 ad
2036 1463 2124 1502 re-

466 1566 495 1597 α
524 1560 664 1613 gem
698 1541 1015 1613 Babylonis
1043 1542 1106 1597 in
1146 1538 1577 1611 Reblatha.qui
1600 1538 1837 1594 locutus
1868 1541 1955 1592 est
1981 1553 2121 1592 cum

466 1654 496 1683 α
517 1632 927 1703 eojudicium,
970 1651 999 1681 »ι
1024 1630 1140 1686 hoc
1164 1635 1259 1686 est
1296 1629 1530 1701 justum
1559 1643 1697 1684 cum
1737 1643 1811 1682 eo
1860 1626 2124 1682 exercuit

2231 469 2463 522 vestras
2493 472 2549 523 et
2579 467 2779 524 studia
2808 473 3023 531 vestra,
3070 467 3123 523 si
3151 467 3404 524 feceritis
3417 468 3719 539 judicium
3742 470 3877 527 inter

2230 554 2427 610 virum
2458 561 2516 612 et
2559 558 2906 629 proximum
2954 557 3107 627 ejus,
3140 557 3415 627 advenae,
3468 561 3526 614 et
3571 558 3788 626 vidum,
3830 564 3880 615 et

2230 643 2461 715 pupillo
2490 660 2617 702 non
2647 645 2900 702 feceritis
2941 645 3334 711 calumniam,
3366 661 3479 702 nec
3528 647 3877 716 sanguinem

2228 730 2621 791 innocentum
2644 735 2971 791 effuderitis
3026 736 3087 791 in
3136 735 3272 791 loco
3296 736 3438 803 hoc,
3471 740 3531 792 et
3577 741 3721 809 post
3745 736 3877 792 deos

2230 821 2458 879 alienos
2487 840 2608 880 non
2653 824 3103 881 ambulaveritis
3152 826 3217 881 in
3246 824 3483 881 malum
3509 825 3877 898 vobismetip—

2230 910 2330 975 sis.
2366 911 2656 969 habitabo
2682 912 2998 969 vobiscum
3024 914 3083 969 iu
3112 913 3245 970 loco
3264 914 3402 978 isto,
3435 914 3498 968 in
3530 917 3687 969 terra
3706 930 3877 986 quam

2231 999 2370 1054 dedi
2402 1002 2671 1073 patribus
2717 1004 2929 1059 vestris
2977 1018 3014 1058 a
3045 1003 3267 1059 seculo
3292 1007 3351 1058 et
3381 1020 3576 1075 usque
3622 1006 3686 1059 in
3710 1021 3877 1059 eiecti-

2229 1087 2377 1145 lum.
2426 1092 2573 1146 Ecce
2628 1107 2738 1146 vos
2788 1092 3090 1147 conﬁditis
3147 1092 3348 1148 verbis
3401 1091 3464 1148 in
3516 1094 3879 1149 sermonibus

2230 1178 2527 1234 mendacii
2556 1179 2659 1251 qui
2682 1196 2806 1235 non
2833 1181 3167 1253 proderunt
3221 1180 3394 1236 vobis
3436 1180 3646 1250 furari,
3666 1183 3878 1238 occide-

2230 1282 2315 1331 re,
2355 1266 2700 1338 adulterari,
2728 1269 2933 1339 jurare
2977 1270 3370 1337 mendaciter,
3420 1270 3609 1327 libare
3664 1272 3877 1328 Baalim

2230 1361 2288 1413 et
2308 1356 2392 1412 ire
2414 1363 2551 1429 post
2578 1358 2725 1415 deos
2752 1358 2981 1415 alienos
3005 1376 3162 1431 quos
3189 1360 3501 1428 ignoratis.
3540 1364 3608 1418 Et
3628 1361 3876 1416 venistis.

2230 1449 2289 1500 et
2317 1447 2556 1502 stetistis
2594 1464 2803 1504 coram
2832 1464 2931 1503 me
2960 1447 3023 1504 in
3051 1448 3241 1505 domo
3259 1449 3395 1515 hac,
3418 1450 3481 1505 in
3508 1465 3635 1521 qua
3655 1450 3873 1506 invoca-

2236 1539 2366 1592 tum
2408 1540 2500 1591 est
2544 1552 2769 1593 nomen
2817 1554 3044 1603 meum,
3079 1544 3137 1594 et
3182 1538 3459 1594 dixistis:
3510 1538 3767 1595 Liberati
3795 1556 3858 1593 su

2232 1642 2390 1694 mus,
2422 1642 2493 1681 eo
2520 1627 2685 1698 quod
2716 1626 3033 1683 fecerimus
3056 1644 3268 1684 omnes
3295 1627 3780 1686 abominationcs
3809 1629 3852 1683 is

466 1741 498 1778 ‹
521 1722 843 1795 judicium.
879 1719 1053 1777 Filios
1098 1723 1301 1777 autem
1360 1718 1618 1776 Sedecite
1669 1716 1888 1774 occidit
1916 1733 2119 1772 coram
2153 1731 2195 1789 ε
2236 1719 2347 1771 tas.
2376 1717 2442 1772 Et
2484 1732 2649 1772 nunc
2676 1717 2823 1789 quia
2863 1717 3083 1773 fecistis
3105 1718 3311 1774 omnia
3351 1734 3559 1792 opera,
3592 1719 3722 1774 haec
3751 1718 3877 1773 dici'

467 1832 496 1863 ι(
529 1827 623 1878 eo,
664 1813 724 1868 et
759 1808 965 1866 oculos
990 1808 1121 1879 ejus
1176 1806 1403 1875 effodit,
1432 1806 1742 1878 vinxitque
1765 1821 1908 1861 eum
1965 1810 2121 1860 catc-

468 1925 497 1953 «
527 1900 645 1965 nis,
670 1903 727 1956 et
754 1898 1008 1956 adduxit
1032 1897 1097 1952 in
1124 1896 1513 1969 Babylonem.
1560 1915 1587 1945 »
1633 1895 1860 1952 Occidit
1890 1912 1995 1951 rex
2016 1896 2124 1950 Ba-

463 1988 706 2062 bylonis
748 1987 904 2045 ﬁlios
940 1985 1198 2043 Sedeciaa
1230 1986 1293 2043 in
1346 1985 1634 2042 Reblatha
1683 2001 1890 2041 coram
1941 2001 2037 2050 eo,
2067 1989 2125 2040 et

463 2078 672 2138 oculos
702 2093 945 2150 quoque
974 2076 1133 2133 illius
1162 2075 1334 2133 eruit.
1394 2077 1546 2131 Dum
1600 2090 1772 2132 sacra
1820 2074 2123 2147 Scriptura

465 2168 727 2228 Sedeciaa
757 2165 1168 2239 captivitatem
1211 2168 1439 2231 narrat,
1460 2164 1737 2221 ordinem
1767 2164 2123 2235 captivitatis

463 2260 711 2319 internis
737 2256 1073 2317 denuntiat.
1105 2259 1226 2313 Rex
1251 2255 1481 2328 quippe
1511 2254 1837 2326 Babylonis
1863 2260 1955 2311 est
1976 2254 2125 2310 anti-

462 2365 623 2423 quus
688 2348 875 2407 hostis
927 2362 1244 2419 possessor
1292 2345 1517 2402 intimas
1564 2344 1963 2401 confusionis:
2021 2343 2125 2415 qui

463 2439 631 2513 prius
680 2438 838 2495 ﬁlios
876 2442 1017 2495 ante
1071 2435 1356 2493 intuentis
1405 2433 1614 2492 oculos
1663 2433 1940 2499 trucidat,
1979 2434 2126 2506 quia

465 2543 630 2601 saepe
656 2527 745 2584 sic
774 2526 941 2584 bona
968 2540 1154 2598 Opera
1175 2524 1471 2593 interﬁcit,
1505 2528 1570 2579 ut
1606 2523 1735 2580 haec
1761 2540 1827 2579 se
1853 2524 2125 2579 amittere

461 2619 592 2692 ipse
645 2616 751 2689 qui
793 2620 1008 2688 captus
1053 2619 1145 2671 est
1206 2613 1447 2670 animus
1484 2612 1698 2669 dolens
1725 2617 1949 2668 cernat.
1975 2616 2123 2668 Nam

467 2709 654 2777 gemit
682 2704 1042 2778 plerumque
1068 2702 1329 2768 animus,
1395 2706 1452 2757 et
1506 2706 1712 2759 tamen
1748 2702 1947 2757 carnis
2001 2718 2123 2759 suae

465 2792 963 2853 delectationibus
1012 2791 1225 2859 victus,
1272 2790 1438 2847 bona
1488 2807 1626 2862 qua
1667 2790 1873 2859 genuit
1907 2806 2124 2847 amans

474 2884 692 2959 perdit,
734 2898 812 2941 ea
826 2896 965 2953 qua
985 2881 1210 2953 patitur
1255 2879 1484 2936 damna
1514 2879 1870 2950 considerat,
1894 2895 2019 2934 non
2048 2886 2127 2935 ta-

470 2989 611 3030 men
639 2972 873 3029 virtutis
919 2969 1239 3027 brachium
1290 2974 1499 3025 contra
1546 2984 1751 3038 regem
1805 2968 2125 3040 Babylonis

464 3063 639 3155 levat.
685 3061 965 3155 Seddum
995 3059 1203 3155 videns
1226 3059 1504 3131 nequitias
1535 3058 1975 3155 perpetratione
1997 3073 2126 3155 per-
2155 3096 2198 3155 ο

467 3154 704 3222 enititur,
734 3151 813 3208 ad
843 3151 957 3207 hoc
982 3148 1354 3222 quandoque
1382 3148 1613 3221 peccati
1638 3164 1753 3203 usu
1780 3146 2128 3219 perducitur

466 3247 533 3300 ut
546 3243 679 3315 ipso
707 3255 951 3315 quoque
979 3237 1227 3294 rationis
1256 3237 1483 3292 lumine
1503 3237 1791 3309 privetur.
1822 3236 1991 3292 Unde
2022 3237 2127 3291 Ba-

463 3330 709 3405 bylonis
736 3345 847 3385 rex
872 3328 1175 3384 exstinctis
1223 3327 1389 3398 prius
1435 3327 1572 3381 ﬁliis
1628 3326 1888 3385 Sedeciie
1919 3325 2127 3382 oculos

465 3418 642 3482 aruit,
666 3416 1129 3488 quiamalignus
1152 3415 1395 3486 spiritus
1417 3415 1728 3470 subductis
1752 3414 1918 3487 prius
1947 3414 2126 3470 bonis

470 3504 775 3578 operibus,
797 3509 934 3575 post
980 3507 1037 3559 et
1064 3503 1471 3571 intelligentiae
1518 3503 1727 3558 lumen
1752 3502 1920 3570 tollit,
1959 3502 2127 3574 quod

471 3598 628 3650 recte
659 3591 935 3649 Sedecias
945 3592 1008 3646 id
1024 3590 1311 3647 Reblatha
1325 3592 1567 3663 patitur.
1589 3590 1881 3647 Reblatha
1901 3592 2127 3663 quippe

470 3683 702 3740 mulcta
749 3681 879 3737 haec
917 3680 1375 3751 interpretatur:
1430 3678 1653 3735 etenim
1681 3678 2051 3751 quandoque
2072 3684 2129 3735 et

468 3771 680 3831 lumen
706 3769 956 3827 rationis
984 3767 1302 3835 clauditur,
1326 3767 1433 3839 qui
1461 3783 1654 3840 pravo
1704 3770 1763 3823 et
1798 3766 2126 3840 iniquitatis

471 3877 595 3919 suaa
621 3858 1004 3918 multitudine
1030 3861 1334 3927 gravatur.

544 3950 870 4009 Undecimo
899 3963 1062 4006 anno
1103 3969 1134 3999 «
1190 3962 1398 4003 mense
1434 3945 1670 4019 quinto,
1732 3948 1986 4019 septima
2028 3948 2127 4006 die

470 4059 504 4095 ‹
534 4038 781 4107 mensis,
802 4038 932 4110 ipse
953 4040 1042 4094 est
1086 4051 1286 4093 annus
1309 4050 1508 4091 nonus
1536 4034 1808 4093 decimus
1831 4037 1989 4108 regis
2023 4040 2127 4094 Ba-

468 4148 503 4179 κ
532 4126 798 4199 bylonis,
839 4125 1005 4182 venit
1030 4121 1427 4181 Nabuzardan
1479 4124 1768 4197 princeps
1809 4127 2123 4195 exercitus,

470 4237 506 4268 α
525 4231 739 4272 servus
768 4213 925 4283 regis
946 4211 1271 4284 Babylonis
1300 4212 1705 4283 Hierusalem;
1740 4218 1797 4271 et
1816 4215 2128 4273 succendit

470 4325 506 4362 ς
525 4306 782 4363 domum
814 4303 1065 4371 Domini,
1091 4306 1150 4359 et
1174 4301 1430 4359 domum
1455 4304 1635 4376 regis,
1658 4310 1716 4362 et
1738 4304 1958 4363 domos
2001 4306 2125 4363 Hie-

472 4418 504 4449 α
531 4395 819 4454 rusalem.
843 4395 1220 4467 Omnemque
1245 4393 1500 4451 domum
1528 4396 1860 4453 combussit
1888 4396 2036 4468 igni,
2064 4400 2125 4452 et

470 4508 504 4541 α
530 4502 741 4543 muros
764 4483 1135 4542 Hierusalem
1162 4484 1227 4540 in
1288 4484 1538 4542 circuitu
1586 4485 1880 4543 destruxit
1906 4501 2120 4542 omnes

470 4598 502 4629 κ
528 4574 821 4634 exercitus
859 4572 1304 4641 Chaldmorum,
1358 4573 1464 4645 qui
1507 4579 1636 4631 erat
1684 4589 1827 4631 cum
1854 4574 2124 4648 principe

466 4689 502 4720 α
848 4662 1163 4736 Reliquam
1192 4666 1396 4720 autem
1443 4663 1651 4736 papuli
1701 4667 1936 4735 partem
1988 4679 2125 4736 qua

468 4778 503 4810 α
530 4756 909 4814 remanserat
942 4752 1007 4809 in
1044 4752 1301 4821 civitate,
1334 4757 1395 4809 et
1429 4752 1716 4825 perfugas
1740 4751 1846 4824 qui
1874 4753 2128 4811 transfu-

468 4869 502 4900 u
527 4850 743 4919 gerant
769 4844 850 4901 ad
872 4857 1079 4913 regem
1108 4841 1461 4915 Babylonis,
1488 4845 1547 4898 et
1572 4840 1873 4913 reliquum
1907 4842 2125 4913 vulgus

470 4958 501 4987 κ
531 4934 829 4992 transtulit
893 4932 1292 4989 Nabusardan
1343 4931 1625 5003 princeps
1663 4928 1908 5000 militia,
1938 4951 1968 4982 π
2014 4938 2125 4989 etc.

470 5022 757 5093 Oongruit
802 5036 945 5090 ergo
969 5020 1259 5093 temporis
1284 5018 1437 5075 ordo
1474 5033 1616 5073 cum
1643 5017 1875 5074 ratione
1901 5020 2128 5077 vindic-

472 5116 567 5168 tae.
599 5114 796 5168 Mense
817 5110 1032 5181 quinto
1054 5109 1272 5180 legitur
1294 5110 1529 5163 vastata
1565 5120 1694 5162 esse
1723 5107 1951 5176 civitas,
1990 5125 2128 5181 quae

467 5199 936 5259 Pentateucbum
956 5198 1109 5269 legis
1138 5210 1375 5253 servare
1408 5195 1700 5267 despexit,
1740 5200 1799 5253 et
1848 5198 2131 5271 septima-

467 5291 566 5348 die
596 5290 842 5359 mensis,
861 5289 1011 5362 quia
1034 5284 1277 5342 sabbati
1312 5284 1582 5357 requiem
1620 5301 1748 5343 non
1787 5289 2126 5359 custodivit,

466 5385 528 5437 et
542 5380 753 5439 omnia
780 5376 1079 5434 contraria
1106 5372 1423 5445 princepﬁs
1460 5373 1685 5430 divinis
1732 5376 1870 5446 egit,
1908 5377 2131 5437 frustra

469 5470 582 5527 sibi
617 5467 940 5526 blandiens
966 5465 1043 5520 de
1073 5465 1385 5517 securitate
1426 5479 1537 5535 pro
1586 5471 1929 5524 sanctorum
1973 5468 2130 5525 loco-

468 5575 606 5616 rum
653 5556 1045 5615 habitatione.
1108 5549 1272 5606 Unde
1325 5567 1433 5623 per
1482 5555 1806 5613 Jeremiam
1835 5559 2127 5615 Dominus

469 5648 639 5707 dicit:
669 5668 695 5699 ι
720 5644 910 5703 Nolite
929 5637 1232 5697 conﬁdere
1256 5639 1320 5696 in
1361 5643 1557 5700 verbis
1586 5648 2125 5717 mendacii,dicen-

468 5739 604 5798 tu:
654 5730 973 5804 Templum
1022 5726 1281 5800 Domini,
1331 5734 1623 5807 templum
1671 5737 1929 5810 Domini,
1964 5741 2122 5797 tem—

2242 1804 2565 1861 Dominus:
2618 1808 2685 1861 Et
2734 1804 2970 1862 locutus
3008 1822 3145 1862 sum
3193 1806 3273 1863 ad
3304 1822 3414 1862 vos
3440 1822 3622 1863 mane
3647 1822 3860 1863 consur

2234 1909 2401 1962 gens,
2460 1902 2518 1951 et
2545 1893 2826 1966 loquens,
2866 1900 2924 1951 et
2950 1911 3074 1953 non
3126 1895 3400 1963 audistis,
3430 1899 3493 1952 et
3518 1895 3735 1953 vocavi
3760 1912 3858 1952 vos

2232 1985 2290 2037 et
2328 1997 2450 2039 non
2482 1982 2899 2054 respondistis,
2952 1982 3174 2042 faciam
3224 1983 3440 2041 domui
3466 1984 3612 2043 huic
3665 1985 3728 2041 in
3769 2000 3860 2056 qm

2232 2069 2575 2127 invocatum
2602 2076 2937 2129 estnomen
2983 2088 3189 2129 meum
3240 2072 3390 2129 etin
3426 2088 3553 2145 qua
3577 2088 3687 2129 vos
3714 2070 3857 2128 habe

2234 2159 2307 2217 tis
2332 2159 2641 2232 ﬁduciam,
2670 2165 2727 2216 et
2752 2160 2888 2217 loco
2915 2177 3102 2233 quem
3144 2162 3285 2218 dedi
3315 2161 3486 2218 vobis
3516 2165 3577 2218 et
3622 2161 3874 2235 patribus

2232 2254 2468 2318 vestris,
2502 2249 2653 2306 sicut
2682 2249 2790 2306 feci
2836 2254 2896 2307 et
2930 2249 3072 2320 Silo,
3097 2254 3158 2307 et
3182 2250 3506 2322 projieiam
3529 2266 3643 2307 vos
3670 2266 3709 2307 a
3743 2249 3873 2307 facie

2232 2354 2391 2401 mea,
2416 2339 2566 2395 sicut
2584 2339 2810 2411 projeci
2822 2354 3036 2397 omn“
3052 2338 3265 2397 fratres
3280 2344 3532 2411 vestros,
3546 2340 3873 2396 universum

2233 2443 2441 2485 semen
2465 2427 2750 2500 Ephraim
2783 2428 3026 2498 (Jerem.
3069 2430 3230 2500 vu).»
3261 2429 3431 2486 Venit
3474 2428 3873 2498 Nabuzardan,

2230 2517 2336 2588 qui
2356 2516 2777 2587 interpretatur
2794 2516 3223 2585 ventilabrum,
3238 2517 3366 2575 sive
3380 2518 3701 2591 prophetia
3716 2516 3873 2573 alieni

2228 2606 2459 2677 judicii,
2487 2606 2636 2676 justi
2665 2606 2765 2662 Dei
2787 2606 3020 2677 judicio
3034 2612 3594 2681 superpeccatores,
3614 2608 3871 2681 princeps

2239 2696 2440 2767 utique
2469 2696 2760 2753 exercitus
2779 2695 2935 2765 regis
2956 2696 3282 2769 Babylonis
3297 2696 3672 2755 Hierusalem
3690 2694 3872 2753 intelli—

2233 2784 2500 2856 gibilem.
2530 2790 2589 2843 et
2612 2785 2924 2843 succendit
2961 2785 3219 2843 domum
3274 2786 3532 2855 Domini,
3578 2803 3719 2843 cum
3744 2784 3871 2842 anti-

2234 2890 2395 2946 quus
2420 2875 2625 2943 hostis,
2652 2875 2758 2947 qui
2782 2880 2843 2932 et
2867 2892 2973 2932 rex
2992 2876 3365 2937 confusionis
3386 2882 3448 2933 et
3466 2877 3749 2950 princeps
3766 2890 3870 2931 om-

2235 2964 2405 3020 nium
2436 2963 2782 3037 iniquorum
2800 2970 2909 3031 est,
2944 2970 3067 3022 tam
3109 2965 3519 3033 malignorum
3572 2966 3866 3039 spirituum

2235 3068 2424 3124 quam
2453 3054 2634 3110 etiam
2661 3054 2988 3127 impiorum
3014 3054 3359 3123 hominum,
3386 3054 3630 3127 plebem
3666 3051 3869 3111 invadit

2234 3142 2525 3211 ﬁdelium,
2558 3146 2618 3199 ct
2637 3142 2892 3200 domum
2922 3143 3080 3212 regis
3099 3148 3158 3200 et
3184 3144 3404 3201 domos
3425 3144 3804 3212 Hierusalem,
3820 3139 3867 3196 id

2232 3238 2327 3289 est
2355 3238 2612 3290 rectores
2640 3238 2698 3289 et
2716 3249 2822 3289 eos
2846 3234 2947 3306 qui
2970 3233 3334 3291 videbantur
3378 3235 3440 3290 in
3469 3235 3702 3291 visione
3725 3231 3866 3306 pacis

2234 3338 2499 3392 manere,
2516 3321 2924 3379 inﬂammatos
2940 3323 3266 3395 cupiditate
3289 3324 3602 3389 subvertit,
3624 3336 3865 3380 omnem-

2232 3429 2352 3485 que
2398 3412 2652 3468 domum
2682 3412 3016 3468 combussit
3068 3413 3215 3482 igni,
3247 3429 3385 3468 cum
3418 3413 3866 3484 uniuscujusque

2235 3502 2580 3559 conscentia
2606 3518 2716 3574 per
2741 3504 3057 3558 ﬂammam
3094 3502 3281 3559 illiciti
3327 3503 3559 3558 amoris
3588 3500 3869 3575 perturba-

2235 3593 2335 3657 vit,
2364 3597 2643 3648 etmuros
2671 3591 3038 3647 Hierusalem
3071 3591 3131 3647 in
3152 3592 3404 3649 circuitu
3425 3591 3734 3657 destruxit,
3751 3602 3868 3645 cum

2235 3682 2625 3739 intentionem
2656 3682 2945 3737 orationis
2966 3688 3025 3736 et
3048 3682 3327 3737 virtutum
3360 3682 3560 3740 studia
3597 3698 3730 3755 qua:
3753 3693 3867 3735 con-

2234 3776 2327 3827 tra
2357 3786 2420 3825 se
2446 3770 2639 3826 valere
2663 3773 2848 3837 novit,
2880 3775 2942 3826 et
2994 3770 3134 3825 inde
3182 3770 3555 3843 spirantibus
3603 3766 3865 3830 dissolvit,

2233 3876 2310 3917 ne
2340 3875 2448 3932 per
2469 3874 2641 3930 spem
2669 3858 2858 3914 veniae
2905 3858 2983 3915 ad
3013 3858 3224 3916 divina
3244 3864 3607 3916 succurrant
3653 3855 3865 3923 auxilia,

2233 3953 2294 4006 et
2321 3947 2711 4019 correptionis
2736 3948 2866 4003 vitae
2896 3948 3361 4021 apprehendant
3400 3948 3756 4005 munimina.
3786 3947 3868 3999 Po-

2233 4038 2568 4111 pulumque
2599 4036 2660 4092 in
2685 4037 3091 4109 captivitatem
3120 4038 3372 4108 ducens,
3418 4062 3447 4090 ‹‹
3493 4038 3573 4096 de
3612 4032 3865 4113 pauperi-

2233 4149 2265 4179 α
2295 4128 2411 4184 bus
2439 4130 2611 4183 terra:
2640 4126 2878 4199 reliquit
2915 4127 3204 4185 vinitores
3231 4134 3291 4185 et
3342 4129 3658 4199 agricolas,
3691 4150 3721 4178 ιο
3747 4122 3866 4197 quia

2233 4234 2339 4274 eos
2356 4217 2464 4289 qui
2484 4216 2657 4272 utiles
2687 4216 2874 4273 verbo
2903 4221 2963 4272 et
2991 4218 3270 4290 exemplo
3301 4234 3431 4275 esse
3456 4220 3751 4292 poterant,
3777 4226 3867 4286 per

2234 4306 2377 4363 vitia
2418 4306 2752 4378 captivans,
2795 4306 2988 4363 stultis
3038 4312 3097 4363 et
3135 4307 3454 4364 hebetibus
3507 4302 3867 4365 commendat

2236 4396 2688 4467 agriculturam,
2740 4400 3041 4469 quatenus
3071 4413 3196 4454 non
3225 4399 3433 4455 vinum
3484 4399 3685 4469 gratias
3722 4388 3866 4467 spiri-

2235 4486 2436 4554 tualis,
2456 4490 2515 4542 et
2545 4485 2914 4544 frumentum
2940 4501 3108 4543 sana:
3151 4487 3438 4544 doctrina
3488 4488 3553 4544 in
3604 4484 3783 4544 vineis
3821 4479 3867 4534 et

2235 4576 2397 4646 agris
2430 4576 2799 4649 populorum
2822 4576 3156 4649 fructiﬁoet,
3189 4576 3299 4634 sed
3358 4578 3551 4651 apium
3599 4572 3785 4646 magis
3819 4571 3865 4623 et

2232 4664 2434 4721 tribuli
2454 4665 2735 4721 vitiorum
2757 4669 3122 4722 excrescant.

2304 4775 2337 4805 α
2368 4752 2693 4811 Columnas
2722 4758 2927 4810 autem
2952 4768 3144 4810 areas
3183 4769 3323 4827 qua;
3355 4759 3526 4812 erant
3564 4754 3626 4811 in
3666 4744 3863 4821 templO

2234 4865 2269 4895 «
2295 4842 2533 4898 Domini
2557 4846 2618 4899 et
2644 4842 2848 4907 bases,
2878 4847 2936 4901 et
2962 4859 3131 4900 mare
3183 4858 3431 4911 ereum,
3464 4843 3637 4917 quod
3672 4842 3791 4899 erat
3814 4834 3861 4890 in

2236 4954 2267 4983 ‹‹
2295 4932 2481 4988 (10ωο
2513 4932 2748 4987 Domini
2779 4932 3201 5003 confregerunt
3229 4933 3514 5002 Chaldaei,
3540 4937 3603 4989 et
3635 4929 3863 4988 ωεω-

2238 5043 2269 5073 κ
2302 5021 2522 5078 ﬂerunt
2540 5036 2720 5078 omne
2737 5038 2821 5077 res
2838 5021 2900 5077 in
2918 5020 3349 5095 Babylonem.»
3370 5023 3862 5079 Columnasaireas

2234 5114 2295 5167 et
2324 5110 2523 5181 bases,
2553 5109 2831 5167 doctores
2869 5126 3197 5183 possumus
3235 5111 3526 5184 accipere,
3566 5110 3675 5184 qui
3710 5115 3862 5161 sono-

2234 5201 2407 5257 ritate
2435 5200 2885 5273 praedicationis
2936 5205 2995 5257 et
3049 5200 3192 5257 ﬁdei
3234 5200 3518 5259 ﬁrmitate
3555 5188 3862 5257 debuerunt

2236 5288 2389 5345 alios
2414 5293 2767 5346 metentem.
2818 5291 2971 5346 lare
3001 5304 3225 5345 aereum
3253 5289 3539 5363 baptismi
3578 5288 3861 5345 lavacrum

2235 5379 2333 5436 vel
2358 5380 2889 5451 compunctiouem
2932 5378 3345 5451 lacrymarum
3393 5380 3704 5449 signiﬁcat.
3750 5373 3860 5428 Ηωο

2234 5469 2483 5541 quidem
2516 5470 2722 5526 omnia
2769 5468 3034 5526 Chaldazi
3064 5470 3405 5542 spirituales
3461 5486 3569 5543 per
3616 5461 3860 5523 inertiam

2235 5558 2663 5627 magistrorum
2689 5558 2764 5614 de
2783 5558 2968 5615 domo
2991 5558 3222 5616 auferre
3252 5560 3523 5616 nituntur
3551 5564 3608 5615 et
3627 5549 3859 5613 confrin-

2234 5664 2393 5719 gere,
2424 5650 2505 5708 ita
2525 5654 2588 5707 ut
2614 5664 2738 5705 non
2786 5655 3096 5707 remaneat
3124 5654 3273 5708 testa
3314 5666 3456 5723 quae
3484 5648 3710 5724 possint
3740 5635 3861 5712 ῑεῐιί·

2228 5737 2556 5797 educﬁeri
2592 5739 2670 5795 de
2696 5739 2996 5797 incendio.
