  <div class='ocr_page' id='page_1' title='image "/cluster/home/n/w/nwhite01/storage/ocr_20150623/115-116/uc1.31175006916467/282.png"; bbox 0 0 3968 6410; ppageno 0'>
   <div class='ocr_carea' id='block_1_1' title="bbox 89 273 208 327">
    <p class='ocr_par' dir='ltr' id='par_1_1' title="bbox 89 273 208 327">
     <span class='ocr_line' id='line_1_1' title="bbox 89 273 208 327; baseline -0.008 0"><span class='ocrx_word' id='word_1_1' title='bbox 89 273 208 327; x_wconf 67' lang='grc'>649</span> 
     </span>
    </p>
   </div>
   <div class='ocr_carea' id='block_1_2' title="bbox 1123 266 2540 334">
    <p class='ocr_par' dir='ltr' id='par_1_2' title="bbox 1123 266 2540 334">
     <span class='ocr_line' id='line_1_2' title="bbox 1123 266 2540 334; baseline 0.006 -8"><span class='ocrx_word' id='word_1_2' title='bbox 1123 271 1378 328; x_wconf 72' lang='grc' dir='ltr'>ΕΝΛΒΒ.</span> <span class='ocrx_word' id='word_1_3' title='bbox 1418 271 1487 328; x_wconf 75' lang='grc' dir='ltr'>ιΝ</span> <span class='ocrx_word' id='word_1_4' title='bbox 1530 268 1779 328; x_wconf 77' lang='lat' dir='ltr'>LIBROS</span> <span class='ocrx_word' id='word_1_5' title='bbox 1803 266 2074 329; x_wconf 69' lang='lat' dir='ltr'>REGUM.</span> <span class='ocrx_word' id='word_1_6' title='bbox 2105 300 2176 322; x_wconf 66' lang='lat'>-</span> <span class='ocrx_word' id='word_1_7' title='bbox 2202 277 2270 332; x_wconf 83' lang='lat' dir='ltr'>lN</span> <span class='ocrx_word' id='word_1_8' title='bbox 2304 275 2437 333; x_wconf 85' lang='lat' dir='ltr'>LIB.</span> <span class='ocrx_word' id='word_1_9' title='bbox 2472 277 2540 334; x_wconf 85' lang='lat' dir='ltr'><strong>IV</strong></span> 
     </span>
    </p>
   </div>
   <div class='ocr_carea' id='block_1_3' title="bbox 3435 293 3540 350">
    <p class='ocr_par' dir='ltr' id='par_1_3' title="bbox 3435 293 3540 350">
     <span class='ocr_line' id='line_1_3' title="bbox 3435 293 3540 350; baseline 0.01 -2"><span class='ocrx_word' id='word_1_10' title='bbox 3435 293 3540 350; x_wconf 71' lang='lat'>580</span> 
     </span>
    </p>
   </div>
   <div class='ocr_carea' id='block_1_4' title="bbox 148 392 3540 469">
    <p class='ocr_par' dir='ltr' id='par_1_4' title="bbox 148 392 3540 469">
     <span class='ocr_line' id='line_1_4' title="bbox 148 392 3540 469; baseline 0.007 -25"><span class='ocrx_word' id='word_1_11' title='bbox 148 417 190 444; x_wconf 76' lang='grc' dir='ltr'>κ.</span> <span class='ocrx_word' id='word_1_12' title='bbox 227 392 394 450; x_wconf 89' lang='lat' dir='ltr'>Ollas</span> <span class='ocrx_word' id='word_1_13' title='bbox 424 405 673 464; x_wconf 89' lang='lat' dir='ltr'>quoque</span> <span class='ocrx_word' id='word_1_14' title='bbox 701 406 909 462; x_wconf 58' lang='lat' dir='ltr'>aereas,</span> <span class='ocrx_word' id='word_1_15' title='bbox 942 397 998 450; x_wconf 91' lang='lat' dir='ltr'>et</span> <span class='ocrx_word' id='word_1_16' title='bbox 1023 393 1253 463; x_wconf 80' lang='lat' dir='ltr'>trullas,</span> <span class='ocrx_word' id='word_1_17' title='bbox 1280 398 1338 450; x_wconf 90' lang='lat' dir='ltr'>et</span> <span class='ocrx_word' id='word_1_18' title='bbox 1367 393 1674 463; x_wconf 84' lang='lat' dir='ltr'>tridentes,</span> <span class='ocrx_word' id='word_1_19' title='bbox 1706 397 1765 450; x_wconf 92' lang='lat' dir='ltr'>et</span> <span class='ocrx_word' id='word_1_20' title='bbox 1792 397 1838 452; x_wconf 79' lang='grc' dir='ltr'><strong>Α</strong></span> <span class='ocrx_word' id='word_1_21' title='bbox 1876 395 2186 454; x_wconf 80' lang='lat' dir='ltr'>utilitatem</span> <span class='ocrx_word' id='word_1_22' title='bbox 2217 400 2568 458; x_wconf 90' lang='lat' dir='ltr'>divinorum</span> <span class='ocrx_word' id='word_1_23' title='bbox 2592 405 2986 462; x_wconf 87' lang='lat' dir='ltr'>conciliorum</span> <span class='ocrx_word' id='word_1_24' title='bbox 3012 408 3239 465; x_wconf 81' lang='lat' dir='ltr'>discere</span> <span class='ocrx_word' id='word_1_25' title='bbox 3267 414 3324 467; x_wconf 90' lang='lat' dir='ltr'>et</span> <span class='ocrx_word' id='word_1_26' title='bbox 3368 412 3540 469; x_wconf 85' lang='lat' dir='ltr'>factis</span> 
     </span>
    </p>
   </div>
   <div class='ocr_carea' id='block_1_5' title="bbox 77 481 1766 555">
    <p class='ocr_par' dir='ltr' id='par_1_5' title="bbox 77 481 1766 555">
     <span class='ocr_line' id='line_1_5' title="bbox 77 481 1766 555; baseline -0.001 -17"><span class='ocrx_word' id='word_1_27' title='bbox 77 507 104 531; x_wconf 89' lang='lat'><strong><em>«</em></strong></span> <span class='ocrx_word' id='word_1_28' title='bbox 150 482 447 554; x_wconf 74' lang='lat' dir='ltr'>scyphos,</span> <span class='ocrx_word' id='word_1_29' title='bbox 483 486 540 536; x_wconf 87' lang='lat' dir='ltr'>et</span> <span class='ocrx_word' id='word_1_30' title='bbox 589 481 958 549; x_wconf 79' lang='lat' dir='ltr'>mortariola,</span> <span class='ocrx_word' id='word_1_31' title='bbox 987 489 1044 538; x_wconf 86' lang='lat' dir='ltr'>et</span> <span class='ocrx_word' id='word_1_32' title='bbox 1089 499 1235 539; x_wconf 87' lang='lat' dir='ltr'>vasa</span> <span class='ocrx_word' id='word_1_33' title='bbox 1274 500 1429 539; x_wconf 70' lang='grc' dir='ltr'>εει·θᾶ</span> <span class='ocrx_word' id='word_1_34' title='bbox 1449 484 1511 539; x_wconf 93' lang='lat' dir='ltr'>in</span> <span class='ocrx_word' id='word_1_35' title='bbox 1543 482 1766 555; x_wconf 79' lang='lat' dir='ltr'>quibus</span> 
     </span>
    </p>
   </div>
   <div class='ocr_carea' id='block_1_6' title="bbox 77 570 1765 638">
    <p class='ocr_par' dir='ltr' id='par_1_6' title="bbox 77 570 1765 638">
     <span class='ocr_line' id='line_1_6' title="bbox 77 570 1765 638; baseline -0.001 -10"><span class='ocrx_word' id='word_1_36' title='bbox 77 597 102 621; x_wconf 92' lang='grc'><em>‹‹</em></span> <span class='ocrx_word' id='word_1_37' title='bbox 146 571 604 638; x_wconf 78' lang='lat' dir='ltr'>ministrabant,</span> <span class='ocrx_word' id='word_1_38' title='bbox 643 570 923 628; x_wconf 91' lang='lat' dir='ltr'>tulerunt.</span> <span class='ocrx_word' id='word_1_39' title='bbox 960 595 986 621; x_wconf 83' lang='lat'>»</span> <span class='ocrx_word' id='word_1_40' title='bbox 1023 572 1172 638; x_wconf 86' lang='lat' dir='ltr'>Quia</span> <span class='ocrx_word' id='word_1_41' title='bbox 1203 573 1442 628; x_wconf 87' lang='lat' dir='ltr'>diversa</span> <span class='ocrx_word' id='word_1_42' title='bbox 1473 572 1672 628; x_wconf 84' lang='lat' dir='ltr'>ofﬁcia</span> <span class='ocrx_word' id='word_1_43' title='bbox 1703 572 1765 626; x_wconf 93' lang='lat' dir='ltr'>in</span> 
     </span>
    </p>
   </div>
   <div class='ocr_carea' id='block_1_7' title="bbox 74 661 1766 719">
    <p class='ocr_par' dir='ltr' id='par_1_7' title="bbox 74 661 1766 719">
     <span class='ocr_line' id='line_1_7' title="bbox 74 661 1766 719; baseline -0.002 0"><span class='ocrx_word' id='word_1_44' title='bbox 74 661 506 719; x_wconf 82' lang='lat' dir='ltr'>ecclesiasticis</span> <span class='ocrx_word' id='word_1_45' title='bbox 540 661 854 716; x_wconf 83' lang='lat' dir='ltr'>ordinibus</span> <span class='ocrx_word' id='word_1_46' title='bbox 898 662 972 717; x_wconf 91' lang='lat' dir='ltr'>de</span> <span class='ocrx_word' id='word_1_47' title='bbox 1006 663 1108 718; x_wconf 80' lang='lat' dir='ltr'>Dei</span> <span class='ocrx_word' id='word_1_48' title='bbox 1150 663 1390 719; x_wconf 87' lang='lat' dir='ltr'>servitio</span> <span class='ocrx_word' id='word_1_49' title='bbox 1432 662 1766 718; x_wconf 79' lang='lat' dir='ltr'>auferentes</span> 
     </span>
    </p>
   </div>
   <div class='ocr_carea' id='block_1_8' title="bbox 79 751 1411 822">
    <p class='ocr_par' dir='ltr' id='par_1_8' title="bbox 79 751 1411 822">
     <span class='ocr_line' id='line_1_8' title="bbox 79 751 1411 822; baseline -0.002 -13"><span class='ocrx_word' id='word_1_50' title='bbox 79 754 148 810; x_wconf 91' lang='lat' dir='ltr'>in</span> <span class='ocrx_word' id='word_1_51' title='bbox 181 768 370 808; x_wconf 88' lang='lat' dir='ltr'>suum</span> <span class='ocrx_word' id='word_1_52' title='bbox 401 763 582 806; x_wconf 88' lang='lat' dir='ltr'>usum</span> <span class='ocrx_word' id='word_1_53' title='bbox 612 751 1056 822; x_wconf 86' lang='lat' dir='ltr'>nequissimum</span> <span class='ocrx_word' id='word_1_54' title='bbox 1086 757 1411 808; x_wconf 88' lang='lat' dir='ltr'>verterunt.</span> 
     </span>
    </p>
   </div>
   <div class='ocr_carea' id='block_1_9' title="bbox 153 840 1768 914">
    <p class='ocr_par' dir='ltr' id='par_1_9' title="bbox 153 840 1768 914">
     <span class='ocr_line' id='line_1_9' title="bbox 153 840 1768 914; baseline -0.002 -16"><span class='ocrx_word' id='word_1_55' title='bbox 153 865 183 891; x_wconf 73' lang='grc' dir='ltr'><strong><em>α</em></strong></span> <span class='ocrx_word' id='word_1_56' title='bbox 230 845 478 898; x_wconf 84' lang='lat' dir='ltr'>Necnon</span> <span class='ocrx_word' id='word_1_57' title='bbox 523 844 580 898; x_wconf 89' lang='lat' dir='ltr'>et</span> <span class='ocrx_word' id='word_1_58' title='bbox 634 840 938 897; x_wconf 87' lang='lat' dir='ltr'>thuribula</span> <span class='ocrx_word' id='word_1_59' title='bbox 994 848 1049 897; x_wconf 90' lang='lat' dir='ltr'>et</span> <span class='ocrx_word' id='word_1_60' title='bbox 1078 842 1336 914; x_wconf 86' lang='lat' dir='ltr'>phialas,</span> <span class='ocrx_word' id='word_1_61' title='bbox 1373 861 1400 890; x_wconf 70' lang='lat'>»</span> <span class='ocrx_word' id='word_1_62' title='bbox 1443 856 1585 897; x_wconf 90' lang='lat' dir='ltr'>cum</span> <span class='ocrx_word' id='word_1_63' title='bbox 1630 855 1768 896; x_wconf 90' lang='lat' dir='ltr'>ora-</span> 
     </span>
    </p>
   </div>
   <div class='ocr_carea' id='block_1_10' title="bbox 73 929 1770 1004">
    <p class='ocr_par' dir='ltr' id='par_1_10' title="bbox 73 929 1770 1004">
     <span class='ocr_line' id='line_1_10' title="bbox 73 929 1770 1004; baseline -0.002 -15"><span class='ocrx_word' id='word_1_64' title='bbox 73 933 312 989; x_wconf 79' lang='lat' dir='ltr'>tionem</span> <span class='ocrx_word' id='word_1_65' title='bbox 355 947 482 1003; x_wconf 91' lang='lat' dir='ltr'>qua</span> <span class='ocrx_word' id='word_1_66' title='bbox 521 929 803 985; x_wconf 84' lang='lat' dir='ltr'>divinitas</span> <span class='ocrx_word' id='word_1_67' title='bbox 856 931 1085 1003; x_wconf 89' lang='lat' dir='ltr'>placari</span> <span class='ocrx_word' id='word_1_68' title='bbox 1134 931 1346 1004; x_wconf 91' lang='lat' dir='ltr'>potuit,</span> <span class='ocrx_word' id='word_1_69' title='bbox 1379 936 1435 986; x_wconf 92' lang='lat' dir='ltr'>et</span> <span class='ocrx_word' id='word_1_70' title='bbox 1481 930 1770 1003; x_wconf 87' lang='lat' dir='ltr'>poculum</span> 
     </span>
    </p>
   </div>
   <div class='ocr_carea' id='block_1_11' title="bbox 73 1019 1770 1092">
    <p class='ocr_par' dir='ltr' id='par_1_11' title="bbox 73 1019 1770 1092">
     <span class='ocr_line' id='line_1_11' title="bbox 73 1019 1770 1092; baseline -0.001 -16"><span class='ocrx_word' id='word_1_71' title='bbox 73 1020 257 1077; x_wconf 85' lang='lat' dir='ltr'>verbi</span> <span class='ocrx_word' id='word_1_72' title='bbox 313 1019 540 1092; x_wconf 88' lang='lat' dir='ltr'>quibus</span> <span class='ocrx_word' id='word_1_73' title='bbox 590 1019 735 1074; x_wconf 89' lang='lat' dir='ltr'>lassi</span> <span class='ocrx_word' id='word_1_74' title='bbox 792 1019 1109 1076; x_wconf 91' lang='lat' dir='ltr'>refocillari</span> <span class='ocrx_word' id='word_1_75' title='bbox 1174 1020 1530 1086; x_wconf 82' lang='lat' dir='ltr'>debuerant,</span> <span class='ocrx_word' id='word_1_76' title='bbox 1581 1019 1770 1092; x_wconf 85' lang='lat' dir='ltr'>impe-</span> 
     </span>
    </p>
   </div>
   <div class='ocr_carea' id='block_1_12' title="bbox 73 1109 1775 1183">
    <p class='ocr_par' dir='ltr' id='par_1_12' title="bbox 73 1109 1775 1183">
     <span class='ocr_line' id='line_1_12' title="bbox 73 1109 1775 1183; baseline -0.001 -16"><span class='ocrx_word' id='word_1_77' title='bbox 73 1111 310 1167; x_wconf 92' lang='lat' dir='ltr'>diendo</span> <span class='ocrx_word' id='word_1_78' title='bbox 331 1109 709 1179; x_wconf 88' lang='lat' dir='ltr'>subvertunt,</span> <span class='ocrx_word' id='word_1_79' title='bbox 740 1129 767 1158; x_wconf 85' lang='lat'>«</span> <span class='ocrx_word' id='word_1_80' title='bbox 801 1124 938 1182; x_wconf 72' lang='lat' dir='ltr'>quae</span> <span class='ocrx_word' id='word_1_81' title='bbox 960 1125 1165 1180; x_wconf 87' lang='lat' dir='ltr'>aurea,</span> <span class='ocrx_word' id='word_1_82' title='bbox 1191 1125 1375 1167; x_wconf 89' lang='lat' dir='ltr'>aurea</span> <span class='ocrx_word' id='word_1_83' title='bbox 1401 1129 1413 1177; x_wconf 94' lang='lat'>;</span> <span class='ocrx_word' id='word_1_84' title='bbox 1436 1114 1494 1166; x_wconf 87' lang='lat' dir='ltr'>et</span> <span class='ocrx_word' id='word_1_85' title='bbox 1519 1125 1657 1183; x_wconf 61' lang='lat' dir='ltr'>quae</span> <span class='ocrx_word' id='word_1_86' title='bbox 1681 1124 1775 1166; x_wconf 83' lang='lat' dir='ltr'>ar-</span> 
     </span>
    </p>
   </div>
   <div class='ocr_carea' id='block_1_13' title="bbox 76 1196 1773 1271">
    <p class='ocr_par' dir='ltr' id='par_1_13' title="bbox 76 1196 1773 1271">
     <span class='ocr_line' id='line_1_13' title="bbox 76 1196 1773 1271; baseline 0.004 -23"><span class='ocrx_word' id='word_1_87' title='bbox 76 1223 103 1248; x_wconf 87' lang='grc'><strong>‹‹</strong></span> <span class='ocrx_word' id='word_1_88' title='bbox 153 1204 399 1270; x_wconf 87' lang='lat' dir='ltr'>gentea,</span> <span class='ocrx_word' id='word_1_89' title='bbox 435 1203 725 1267; x_wconf 88' lang='lat' dir='ltr'>argentea</span> <span class='ocrx_word' id='word_1_90' title='bbox 777 1197 908 1253; x_wconf 89' lang='lat' dir='ltr'>tulit</span> <span class='ocrx_word' id='word_1_91' title='bbox 938 1198 1221 1271; x_wconf 81' lang='lat' dir='ltr'>princeps</span> <span class='ocrx_word' id='word_1_92' title='bbox 1275 1196 1520 1254; x_wconf 70' lang='lat' dir='ltr'>militiai.</span> <span class='ocrx_word' id='word_1_93' title='bbox 1557 1218 1585 1249; x_wconf 71' lang='grc' dir='ltr'>ιν</span> <span class='ocrx_word' id='word_1_94' title='bbox 1618 1197 1773 1262; x_wconf 83' lang='lat' dir='ltr'>Quia</span> 
     </span>
    </p>
   </div>
   <div class='ocr_carea' id='block_1_14' title="bbox 71 1287 1770 1360">
    <p class='ocr_par' dir='ltr' id='par_1_14' title="bbox 71 1287 1770 1360">
     <span class='ocr_line' id='line_1_14' title="bbox 71 1287 1770 1360; baseline -0.003 -14"><span class='ocrx_word' id='word_1_95' title='bbox 71 1294 212 1346; x_wconf 88' lang='lat' dir='ltr'>tam</span> <span class='ocrx_word' id='word_1_96' title='bbox 245 1304 499 1344; x_wconf 89' lang='lat' dir='ltr'>sensum</span> <span class='ocrx_word' id='word_1_97' title='bbox 528 1287 862 1360; x_wconf 88' lang='lat' dir='ltr'>pretiosum</span> <span class='ocrx_word' id='word_1_98' title='bbox 881 1304 1069 1360; x_wconf 88' lang='lat' dir='ltr'>quam</span> <span class='ocrx_word' id='word_1_99' title='bbox 1101 1289 1282 1343; x_wconf 91' lang='lat' dir='ltr'>etiam</span> <span class='ocrx_word' id='word_1_100' title='bbox 1309 1287 1532 1359; x_wconf 90' lang='lat' dir='ltr'>eloquii</span> <span class='ocrx_word' id='word_1_101' title='bbox 1552 1303 1770 1342; x_wconf 85' lang='lat' dir='ltr'>venus-</span> 
     </span>
    </p>
   </div>
   <div class='ocr_carea' id='block_1_15' title="bbox 1873 485 3542 560">
    <p class='ocr_par' dir='ltr' id='par_1_15' title="bbox 1873 485 3542 560">
     <span class='ocr_line' id='line_1_15' title="bbox 1873 485 3542 560; baseline 0.011 -20"><span class='ocrx_word' id='word_1_102' title='bbox 1873 485 2120 558; x_wconf 85' lang='lat' dir='ltr'>implere</span> <span class='ocrx_word' id='word_1_103' title='bbox 2152 491 2558 560; x_wconf 78' lang='lat' dir='ltr'>neglexerant.</span> <span class='ocrx_word' id='word_1_104' title='bbox 2599 497 2717 549; x_wconf 83' lang='lat' dir='ltr'>Hoc</span> <span class='ocrx_word' id='word_1_105' title='bbox 2761 496 2983 553; x_wconf 91' lang='lat' dir='ltr'>scilicet</span> <span class='ocrx_word' id='word_1_106' title='bbox 3011 515 3224 554; x_wconf 86' lang='lat' dir='ltr'>omnes</span> <span class='ocrx_word' id='word_1_107' title='bbox 3266 522 3296 550; x_wconf 72' lang='grc' dir='ltr'><strong><em>α</em></strong></span> <span class='ocrx_word' id='word_1_108' title='bbox 3330 501 3542 558; x_wconf 90' lang='lat' dir='ltr'>tollens</span> 
     </span>
    </p>
   </div>
   <div class='ocr_carea' id='block_1_16' title="bbox 1877 577 3542 662">
    <p class='ocr_par' dir='ltr' id='par_1_16' title="bbox 1877 577 3542 662">
     <span class='ocr_line' id='line_1_16' title="bbox 1877 577 3542 662; baseline 0.013 -33"><span class='ocrx_word' id='word_1_109' title='bbox 1877 597 1904 625; x_wconf 85' lang='grc'>‹‹</span> <span class='ocrx_word' id='word_1_110' title='bbox 1947 577 2342 636; x_wconf 85' lang='lat' dir='ltr'>Nabuzardan</span> <span class='ocrx_word' id='word_1_111' title='bbox 2385 583 2665 655; x_wconf 87' lang='lat' dir='ltr'>princeps</span> <span class='ocrx_word' id='word_1_112' title='bbox 2721 585 2979 642; x_wconf 81' lang='lat' dir='ltr'>militum</span> <span class='ocrx_word' id='word_1_113' title='bbox 3011 588 3179 645; x_wconf 88' lang='lat' dir='ltr'>duxit</span> <span class='ocrx_word' id='word_1_114' title='bbox 3219 590 3297 647; x_wconf 90' lang='lat' dir='ltr'>ad</span> <span class='ocrx_word' id='word_1_115' title='bbox 3335 607 3542 662; x_wconf 84' lang='lat' dir='ltr'>regem</span> 
     </span>
    </p>
   </div>
   <div class='ocr_carea' id='block_1_17' title="bbox 1878 665 3543 750">
    <p class='ocr_par' dir='ltr' id='par_1_17' title="bbox 1878 665 3543 750">
     <span class='ocr_line' id='line_1_17' title="bbox 1878 665 3543 750; baseline 0.013 -34"><span class='ocrx_word' id='word_1_116' title='bbox 1878 685 1907 716; x_wconf 84' lang='lat'><strong>«</strong></span> <span class='ocrx_word' id='word_1_117' title='bbox 1950 665 2271 738; x_wconf 82' lang='lat' dir='ltr'>Babylonis</span> <span class='ocrx_word' id='word_1_118' title='bbox 2325 669 2386 724; x_wconf 94' lang='lat' dir='ltr'>in</span> <span class='ocrx_word' id='word_1_119' title='bbox 2449 671 2756 738; x_wconf 84' lang='lat' dir='ltr'>Reblatha,</span> <span class='ocrx_word' id='word_1_120' title='bbox 2810 677 3227 750; x_wconf 89' lang='lat' dir='ltr'>percussitque</span> <span class='ocrx_word' id='word_1_121' title='bbox 3285 695 3388 736; x_wconf 90' lang='lat' dir='ltr'>eos</span> <span class='ocrx_word' id='word_1_122' title='bbox 3438 697 3543 738; x_wconf 85' lang='lat' dir='ltr'>rex</span> 
     </span>
    </p>
   </div>
   <div class='ocr_carea' id='block_1_18' title="bbox 1877 754 3544 827">
    <p class='ocr_par' dir='ltr' id='par_1_18' title="bbox 1877 754 3544 827">
     <span class='ocr_line' id='line_1_18' title="bbox 1877 754 3544 827; baseline 0.012 -20"><span class='ocrx_word' id='word_1_123' title='bbox 1877 776 1905 804; x_wconf 85' lang='grc'>‹‹</span> <span class='ocrx_word' id='word_1_124' title='bbox 1946 754 2292 826; x_wconf 83' lang='lat' dir='ltr'>Babylonis,</span> <span class='ocrx_word' id='word_1_125' title='bbox 2323 763 2379 814; x_wconf 93' lang='lat' dir='ltr'>et</span> <span class='ocrx_word' id='word_1_126' title='bbox 2407 758 2698 817; x_wconf 87' lang='lat' dir='ltr'>interfecit</span> <span class='ocrx_word' id='word_1_127' title='bbox 2724 778 2828 818; x_wconf 90' lang='lat' dir='ltr'>eos</span> <span class='ocrx_word' id='word_1_128' title='bbox 2854 764 2915 819; x_wconf 92' lang='lat' dir='ltr'>in</span> <span class='ocrx_word' id='word_1_129' title='bbox 2947 766 3237 824; x_wconf 83' lang='lat' dir='ltr'>Reblatha</span> <span class='ocrx_word' id='word_1_130' title='bbox 3294 769 3355 824; x_wconf 91' lang='lat' dir='ltr'>in</span> <span class='ocrx_word' id='word_1_131' title='bbox 3388 773 3544 827; x_wconf 89' lang='lat' dir='ltr'>terra</span> 
     </span>
    </p>
   </div>
   <div class='ocr_carea' id='block_1_19' title="bbox 1877 843 3542 931">
    <p class='ocr_par' dir='ltr' id='par_1_19' title="bbox 1877 843 3542 931">
     <span class='ocr_line' id='line_1_19' title="bbox 1877 843 3542 931; baseline 0.014 -40"><span class='ocrx_word' id='word_1_132' title='bbox 1877 865 1906 892; x_wconf 72' lang='grc' dir='ltr'>ς(</span> <span class='ocrx_word' id='word_1_133' title='bbox 1949 843 2223 900; x_wconf 86' lang='lat' dir='ltr'>Hemath.</span> <span class='ocrx_word' id='word_1_134' title='bbox 2256 867 2287 897; x_wconf 71' lang='grc' dir='ltr'><strong><em>κ</em></strong></span> <span class='ocrx_word' id='word_1_135' title='bbox 2320 848 2470 910; x_wconf 88' lang='lat' dir='ltr'>Quia</span> <span class='ocrx_word' id='word_1_136' title='bbox 2502 849 2787 922; x_wconf 89' lang='lat' dir='ltr'>antiquus</span> <span class='ocrx_word' id='word_1_137' title='bbox 2812 853 2998 909; x_wconf 89' lang='lat' dir='ltr'>hostis</span> <span class='ocrx_word' id='word_1_138' title='bbox 3024 872 3162 910; x_wconf 91' lang='lat' dir='ltr'>cum</span> <span class='ocrx_word' id='word_1_139' title='bbox 3190 873 3297 929; x_wconf 92' lang='lat' dir='ltr'>per</span> <span class='ocrx_word' id='word_1_140' title='bbox 3332 861 3542 931; x_wconf 90' lang='lat' dir='ltr'>nequi-</span> 
     </span>
    </p>
   </div>
   <div class='ocr_carea' id='block_1_20' title="bbox 1881 932 3541 1009">
    <p class='ocr_par' dir='ltr' id='par_1_20' title="bbox 1881 932 3541 1009">
     <span class='ocr_line' id='line_1_20' title="bbox 1881 932 3541 1009; baseline 0.01 -23"><span class='ocrx_word' id='word_1_141' title='bbox 1881 932 2024 988; x_wconf 87' lang='lat' dir='ltr'>tiam</span> <span class='ocrx_word' id='word_1_142' title='bbox 2063 951 2238 990; x_wconf 89' lang='lat' dir='ltr'>suam</span> <span class='ocrx_word' id='word_1_143' title='bbox 2287 936 2465 992; x_wconf 87' lang='lat' dir='ltr'>talem</span> <span class='ocrx_word' id='word_1_144' title='bbox 2516 939 2786 1009; x_wconf 61' lang='lat' dir='ltr'>praedam</span> <span class='ocrx_word' id='word_1_145' title='bbox 2837 941 2914 997; x_wconf 91' lang='lat' dir='ltr'>ab</span> <span class='ocrx_word' id='word_1_146' title='bbox 2971 945 3229 1001; x_wconf 84' lang='lat' dir='ltr'>Ecclesia</span> <span class='ocrx_word' id='word_1_147' title='bbox 3282 947 3541 1003; x_wconf 89' lang='lat' dir='ltr'>evellens</span> 
     </span>
    </p>
   </div>
   <div class='ocr_carea' id='block_1_21' title="bbox 1879 1020 3541 1103">
    <p class='ocr_par' dir='ltr' id='par_1_21' title="bbox 1879 1020 3541 1103">
     <span class='ocr_line' id='line_1_21' title="bbox 1879 1020 3541 1103; baseline 0.011 -28"><span class='ocrx_word' id='word_1_148' title='bbox 1879 1020 2046 1092; x_wconf 90' lang='lat' dir='ltr'>tollit,</span> <span class='ocrx_word' id='word_1_149' title='bbox 2069 1023 2183 1078; x_wconf 91' lang='lat' dir='ltr'>hoc</span> <span class='ocrx_word' id='word_1_150' title='bbox 2214 1029 2352 1080; x_wconf 89' lang='lat' dir='ltr'>voto</span> <span class='ocrx_word' id='word_1_151' title='bbox 2384 1025 2595 1097; x_wconf 88' lang='lat' dir='ltr'>ambit,</span> <span class='ocrx_word' id='word_1_152' title='bbox 2645 1028 2760 1084; x_wconf 88' lang='lat' dir='ltr'>hoc</span> <span class='ocrx_word' id='word_1_153' title='bbox 2791 1033 2912 1086; x_wconf 89' lang='lat' dir='ltr'>toto</span> <span class='ocrx_word' id='word_1_154' title='bbox 2945 1032 3141 1088; x_wconf 91' lang='lat' dir='ltr'>studio</span> <span class='ocrx_word' id='word_1_155' title='bbox 3180 1035 3320 1103; x_wconf 83' lang='lat' dir='ltr'>agit,</span> <span class='ocrx_word' id='word_1_156' title='bbox 3368 1040 3434 1092; x_wconf 90' lang='lat' dir='ltr'>ut</span> <span class='ocrx_word' id='word_1_157' title='bbox 3463 1037 3541 1092; x_wconf 91' lang='lat' dir='ltr'>ad</span> 
     </span>
    </p>
   </div>
   <div class='ocr_carea' id='block_1_22' title="bbox 1879 1111 3541 1193">
    <p class='ocr_par' dir='ltr' id='par_1_22' title="bbox 1879 1111 3541 1193">
     <span class='ocr_line' id='line_1_22' title="bbox 1879 1111 3541 1193; baseline 0.01 -29"><span class='ocrx_word' id='word_1_158' title='bbox 1879 1111 2180 1184; x_wconf 70' lang='lat' dir='ltr'>perpetua:</span> <span class='ocrx_word' id='word_1_159' title='bbox 2207 1113 2416 1169; x_wconf 91' lang='lat' dir='ltr'>mortis</span> <span class='ocrx_word' id='word_1_160' title='bbox 2445 1115 2916 1175; x_wconf 83' lang='lat' dir='ltr'>interfectionem</span> <span class='ocrx_word' id='word_1_161' title='bbox 2934 1136 3036 1176; x_wconf 89' lang='lat' dir='ltr'>eos</span> <span class='ocrx_word' id='word_1_162' title='bbox 3064 1124 3541 1193; x_wconf 88' lang='lat' dir='ltr'>perducat.Quos</span> 
     </span>
    </p>
   </div>
   <div class='ocr_carea' id='block_1_23' title="bbox 1881 1202 3541 1277">
    <p class='ocr_par' dir='ltr' id='par_1_23' title="bbox 1881 1202 3541 1277">
     <span class='ocr_line' id='line_1_23' title="bbox 1881 1202 3541 1277; baseline 0.01 -23"><span class='ocrx_word' id='word_1_163' title='bbox 1881 1202 2135 1272; x_wconf 84' lang='lat' dir='ltr'>percutit</span> <span class='ocrx_word' id='word_1_164' title='bbox 2185 1218 2288 1258; x_wconf 89' lang='lat' dir='ltr'>rex</span> <span class='ocrx_word' id='word_1_165' title='bbox 2332 1203 2704 1262; x_wconf 86' lang='lat' dir='ltr'>confusionis</span> <span class='ocrx_word' id='word_1_166' title='bbox 2753 1208 2814 1264; x_wconf 90' lang='lat' dir='ltr'>in</span> <span class='ocrx_word' id='word_1_167' title='bbox 2859 1209 3168 1277; x_wconf 72' lang='lat' dir='ltr'>Beblatha,</span> <span class='ocrx_word' id='word_1_168' title='bbox 3220 1213 3334 1268; x_wconf 92' lang='lat' dir='ltr'>hoc</span> <span class='ocrx_word' id='word_1_169' title='bbox 3365 1219 3451 1270; x_wconf 91' lang='lat' dir='ltr'>est</span> <span class='ocrx_word' id='word_1_170' title='bbox 3478 1215 3541 1270; x_wconf 92' lang='lat' dir='ltr'>in</span> 
     </span>
    </p>
   </div>
   <div class='ocr_carea' id='block_1_24' title="bbox 1876 1290 3542 1372">
    <p class='ocr_par' dir='ltr' id='par_1_24' title="bbox 1876 1290 3542 1372">
     <span class='ocr_line' id='line_1_24' title="bbox 1876 1290 3542 1372; baseline 0.009 -28"><span class='ocrx_word' id='word_1_171' title='bbox 1876 1290 2262 1346; x_wconf 87' lang='lat' dir='ltr'>multitudine</span> <span class='ocrx_word' id='word_1_172' title='bbox 2295 1293 2584 1349; x_wconf 87' lang='lat' dir='ltr'>scelerum</span> <span class='ocrx_word' id='word_1_173' title='bbox 2610 1300 2665 1350; x_wconf 88' lang='lat' dir='ltr'>ct</span> <span class='ocrx_word' id='word_1_174' title='bbox 2698 1312 2904 1352; x_wconf 91' lang='lat' dir='ltr'>amore</span> <span class='ocrx_word' id='word_1_175' title='bbox 2943 1299 3342 1372; x_wconf 82' lang='lat' dir='ltr'>voluptatum.</span> <span class='ocrx_word' id='word_1_176' title='bbox 3379 1304 3542 1359; x_wconf 86' lang='lat' dir='ltr'>Unde</span> 
     </span>
    </p>
   </div>
   <div class='ocr_carea' id='block_1_25' title="bbox 74 1373 3541 1464">
    <p class='ocr_par' dir='ltr' id='par_1_25' title="bbox 74 1373 3541 1464">
     <span class='ocr_line' id='line_1_25' title="bbox 74 1373 3541 1464; baseline 0.004 -30"><span class='ocrx_word' id='word_1_177' title='bbox 74 1384 274 1434; x_wconf 88' lang='lat' dir='ltr'>tatem</span> <span class='ocrx_word' id='word_1_178' title='bbox 321 1376 517 1433; x_wconf 88' lang='lat' dir='ltr'>hostis</span> <span class='ocrx_word' id='word_1_179' title='bbox 571 1392 837 1448; x_wconf 90' lang='lat' dir='ltr'>nequam</span> <span class='ocrx_word' id='word_1_180' title='bbox 884 1376 958 1431; x_wconf 88' lang='lat' dir='ltr'>de</span> <span class='ocrx_word' id='word_1_181' title='bbox 1016 1377 1204 1432; x_wconf 92' lang='lat' dir='ltr'>domo</span> <span class='ocrx_word' id='word_1_182' title='bbox 1266 1376 1504 1432; x_wconf 88' lang='lat' dir='ltr'>Domini</span> <span class='ocrx_word' id='word_1_183' title='bbox 1537 1373 1773 1432; x_wconf 88' lang='lat' dir='ltr'>auferre</span> <span class='ocrx_word' id='word_1_184' title='bbox 1884 1379 2184 1451; x_wconf 87' lang='lat' dir='ltr'>Scriptura</span> <span class='ocrx_word' id='word_1_185' title='bbox 2228 1381 2406 1437; x_wconf 90' lang='lat' dir='ltr'>dicit:</span> <span class='ocrx_word' id='word_1_186' title='bbox 2464 1402 2493 1435; x_wconf 86' lang='grc'>‹</span> <span class='ocrx_word' id='word_1_187' title='bbox 2523 1386 2663 1440; x_wconf 88' lang='lat' dir='ltr'>Lata</span> <span class='ocrx_word' id='word_1_188' title='bbox 2706 1390 2762 1440; x_wconf 90' lang='lat' dir='ltr'>et</span> <span class='ocrx_word' id='word_1_189' title='bbox 2811 1387 3072 1459; x_wconf 88' lang='lat' dir='ltr'>spatiosa</span> <span class='ocrx_word' id='word_1_190' title='bbox 3110 1390 3209 1446; x_wconf 91' lang='lat' dir='ltr'>via</span> <span class='ocrx_word' id='word_1_191' title='bbox 3261 1395 3373 1459; x_wconf 91' lang='lat' dir='ltr'>est,</span> <span class='ocrx_word' id='word_1_192' title='bbox 3404 1408 3541 1464; x_wconf 67' lang='lat' dir='ltr'>quae</span> 
     </span>
    </p>
   </div>
   <div class='ocr_carea' id='block_1_26' title="bbox 75 1466 1447 1525">
    <p class='ocr_par' dir='ltr' id='par_1_26' title="bbox 75 1466 1447 1525">
     <span class='ocr_line' id='line_1_26' title="bbox 75 1466 1447 1525; baseline -0.001 -1"><span class='ocrx_word' id='word_1_193' title='bbox 75 1468 332 1525; x_wconf 86' lang='lat' dir='ltr'>molitur</span> <span class='ocrx_word' id='word_1_194' title='bbox 354 1473 410 1523; x_wconf 92' lang='lat' dir='ltr'>et</span> <span class='ocrx_word' id='word_1_195' title='bbox 441 1483 648 1522; x_wconf 89' lang='lat' dir='ltr'>secum</span> <span class='ocrx_word' id='word_1_196' title='bbox 679 1466 739 1522; x_wconf 88' lang='lat' dir='ltr'>in</span> <span class='ocrx_word' id='word_1_197' title='bbox 762 1466 1186 1522; x_wconf 87' lang='lat' dir='ltr'>confusionem</span> <span class='ocrx_word' id='word_1_198' title='bbox 1208 1466 1447 1522; x_wconf 90' lang='lat' dir='ltr'>ducere.</span> 
     </span>
    </p>
   </div>
   <div class='ocr_carea' id='block_1_27' title="bbox 157 1555 1774 1630">
    <p class='ocr_par' dir='ltr' id='par_1_27' title="bbox 157 1555 1774 1630">
     <span class='ocr_line' id='line_1_27' title="bbox 157 1555 1774 1630; baseline -0.003 -17"><span class='ocrx_word' id='word_1_199' title='bbox 157 1581 186 1607; x_wconf 74' lang='grc' dir='ltr'><strong><em>ιι</em></strong></span> <span class='ocrx_word' id='word_1_200' title='bbox 230 1557 384 1614; x_wconf 85' lang='lat' dir='ltr'>Tulit</span> <span class='ocrx_word' id='word_1_201' title='bbox 415 1573 660 1630; x_wconf 90' lang='lat' dir='ltr'>quoque</span> <span class='ocrx_word' id='word_1_202' title='bbox 692 1557 973 1628; x_wconf 88' lang='lat' dir='ltr'>princeps</span> <span class='ocrx_word' id='word_1_203' title='bbox 1012 1556 1235 1612; x_wconf 65' lang='lat' dir='ltr'>militiae</span> <span class='ocrx_word' id='word_1_204' title='bbox 1283 1555 1551 1613; x_wconf 87' lang='lat' dir='ltr'>Saraiam</span> <span class='ocrx_word' id='word_1_205' title='bbox 1582 1569 1774 1610; x_wconf 88' lang='lat' dir='ltr'>sacer-</span> 
     </span>
    </p>
   </div>
   <div class='ocr_carea' id='block_1_28' title="bbox 79 1643 1766 1719">
    <p class='ocr_par' dir='ltr' id='par_1_28' title="bbox 79 1643 1766 1719">
     <span class='ocr_line' id='line_1_28' title="bbox 79 1643 1766 1719; baseline -0.002 -17"><span class='ocrx_word' id='word_1_206' title='bbox 79 1670 108 1696; x_wconf 84' lang='lat'><strong><em>«</em></strong></span> <span class='ocrx_word' id='word_1_207' title='bbox 155 1647 367 1703; x_wconf 92' lang='lat' dir='ltr'>dotem</span> <span class='ocrx_word' id='word_1_208' title='bbox 396 1645 686 1719; x_wconf 90' lang='lat' dir='ltr'>primum,</span> <span class='ocrx_word' id='word_1_209' title='bbox 722 1650 778 1700; x_wconf 93' lang='lat' dir='ltr'>et</span> <span class='ocrx_word' id='word_1_210' title='bbox 832 1645 1206 1718; x_wconf 91' lang='lat' dir='ltr'>Sophoniam</span> <span class='ocrx_word' id='word_1_211' title='bbox 1267 1643 1641 1700; x_wconf 86' lang='lat' dir='ltr'>sacerdotem</span> <span class='ocrx_word' id='word_1_212' title='bbox 1675 1659 1766 1698; x_wconf 61' lang='lat' dir='ltr'>se.</span> 
     </span>
    </p>
   </div>
   <div class='ocr_carea' id='block_1_29' title="bbox 1881 1468 3544 1553">
    <p class='ocr_par' dir='ltr' id='par_1_29' title="bbox 1881 1468 3544 1553">
     <span class='ocr_line' id='line_1_29' title="bbox 1881 1468 3544 1553; baseline 0.009 -31"><span class='ocrx_word' id='word_1_213' title='bbox 1881 1468 2045 1524; x_wconf 85' lang='lat' dir='ltr'>ducit</span> <span class='ocrx_word' id='word_1_214' title='bbox 2074 1469 2152 1524; x_wconf 90' lang='lat' dir='ltr'>ad</span> <span class='ocrx_word' id='word_1_215' title='bbox 2203 1476 2480 1544; x_wconf 86' lang='lat' dir='ltr'>mortem,</span> <span class='ocrx_word' id='word_1_216' title='bbox 2512 1477 2569 1528; x_wconf 91' lang='lat' dir='ltr'>et</span> <span class='ocrx_word' id='word_1_217' title='bbox 2627 1474 2798 1530; x_wconf 91' lang='lat' dir='ltr'>multi</span> <span class='ocrx_word' id='word_1_218' title='bbox 2849 1480 2988 1532; x_wconf 92' lang='lat' dir='ltr'>sunt</span> <span class='ocrx_word' id='word_1_219' title='bbox 3037 1477 3143 1549; x_wconf 91' lang='lat' dir='ltr'>qui</span> <span class='ocrx_word' id='word_1_220' title='bbox 3184 1478 3408 1536; x_wconf 91' lang='lat' dir='ltr'>intrant</span> <span class='ocrx_word' id='word_1_221' title='bbox 3437 1497 3544 1553; x_wconf 93' lang='lat' dir='ltr'>per</span> 
     </span>
    </p>
   </div>
   <div class='ocr_carea' id='block_1_30' title="bbox 1880 1558 3544 1630">
    <p class='ocr_par' dir='ltr' id='par_1_30' title="bbox 1880 1558 3544 1630">
     <span class='ocr_line' id='line_1_30' title="bbox 1880 1558 3544 1630; baseline 0.008 -18"><span class='ocrx_word' id='word_1_222' title='bbox 1880 1572 2015 1612; x_wconf 89' lang='lat' dir='ltr'>eam</span> <span class='ocrx_word' id='word_1_223' title='bbox 2057 1558 2295 1626; x_wconf 74' lang='lat' dir='ltr'>(Matth.</span> <span class='ocrx_word' id='word_1_224' title='bbox 2320 1562 2434 1630; x_wconf 80' lang='lat' dir='ltr'>vn).</span> <span class='ocrx_word' id='word_1_225' title='bbox 2472 1583 2498 1612; x_wconf 83' lang='grc'><strong>»</strong></span> <span class='ocrx_word' id='word_1_226' title='bbox 2528 1591 2601 1604; x_wconf 91' lang='grc'><strong>-</strong></span> <span class='ocrx_word' id='word_1_227' title='bbox 2651 1586 2678 1612; x_wconf 91' lang='grc'>‹‹</span> <span class='ocrx_word' id='word_1_228' title='bbox 2723 1567 2787 1620; x_wconf 90' lang='lat' dir='ltr'>Et</span> <span class='ocrx_word' id='word_1_229' title='bbox 2818 1565 3138 1622; x_wconf 89' lang='lat' dir='ltr'>translatus</span> <span class='ocrx_word' id='word_1_230' title='bbox 3169 1572 3259 1623; x_wconf 91' lang='lat' dir='ltr'>est</span> <span class='ocrx_word' id='word_1_231' title='bbox 3284 1569 3438 1626; x_wconf 84' lang='lat' dir='ltr'>Juda</span> <span class='ocrx_word' id='word_1_232' title='bbox 3468 1572 3544 1626; x_wconf 86' lang='lat' dir='ltr'>de</span> 
     </span>
    </p>
   </div>
   <div class='ocr_carea' id='block_1_31' title="bbox 1881 1651 3542 1724">
    <p class='ocr_par' dir='ltr' id='par_1_31' title="bbox 1881 1651 3542 1724">
     <span class='ocr_line' id='line_1_31' title="bbox 1881 1651 3542 1724; baseline 0.009 -24"><span class='ocrx_word' id='word_1_233' title='bbox 1881 1651 2036 1702; x_wconf 88' lang='lat' dir='ltr'>terra</span> <span class='ocrx_word' id='word_1_234' title='bbox 2094 1664 2224 1704; x_wconf 87' lang='lat' dir='ltr'>sua.</span> <span class='ocrx_word' id='word_1_235' title='bbox 2258 1668 2287 1702; x_wconf 84' lang='grc'>›</span> <span class='ocrx_word' id='word_1_236' title='bbox 2322 1652 2470 1706; x_wconf 85' lang='lat' dir='ltr'>Cum</span> <span class='ocrx_word' id='word_1_237' title='bbox 2522 1651 2604 1706; x_wconf 92' lang='lat' dir='ltr'>illi</span> <span class='ocrx_word' id='word_1_238' title='bbox 2655 1654 2759 1724; x_wconf 89' lang='lat' dir='ltr'>qui</span> <span class='ocrx_word' id='word_1_239' title='bbox 2801 1654 3239 1712; x_wconf 90' lang='lat' dir='ltr'>confessionem</span> <span class='ocrx_word' id='word_1_240' title='bbox 3277 1658 3542 1714; x_wconf 90' lang='lat' dir='ltr'>nominis</span> 
     </span>
    </p>
   </div>
   <div class='ocr_carea' id='block_1_32' title="bbox 78 1733 3545 1817">
    <p class='ocr_par' dir='ltr' id='par_1_32' title="bbox 78 1733 3545 1817">
     <span class='ocr_line' id='line_1_32' title="bbox 78 1733 3545 1817; baseline 0.003 -26"><span class='ocrx_word' id='word_1_241' title='bbox 78 1758 108 1785; x_wconf 86' lang='grc'>‹‹</span> <span class='ocrx_word' id='word_1_242' title='bbox 154 1735 458 1803; x_wconf 89' lang='lat' dir='ltr'>cundum,</span> <span class='ocrx_word' id='word_1_243' title='bbox 491 1740 548 1790; x_wconf 89' lang='lat' dir='ltr'>et</span> <span class='ocrx_word' id='word_1_244' title='bbox 578 1739 693 1790; x_wconf 89' lang='lat' dir='ltr'>tres</span> <span class='ocrx_word' id='word_1_245' title='bbox 719 1735 1037 1805; x_wconf 87' lang='lat' dir='ltr'>janitores;</span> <span class='ocrx_word' id='word_1_246' title='bbox 1072 1740 1128 1789; x_wconf 90' lang='lat' dir='ltr'>et</span> <span class='ocrx_word' id='word_1_247' title='bbox 1158 1734 1386 1790; x_wconf 80' lang='lat' dir='ltr'>civitate</span> <span class='ocrx_word' id='word_1_248' title='bbox 1419 1733 1765 1788; x_wconf 86' lang='lat' dir='ltr'>eunuchum</span> <span class='ocrx_word' id='word_1_249' title='bbox 1799 1752 1852 1807; x_wconf 69' lang='grc' dir='ltr'>Β</span> <span class='ocrx_word' id='word_1_250' title='bbox 1883 1736 1982 1791; x_wconf 83' lang='lat' dir='ltr'>Dei</span> <span class='ocrx_word' id='word_1_251' title='bbox 2006 1736 2066 1791; x_wconf 94' lang='lat' dir='ltr'>in</span> <span class='ocrx_word' id='word_1_252' title='bbox 2114 1737 2373 1793; x_wconf 88' lang='lat' dir='ltr'>Ecclesia</span> <span class='ocrx_word' id='word_1_253' title='bbox 2404 1739 2764 1797; x_wconf 87' lang='lat' dir='ltr'>videbantur</span> <span class='ocrx_word' id='word_1_254' title='bbox 2788 1743 3031 1814; x_wconf 86' lang='lat' dir='ltr'>habere,</span> <span class='ocrx_word' id='word_1_255' title='bbox 3064 1761 3171 1817; x_wconf 91' lang='lat' dir='ltr'>per</span> <span class='ocrx_word' id='word_1_256' title='bbox 3219 1747 3445 1804; x_wconf 89' lang='lat' dir='ltr'>scelera</span> <span class='ocrx_word' id='word_1_257' title='bbox 3489 1750 3545 1803; x_wconf 89' lang='lat' dir='ltr'>et</span> 
     </span>
    </p>
   </div>
   <div class='ocr_carea' id='block_1_33' title="bbox 79 1823 1766 1896">
    <p class='ocr_par' dir='ltr' id='par_1_33' title="bbox 79 1823 1766 1896">
     <span class='ocr_line' id='line_1_33' title="bbox 79 1823 1766 1896; baseline -0.003 -16"><span class='ocrx_word' id='word_1_258' title='bbox 79 1848 108 1873; x_wconf 88' lang='lat'><strong>«</strong></span> <span class='ocrx_word' id='word_1_259' title='bbox 157 1841 378 1891; x_wconf 90' lang='lat' dir='ltr'>unum,</span> <span class='ocrx_word' id='word_1_260' title='bbox 403 1824 507 1896; x_wconf 90' lang='lat' dir='ltr'>qui</span> <span class='ocrx_word' id='word_1_261' title='bbox 541 1828 670 1879; x_wconf 90' lang='lat' dir='ltr'>erat</span> <span class='ocrx_word' id='word_1_262' title='bbox 698 1824 1014 1896; x_wconf 62' lang='lat' dir='ltr'>praefectus</span> <span class='ocrx_word' id='word_1_263' title='bbox 1032 1840 1213 1896; x_wconf 86' lang='lat' dir='ltr'>super</span> <span class='ocrx_word' id='word_1_264' title='bbox 1234 1823 1391 1878; x_wconf 91' lang='lat' dir='ltr'>viros</span> <span class='ocrx_word' id='word_1_265' title='bbox 1413 1823 1766 1889; x_wconf 85' lang='lat' dir='ltr'>bellatores;</span> 
     </span>
    </p>
   </div>
   <div class='ocr_carea' id='block_1_34' title="bbox 77 1912 1765 1986">
    <p class='ocr_par' dir='ltr' id='par_1_34' title="bbox 77 1912 1765 1986">
     <span class='ocr_line' id='line_1_34' title="bbox 77 1912 1765 1986; baseline -0.003 -15"><span class='ocrx_word' id='word_1_266' title='bbox 77 1937 107 1964; x_wconf 82' lang='lat'>«</span> <span class='ocrx_word' id='word_1_267' title='bbox 149 1920 215 1971; x_wconf 87' lang='lat' dir='ltr'>et</span> <span class='ocrx_word' id='word_1_268' title='bbox 238 1914 512 1986; x_wconf 89' lang='lat' dir='ltr'>quinque</span> <span class='ocrx_word' id='word_1_269' title='bbox 533 1912 693 1968; x_wconf 87' lang='lat' dir='ltr'>viros</span> <span class='ocrx_word' id='word_1_270' title='bbox 718 1913 838 1968; x_wconf 82' lang='lat' dir='ltr'>deli</span> <span class='ocrx_word' id='word_1_271' title='bbox 864 1913 912 1968; x_wconf 92' lang='lat' dir='ltr'>is</span> <span class='ocrx_word' id='word_1_272' title='bbox 939 1913 1046 1985; x_wconf 88' lang='lat' dir='ltr'>qui</span> <span class='ocrx_word' id='word_1_273' title='bbox 1071 1917 1355 1969; x_wconf 85' lang='lat' dir='ltr'>steterant</span> <span class='ocrx_word' id='word_1_274' title='bbox 1373 1928 1582 1968; x_wconf 91' lang='lat' dir='ltr'>coram</span> <span class='ocrx_word' id='word_1_275' title='bbox 1603 1927 1765 1980; x_wconf 89' lang='lat' dir='ltr'>rege,</span> 
     </span>
    </p>
   </div>
   <div class='ocr_carea' id='block_1_35' title="bbox 80 2001 1767 2077">
    <p class='ocr_par' dir='ltr' id='par_1_35' title="bbox 80 2001 1767 2077">
     <span class='ocr_line' id='line_1_35' title="bbox 80 2001 1767 2077; baseline 0.002 -24"><span class='ocrx_word' id='word_1_276' title='bbox 80 2028 110 2053; x_wconf 90' lang='grc'><strong>‹‹</strong></span> <span class='ocrx_word' id='word_1_277' title='bbox 157 2019 321 2077; x_wconf 89' lang='lat' dir='ltr'>quos</span> <span class='ocrx_word' id='word_1_278' title='bbox 378 2003 597 2075; x_wconf 89' lang='lat' dir='ltr'>reperit</span> <span class='ocrx_word' id='word_1_279' title='bbox 653 2002 714 2057; x_wconf 90' lang='lat' dir='ltr'>in</span> <span class='ocrx_word' id='word_1_280' title='bbox 762 2003 1028 2070; x_wconf 88' lang='lat' dir='ltr'>civitate;</span> <span class='ocrx_word' id='word_1_281' title='bbox 1075 2008 1132 2058; x_wconf 87' lang='lat' dir='ltr'>et</span> <span class='ocrx_word' id='word_1_282' title='bbox 1175 2003 1404 2074; x_wconf 90' lang='lat' dir='ltr'>Sopher</span> <span class='ocrx_word' id='word_1_283' title='bbox 1432 2001 1767 2074; x_wconf 84' lang='lat' dir='ltr'>principem</span> 
     </span>
    </p>
   </div>
   <div class='ocr_carea' id='block_1_36' title="bbox 81 2090 1764 2164">
    <p class='ocr_par' dir='ltr' id='par_1_36' title="bbox 81 2090 1764 2164">
     <span class='ocr_line' id='line_1_36' title="bbox 81 2090 1764 2164; baseline -0.003 -16"><span class='ocrx_word' id='word_1_284' title='bbox 81 2115 112 2142; x_wconf 81' lang='grc'><em>‹‹</em></span> <span class='ocrx_word' id='word_1_285' title='bbox 161 2093 485 2150; x_wconf 87' lang='lat' dir='ltr'>exercitus.</span> <span class='ocrx_word' id='word_1_286' title='bbox 502 2091 612 2164; x_wconf 87' lang='lat' dir='ltr'>qui</span> <span class='ocrx_word' id='word_1_287' title='bbox 635 2091 938 2164; x_wconf 86' lang='lat' dir='ltr'>probabat</span> <span class='ocrx_word' id='word_1_288' title='bbox 958 2096 1202 2163; x_wconf 87' lang='lat' dir='ltr'>tyrones</span> <span class='ocrx_word' id='word_1_289' title='bbox 1221 2091 1296 2146; x_wconf 90' lang='lat' dir='ltr'>de</span> <span class='ocrx_word' id='word_1_290' title='bbox 1323 2090 1550 2162; x_wconf 89' lang='lat' dir='ltr'>populo</span> <span class='ocrx_word' id='word_1_291' title='bbox 1573 2094 1764 2160; x_wconf 68' lang='lat' dir='ltr'>terrae,</span> 
     </span>
    </p>
   </div>
   <div class='ocr_carea' id='block_1_37' title="bbox 82 2179 1768 2252">
    <p class='ocr_par' dir='ltr' id='par_1_37' title="bbox 82 2179 1768 2252">
     <span class='ocr_line' id='line_1_37' title="bbox 82 2179 1768 2252; baseline -0.003 -14"><span class='ocrx_word' id='word_1_292' title='bbox 82 2208 112 2232; x_wconf 73' lang='grc' dir='ltr'>α</span> <span class='ocrx_word' id='word_1_293' title='bbox 157 2187 220 2238; x_wconf 90' lang='lat' dir='ltr'>et</span> <span class='ocrx_word' id='word_1_294' title='bbox 275 2182 591 2251; x_wconf 79' lang='lat' dir='ltr'>sexaginta</span> <span class='ocrx_word' id='word_1_295' title='bbox 633 2180 796 2237; x_wconf 89' lang='lat' dir='ltr'>viros</span> <span class='ocrx_word' id='word_1_296' title='bbox 825 2195 857 2236; x_wconf 92' lang='lat' dir='ltr'>e</span> <span class='ocrx_word' id='word_1_297' title='bbox 904 2179 1109 2250; x_wconf 90' lang='lat' dir='ltr'>vulgo,</span> <span class='ocrx_word' id='word_1_298' title='bbox 1138 2180 1246 2252; x_wconf 91' lang='lat' dir='ltr'>qui</span> <span class='ocrx_word' id='word_1_299' title='bbox 1274 2179 1501 2235; x_wconf 90' lang='lat' dir='ltr'>inventi</span> <span class='ocrx_word' id='word_1_300' title='bbox 1531 2179 1768 2234; x_wconf 86' lang='lat' dir='ltr'>fuerant</span> 
     </span>
    </p>
   </div>
   <div class='ocr_carea' id='block_1_38' title="bbox 83 2268 1766 2340">
    <p class='ocr_par' dir='ltr' id='par_1_38' title="bbox 83 2268 1766 2340">
     <span class='ocr_line' id='line_1_38' title="bbox 83 2268 1766 2340; baseline -0.002 -15"><span class='ocrx_word' id='word_1_301' title='bbox 83 2292 115 2325; x_wconf 85' lang='grc'><strong>‹</strong></span> <span class='ocrx_word' id='word_1_302' title='bbox 157 2272 224 2327; x_wconf 88' lang='lat' dir='ltr'>in</span> <span class='ocrx_word' id='word_1_303' title='bbox 283 2271 540 2327; x_wconf 84' lang='lat' dir='ltr'>civitate.</span> <span class='ocrx_word' id='word_1_304' title='bbox 599 2271 761 2335; x_wconf 86' lang='lat' dir='ltr'>Quos</span> <span class='ocrx_word' id='word_1_305' title='bbox 794 2268 1003 2324; x_wconf 91' lang='lat' dir='ltr'>tollens</span> <span class='ocrx_word' id='word_1_306' title='bbox 1046 2268 1442 2324; x_wconf 88' lang='lat' dir='ltr'>Nabuzardan</span> <span class='ocrx_word' id='word_1_307' title='bbox 1484 2269 1766 2340; x_wconf 78' lang='lat' dir='ltr'>princeps</span> 
     </span>
    </p>
   </div>
   <div class='ocr_carea' id='block_1_39' title="bbox 85 2358 1766 2431">
    <p class='ocr_par' dir='ltr' id='par_1_39' title="bbox 85 2358 1766 2431">
     <span class='ocr_line' id='line_1_39' title="bbox 85 2358 1766 2431; baseline -0.002 -14"><span class='ocrx_word' id='word_1_308' title='bbox 85 2385 116 2410; x_wconf 77' lang='grc' dir='ltr'><strong><em>κ</em></strong></span> <span class='ocrx_word' id='word_1_309' title='bbox 164 2361 449 2430; x_wconf 85' lang='lat' dir='ltr'>militum,</span> <span class='ocrx_word' id='word_1_310' title='bbox 476 2360 652 2416; x_wconf 78' lang='lat' dir='ltr'>duxit</span> <span class='ocrx_word' id='word_1_311' title='bbox 679 2359 759 2414; x_wconf 86' lang='lat' dir='ltr'>ad</span> <span class='ocrx_word' id='word_1_312' title='bbox 790 2374 996 2428; x_wconf 81' lang='lat' dir='ltr'>regem</span> <span class='ocrx_word' id='word_1_313' title='bbox 1031 2359 1356 2431; x_wconf 78' lang='lat' dir='ltr'>Babylonis</span> <span class='ocrx_word' id='word_1_314' title='bbox 1383 2359 1444 2414; x_wconf 90' lang='lat' dir='ltr'>in</span> <span class='ocrx_word' id='word_1_315' title='bbox 1475 2358 1766 2414; x_wconf 80' lang='lat' dir='ltr'>Reblatlia</span> 
     </span>
    </p>
   </div>
   <div class='ocr_carea' id='block_1_40' title="bbox 84 2447 1765 2525">
    <p class='ocr_par' dir='ltr' id='par_1_40' title="bbox 84 2447 1765 2525">
     <span class='ocr_line' id='line_1_40' title="bbox 84 2447 1765 2525; baseline -0.002 -18"><span class='ocrx_word' id='word_1_316' title='bbox 84 2473 114 2501; x_wconf 86' lang='grc'>‹‹</span> <span class='ocrx_word' id='word_1_317' title='bbox 161 2453 578 2525; x_wconf 86' lang='lat' dir='ltr'>percussitque</span> <span class='ocrx_word' id='word_1_318' title='bbox 625 2467 730 2506; x_wconf 91' lang='lat' dir='ltr'>eos</span> <span class='ocrx_word' id='word_1_319' title='bbox 759 2465 865 2505; x_wconf 90' lang='lat' dir='ltr'>rex</span> <span class='ocrx_word' id='word_1_320' title='bbox 910 2450 1231 2522; x_wconf 73' lang='lat' dir='ltr'>Babylonis</span> <span class='ocrx_word' id='word_1_321' title='bbox 1262 2454 1320 2504; x_wconf 91' lang='lat' dir='ltr'>et</span> <span class='ocrx_word' id='word_1_322' title='bbox 1346 2447 1671 2517; x_wconf 85' lang='lat' dir='ltr'>interfecit;</span> <span class='ocrx_word' id='word_1_323' title='bbox 1703 2448 1765 2503; x_wconf 90' lang='lat' dir='ltr'>in</span> 
     </span>
    </p>
   </div>
   <div class='ocr_carea' id='block_1_41' title="bbox 89 2537 1768 2598">
    <p class='ocr_par' dir='ltr' id='par_1_41' title="bbox 89 2537 1768 2598">
     <span class='ocr_line' id='line_1_41' title="bbox 89 2537 1768 2598; baseline -0.001 -2"><span class='ocrx_word' id='word_1_324' title='bbox 89 2563 120 2596; x_wconf 68' lang='grc' dir='ltr'><strong><em>α</em></strong></span> <span class='ocrx_word' id='word_1_325' title='bbox 163 2541 456 2598; x_wconf 81' lang='lat' dir='ltr'>Beblatha</span> <span class='ocrx_word' id='word_1_326' title='bbox 481 2543 543 2596; x_wconf 91' lang='lat' dir='ltr'>in</span> <span class='ocrx_word' id='word_1_327' title='bbox 570 2544 728 2596; x_wconf 89' lang='lat' dir='ltr'>terra</span> <span class='ocrx_word' id='word_1_328' title='bbox 761 2540 1036 2595; x_wconf 86' lang='lat' dir='ltr'>Hemath.</span> <span class='ocrx_word' id='word_1_329' title='bbox 1071 2542 1134 2594; x_wconf 87' lang='lat' dir='ltr'>Et</span> <span class='ocrx_word' id='word_1_330' title='bbox 1155 2539 1478 2594; x_wconf 89' lang='lat' dir='ltr'>translatus</span> <span class='ocrx_word' id='word_1_331' title='bbox 1500 2543 1590 2594; x_wconf 86' lang='lat' dir='ltr'>est</span> <span class='ocrx_word' id='word_1_332' title='bbox 1608 2537 1768 2594; x_wconf 85' lang='lat' dir='ltr'>Juda</span> 
     </span>
    </p>
   </div>
   <div class='ocr_carea' id='block_1_42' title="bbox 87 2626 1767 2701">
    <p class='ocr_par' dir='ltr' id='par_1_42' title="bbox 87 2626 1767 2701">
     <span class='ocr_line' id='line_1_42' title="bbox 87 2626 1767 2701; baseline -0.003 -13"><span class='ocrx_word' id='word_1_333' title='bbox 87 2656 116 2682; x_wconf 76' lang='grc' dir='ltr'><em>α</em></span> <span class='ocrx_word' id='word_1_334' title='bbox 163 2633 240 2688; x_wconf 93' lang='lat' dir='ltr'>de</span> <span class='ocrx_word' id='word_1_335' title='bbox 273 2636 429 2688; x_wconf 88' lang='lat' dir='ltr'>terra</span> <span class='ocrx_word' id='word_1_336' title='bbox 458 2645 593 2685; x_wconf 84' lang='lat' dir='ltr'>sua.</span> <span class='ocrx_word' id='word_1_337' title='bbox 629 2651 658 2680; x_wconf 81' lang='lat'><strong>»</strong></span> <span class='ocrx_word' id='word_1_338' title='bbox 699 2634 826 2685; x_wconf 82' lang='lat' dir='ltr'>Non</span> <span class='ocrx_word' id='word_1_339' title='bbox 855 2630 1053 2685; x_wconf 85' lang='lat' dir='ltr'>solum</span> <span class='ocrx_word' id='word_1_340' title='bbox 1089 2629 1253 2686; x_wconf 90' lang='lat' dir='ltr'>enim</span> <span class='ocrx_word' id='word_1_341' title='bbox 1277 2628 1626 2701; x_wconf 87' lang='lat' dir='ltr'>populares,</span> <span class='ocrx_word' id='word_1_342' title='bbox 1660 2626 1767 2683; x_wconf 89' lang='lat' dir='ltr'>sed</span> 
     </span>
    </p>
   </div>
   <div class='ocr_carea' id='block_1_43' title="bbox 85 2718 1766 2793">
    <p class='ocr_par' dir='ltr' id='par_1_43' title="bbox 85 2718 1766 2793">
     <span class='ocr_line' id='line_1_43' title="bbox 85 2718 1766 2793; baseline -0.004 -14"><span class='ocrx_word' id='word_1_343' title='bbox 85 2730 148 2780; x_wconf 88' lang='lat' dir='ltr'>et</span> <span class='ocrx_word' id='word_1_344' title='bbox 179 2723 362 2778; x_wconf 85' lang='lat' dir='ltr'>fortes</span> <span class='ocrx_word' id='word_1_345' title='bbox 393 2728 449 2776; x_wconf 90' lang='lat' dir='ltr'>et</span> <span class='ocrx_word' id='word_1_346' title='bbox 473 2721 776 2793; x_wconf 88' lang='lat' dir='ltr'>principes</span> <span class='ocrx_word' id='word_1_347' title='bbox 807 2720 868 2775; x_wconf 91' lang='lat' dir='ltr'>in</span> <span class='ocrx_word' id='word_1_348' title='bbox 900 2720 1162 2775; x_wconf 86' lang='lat' dir='ltr'>Ecclesia</span> <span class='ocrx_word' id='word_1_349' title='bbox 1184 2718 1463 2775; x_wconf 87' lang='lat' dir='ltr'>diabolus</span> <span class='ocrx_word' id='word_1_350' title='bbox 1489 2719 1766 2790; x_wconf 83' lang='lat' dir='ltr'>decipere</span> 
     </span>
    </p>
   </div>
   <div class='ocr_carea' id='block_1_44' title="bbox 88 2806 1768 2883">
    <p class='ocr_par' dir='ltr' id='par_1_44' title="bbox 88 2806 1768 2883">
     <span class='ocr_line' id='line_1_44' title="bbox 88 2806 1768 2883; baseline -0.002 -17"><span class='ocrx_word' id='word_1_351' title='bbox 88 2816 148 2866; x_wconf 87' lang='lat' dir='ltr'>et</span> <span class='ocrx_word' id='word_1_352' title='bbox 173 2810 442 2882; x_wconf 85' lang='lat' dir='ltr'>peccatis</span> <span class='ocrx_word' id='word_1_353' title='bbox 472 2809 774 2883; x_wconf 85' lang='lat' dir='ltr'>captivare</span> <span class='ocrx_word' id='word_1_354' title='bbox 802 2809 1046 2878; x_wconf 84' lang='lat' dir='ltr'>satagit,</span> <span class='ocrx_word' id='word_1_355' title='bbox 1081 2809 1243 2864; x_wconf 90' lang='lat' dir='ltr'>unde</span> <span class='ocrx_word' id='word_1_356' title='bbox 1271 2808 1348 2863; x_wconf 88' lang='lat' dir='ltr'>de</span> <span class='ocrx_word' id='word_1_357' title='bbox 1395 2809 1530 2880; x_wconf 91' lang='lat' dir='ltr'>ipso</span> <span class='ocrx_word' id='word_1_358' title='bbox 1557 2807 1619 2863; x_wconf 91' lang='lat' dir='ltr'>in</span> <span class='ocrx_word' id='word_1_359' title='bbox 1657 2806 1768 2863; x_wconf 77' lang='lat' dir='ltr'>Job</span> 
     </span>
    </p>
   </div>
   <div class='ocr_carea' id='block_1_45' title="bbox 90 2894 1770 2971">
    <p class='ocr_par' dir='ltr' id='par_1_45' title="bbox 90 2894 1770 2971">
     <span class='ocr_line' id='line_1_45' title="bbox 90 2894 1770 2971; baseline -0.002 -16"><span class='ocrx_word' id='word_1_360' title='bbox 90 2899 390 2971; x_wconf 87' lang='lat' dir='ltr'>scriptum</span> <span class='ocrx_word' id='word_1_361' title='bbox 417 2901 536 2954; x_wconf 88' lang='lat' dir='ltr'>est:</span> <span class='ocrx_word' id='word_1_362' title='bbox 567 2921 595 2948; x_wconf 82' lang='lat'><strong><em>«</em></strong></span> <span class='ocrx_word' id='word_1_363' title='bbox 630 2901 790 2954; x_wconf 66' lang='lat' dir='ltr'>Escae</span> <span class='ocrx_word' id='word_1_364' title='bbox 814 2899 945 2970; x_wconf 91' lang='lat' dir='ltr'>ejus</span> <span class='ocrx_word' id='word_1_365' title='bbox 977 2897 1176 2953; x_wconf 73' lang='lat' dir='ltr'>electae</span> <span class='ocrx_word' id='word_1_366' title='bbox 1208 2901 1369 2952; x_wconf 91' lang='lat' dir='ltr'>sunt.</span> <span class='ocrx_word' id='word_1_367' title='bbox 1403 2919 1433 2947; x_wconf 82' lang='grc'><strong>››</strong></span> <span class='ocrx_word' id='word_1_368' title='bbox 1463 2927 1535 2939; x_wconf 90' lang='grc'>--</span> <span class='ocrx_word' id='word_1_369' title='bbox 1565 2918 1595 2948; x_wconf 77' lang='grc' dir='ltr'><strong><em>α</em></strong></span> <span class='ocrx_word' id='word_1_370' title='bbox 1619 2894 1770 2952; x_wconf 90' lang='lat' dir='ltr'>Tulit</span> 
     </span>
    </p>
   </div>
   <div class='ocr_carea' id='block_1_46' title="bbox 83 2987 1770 3062">
    <p class='ocr_par' dir='ltr' id='par_1_46' title="bbox 83 2987 1770 3062">
     <span class='ocr_line' id='line_1_46' title="bbox 83 2987 1770 3062; baseline -0.002 -18"><span class='ocrx_word' id='word_1_371' title='bbox 83 3003 341 3062; x_wconf 90' lang='lat' dir='ltr'>quoque</span> <span class='ocrx_word' id='word_1_372' title='bbox 377 2987 670 3057; x_wconf 88' lang='lat' dir='ltr'>Saraiam,</span> <span class='ocrx_word' id='word_1_373' title='bbox 701 3006 733 3040; x_wconf 79' lang='grc'><strong>›</strong></span> <span class='ocrx_word' id='word_1_374' title='bbox 753 2987 860 3060; x_wconf 87' lang='lat' dir='ltr'>qui</span> <span class='ocrx_word' id='word_1_375' title='bbox 890 2987 1314 3058; x_wconf 86' lang='lat' dir='ltr'>interpretatur</span> <span class='ocrx_word' id='word_1_376' title='bbox 1338 2987 1596 3055; x_wconf 73' lang='lat' dir='ltr'>vinctus,</span> <span class='ocrx_word' id='word_1_377' title='bbox 1620 3007 1646 3035; x_wconf 78' lang='lat'><strong>«</strong></span> <span class='ocrx_word' id='word_1_378' title='bbox 1674 3000 1770 3040; x_wconf 90' lang='lat' dir='ltr'>sa-</span> 
     </span>
    </p>
   </div>
   <div class='ocr_carea' id='block_1_47' title="bbox 88 3074 1774 3145">
    <p class='ocr_par' dir='ltr' id='par_1_47' title="bbox 88 3074 1774 3145">
     <span class='ocr_line' id='line_1_47' title="bbox 88 3074 1774 3145; baseline -0.004 -9"><span class='ocrx_word' id='word_1_379' title='bbox 88 3079 401 3136; x_wconf 87' lang='lat' dir='ltr'>cerdotem</span> <span class='ocrx_word' id='word_1_380' title='bbox 435 3079 721 3145; x_wconf 90' lang='lat' dir='ltr'>primum,</span> <span class='ocrx_word' id='word_1_381' title='bbox 759 3099 787 3129; x_wconf 78' lang='grc'>»</span> <span class='ocrx_word' id='word_1_382' title='bbox 828 3093 966 3132; x_wconf 89' lang='lat' dir='ltr'>cum</span> <span class='ocrx_word' id='word_1_383' title='bbox 999 3077 1261 3145; x_wconf 92' lang='lat' dir='ltr'>primum</span> <span class='ocrx_word' id='word_1_384' title='bbox 1291 3075 1352 3130; x_wconf 91' lang='lat' dir='ltr'>in</span> <span class='ocrx_word' id='word_1_385' title='bbox 1375 3074 1650 3131; x_wconf 67' lang='lat' dir='ltr'>Ecclesiai</span> <span class='ocrx_word' id='word_1_386' title='bbox 1681 3090 1774 3131; x_wconf 85' lang='lat' dir='ltr'>or-</span> 
     </span>
    </p>
   </div>
   <div class='ocr_carea' id='block_1_48' title="bbox 435 3093 3545 3242">
    <p class='ocr_par' dir='ltr' id='par_1_48' title="bbox 435 3093 3545 3242">
     <span class='ocr_line' id='line_1_48' title="bbox 435 3093 3540 3172; baseline 0.001 -39"><span class='ocrx_word' id='word_1_387' title='bbox 435 3094 721 3151; x_wconf 79' lang='lat' dir='ltr'>primum,</span> <span class='ocrx_word' id='word_1_388' title='bbox 759 3099 787 3129; x_wconf 85' lang='grc'><strong>››</strong></span> <span class='ocrx_word' id='word_1_389' title='bbox 828 3093 966 3132; x_wconf 89' lang='lat' dir='ltr'>cum</span> <span class='ocrx_word' id='word_1_390' title='bbox 999 3093 1261 3148; x_wconf 82' lang='lat' dir='ltr'>primum</span> <span class='ocrx_word' id='word_1_391' title='bbox 1291 3093 1352 3130; x_wconf 83' lang='lat' dir='ltr'>in</span> <span class='ocrx_word' id='word_1_392' title='bbox 1375 3093 1650 3131; x_wconf 67' lang='lat' dir='ltr'>ecclesiae</span> <span class='ocrx_word' id='word_1_393' title='bbox 1681 3093 1774 3131; x_wconf 85' lang='lat' dir='ltr'>or-</span> <span class='ocrx_word' id='word_1_394' title='bbox 1808 3116 1848 3172; x_wconf 69' lang='lat'>(.</span> <span class='ocrx_word' id='word_1_395' title='bbox 1879 3093 2060 3132; x_wconf 72' lang='lat' dir='ltr'>tatem</span> <span class='ocrx_word' id='word_1_396' title='bbox 2091 3093 2323 3132; x_wconf 80' lang='lat' dir='ltr'>nomini</span> <span class='ocrx_word' id='word_1_397' title='bbox 2354 3093 2464 3143; x_wconf 84' lang='lat' dir='ltr'>sui,</span> <span class='ocrx_word' id='word_1_398' title='bbox 2512 3093 2570 3133; x_wconf 81' lang='lat' dir='ltr'>et</span> <span class='ocrx_word' id='word_1_399' title='bbox 2597 3093 2720 3133; x_wconf 90' lang='lat' dir='ltr'>non</span> <span class='ocrx_word' id='word_1_400' title='bbox 2751 3093 2914 3148; x_wconf 80' lang='lat' dir='ltr'>iacit,</span> <span class='ocrx_word' id='word_1_401' title='bbox 2944 3093 3257 3152; x_wconf 77' lang='lat' dir='ltr'>vapulabit</span> <span class='ocrx_word' id='word_1_402' title='bbox 3297 3093 3540 3137; x_wconf 81' lang='lat' dir='ltr'>multis:</span> 
     </span>
     <span class='ocr_line' id='line_1_49' title="bbox 435 3151 3545 3242; baseline 0.001 -20"><span class='ocrx_word' id='word_1_403' title='bbox 435 3168 462 3222; x_wconf 82' lang='grc'>1</span> <span class='ocrx_word' id='word_1_404' title='bbox 489 3167 551 3222; x_wconf 90' lang='lat' dir='ltr'>in</span> <span class='ocrx_word' id='word_1_405' title='bbox 581 3166 880 3241; x_wconf 89' lang='lat' dir='ltr'>episcopis</span> <span class='ocrx_word' id='word_1_406' title='bbox 920 3170 1028 3235; x_wconf 86' lang='lat' dir='ltr'>est,</span> <span class='ocrx_word' id='word_1_407' title='bbox 1063 3180 1269 3221; x_wconf 87' lang='lat' dir='ltr'>amore</span> <span class='ocrx_word' id='word_1_408' title='bbox 1299 3165 1624 3237; x_wconf 86' lang='lat' dir='ltr'>voluptatis</span> <span class='ocrx_word' id='word_1_409' title='bbox 1663 3169 1773 3221; x_wconf 86' lang='lat' dir='ltr'>ter-</span> <span class='ocrx_word' id='word_1_410' title='bbox 1835 3151 1850 3171; x_wconf 80' lang='grc'><strong>⁴</strong></span> <span class='ocrx_word' id='word_1_411' title='bbox 1879 3166 1985 3238; x_wconf 91' lang='lat' dir='ltr'>qui</span> <span class='ocrx_word' id='word_1_412' title='bbox 2015 3169 2218 3222; x_wconf 89' lang='lat' dir='ltr'>autem</span> <span class='ocrx_word' id='word_1_413' title='bbox 2255 3166 2463 3236; x_wconf 89' lang='lat' dir='ltr'>nescit,</span> <span class='ocrx_word' id='word_1_414' title='bbox 2510 3171 2568 3222; x_wconf 86' lang='lat' dir='ltr'>et</span> <span class='ocrx_word' id='word_1_415' title='bbox 2603 3182 2728 3222; x_wconf 88' lang='lat' dir='ltr'>non</span> <span class='ocrx_word' id='word_1_416' title='bbox 2781 3166 2943 3231; x_wconf 86' lang='lat' dir='ltr'>facit,</span> <span class='ocrx_word' id='word_1_417' title='bbox 2994 3169 3306 3240; x_wconf 87' lang='lat' dir='ltr'>vapulabit</span> <span class='ocrx_word' id='word_1_418' title='bbox 3332 3170 3545 3242; x_wconf 82' lang='lat' dir='ltr'>paucis</span> 
     </span>
    </p>
   </div>
   <div class='ocr_carea' id='block_1_49' title="bbox 87 3165 1773 3241">
    <p class='ocr_par' dir='ltr' id='par_1_49' title="bbox 87 3165 1773 3241">
     <span class='ocr_line' id='line_1_50' title="bbox 87 3165 1773 3241; baseline -0.004 -15"><span class='ocrx_word' id='word_1_419' title='bbox 87 3169 325 3238; x_wconf 89' lang='lat' dir='ltr'>dinem,</span> <span class='ocrx_word' id='word_1_420' title='bbox 354 3168 462 3240; x_wconf 87' lang='lat' dir='ltr'>qui</span> <span class='ocrx_word' id='word_1_421' title='bbox 489 3167 551 3222; x_wconf 90' lang='lat' dir='ltr'>in</span> <span class='ocrx_word' id='word_1_422' title='bbox 581 3166 880 3241; x_wconf 89' lang='lat' dir='ltr'>episcopis</span> <span class='ocrx_word' id='word_1_423' title='bbox 920 3170 1028 3235; x_wconf 86' lang='lat' dir='ltr'>est,</span> <span class='ocrx_word' id='word_1_424' title='bbox 1063 3180 1269 3221; x_wconf 87' lang='lat' dir='ltr'>amore</span> <span class='ocrx_word' id='word_1_425' title='bbox 1299 3165 1624 3237; x_wconf 87' lang='lat' dir='ltr'>voluptatis</span> <span class='ocrx_word' id='word_1_426' title='bbox 1663 3169 1773 3221; x_wconf 86' lang='lat' dir='ltr'>ter-</span> 
     </span>
    </p>
   </div>
   <div class='ocr_carea' id='block_1_50' title="bbox 88 3255 1770 3328">
    <p class='ocr_par' dir='ltr' id='par_1_50' title="bbox 88 3255 1770 3328">
     <span class='ocr_line' id='line_1_51' title="bbox 88 3255 1770 3328; baseline -0.004 -12"><span class='ocrx_word' id='word_1_427' title='bbox 88 3275 278 3328; x_wconf 79' lang='lat' dir='ltr'>renae,</span> <span class='ocrx_word' id='word_1_428' title='bbox 303 3263 360 3314; x_wconf 92' lang='lat' dir='ltr'>et</span> <span class='ocrx_word' id='word_1_429' title='bbox 389 3257 672 3314; x_wconf 91' lang='lat' dir='ltr'>vitiorum</span> <span class='ocrx_word' id='word_1_430' title='bbox 698 3262 911 3313; x_wconf 88' lang='lat' dir='ltr'>catena</span> <span class='ocrx_word' id='word_1_431' title='bbox 949 3256 1318 3325; x_wconf 85' lang='lat' dir='ltr'>constringit.</span> <span class='ocrx_word' id='word_1_432' title='bbox 1348 3255 1500 3311; x_wconf 91' lang='lat' dir='ltr'>’I‘ulit</span> <span class='ocrx_word' id='word_1_433' title='bbox 1524 3271 1770 3327; x_wconf 88' lang='lat' dir='ltr'>quoque</span> 
     </span>
    </p>
   </div>
   <div class='ocr_carea' id='block_1_51' title="bbox 89 3344 1772 3419">
    <p class='ocr_par' dir='ltr' id='par_1_51' title="bbox 89 3344 1772 3419">
     <span class='ocr_line' id='line_1_52' title="bbox 89 3344 1772 3419; baseline -0.003 -16"><span class='ocrx_word' id='word_1_434' title='bbox 89 3347 368 3404; x_wconf 87' lang='lat' dir='ltr'>similiter</span> <span class='ocrx_word' id='word_1_435' title='bbox 432 3370 459 3396; x_wconf 86' lang='lat'><strong>«</strong></span> <span class='ocrx_word' id='word_1_436' title='bbox 519 3351 577 3402; x_wconf 89' lang='lat' dir='ltr'>et</span> <span class='ocrx_word' id='word_1_437' title='bbox 637 3345 1028 3419; x_wconf 84' lang='lat' dir='ltr'>Sophoniam,</span> <span class='ocrx_word' id='word_1_438' title='bbox 1084 3367 1112 3395; x_wconf 73' lang='grc' dir='ltr'>υ</span> <span class='ocrx_word' id='word_1_439' title='bbox 1178 3345 1285 3417; x_wconf 91' lang='lat' dir='ltr'>qui</span> <span class='ocrx_word' id='word_1_440' title='bbox 1351 3344 1772 3416; x_wconf 88' lang='lat' dir='ltr'>interpretatur</span> 
     </span>
    </p>
   </div>
   <div class='ocr_carea' id='block_1_52' title="bbox 91 3433 1770 3506">
    <p class='ocr_par' dir='ltr' id='par_1_52' title="bbox 91 3433 1770 3506">
     <span class='ocr_line' id='line_1_53' title="bbox 91 3433 1770 3506; baseline -0.003 -11"><span class='ocrx_word' id='word_1_441' title='bbox 91 3437 528 3506; x_wconf 80' lang='lat' dir='ltr'>absconditus;</span> <span class='ocrx_word' id='word_1_442' title='bbox 592 3459 618 3485; x_wconf 67' lang='grc' dir='ltr'>ς(</span> <span class='ocrx_word' id='word_1_443' title='bbox 665 3436 1040 3492; x_wconf 87' lang='lat' dir='ltr'>sacerdotem</span> <span class='ocrx_word' id='word_1_444' title='bbox 1105 3433 1468 3504; x_wconf 83' lang='lat' dir='ltr'>secundum,</span> <span class='ocrx_word' id='word_1_445' title='bbox 1534 3455 1562 3482; x_wconf 83' lang='lat'><strong>»</strong></span> <span class='ocrx_word' id='word_1_446' title='bbox 1629 3450 1770 3489; x_wconf 89' lang='lat' dir='ltr'>cum</span> 
     </span>
    </p>
   </div>
   <div class='ocr_carea' id='block_1_53' title="bbox 89 3523 1773 3595">
    <p class='ocr_par' dir='ltr' id='par_1_53' title="bbox 89 3523 1773 3595">
     <span class='ocr_line' id='line_1_54' title="bbox 89 3523 1773 3595; baseline -0.004 -10"><span class='ocrx_word' id='word_1_447' title='bbox 89 3527 350 3586; x_wconf 88' lang='lat' dir='ltr'>secundi</span> <span class='ocrx_word' id='word_1_448' title='bbox 378 3527 607 3584; x_wconf 89' lang='lat' dir='ltr'>ordinis</span> <span class='ocrx_word' id='word_1_449' title='bbox 640 3527 821 3588; x_wconf 89' lang='lat' dir='ltr'>viros,</span> <span class='ocrx_word' id='word_1_450' title='bbox 850 3526 963 3580; x_wconf 87' lang='lat' dir='ltr'>hoc</span> <span class='ocrx_word' id='word_1_451' title='bbox 995 3529 1084 3581; x_wconf 88' lang='lat' dir='ltr'>est</span> <span class='ocrx_word' id='word_1_452' title='bbox 1114 3523 1497 3595; x_wconf 86' lang='lat' dir='ltr'>presbyteros</span> <span class='ocrx_word' id='word_1_453' title='bbox 1541 3523 1646 3594; x_wconf 89' lang='lat' dir='ltr'>qui</span> <span class='ocrx_word' id='word_1_454' title='bbox 1685 3528 1773 3579; x_wconf 88' lang='lat' dir='ltr'>ta-</span> 
     </span>
    </p>
   </div>
   <div class='ocr_carea' id='block_1_54' title="bbox 92 3611 1770 3682">
    <p class='ocr_par' dir='ltr' id='par_1_54' title="bbox 92 3611 1770 3682">
     <span class='ocr_line' id='line_1_55' title="bbox 92 3611 1770 3682; baseline -0.004 -8"><span class='ocrx_word' id='word_1_455' title='bbox 92 3620 332 3674; x_wconf 91' lang='lat' dir='ltr'>lentum</span> <span class='ocrx_word' id='word_1_456' title='bbox 361 3615 529 3671; x_wconf 89' lang='lat' dir='ltr'>verbi</span> <span class='ocrx_word' id='word_1_457' title='bbox 565 3615 664 3670; x_wconf 85' lang='lat' dir='ltr'>Dei</span> <span class='ocrx_word' id='word_1_458' title='bbox 696 3615 756 3670; x_wconf 91' lang='lat' dir='ltr'>in</span> <span class='ocrx_word' id='word_1_459' title='bbox 790 3619 943 3670; x_wconf 89' lang='lat' dir='ltr'>terra</span> <span class='ocrx_word' id='word_1_460' title='bbox 978 3614 1271 3668; x_wconf 86' lang='lat' dir='ltr'>fodientes</span> <span class='ocrx_word' id='word_1_461' title='bbox 1303 3611 1770 3682; x_wconf 88' lang='lat' dir='ltr'>absconderant,</span> 
     </span>
    </p>
   </div>
   <div class='ocr_carea' id='block_1_55' title="bbox 91 3702 1772 3773">
    <p class='ocr_par' dir='ltr' id='par_1_55' title="bbox 91 3702 1772 3773">
     <span class='ocr_line' id='line_1_56' title="bbox 91 3702 1772 3773; baseline -0.008 -10"><span class='ocrx_word' id='word_1_462' title='bbox 91 3710 162 3764; x_wconf 91' lang='lat' dir='ltr'>in</span> <span class='ocrx_word' id='word_1_463' title='bbox 222 3723 403 3762; x_wconf 92' lang='lat' dir='ltr'>suum</span> <span class='ocrx_word' id='word_1_464' title='bbox 433 3704 773 3760; x_wconf 87' lang='lat' dir='ltr'>dominium</span> <span class='ocrx_word' id='word_1_465' title='bbox 806 3703 1056 3773; x_wconf 86' lang='lat' dir='ltr'>subigit;</span> <span class='ocrx_word' id='word_1_466' title='bbox 1100 3723 1129 3756; x_wconf 85' lang='grc'>‹‹</span> <span class='ocrx_word' id='word_1_467' title='bbox 1179 3707 1234 3758; x_wconf 88' lang='lat' dir='ltr'>et</span> <span class='ocrx_word' id='word_1_468' title='bbox 1262 3707 1380 3757; x_wconf 88' lang='lat' dir='ltr'>tres</span> <span class='ocrx_word' id='word_1_469' title='bbox 1406 3702 1715 3772; x_wconf 85' lang='lat' dir='ltr'>janitores,</span> <span class='ocrx_word' id='word_1_470' title='bbox 1744 3723 1772 3750; x_wconf 72' lang='grc' dir='ltr'><strong>ι</strong></span> 
     </span>
    </p>
   </div>
   <div class='ocr_carea' id='block_1_56' title="bbox 94 3792 1773 3867">
    <p class='ocr_par' dir='ltr' id='par_1_56' title="bbox 94 3792 1773 3867">
     <span class='ocr_line' id='line_1_57' title="bbox 94 3792 1773 3867; baseline -0.004 -14"><span class='ocrx_word' id='word_1_471' title='bbox 94 3799 233 3854; x_wconf 87' lang='lat' dir='ltr'>illos</span> <span class='ocrx_word' id='word_1_472' title='bbox 278 3797 571 3867; x_wconf 85' lang='lat' dir='ltr'>janitores</span> <span class='ocrx_word' id='word_1_473' title='bbox 617 3794 906 3860; x_wconf 84' lang='lat' dir='ltr'>videlicet,</span> <span class='ocrx_word' id='word_1_474' title='bbox 937 3793 1042 3865; x_wconf 90' lang='lat' dir='ltr'>qui</span> <span class='ocrx_word' id='word_1_475' title='bbox 1081 3792 1301 3848; x_wconf 82' lang='lat' dir='ltr'>ostium</span> <span class='ocrx_word' id='word_1_476' title='bbox 1352 3792 1493 3846; x_wconf 75' lang='lat' dir='ltr'>fidei</span> <span class='ocrx_word' id='word_1_477' title='bbox 1542 3793 1773 3864; x_wconf 90' lang='lat' dir='ltr'>aperire</span> 
     </span>
    </p>
   </div>
   <div class='ocr_carea' id='block_1_57' title="bbox 95 3879 1777 3953">
    <p class='ocr_par' dir='ltr' id='par_1_57' title="bbox 95 3879 1777 3953">
     <span class='ocr_line' id='line_1_58' title="bbox 95 3879 1777 3953; baseline -0.005 -11"><span class='ocrx_word' id='word_1_478' title='bbox 95 3886 461 3953; x_wconf 88' lang='lat' dir='ltr'>debuerant,</span> <span class='ocrx_word' id='word_1_479' title='bbox 495 3887 555 3939; x_wconf 88' lang='lat' dir='ltr'>et</span> <span class='ocrx_word' id='word_1_480' title='bbox 611 3886 885 3939; x_wconf 90' lang='lat' dir='ltr'>tenentes</span> <span class='ocrx_word' id='word_1_481' title='bbox 933 3881 1166 3937; x_wconf 90' lang='lat' dir='ltr'>clavem</span> <span class='ocrx_word' id='word_1_482' title='bbox 1216 3879 1497 3946; x_wconf 66' lang='lat' dir='ltr'>scientias,</span> <span class='ocrx_word' id='word_1_483' title='bbox 1526 3895 1636 3935; x_wconf 89' lang='lat' dir='ltr'>nec</span> <span class='ocrx_word' id='word_1_484' title='bbox 1662 3879 1777 3952; x_wconf 90' lang='lat' dir='ltr'>ipsi</span> 
     </span>
    </p>
   </div>
   <div class='ocr_carea' id='block_1_58' title="bbox 94 3970 1774 4043">
    <p class='ocr_par' dir='ltr' id='par_1_58' title="bbox 94 3970 1774 4043">
     <span class='ocr_line' id='line_1_59' title="bbox 94 3970 1774 4043; baseline -0.004 -12"><span class='ocrx_word' id='word_1_485' title='bbox 94 3975 458 4032; x_wconf 89' lang='lat' dir='ltr'>introierunt</span> <span class='ocrx_word' id='word_1_486' title='bbox 481 3988 595 4029; x_wconf 92' lang='lat' dir='ltr'>nec</span> <span class='ocrx_word' id='word_1_487' title='bbox 628 3973 776 4028; x_wconf 90' lang='lat' dir='ltr'>alios</span> <span class='ocrx_word' id='word_1_488' title='bbox 800 3971 1042 4028; x_wconf 90' lang='lat' dir='ltr'>introire</span> <span class='ocrx_word' id='word_1_489' title='bbox 1074 3970 1480 4043; x_wconf 88' lang='lat' dir='ltr'>permiserunt</span> <span class='ocrx_word' id='word_1_490' title='bbox 1505 3987 1518 4038; x_wconf 92' lang='lat'>;</span> <span class='ocrx_word' id='word_1_491' title='bbox 1554 3991 1582 4019; x_wconf 87' lang='lat'><strong>«</strong></span> <span class='ocrx_word' id='word_1_492' title='bbox 1610 3975 1667 4026; x_wconf 93' lang='lat' dir='ltr'>et</span> <span class='ocrx_word' id='word_1_493' title='bbox 1697 3970 1774 4025; x_wconf 91' lang='lat' dir='ltr'>de</span> 
     </span>
    </p>
   </div>
   <div class='ocr_carea' id='block_1_59' title="bbox 99 4060 1775 4134">
    <p class='ocr_par' dir='ltr' id='par_1_59' title="bbox 99 4060 1775 4134">
     <span class='ocr_line' id='line_1_60' title="bbox 99 4060 1775 4134; baseline -0.004 -14"><span class='ocrx_word' id='word_1_494' title='bbox 99 4065 338 4121; x_wconf 87' lang='lat' dir='ltr'>civitate</span> <span class='ocrx_word' id='word_1_495' title='bbox 364 4063 712 4118; x_wconf 90' lang='lat' dir='ltr'>eunuchum</span> <span class='ocrx_word' id='word_1_496' title='bbox 744 4077 936 4116; x_wconf 91' lang='lat' dir='ltr'>unum</span> <span class='ocrx_word' id='word_1_497' title='bbox 966 4062 1071 4134; x_wconf 90' lang='lat' dir='ltr'>qui</span> <span class='ocrx_word' id='word_1_498' title='bbox 1101 4065 1227 4116; x_wconf 91' lang='lat' dir='ltr'>erat</span> <span class='ocrx_word' id='word_1_499' title='bbox 1250 4060 1566 4132; x_wconf 72' lang='lat' dir='ltr'>praefectus</span> <span class='ocrx_word' id='word_1_500' title='bbox 1593 4076 1775 4133; x_wconf 90' lang='lat' dir='ltr'>super</span> 
     </span>
    </p>
   </div>
   <div class='ocr_carea' id='block_1_60' title="bbox 99 4149 1776 4222">
    <p class='ocr_par' dir='ltr' id='par_1_60' title="bbox 99 4149 1776 4222">
     <span class='ocr_line' id='line_1_61' title="bbox 99 4149 1776 4222; baseline -0.004 -12"><span class='ocrx_word' id='word_1_501' title='bbox 99 4154 265 4210; x_wconf 85' lang='lat' dir='ltr'>viros</span> <span class='ocrx_word' id='word_1_502' title='bbox 321 4152 662 4222; x_wconf 87' lang='lat' dir='ltr'>bellatores,</span> <span class='ocrx_word' id='word_1_503' title='bbox 695 4169 725 4204; x_wconf 78' lang='grc'><strong>›</strong></span> <span class='ocrx_word' id='word_1_504' title='bbox 784 4151 1100 4206; x_wconf 89' lang='lat' dir='ltr'>eunuchus</span> <span class='ocrx_word' id='word_1_505' title='bbox 1155 4150 1262 4204; x_wconf 88' lang='lat' dir='ltr'>iste</span> <span class='ocrx_word' id='word_1_506' title='bbox 1322 4149 1619 4217; x_wconf 85' lang='lat' dir='ltr'>significat</span> <span class='ocrx_word' id='word_1_507' title='bbox 1669 4165 1776 4204; x_wconf 89' lang='lat' dir='ltr'>eos</span> 
     </span>
    </p>
   </div>
   <div class='ocr_carea' id='block_1_61' title="bbox 102 4237 1775 4316">
    <p class='ocr_par' dir='ltr' id='par_1_61' title="bbox 102 4237 1775 4316">
     <span class='ocr_line' id='line_1_62' title="bbox 102 4237 1775 4316; baseline -0.004 -18"><span class='ocrx_word' id='word_1_508' title='bbox 102 4259 264 4316; x_wconf 91' lang='lat' dir='ltr'>quos</span> <span class='ocrx_word' id='word_1_509' title='bbox 293 4241 436 4298; x_wconf 89' lang='lat' dir='ltr'>alibi</span> <span class='ocrx_word' id='word_1_510' title='bbox 473 4241 775 4313; x_wconf 88' lang='lat' dir='ltr'>Scriptura</span> <span class='ocrx_word' id='word_1_511' title='bbox 803 4255 976 4295; x_wconf 91' lang='lat' dir='ltr'>sacra</span> <span class='ocrx_word' id='word_1_512' title='bbox 1005 4259 1035 4289; x_wconf 86' lang='lat'>«</span> <span class='ocrx_word' id='word_1_513' title='bbox 1076 4237 1284 4293; x_wconf 89' lang='lat' dir='ltr'>stultas</span> <span class='ocrx_word' id='word_1_514' title='bbox 1315 4237 1576 4305; x_wconf 85' lang='lat' dir='ltr'>virgines</span> <span class='ocrx_word' id='word_1_515' title='bbox 1607 4258 1634 4286; x_wconf 83' lang='grc'>››</span> <span class='ocrx_word' id='word_1_516' title='bbox 1663 4249 1775 4306; x_wconf 85' lang='lat' dir='ltr'>ap-</span> 
     </span>
    </p>
   </div>
   <div class='ocr_carea' id='block_1_62' title="bbox 101 4325 1777 4406">
    <p class='ocr_par' dir='ltr' id='par_1_62' title="bbox 101 4325 1777 4406">
     <span class='ocr_line' id='line_1_63' title="bbox 101 4325 1777 4406; baseline -0.005 -18"><span class='ocrx_word' id='word_1_517' title='bbox 101 4332 308 4406; x_wconf 87' lang='lat' dir='ltr'>pellat,</span> <span class='ocrx_word' id='word_1_518' title='bbox 343 4348 478 4404; x_wconf 75' lang='lat' dir='ltr'>qute</span> <span class='ocrx_word' id='word_1_519' title='bbox 511 4347 660 4387; x_wconf 89' lang='lat' dir='ltr'>vasa</span> <span class='ocrx_word' id='word_1_520' title='bbox 687 4329 821 4386; x_wconf 93' lang='lat' dir='ltr'>oleo</span> <span class='ocrx_word' id='word_1_521' title='bbox 847 4345 1042 4386; x_wconf 90' lang='lat' dir='ltr'>vacua</span> <span class='ocrx_word' id='word_1_522' title='bbox 1071 4327 1130 4383; x_wconf 93' lang='lat' dir='ltr'>in</span> <span class='ocrx_word' id='word_1_523' title='bbox 1163 4327 1446 4383; x_wconf 88' lang='lat' dir='ltr'>manibus</span> <span class='ocrx_word' id='word_1_524' title='bbox 1471 4325 1777 4388; x_wconf 75' lang='lat' dir='ltr'>tenebant.</span> 
     </span>
    </p>
   </div>
   <div class='ocr_carea' id='block_1_63' title="bbox 105 4417 1778 4489">
    <p class='ocr_par' dir='ltr' id='par_1_63' title="bbox 105 4417 1778 4489">
     <span class='ocr_line' id='line_1_64' title="bbox 105 4417 1778 4489; baseline -0.005 -11"><span class='ocrx_word' id='word_1_525' title='bbox 105 4422 479 4480; x_wconf 87' lang='lat' dir='ltr'>continentes</span> <span class='ocrx_word' id='word_1_526' title='bbox 529 4420 808 4476; x_wconf 89' lang='lat' dir='ltr'>videlicet</span> <span class='ocrx_word' id='word_1_527' title='bbox 861 4435 922 4476; x_wconf 92' lang='lat' dir='ltr'>se</span> <span class='ocrx_word' id='word_1_528' title='bbox 973 4436 1008 4476; x_wconf 89' lang='lat' dir='ltr'>a</span> <span class='ocrx_word' id='word_1_529' title='bbox 1068 4419 1228 4474; x_wconf 92' lang='lat' dir='ltr'>coitu</span> <span class='ocrx_word' id='word_1_530' title='bbox 1285 4417 1606 4489; x_wconf 89' lang='lat' dir='ltr'>corporali,</span> <span class='ocrx_word' id='word_1_531' title='bbox 1663 4429 1778 4472; x_wconf 90' lang='lat' dir='ltr'>nec</span> 
     </span>
    </p>
   </div>
   <div class='ocr_carea' id='block_1_64' title="bbox 101 4507 1778 4581">
    <p class='ocr_par' dir='ltr' id='par_1_64' title="bbox 101 4507 1778 4581">
     <span class='ocr_line' id='line_1_65' title="bbox 101 4507 1778 4581; baseline -0.005 -12"><span class='ocrx_word' id='word_1_532' title='bbox 101 4516 314 4570; x_wconf 88' lang='lat' dir='ltr'>tamen</span> <span class='ocrx_word' id='word_1_533' title='bbox 361 4511 564 4568; x_wconf 91' lang='lat' dir='ltr'>oleum</span> <span class='ocrx_word' id='word_1_534' title='bbox 622 4509 826 4581; x_wconf 63' lang='lat' dir='ltr'>gratiae</span> <span class='ocrx_word' id='word_1_535' title='bbox 879 4513 936 4565; x_wconf 88' lang='lat' dir='ltr'>et</span> <span class='ocrx_word' id='word_1_536' title='bbox 982 4507 1407 4564; x_wconf 71' lang='lat' dir='ltr'>misericordiae</span> <span class='ocrx_word' id='word_1_537' title='bbox 1447 4507 1508 4562; x_wconf 90' lang='lat' dir='ltr'>in</span> <span class='ocrx_word' id='word_1_538' title='bbox 1539 4509 1778 4578; x_wconf 88' lang='lat' dir='ltr'>pectore</span> 
     </span>
    </p>
   </div>
   <div class='ocr_carea' id='block_1_65' title="bbox 106 4595 1782 4668">
    <p class='ocr_par' dir='ltr' id='par_1_65' title="bbox 106 4595 1782 4668">
     <span class='ocr_line' id='line_1_66' title="bbox 106 4595 1782 4668; baseline -0.005 -10"><span class='ocrx_word' id='word_1_539' title='bbox 106 4617 224 4658; x_wconf 87' lang='lat' dir='ltr'>suo</span> <span class='ocrx_word' id='word_1_540' title='bbox 266 4601 490 4657; x_wconf 88' lang='lat' dir='ltr'>habere</span> <span class='ocrx_word' id='word_1_541' title='bbox 530 4599 834 4656; x_wconf 91' lang='lat' dir='ltr'>volebant.</span> <span class='ocrx_word' id='word_1_542' title='bbox 869 4598 980 4665; x_wconf 86' lang='lat' dir='ltr'>Qui</span> <span class='ocrx_word' id='word_1_543' title='bbox 1008 4598 1230 4653; x_wconf 88' lang='lat' dir='ltr'>frustra</span> <span class='ocrx_word' id='word_1_544' title='bbox 1257 4612 1439 4668; x_wconf 87' lang='lat' dir='ltr'>super</span> <span class='ocrx_word' id='word_1_545' title='bbox 1469 4596 1629 4651; x_wconf 88' lang='lat' dir='ltr'>viros</span> <span class='ocrx_word' id='word_1_546' title='bbox 1658 4595 1782 4652; x_wconf 83' lang='lat' dir='ltr'>bel-</span> 
     </span>
    </p>
   </div>
   <div class='ocr_carea' id='block_1_66' title="bbox 103 4686 1780 4758">
    <p class='ocr_par' dir='ltr' id='par_1_66' title="bbox 103 4686 1780 4758">
     <span class='ocr_line' id='line_1_67' title="bbox 103 4686 1780 4758; baseline -0.004 -11"><span class='ocrx_word' id='word_1_547' title='bbox 103 4691 329 4748; x_wconf 89' lang='lat' dir='ltr'>latores</span> <span class='ocrx_word' id='word_1_548' title='bbox 361 4689 824 4757; x_wconf 89' lang='lat' dir='ltr'>constituuntur,</span> <span class='ocrx_word' id='word_1_549' title='bbox 841 4704 980 4743; x_wconf 93' lang='lat' dir='ltr'>cum</span> <span class='ocrx_word' id='word_1_550' title='bbox 1004 4686 1416 4756; x_wconf 86' lang='lat' dir='ltr'>arrogantiam</span> <span class='ocrx_word' id='word_1_551' title='bbox 1439 4699 1780 4758; x_wconf 83' lang='lat' dir='ltr'>praecavere</span> 
     </span>
    </p>
   </div>
   <div class='ocr_carea' id='block_1_67' title="bbox 107 4774 1782 4849">
    <p class='ocr_par' dir='ltr' id='par_1_67' title="bbox 107 4774 1782 4849">
     <span class='ocr_line' id='line_1_68' title="bbox 107 4774 1782 4849; baseline -0.005 -12"><span class='ocrx_word' id='word_1_552' title='bbox 107 4795 236 4838; x_wconf 91' lang='lat' dir='ltr'>non</span> <span class='ocrx_word' id='word_1_553' title='bbox 287 4779 672 4835; x_wconf 89' lang='lat' dir='ltr'>meditantur.</span> <span class='ocrx_word' id='word_1_554' title='bbox 719 4796 750 4832; x_wconf 85' lang='grc'>‹</span> <span class='ocrx_word' id='word_1_555' title='bbox 795 4776 954 4833; x_wconf 89' lang='lat' dir='ltr'>Tulit</span> <span class='ocrx_word' id='word_1_556' title='bbox 984 4782 1040 4833; x_wconf 93' lang='lat' dir='ltr'>et</span> <span class='ocrx_word' id='word_1_557' title='bbox 1070 4777 1337 4849; x_wconf 90' lang='lat' dir='ltr'>quinque</span> <span class='ocrx_word' id='word_1_558' title='bbox 1388 4775 1548 4831; x_wconf 88' lang='lat' dir='ltr'>viros</span> <span class='ocrx_word' id='word_1_559' title='bbox 1588 4775 1663 4830; x_wconf 91' lang='lat' dir='ltr'>de</span> <span class='ocrx_word' id='word_1_560' title='bbox 1689 4774 1782 4830; x_wconf 86' lang='lat' dir='ltr'>his</span> 
     </span>
    </p>
   </div>
   <div class='ocr_carea' id='block_1_68' title="bbox 107 4863 1783 4944">
    <p class='ocr_par' dir='ltr' id='par_1_68' title="bbox 107 4863 1783 4944">
     <span class='ocr_line' id='line_1_69' title="bbox 107 4863 1783 4944; baseline -0.004 -17"><span class='ocrx_word' id='word_1_561' title='bbox 107 4871 219 4944; x_wconf 88' lang='lat' dir='ltr'>qui</span> <span class='ocrx_word' id='word_1_562' title='bbox 241 4873 527 4926; x_wconf 86' lang='lat' dir='ltr'>steterant</span> <span class='ocrx_word' id='word_1_563' title='bbox 554 4884 762 4925; x_wconf 89' lang='lat' dir='ltr'>coram</span> <span class='ocrx_word' id='word_1_564' title='bbox 793 4883 951 4938; x_wconf 89' lang='lat' dir='ltr'>rege,</span> <span class='ocrx_word' id='word_1_565' title='bbox 979 4889 1007 4916; x_wconf 87' lang='grc'>››</span> <span class='ocrx_word' id='word_1_566' title='bbox 1029 4866 1159 4922; x_wconf 88' lang='lat' dir='ltr'>illos</span> <span class='ocrx_word' id='word_1_567' title='bbox 1184 4865 1447 4938; x_wconf 90' lang='lat' dir='ltr'>profecto</span> <span class='ocrx_word' id='word_1_568' title='bbox 1469 4865 1574 4937; x_wconf 89' lang='lat' dir='ltr'>qui</span> <span class='ocrx_word' id='word_1_569' title='bbox 1603 4863 1783 4936; x_wconf 89' lang='lat' dir='ltr'>quin-</span> 
     </span>
    </p>
   </div>
   <div class='ocr_carea' id='block_1_69' title="bbox 108 4953 1784 5034">
    <p class='ocr_par' dir='ltr' id='par_1_69' title="bbox 108 4953 1784 5034">
     <span class='ocr_line' id='line_1_70' title="bbox 108 4953 1784 5034; baseline -0.004 -19"><span class='ocrx_word' id='word_1_570' title='bbox 108 4975 231 5034; x_wconf 89' lang='lat' dir='ltr'>que</span> <span class='ocrx_word' id='word_1_571' title='bbox 259 4959 537 5014; x_wconf 91' lang='lat' dir='ltr'>sensibus</span> <span class='ocrx_word' id='word_1_572' title='bbox 563 4957 830 5030; x_wconf 87' lang='lat' dir='ltr'>corporis</span> <span class='ocrx_word' id='word_1_573' title='bbox 860 4956 1153 5029; x_wconf 87' lang='lat' dir='ltr'>voluptati</span> <span class='ocrx_word' id='word_1_574' title='bbox 1175 4955 1521 5020; x_wconf 86' lang='lat' dir='ltr'>servientes,</span> <span class='ocrx_word' id='word_1_575' title='bbox 1541 4954 1665 5023; x_wconf 89' lang='lat' dir='ltr'>regi</span> <span class='ocrx_word' id='word_1_576' title='bbox 1694 4953 1784 5009; x_wconf 86' lang='lat' dir='ltr'>vi-</span> 
     </span>
    </p>
   </div>
   <div class='ocr_carea' id='block_1_70' title="bbox 109 5044 1788 5121">
    <p class='ocr_par' dir='ltr' id='par_1_70' title="bbox 109 5044 1788 5121">
     <span class='ocr_line' id='line_1_71' title="bbox 109 5044 1788 5121; baseline -0.005 -14"><span class='ocrx_word' id='word_1_577' title='bbox 109 5051 336 5107; x_wconf 89' lang='lat' dir='ltr'>tiorum</span> <span class='ocrx_word' id='word_1_578' title='bbox 384 5065 623 5121; x_wconf 91' lang='lat' dir='ltr'>semper</span> <span class='ocrx_word' id='word_1_579' title='bbox 681 5047 1064 5104; x_wconf 86' lang='lat' dir='ltr'>assistebant.</span> <span class='ocrx_word' id='word_1_580' title='bbox 1127 5069 1154 5097; x_wconf 85' lang='grc'>‹‹</span> <span class='ocrx_word' id='word_1_581' title='bbox 1216 5048 1280 5101; x_wconf 87' lang='lat' dir='ltr'>Et</span> <span class='ocrx_word' id='word_1_582' title='bbox 1309 5045 1543 5117; x_wconf 85' lang='lat' dir='ltr'>Sophar</span> <span class='ocrx_word' id='word_1_583' title='bbox 1570 5044 1788 5116; x_wconf 90' lang='lat' dir='ltr'>princi-</span> 
     </span>
    </p>
   </div>
   <div class='ocr_carea' id='block_1_71' title="bbox 107 5132 1786 5216">
    <p class='ocr_par' dir='ltr' id='par_1_71' title="bbox 107 5132 1786 5216">
     <span class='ocr_line' id='line_1_72' title="bbox 107 5132 1786 5216; baseline -0.004 -19"><span class='ocrx_word' id='word_1_584' title='bbox 107 5157 255 5216; x_wconf 87' lang='lat' dir='ltr'>pem</span> <span class='ocrx_word' id='word_1_585' title='bbox 305 5141 620 5208; x_wconf 87' lang='lat' dir='ltr'>exercitus,</span> <span class='ocrx_word' id='word_1_586' title='bbox 651 5139 757 5213; x_wconf 90' lang='lat' dir='ltr'>qui</span> <span class='ocrx_word' id='word_1_587' title='bbox 807 5138 1111 5213; x_wconf 86' lang='lat' dir='ltr'>probabat</span> <span class='ocrx_word' id='word_1_588' title='bbox 1159 5140 1400 5208; x_wconf 83' lang='lat' dir='ltr'>tyrones</span> <span class='ocrx_word' id='word_1_589' title='bbox 1450 5134 1524 5189; x_wconf 90' lang='lat' dir='ltr'>de</span> <span class='ocrx_word' id='word_1_590' title='bbox 1557 5132 1786 5205; x_wconf 87' lang='lat' dir='ltr'>populo</span> 
     </span>
    </p>
   </div>
   <div class='ocr_carea' id='block_1_72' title="bbox 110 5223 1787 5305">
    <p class='ocr_par' dir='ltr' id='par_1_72' title="bbox 110 5223 1787 5305">
     <span class='ocr_line' id='line_1_73' title="bbox 110 5223 1787 5305; baseline -0.006 -16"><span class='ocrx_word' id='word_1_591' title='bbox 110 5238 315 5300; x_wconf 68' lang='lat' dir='ltr'>terras;</span> <span class='ocrx_word' id='word_1_592' title='bbox 352 5251 380 5280; x_wconf 67' lang='grc' dir='ltr'>ι)</span> <span class='ocrx_word' id='word_1_593' title='bbox 415 5230 652 5305; x_wconf 91' lang='lat' dir='ltr'>Sophar</span> <span class='ocrx_word' id='word_1_594' title='bbox 693 5230 1117 5302; x_wconf 89' lang='lat' dir='ltr'>interpretatur</span> <span class='ocrx_word' id='word_1_595' title='bbox 1162 5229 1462 5296; x_wconf 75' lang='lat' dir='ltr'>dissipans</span> <span class='ocrx_word' id='word_1_596' title='bbox 1509 5223 1604 5280; x_wconf 85' lang='lat' dir='ltr'>vel</span> <span class='ocrx_word' id='word_1_597' title='bbox 1633 5225 1787 5280; x_wconf 77' lang='lat' dir='ltr'>divi-</span> 
     </span>
    </p>
   </div>
   <div class='ocr_carea' id='block_1_73' title="bbox 115 5312 1791 5394">
    <p class='ocr_par' dir='ltr' id='par_1_73' title="bbox 115 5312 1791 5394">
     <span class='ocr_line' id='line_1_74' title="bbox 115 5312 1791 5394; baseline -0.005 -14"><span class='ocrx_word' id='word_1_598' title='bbox 115 5324 284 5386; x_wconf 84' lang='lat' dir='ltr'>dens,</span> <span class='ocrx_word' id='word_1_599' title='bbox 318 5321 667 5392; x_wconf 86' lang='lat' dir='ltr'>signiﬁcans</span> <span class='ocrx_word' id='word_1_600' title='bbox 700 5337 802 5378; x_wconf 92' lang='lat' dir='ltr'>eos</span> <span class='ocrx_word' id='word_1_601' title='bbox 833 5320 940 5394; x_wconf 92' lang='lat' dir='ltr'>qui</span> <span class='ocrx_word' id='word_1_602' title='bbox 959 5319 1142 5376; x_wconf 89' lang='lat' dir='ltr'>rudes</span> <span class='ocrx_word' id='word_1_603' title='bbox 1170 5319 1233 5374; x_wconf 91' lang='lat' dir='ltr'>in</span> <span class='ocrx_word' id='word_1_604' title='bbox 1255 5315 1515 5373; x_wconf 87' lang='lat' dir='ltr'>Ecclesia</span> <span class='ocrx_word' id='word_1_605' title='bbox 1534 5329 1690 5387; x_wconf 89' lang='lat' dir='ltr'>quos</span> <span class='ocrx_word' id='word_1_606' title='bbox 1710 5312 1791 5372; x_wconf 86' lang='lat' dir='ltr'>ad</span> 
     </span>
    </p>
   </div>
   <div class='ocr_carea' id='block_1_74' title="bbox 113 5405 1788 5479">
    <p class='ocr_par' dir='ltr' id='par_1_74' title="bbox 113 5405 1788 5479">
     <span class='ocr_line' id='line_1_75' title="bbox 113 5405 1788 5479; baseline -0.005 -10"><span class='ocrx_word' id='word_1_607' title='bbox 113 5412 386 5470; x_wconf 89' lang='lat' dir='ltr'>militiam</span> <span class='ocrx_word' id='word_1_608' title='bbox 421 5411 633 5469; x_wconf 85' lang='lat' dir='ltr'>Christi</span> <span class='ocrx_word' id='word_1_609' title='bbox 661 5412 886 5468; x_wconf 90' lang='lat' dir='ltr'>nutrire</span> <span class='ocrx_word' id='word_1_610' title='bbox 930 5409 1287 5479; x_wconf 89' lang='lat' dir='ltr'>debuerant,</span> <span class='ocrx_word' id='word_1_611' title='bbox 1328 5405 1533 5479; x_wconf 84' lang='lat' dir='ltr'>pravis</span> <span class='ocrx_word' id='word_1_612' title='bbox 1584 5419 1788 5461; x_wconf 86' lang='lat' dir='ltr'>exem-</span> 
     </span>
    </p>
   </div>
   <div class='ocr_carea' id='block_1_75' title="bbox 116 5500 1787 5577">
    <p class='ocr_par' dir='ltr' id='par_1_75' title="bbox 116 5500 1787 5577">
     <span class='ocr_line' id='line_1_76' title="bbox 116 5500 1787 5577; baseline -0.005 -18"><span class='ocrx_word' id='word_1_613' title='bbox 116 5504 229 5577; x_wconf 90' lang='lat' dir='ltr'>plis</span> <span class='ocrx_word' id='word_1_614' title='bbox 259 5503 644 5576; x_wconf 88' lang='lat' dir='ltr'>dissipantes,</span> <span class='ocrx_word' id='word_1_615' title='bbox 697 5519 732 5559; x_wconf 93' lang='lat' dir='ltr'>a</span> <span class='ocrx_word' id='word_1_616' title='bbox 762 5506 914 5558; x_wconf 74' lang='lat' dir='ltr'>czetu</span> <span class='ocrx_word' id='word_1_617' title='bbox 949 5500 1219 5556; x_wconf 87' lang='lat' dir='ltr'>fidelium</span> <span class='ocrx_word' id='word_1_618' title='bbox 1250 5514 1358 5571; x_wconf 88' lang='lat' dir='ltr'>per</span> <span class='ocrx_word' id='word_1_619' title='bbox 1399 5511 1661 5552; x_wconf 91' lang='lat' dir='ltr'>errorem</span> <span class='ocrx_word' id='word_1_620' title='bbox 1695 5510 1787 5551; x_wconf 89' lang='lat' dir='ltr'>se-</span> 
     </span>
    </p>
   </div>
   <div class='ocr_carea' id='block_1_76' title="bbox 116 5585 1790 5667">
    <p class='ocr_par' dir='ltr' id='par_1_76' title="bbox 116 5585 1790 5667">
     <span class='ocr_line' id='line_1_77' title="bbox 116 5585 1790 5667; baseline -0.005 -19"><span class='ocrx_word' id='word_1_621' title='bbox 116 5598 445 5667; x_wconf 90' lang='lat' dir='ltr'>questrant.</span> <span class='ocrx_word' id='word_1_622' title='bbox 483 5614 513 5647; x_wconf 86' lang='grc'>‹</span> <span class='ocrx_word' id='word_1_623' title='bbox 549 5596 615 5648; x_wconf 87' lang='lat' dir='ltr'>Et</span> <span class='ocrx_word' id='word_1_624' title='bbox 668 5592 977 5661; x_wconf 85' lang='lat' dir='ltr'>sexaginta</span> <span class='ocrx_word' id='word_1_625' title='bbox 1023 5591 1183 5646; x_wconf 88' lang='lat' dir='ltr'>viros</span> <span class='ocrx_word' id='word_1_626' title='bbox 1233 5593 1289 5646; x_wconf 87' lang='lat' dir='ltr'>et</span> <span class='ocrx_word' id='word_1_627' title='bbox 1340 5586 1521 5655; x_wconf 80' lang='lat' dir='ltr'>vulgo</span> <span class='ocrx_word' id='word_1_628' title='bbox 1571 5585 1676 5658; x_wconf 89' lang='lat' dir='ltr'>qui</span> <span class='ocrx_word' id='word_1_629' title='bbox 1704 5585 1790 5640; x_wconf 86' lang='lat' dir='ltr'>ln-</span> 
     </span>
    </p>
   </div>
   <div class='ocr_carea' id='block_1_77' title="bbox 117 5676 1788 5747">
    <p class='ocr_par' dir='ltr' id='par_1_77' title="bbox 117 5676 1788 5747">
     <span class='ocr_line' id='line_1_78' title="bbox 117 5676 1788 5747; baseline -0.005 -8"><span class='ocrx_word' id='word_1_630' title='bbox 117 5684 280 5739; x_wconf 87' lang='lat' dir='ltr'>venti</span> <span class='ocrx_word' id='word_1_631' title='bbox 309 5683 546 5741; x_wconf 85' lang='lat' dir='ltr'>fuerant</span> <span class='ocrx_word' id='word_1_632' title='bbox 565 5683 628 5738; x_wconf 88' lang='lat' dir='ltr'>in</span> <span class='ocrx_word' id='word_1_633' title='bbox 657 5681 910 5738; x_wconf 88' lang='lat' dir='ltr'>civitate.</span> <span class='ocrx_word' id='word_1_634' title='bbox 947 5702 975 5730; x_wconf 80' lang='grc'>»</span> <span class='ocrx_word' id='word_1_635' title='bbox 1010 5683 1128 5736; x_wconf 80' lang='lat' dir='ltr'>Hoc</span> <span class='ocrx_word' id='word_1_636' title='bbox 1162 5683 1249 5735; x_wconf 89' lang='lat' dir='ltr'>est</span> <span class='ocrx_word' id='word_1_637' title='bbox 1275 5676 1484 5733; x_wconf 90' lang='lat' dir='ltr'>stultos</span> <span class='ocrx_word' id='word_1_638' title='bbox 1513 5677 1788 5747; x_wconf 83' lang='lat' dir='ltr'>operato-</span> 
     </span>
    </p>
   </div>
   <div class='ocr_carea' id='block_1_78' title="bbox 116 5762 1788 5847">
    <p class='ocr_par' dir='ltr' id='par_1_78' title="bbox 116 5762 1788 5847">
     <span class='ocr_line' id='line_1_79' title="bbox 116 5762 1788 5847; baseline -0.005 -15"><span class='ocrx_word' id='word_1_639' title='bbox 116 5787 234 5847; x_wconf 87' lang='lat' dir='ltr'>res,</span> <span class='ocrx_word' id='word_1_640' title='bbox 266 5773 370 5846; x_wconf 88' lang='lat' dir='ltr'>qui</span> <span class='ocrx_word' id='word_1_641' title='bbox 398 5773 614 5831; x_wconf 87' lang='lat' dir='ltr'>merito</span> <span class='ocrx_word' id='word_1_642' title='bbox 641 5770 810 5844; x_wconf 84' lang='lat' dir='ltr'>vulgi</span> <span class='ocrx_word' id='word_1_643' title='bbox 846 5770 1094 5828; x_wconf 89' lang='lat' dir='ltr'>nomine</span> <span class='ocrx_word' id='word_1_644' title='bbox 1139 5771 1594 5840; x_wconf 86' lang='lat' dir='ltr'>nuncupantur,</span> <span class='ocrx_word' id='word_1_645' title='bbox 1643 5762 1788 5836; x_wconf 72' lang='lat' dir='ltr'>quia</span> 
     </span>
    </p>
   </div>
   <div class='ocr_carea' id='block_1_79' title="bbox 1880 1827 3545 1899">
    <p class='ocr_par' dir='ltr' id='par_1_79' title="bbox 1880 1827 3545 1899">
     <span class='ocr_line' id='line_1_80' title="bbox 1880 1827 3545 1899; baseline 0.009 -20"><span class='ocrx_word' id='word_1_646' title='bbox 1880 1830 2126 1896; x_wconf 90' lang='lat' dir='ltr'>peccata</span> <span class='ocrx_word' id='word_1_647' title='bbox 2179 1827 2530 1899; x_wconf 90' lang='lat' dir='ltr'>multiplicia</span> <span class='ocrx_word' id='word_1_648' title='bbox 2581 1831 2655 1884; x_wconf 90' lang='lat' dir='ltr'>de</span> <span class='ocrx_word' id='word_1_649' title='bbox 2713 1835 2866 1888; x_wconf 91' lang='lat' dir='ltr'>terra</span> <span class='ocrx_word' id='word_1_650' title='bbox 2913 1833 3241 1889; x_wconf 88' lang='lat' dir='ltr'>viventium</span> <span class='ocrx_word' id='word_1_651' title='bbox 3274 1837 3545 1894; x_wconf 89' lang='lat' dir='ltr'>translati</span> 
     </span>
    </p>
   </div>
   <div class='ocr_carea' id='block_1_80' title="bbox 1879 1913 3543 1983">
    <p class='ocr_par' dir='ltr' id='par_1_80' title="bbox 1879 1913 3543 1983">
     <span class='ocr_line' id='line_1_81' title="bbox 1879 1913 3543 1983; baseline 0.008 -14"><span class='ocrx_word' id='word_1_652' title='bbox 1879 1913 1938 1969; x_wconf 90' lang='lat' dir='ltr'>in</span> <span class='ocrx_word' id='word_1_653' title='bbox 1965 1929 2222 1983; x_wconf 86' lang='lat' dir='ltr'>regnum</span> <span class='ocrx_word' id='word_1_654' title='bbox 2253 1918 2621 1974; x_wconf 89' lang='lat' dir='ltr'>confusionis</span> <span class='ocrx_word' id='word_1_655' title='bbox 2651 1923 2708 1975; x_wconf 91' lang='lat' dir='ltr'>et</span> <span class='ocrx_word' id='word_1_656' title='bbox 2737 1921 2954 1976; x_wconf 88' lang='lat' dir='ltr'>erroris</span> <span class='ocrx_word' id='word_1_657' title='bbox 2986 1922 3393 1980; x_wconf 90' lang='lat' dir='ltr'>abducuntur.</span> <span class='ocrx_word' id='word_1_658' title='bbox 3419 1925 3543 1981; x_wconf 89' lang='lat' dir='ltr'>Sub</span> 
     </span>
    </p>
   </div>
   <div class='ocr_carea' id='block_1_81' title="bbox 1878 2004 3542 2085">
    <p class='ocr_par' dir='ltr' id='par_1_81' title="bbox 1878 2004 3542 2085">
     <span class='ocr_line' id='line_1_82' title="bbox 1878 2004 3542 2085; baseline 0.007 -28"><span class='ocrx_word' id='word_1_659' title='bbox 1878 2019 2003 2074; x_wconf 90' lang='lat' dir='ltr'>quo</span> <span class='ocrx_word' id='word_1_660' title='bbox 2033 2004 2286 2076; x_wconf 89' lang='lat' dir='ltr'>imperio</span> <span class='ocrx_word' id='word_1_661' title='bbox 2317 2007 2666 2079; x_wconf 84' lang='lat' dir='ltr'>quicunque</span> <span class='ocrx_word' id='word_1_662' title='bbox 2704 2010 2980 2081; x_wconf 75' lang='lat' dir='ltr'>nequiter</span> <span class='ocrx_word' id='word_1_663' title='bbox 3035 2012 3362 2068; x_wconf 85' lang='lat' dir='ltr'>servientes</span> <span class='ocrx_word' id='word_1_664' title='bbox 3404 2029 3542 2085; x_wconf 83' lang='lat' dir='ltr'>per-</span> 
     </span>
    </p>
   </div>
   <div class='ocr_carea' id='block_1_82' title="bbox 1880 2093 3541 2172">
    <p class='ocr_par' dir='ltr' id='par_1_82' title="bbox 1880 2093 3541 2172">
     <span class='ocr_line' id='line_1_83' title="bbox 1880 2093 3541 2172; baseline 0.007 -25"><span class='ocrx_word' id='word_1_665' title='bbox 1880 2093 2301 2162; x_wconf 82' lang='lat' dir='ltr'>severaverint,</span> <span class='ocrx_word' id='word_1_666' title='bbox 2347 2111 2460 2151; x_wconf 87' lang='lat' dir='ltr'>nec</span> <span class='ocrx_word' id='word_1_667' title='bbox 2508 2097 2902 2154; x_wconf 88' lang='lat' dir='ltr'>merebuntur</span> <span class='ocrx_word' id='word_1_668' title='bbox 2927 2114 3034 2172; x_wconf 92' lang='lat' dir='ltr'>per</span> <span class='ocrx_word' id='word_1_669' title='bbox 3083 2103 3220 2156; x_wconf 83' lang='lat' dir='ltr'>Jesu</span> <span class='ocrx_word' id='word_1_670' title='bbox 3251 2099 3541 2158; x_wconf 87' lang='lat' dir='ltr'>ducatum</span> 
     </span>
    </p>
   </div>
   <div class='ocr_carea' id='block_1_83' title="bbox 1879 2182 3546 2260">
    <p class='ocr_par' dir='ltr' id='par_1_83' title="bbox 1879 2182 3546 2260">
     <span class='ocr_line' id='line_1_84' title="bbox 1879 2182 3546 2260; baseline 0.008 -25"><span class='ocrx_word' id='word_1_671' title='bbox 1879 2182 2114 2251; x_wconf 87' lang='lat' dir='ltr'>regredi</span> <span class='ocrx_word' id='word_1_672' title='bbox 2141 2183 2203 2238; x_wconf 91' lang='lat' dir='ltr'>in</span> <span class='ocrx_word' id='word_1_673' title='bbox 2253 2188 2470 2240; x_wconf 91' lang='lat' dir='ltr'>terram</span> <span class='ocrx_word' id='word_1_674' title='bbox 2509 2186 2684 2257; x_wconf 84' lang='lat' dir='ltr'>Juda,</span> <span class='ocrx_word' id='word_1_675' title='bbox 2719 2187 3134 2260; x_wconf 88' lang='lat' dir='ltr'>templumque</span> <span class='ocrx_word' id='word_1_676' title='bbox 3179 2191 3412 2248; x_wconf 87' lang='lat' dir='ltr'>Domini</span> <span class='ocrx_word' id='word_1_677' title='bbox 3438 2191 3546 2248; x_wconf 83' lang='lat' dir='ltr'>ibi-</span> 
     </span>
    </p>
   </div>
   <div class='ocr_carea' id='block_1_84' title="bbox 1878 2270 3544 2352">
    <p class='ocr_par' dir='ltr' id='par_1_84' title="bbox 1878 2270 3544 2352">
     <span class='ocr_line' id='line_1_85' title="bbox 1878 2270 3544 2352; baseline 0.007 -27"><span class='ocrx_word' id='word_1_678' title='bbox 1878 2270 2020 2326; x_wconf 88' lang='lat' dir='ltr'>dem</span> <span class='ocrx_word' id='word_1_679' title='bbox 2049 2272 2433 2329; x_wconf 62' lang='lat' dir='ltr'>rezedificare.</span> <span class='ocrx_word' id='word_1_680' title='bbox 2489 2279 2552 2329; x_wconf 91' lang='lat' dir='ltr'>ln</span> <span class='ocrx_word' id='word_1_681' title='bbox 2605 2281 2915 2346; x_wconf 90' lang='lat' dir='ltr'>posterum</span> <span class='ocrx_word' id='word_1_682' title='bbox 2966 2293 3234 2351; x_wconf 91' lang='lat' dir='ltr'>namque</span> <span class='ocrx_word' id='word_1_683' title='bbox 3282 2296 3544 2352; x_wconf 64' lang='lat' dir='ltr'>praesen-</span> 
     </span>
    </p>
   </div>
   <div class='ocr_carea' id='block_1_85' title="bbox 1881 2360 3540 2443">
    <p class='ocr_par' dir='ltr' id='par_1_85' title="bbox 1881 2360 3540 2443">
     <span class='ocr_line' id='line_1_86' title="bbox 1881 2360 3540 2443; baseline 0.005 -26"><span class='ocrx_word' id='word_1_684' title='bbox 1881 2362 1953 2417; x_wconf 91' lang='lat' dir='ltr'>tis</span> <span class='ocrx_word' id='word_1_685' title='bbox 1981 2360 2115 2416; x_wconf 69' lang='lat' dir='ltr'>vita:</span> <span class='ocrx_word' id='word_1_686' title='bbox 2144 2361 2458 2418; x_wconf 87' lang='lat' dir='ltr'>tradentur</span> <span class='ocrx_word' id='word_1_687' title='bbox 2511 2363 2573 2418; x_wconf 93' lang='lat' dir='ltr'>in</span> <span class='ocrx_word' id='word_1_688' title='bbox 2603 2379 2908 2421; x_wconf 90' lang='lat' dir='ltr'>carcerem</span> <span class='ocrx_word' id='word_1_689' title='bbox 2954 2367 3164 2424; x_wconf 88' lang='lat' dir='ltr'>mortis</span> <span class='ocrx_word' id='word_1_690' title='bbox 3217 2376 3540 2443; x_wconf 83' lang='lat' dir='ltr'>perpetuae,</span> 
     </span>
    </p>
   </div>
   <div class='ocr_carea' id='block_1_86' title="bbox 1879 2450 3542 2528">
    <p class='ocr_par' dir='ltr' id='par_1_86' title="bbox 1879 2450 3542 2528">
     <span class='ocr_line' id='line_1_87' title="bbox 1879 2450 3542 2528; baseline 0.005 -23"><span class='ocrx_word' id='word_1_691' title='bbox 1879 2450 1984 2506; x_wconf 87' lang='lat' dir='ltr'>ubi</span> <span class='ocrx_word' id='word_1_692' title='bbox 2016 2451 2240 2506; x_wconf 88' lang='lat' dir='ltr'>vermis</span> <span class='ocrx_word' id='word_1_693' title='bbox 2297 2467 2510 2508; x_wconf 89' lang='lat' dir='ltr'>eorum</span> <span class='ocrx_word' id='word_1_694' title='bbox 2559 2469 2880 2526; x_wconf 86' lang='lat' dir='ltr'>nunquam</span> <span class='ocrx_word' id='word_1_695' title='bbox 2932 2456 3242 2527; x_wconf 90' lang='lat' dir='ltr'>morietur,</span> <span class='ocrx_word' id='word_1_696' title='bbox 3273 2463 3330 2514; x_wconf 82' lang='lat' dir='ltr'>et</span> <span class='ocrx_word' id='word_1_697' title='bbox 3383 2459 3542 2528; x_wconf 86' lang='lat' dir='ltr'>ignis</span> 
     </span>
    </p>
   </div>
   <div class='ocr_carea' id='block_1_87' title="bbox 1879 2540 3544 2617">
    <p class='ocr_par' dir='ltr' id='par_1_87' title="bbox 1879 2540 3544 2617">
     <span class='ocr_line' id='line_1_88' title="bbox 1879 2540 3544 2617; baseline 0.005 -23"><span class='ocrx_word' id='word_1_698' title='bbox 1879 2555 2003 2596; x_wconf 88' lang='lat' dir='ltr'>non</span> <span class='ocrx_word' id='word_1_699' title='bbox 2057 2540 2485 2610; x_wconf 89' lang='lat' dir='ltr'>exstinguetur.</span> <span class='ocrx_word' id='word_1_700' title='bbox 2547 2542 3022 2617; x_wconf 85' lang='lat' dir='ltr'>lmplebiturque</span> <span class='ocrx_word' id='word_1_701' title='bbox 3079 2546 3165 2601; x_wconf 91' lang='lat' dir='ltr'>eis</span> <span class='ocrx_word' id='word_1_702' title='bbox 3221 2545 3325 2603; x_wconf 89' lang='lat' dir='ltr'>illa</span> <span class='ocrx_word' id='word_1_703' title='bbox 3383 2547 3544 2604; x_wconf 86' lang='lat' dir='ltr'>beati</span> 
     </span>
    </p>
   </div>
   <div class='ocr_carea' id='block_1_88' title="bbox 1878 2629 3543 2709">
    <p class='ocr_par' dir='ltr' id='par_1_88' title="bbox 1878 2629 3543 2709">
     <span class='ocr_line' id='line_1_89' title="bbox 1878 2629 3543 2709; baseline 0.006 -26"><span class='ocrx_word' id='word_1_704' title='bbox 1878 2629 2026 2684; x_wconf 85' lang='lat' dir='ltr'>Petri</span> <span class='ocrx_word' id='word_1_705' title='bbox 2057 2629 2312 2702; x_wconf 86' lang='lat' dir='ltr'>apostoli</span> <span class='ocrx_word' id='word_1_706' title='bbox 2336 2631 2628 2687; x_wconf 76' lang='lat' dir='ltr'>sententia</span> <span class='ocrx_word' id='word_1_707' title='bbox 2660 2648 2784 2704; x_wconf 90' lang='lat' dir='ltr'>qua</span> <span class='ocrx_word' id='word_1_708' title='bbox 2809 2633 2986 2690; x_wconf 88' lang='lat' dir='ltr'>dicit:</span> <span class='ocrx_word' id='word_1_709' title='bbox 3026 2653 3058 2688; x_wconf 84' lang='grc'>‹</span> <span class='ocrx_word' id='word_1_710' title='bbox 3090 2634 3290 2691; x_wconf 70' lang='lat' dir='ltr'>Melius</span> <span class='ocrx_word' id='word_1_711' title='bbox 3314 2637 3543 2709; x_wconf 90' lang='lat' dir='ltr'>quippe</span> 
     </span>
    </p>
   </div>
   <div class='ocr_carea' id='block_1_89' title="bbox 1875 2719 3546 2798">
    <p class='ocr_par' dir='ltr' id='par_1_89' title="bbox 1875 2719 3546 2798">
     <span class='ocr_line' id='line_1_90' title="bbox 1875 2719 3546 2798; baseline 0.005 -25"><span class='ocrx_word' id='word_1_712' title='bbox 1875 2725 2006 2775; x_wconf 85' lang='lat' dir='ltr'>erat</span> <span class='ocrx_word' id='word_1_713' title='bbox 2029 2719 2139 2774; x_wconf 89' lang='lat' dir='ltr'>illis</span> <span class='ocrx_word' id='word_1_714' title='bbox 2170 2733 2293 2775; x_wconf 89' lang='lat' dir='ltr'>non</span> <span class='ocrx_word' id='word_1_715' title='bbox 2323 2735 2690 2789; x_wconf 83' lang='lat' dir='ltr'>cognoscere</span> <span class='ocrx_word' id='word_1_716' title='bbox 2710 2722 2874 2778; x_wconf 84' lang='lat' dir='ltr'>viam</span> <span class='ocrx_word' id='word_1_717' title='bbox 2895 2723 3161 2795; x_wconf 62' lang='lat' dir='ltr'>justitiee,</span> <span class='ocrx_word' id='word_1_718' title='bbox 3183 2741 3375 2798; x_wconf 89' lang='lat' dir='ltr'>quam</span> <span class='ocrx_word' id='word_1_719' title='bbox 3405 2730 3546 2797; x_wconf 89' lang='lat' dir='ltr'>post</span> 
     </span>
    </p>
   </div>
   <div class='ocr_carea' id='block_1_90' title="bbox 1879 2808 3543 2887">
    <p class='ocr_par' dir='ltr' id='par_1_90' title="bbox 1879 2808 3543 2887">
     <span class='ocr_line' id='line_1_91' title="bbox 1879 2808 3543 2887; baseline 0.004 -24"><span class='ocrx_word' id='word_1_720' title='bbox 1879 2808 2247 2878; x_wconf 85' lang='lat' dir='ltr'>agnitionem</span> <span class='ocrx_word' id='word_1_721' title='bbox 2295 2814 2625 2866; x_wconf 80' lang='lat' dir='ltr'>retrorsum</span> <span class='ocrx_word' id='word_1_722' title='bbox 2669 2813 2933 2868; x_wconf 81' lang='lat' dir='ltr'>converti</span> <span class='ocrx_word' id='word_1_723' title='bbox 2991 2813 3070 2868; x_wconf 91' lang='lat' dir='ltr'>ab</span> <span class='ocrx_word' id='word_1_724' title='bbox 3117 2829 3190 2870; x_wconf 90' lang='lat' dir='ltr'>eo</span> <span class='ocrx_word' id='word_1_725' title='bbox 3211 2813 3381 2887; x_wconf 88' lang='lat' dir='ltr'>quod</span> <span class='ocrx_word' id='word_1_726' title='bbox 3425 2814 3543 2870; x_wconf 84' lang='lat' dir='ltr'>illis</span> 
     </span>
    </p>
   </div>
   <div class='ocr_carea' id='block_1_91' title="bbox 1877 2898 3544 2976">
    <p class='ocr_par' dir='ltr' id='par_1_91' title="bbox 1877 2898 3544 2976">
     <span class='ocr_line' id='line_1_92' title="bbox 1877 2898 3544 2976; baseline 0.001 -22"><span class='ocrx_word' id='word_1_727' title='bbox 1877 2898 2163 2954; x_wconf 84' lang='lat' dir='ltr'>traditum</span> <span class='ocrx_word' id='word_1_728' title='bbox 2237 2902 2347 2966; x_wconf 83' lang='lat' dir='ltr'>est,</span> <span class='ocrx_word' id='word_1_729' title='bbox 2401 2904 2616 2956; x_wconf 88' lang='lat' dir='ltr'>sancto</span> <span class='ocrx_word' id='word_1_730' title='bbox 2670 2901 2962 2958; x_wconf 85' lang='lat' dir='ltr'>mandato</span> <span class='ocrx_word' id='word_1_731' title='bbox 3011 2903 3106 2974; x_wconf 84' lang='lat' dir='ltr'>(II</span> <span class='ocrx_word' id='word_1_732' title='bbox 3157 2904 3320 2961; x_wconf 76' lang='lat' dir='ltr'>Petr.</span> <span class='ocrx_word' id='word_1_733' title='bbox 3379 2904 3462 2976; x_wconf 77' lang='grc' dir='ltr'>ιι).</span> <span class='ocrx_word' id='word_1_734' title='bbox 3516 2925 3544 2955; x_wconf 81' lang='lat'><strong>»</strong></span> 
     </span>
    </p>
   </div>
   <div class='ocr_carea' id='block_1_92' title="bbox 1877 2987 3546 3063">
    <p class='ocr_par' dir='ltr' id='par_1_92' title="bbox 1877 2987 3546 3063">
     <span class='ocr_line' id='line_1_93' title="bbox 1877 2987 3546 3063; baseline 0.004 -21"><span class='ocrx_word' id='word_1_735' title='bbox 1877 2987 2052 3057; x_wconf 82' lang='lat' dir='ltr'>Quia,</span> <span class='ocrx_word' id='word_1_736' title='bbox 2075 2991 2388 3044; x_wconf 83' lang='lat' dir='ltr'>attestante</span> <span class='ocrx_word' id='word_1_737' title='bbox 2421 2989 2710 3044; x_wconf 83' lang='lat' dir='ltr'>Veritate:</span> <span class='ocrx_word' id='word_1_738' title='bbox 2744 3013 2771 3040; x_wconf 63' lang='grc' dir='ltr'><strong>ι</strong></span> <span class='ocrx_word' id='word_1_739' title='bbox 2801 2992 3021 3046; x_wconf 86' lang='lat' dir='ltr'>Servus</span> <span class='ocrx_word' id='word_1_740' title='bbox 3049 2991 3157 3063; x_wconf 87' lang='lat' dir='ltr'>qui</span> <span class='ocrx_word' id='word_1_741' title='bbox 3195 2993 3306 3048; x_wconf 87' lang='lat' dir='ltr'>scit</span> <span class='ocrx_word' id='word_1_742' title='bbox 3332 2992 3546 3049; x_wconf 87' lang='lat' dir='ltr'>volun-</span> 
     </span>
    </p>
   </div>
   <div class='ocr_carea' id='block_1_93' title="bbox 1879 3077 3540 3152">
    <p class='ocr_par' dir='ltr' id='par_1_93' title="bbox 1879 3077 3540 3152">
     <span class='ocr_line' id='line_1_94' title="bbox 1879 3077 3540 3152; baseline 0.004 -21"><span class='ocrx_word' id='word_1_743' title='bbox 1879 3082 2060 3132; x_wconf 83' lang='lat' dir='ltr'>tatem</span> <span class='ocrx_word' id='word_1_744' title='bbox 2091 3077 2323 3132; x_wconf 87' lang='lat' dir='ltr'>domini</span> <span class='ocrx_word' id='word_1_745' title='bbox 2354 3077 2464 3143; x_wconf 91' lang='lat' dir='ltr'>sui,</span> <span class='ocrx_word' id='word_1_746' title='bbox 2512 3083 2570 3133; x_wconf 91' lang='lat' dir='ltr'>et</span> <span class='ocrx_word' id='word_1_747' title='bbox 2597 3093 2720 3133; x_wconf 91' lang='lat' dir='ltr'>non</span> <span class='ocrx_word' id='word_1_748' title='bbox 2751 3077 2914 3148; x_wconf 89' lang='lat' dir='ltr'>facit,</span> <span class='ocrx_word' id='word_1_749' title='bbox 2944 3080 3257 3152; x_wconf 87' lang='lat' dir='ltr'>vapulabit</span> <span class='ocrx_word' id='word_1_750' title='bbox 3297 3083 3540 3137; x_wconf 88' lang='lat' dir='ltr'>multis:</span> 
     </span>
    </p>
   </div>
   <div class='ocr_carea' id='block_1_94' title="bbox 1877 3258 2263 3326">
    <p class='ocr_par' dir='ltr' id='par_1_94' title="bbox 1877 3258 2263 3326">
     <span class='ocr_line' id='line_1_95' title="bbox 1877 3258 2263 3326; baseline -0.013 -15"><span class='ocrx_word' id='word_1_751' title='bbox 1877 3258 2046 3326; x_wconf 85' lang='lat' dir='ltr'>(Luc.</span> <span class='ocrx_word' id='word_1_752' title='bbox 2082 3260 2208 3322; x_wconf 83' lang='lat' dir='ltr'>xu).</span> <span class='ocrx_word' id='word_1_753' title='bbox 2234 3275 2263 3305; x_wconf 79' lang='lat'><strong>»</strong></span> 
     </span>
    </p>
   </div>
   <div class='ocr_carea' id='block_1_95' title="bbox 1955 3344 3547 3419">
    <p class='ocr_par' dir='ltr' id='par_1_95' title="bbox 1955 3344 3547 3419">
     <span class='ocr_line' id='line_1_96' title="bbox 1955 3344 3547 3419; baseline 0.003 -20"><span class='ocrx_word' id='word_1_754' title='bbox 1955 3344 2200 3417; x_wconf 83' lang='lat' dir='ltr'>Expleto</span> <span class='ocrx_word' id='word_1_755' title='bbox 2226 3345 2472 3400; x_wconf 90' lang='lat' dir='ltr'>tandem</span> <span class='ocrx_word' id='word_1_756' title='bbox 2504 3349 2624 3401; x_wconf 90' lang='lat' dir='ltr'>tam</span> <span class='ocrx_word' id='word_1_757' title='bbox 2656 3344 2965 3402; x_wconf 87' lang='lat' dir='ltr'>laborioso</span> <span class='ocrx_word' id='word_1_758' title='bbox 2993 3361 3198 3419; x_wconf 89' lang='lat' dir='ltr'>opere,</span> <span class='ocrx_word' id='word_1_759' title='bbox 3225 3347 3547 3404; x_wconf 83' lang='lat' dir='ltr'>auxiliatus</span> 
     </span>
    </p>
   </div>
   <div class='ocr_carea' id='block_1_96' title="bbox 1883 3434 3544 3509">
    <p class='ocr_par' dir='ltr' id='par_1_96' title="bbox 1883 3434 3544 3509">
     <span class='ocr_line' id='line_1_97' title="bbox 1883 3434 3544 3509; baseline 0.002 -18"><span class='ocrx_word' id='word_1_760' title='bbox 1883 3434 2319 3507; x_wconf 89' lang='lat' dir='ltr'>Omnipotentis</span> <span class='ocrx_word' id='word_1_761' title='bbox 2345 3450 2483 3506; x_wconf 91' lang='lat' dir='ltr'>ope.</span> <span class='ocrx_word' id='word_1_762' title='bbox 2516 3434 2579 3490; x_wconf 92' lang='lat' dir='ltr'>in</span> <span class='ocrx_word' id='word_1_763' title='bbox 2607 3434 2768 3490; x_wconf 89' lang='lat' dir='ltr'>calce</span> <span class='ocrx_word' id='word_1_764' title='bbox 2808 3435 3064 3509; x_wconf 80' lang='lat' dir='ltr'>supplex</span> <span class='ocrx_word' id='word_1_765' title='bbox 3093 3437 3378 3494; x_wconf 90' lang='lat' dir='ltr'>lectorem</span> <span class='ocrx_word' id='word_1_766' title='bbox 3406 3453 3544 3494; x_wconf 69' lang='lat' dir='ltr'>exo-</span> 
     </span>
    </p>
   </div>
   <div class='ocr_carea' id='block_1_97' title="bbox 1882 3523 3548 3600">
    <p class='ocr_par' dir='ltr' id='par_1_97' title="bbox 1882 3523 3548 3600">
     <span class='ocr_line' id='line_1_98' title="bbox 1882 3523 3548 3600; baseline 0.002 -20"><span class='ocrx_word' id='word_1_767' title='bbox 1882 3541 1948 3580; x_wconf 92' lang='lat' dir='ltr'>ro</span> <span class='ocrx_word' id='word_1_768' title='bbox 1980 3529 2064 3592; x_wconf 91' lang='lat' dir='ltr'>ut,</span> <span class='ocrx_word' id='word_1_769' title='bbox 2096 3524 2147 3578; x_wconf 93' lang='lat' dir='ltr'>si</span> <span class='ocrx_word' id='word_1_770' title='bbox 2175 3524 2439 3593; x_wconf 89' lang='lat' dir='ltr'>dignum</span> <span class='ocrx_word' id='word_1_771' title='bbox 2474 3523 2726 3580; x_wconf 88' lang='lat' dir='ltr'>lectione</span> <span class='ocrx_word' id='word_1_772' title='bbox 2757 3525 2852 3580; x_wconf 91' lang='lat' dir='ltr'>vel</span> <span class='ocrx_word' id='word_1_773' title='bbox 2895 3527 3353 3600; x_wconf 89' lang='lat' dir='ltr'>transcriptione</span> <span class='ocrx_word' id='word_1_774' title='bbox 3405 3542 3548 3584; x_wconf 86' lang='lat' dir='ltr'>eum</span> 
     </span>
    </p>
   </div>
   <div class='ocr_carea' id='block_1_98' title="bbox 1882 3613 3550 3689">
    <p class='ocr_par' dir='ltr' id='par_1_98' title="bbox 1882 3613 3550 3689">
     <span class='ocr_line' id='line_1_99' title="bbox 1882 3613 3550 3689; baseline 0.002 -19"><span class='ocrx_word' id='word_1_775' title='bbox 1882 3613 2138 3680; x_wconf 91' lang='lat' dir='ltr'>duxerit,</span> <span class='ocrx_word' id='word_1_776' title='bbox 2173 3614 2426 3670; x_wconf 91' lang='lat' dir='ltr'>Domino</span> <span class='ocrx_word' id='word_1_777' title='bbox 2482 3615 2703 3683; x_wconf 88' lang='lat' dir='ltr'>gratias</span> <span class='ocrx_word' id='word_1_778' title='bbox 2763 3620 3066 3683; x_wconf 85' lang='lat' dir='ltr'>gratanter</span> <span class='ocrx_word' id='word_1_779' title='bbox 3117 3617 3351 3688; x_wconf 87' lang='lat' dir='ltr'>referat,</span> <span class='ocrx_word' id='word_1_780' title='bbox 3382 3639 3410 3667; x_wconf 86' lang='lat'>«</span> <span class='ocrx_word' id='word_1_781' title='bbox 3441 3619 3550 3689; x_wconf 90' lang='lat' dir='ltr'>qui</span> 
     </span>
    </p>
   </div>
   <div class='ocr_carea' id='block_1_99' title="bbox 1883 3703 3546 3777">
    <p class='ocr_par' dir='ltr' id='par_1_99' title="bbox 1883 3703 3546 3777">
     <span class='ocr_line' id='line_1_100' title="bbox 1883 3703 3546 3777; baseline 0.002 -19"><span class='ocrx_word' id='word_1_782' title='bbox 1883 3710 1970 3759; x_wconf 88' lang='lat' dir='ltr'>est</span> <span class='ocrx_word' id='word_1_783' title='bbox 2029 3708 2198 3777; x_wconf 88' lang='lat' dir='ltr'>pater</span> <span class='ocrx_word' id='word_1_784' title='bbox 2251 3703 2518 3768; x_wconf 91' lang='lat' dir='ltr'>luminis,</span> <span class='ocrx_word' id='word_1_785' title='bbox 2551 3719 2587 3759; x_wconf 88' lang='lat' dir='ltr'>a</span> <span class='ocrx_word' id='word_1_786' title='bbox 2615 3721 2739 3776; x_wconf 89' lang='lat' dir='ltr'>quo</span> <span class='ocrx_word' id='word_1_787' title='bbox 2789 3720 2970 3760; x_wconf 91' lang='lat' dir='ltr'>omne</span> <span class='ocrx_word' id='word_1_788' title='bbox 2999 3705 3207 3761; x_wconf 88' lang='lat' dir='ltr'>datum</span> <span class='ocrx_word' id='word_1_789' title='bbox 3247 3707 3546 3777; x_wconf 90' lang='lat' dir='ltr'>optimum</span> 
     </span>
    </p>
   </div>
   <div class='ocr_carea' id='block_1_100' title="bbox 1884 3793 3550 3866">
    <p class='ocr_par' dir='ltr' id='par_1_100' title="bbox 1884 3793 3550 3866">
     <span class='ocr_line' id='line_1_101' title="bbox 1884 3793 3550 3866; baseline 0.002 -18"><span class='ocrx_word' id='word_1_790' title='bbox 1884 3799 1938 3849; x_wconf 90' lang='lat' dir='ltr'>et</span> <span class='ocrx_word' id='word_1_791' title='bbox 1986 3809 2165 3849; x_wconf 90' lang='lat' dir='ltr'>omne</span> <span class='ocrx_word' id='word_1_792' title='bbox 2195 3793 2426 3848; x_wconf 89' lang='lat' dir='ltr'>donum</span> <span class='ocrx_word' id='word_1_793' title='bbox 2460 3793 2791 3865; x_wconf 88' lang='lat' dir='ltr'>perfectum</span> <span class='ocrx_word' id='word_1_794' title='bbox 2837 3794 3016 3849; x_wconf 86' lang='lat' dir='ltr'>datur</span> <span class='ocrx_word' id='word_1_795' title='bbox 3043 3797 3199 3862; x_wconf 84' lang='lat' dir='ltr'>(Jac.</span> <span class='ocrx_word' id='word_1_796' title='bbox 3229 3795 3304 3864; x_wconf 80' lang='lat'>1):</span> <span class='ocrx_word' id='word_1_797' title='bbox 3357 3817 3385 3843; x_wconf 73' lang='grc' dir='ltr'>»ι</span> <span class='ocrx_word' id='word_1_798' title='bbox 3441 3795 3550 3866; x_wconf 86' lang='lat' dir='ltr'>qui</span> 
     </span>
    </p>
   </div>
   <div class='ocr_carea' id='block_1_101' title="bbox 1883 3882 3550 3955">
    <p class='ocr_par' dir='ltr' id='par_1_101' title="bbox 1883 3882 3550 3955">
     <span class='ocr_line' id='line_1_102' title="bbox 1883 3882 3550 3955; baseline 0.002 -17"><span class='ocrx_word' id='word_1_799' title='bbox 1883 3884 1987 3939; x_wconf 89' lang='lat' dir='ltr'>dat</span> <span class='ocrx_word' id='word_1_800' title='bbox 2005 3882 2409 3948; x_wconf 85' lang='lat' dir='ltr'>abundanter,</span> <span class='ocrx_word' id='word_1_801' title='bbox 2442 3886 2498 3937; x_wconf 90' lang='lat' dir='ltr'>et</span> <span class='ocrx_word' id='word_1_802' title='bbox 2529 3897 2653 3938; x_wconf 86' lang='lat' dir='ltr'>non</span> <span class='ocrx_word' id='word_1_803' title='bbox 2683 3883 3053 3955; x_wconf 90' lang='lat' dir='ltr'>improperat</span> <span class='ocrx_word' id='word_1_804' title='bbox 3083 3883 3189 3955; x_wconf 91' lang='lat' dir='ltr'>qui</span> <span class='ocrx_word' id='word_1_805' title='bbox 3219 3883 3367 3940; x_wconf 89' lang='lat' dir='ltr'>mihi</span> <span class='ocrx_word' id='word_1_806' title='bbox 3411 3883 3550 3941; x_wconf 88' lang='lat' dir='ltr'>licet</span> 
     </span>
    </p>
   </div>
   <div class='ocr_carea' id='block_1_102' title="bbox 1883 3971 3547 4042">
    <p class='ocr_par' dir='ltr' id='par_1_102' title="bbox 1883 3971 3547 4042">
     <span class='ocr_line' id='line_1_103' title="bbox 1883 3971 3547 4042; baseline 0.001 -13"><span class='ocrx_word' id='word_1_807' title='bbox 1883 3973 2133 4041; x_wconf 85' lang='lat' dir='ltr'>indigno</span> <span class='ocrx_word' id='word_1_808' title='bbox 2185 3987 2257 4027; x_wconf 92' lang='lat' dir='ltr'>ac</span> <span class='ocrx_word' id='word_1_809' title='bbox 2300 3971 2638 4027; x_wconf 85' lang='lat' dir='ltr'>humillimo</span> <span class='ocrx_word' id='word_1_810' title='bbox 2679 3971 2854 4042; x_wconf 82' lang='lat' dir='ltr'>juxta</span> <span class='ocrx_word' id='word_1_811' title='bbox 2901 3971 3204 4028; x_wconf 87' lang='lat' dir='ltr'>solertiam</span> <span class='ocrx_word' id='word_1_812' title='bbox 3228 3972 3547 4030; x_wconf 88' lang='lat' dir='ltr'>doctorum</span> 
     </span>
    </p>
   </div>
   <div class='ocr_carea' id='block_1_103' title="bbox 1884 4061 3551 4120">
    <p class='ocr_par' dir='ltr' id='par_1_103' title="bbox 1884 4061 3551 4120">
     <span class='ocr_line' id='line_1_104' title="bbox 1884 4061 3551 4120; baseline 0 -2"><span class='ocrx_word' id='word_1_813' title='bbox 1884 4063 2048 4118; x_wconf 88' lang='lat' dir='ltr'>dedit</span> <span class='ocrx_word' id='word_1_814' title='bbox 2075 4066 2133 4117; x_wconf 90' lang='lat' dir='ltr'>et</span> <span class='ocrx_word' id='word_1_815' title='bbox 2153 4076 2425 4117; x_wconf 91' lang='lat' dir='ltr'>amorem</span> <span class='ocrx_word' id='word_1_816' title='bbox 2451 4066 2507 4117; x_wconf 92' lang='lat' dir='ltr'>et</span> <span class='ocrx_word' id='word_1_817' title='bbox 2533 4061 2828 4117; x_wconf 88' lang='lat' dir='ltr'>auxilium</span> <span class='ocrx_word' id='word_1_818' title='bbox 2865 4061 3289 4118; x_wconf 89' lang='lat' dir='ltr'>considerandi</span> <span class='ocrx_word' id='word_1_819' title='bbox 3310 4063 3551 4120; x_wconf 85' lang='lat' dir='ltr'>mirabi-</span> 
     </span>
    </p>
   </div>
   <div class='ocr_carea' id='block_1_104' title="bbox 1884 4151 3550 4224">
    <p class='ocr_par' dir='ltr' id='par_1_104' title="bbox 1884 4151 3550 4224">
     <span class='ocr_line' id='line_1_105' title="bbox 1884 4151 3550 4224; baseline 0.001 -17"><span class='ocrx_word' id='word_1_820' title='bbox 1884 4151 1964 4208; x_wconf 90' lang='lat' dir='ltr'>lia</span> <span class='ocrx_word' id='word_1_821' title='bbox 1989 4152 2064 4207; x_wconf 91' lang='lat' dir='ltr'>de</span> <span class='ocrx_word' id='word_1_822' title='bbox 2088 4151 2217 4220; x_wconf 87' lang='lat' dir='ltr'>lege</span> <span class='ocrx_word' id='word_1_823' title='bbox 2243 4167 2371 4207; x_wconf 87' lang='lat' dir='ltr'>sua.</span> <span class='ocrx_word' id='word_1_824' title='bbox 2393 4151 2568 4217; x_wconf 84' lang='lat' dir='ltr'>Quod</span> <span class='ocrx_word' id='word_1_825' title='bbox 2599 4151 2648 4206; x_wconf 91' lang='lat' dir='ltr'>si</span> <span class='ocrx_word' id='word_1_826' title='bbox 2673 4167 2847 4207; x_wconf 90' lang='lat' dir='ltr'>secus</span> <span class='ocrx_word' id='word_1_827' title='bbox 2874 4168 3064 4224; x_wconf 90' lang='lat' dir='ltr'>quam</span> <span class='ocrx_word' id='word_1_828' title='bbox 3092 4151 3384 4224; x_wconf 88' lang='lat' dir='ltr'>optabam</span> <span class='ocrx_word' id='word_1_829' title='bbox 3415 4168 3550 4209; x_wconf 87' lang='lat' dir='ltr'>eve-</span> 
     </span>
    </p>
   </div>
   <div class='ocr_carea' id='block_1_105' title="bbox 1884 4239 3550 4312">
    <p class='ocr_par' dir='ltr' id='par_1_105' title="bbox 1884 4239 3550 4312">
     <span class='ocr_line' id='line_1_106' title="bbox 1884 4239 3550 4312; baseline 0.001 -16"><span class='ocrx_word' id='word_1_830' title='bbox 1884 4242 2046 4296; x_wconf 89' lang='lat' dir='ltr'>nisse</span> <span class='ocrx_word' id='word_1_831' title='bbox 2073 4240 2308 4312; x_wconf 88' lang='lat' dir='ltr'>reperit,</span> <span class='ocrx_word' id='word_1_832' title='bbox 2345 4239 2526 4295; x_wconf 89' lang='lat' dir='ltr'>simul</span> <span class='ocrx_word' id='word_1_833' title='bbox 2563 4245 2766 4297; x_wconf 86' lang='lat' dir='ltr'>exoret</span> <span class='ocrx_word' id='word_1_834' title='bbox 2799 4247 2862 4296; x_wconf 88' lang='lat' dir='ltr'>ut</span> <span class='ocrx_word' id='word_1_835' title='bbox 2889 4257 3040 4297; x_wconf 78' lang='lat' dir='ltr'>meae</span> <span class='ocrx_word' id='word_1_836' title='bbox 3079 4242 3432 4312; x_wconf 73' lang='lat' dir='ltr'>ignorantiae</span> <span class='ocrx_word' id='word_1_837' title='bbox 3477 4258 3550 4300; x_wconf 88' lang='lat' dir='ltr'>ac</span> 
     </span>
    </p>
   </div>
   <div class='ocr_carea' id='block_1_106' title="bbox 1886 4329 3551 4399">
    <p class='ocr_par' dir='ltr' id='par_1_106' title="bbox 1886 4329 3551 4399">
     <span class='ocr_line' id='line_1_107' title="bbox 1886 4329 3551 4399; baseline 0 -13"><span class='ocrx_word' id='word_1_838' title='bbox 1886 4330 2071 4386; x_wconf 90' lang='lat' dir='ltr'>errori</span> <span class='ocrx_word' id='word_1_839' title='bbox 2129 4346 2166 4386; x_wconf 92' lang='lat' dir='ltr'>a</span> <span class='ocrx_word' id='word_1_840' title='bbox 2226 4329 2480 4385; x_wconf 90' lang='lat' dir='ltr'>Domino</span> <span class='ocrx_word' id='word_1_841' title='bbox 2527 4332 2702 4386; x_wconf 86' lang='lat' dir='ltr'>venia</span> <span class='ocrx_word' id='word_1_842' title='bbox 2750 4330 3066 4399; x_wconf 86' lang='lat' dir='ltr'>tribuatur,</span> <span class='ocrx_word' id='word_1_843' title='bbox 3099 4336 3157 4387; x_wconf 92' lang='lat' dir='ltr'>et</span> <span class='ocrx_word' id='word_1_844' title='bbox 3207 4332 3551 4388; x_wconf 81' lang='lat' dir='ltr'>nullatenus</span> 
     </span>
    </p>
   </div>
   <div class='ocr_carea' id='block_1_107' title="bbox 1886 4419 3552 4495">
    <p class='ocr_par' dir='ltr' id='par_1_107' title="bbox 1886 4419 3552 4495">
     <span class='ocr_line' id='line_1_108' title="bbox 1886 4419 3552 4495; baseline 0.001 -19"><span class='ocrx_word' id='word_1_845' title='bbox 1886 4419 2298 4476; x_wconf 87' lang='lat' dir='ltr'>litteratoriam</span> <span class='ocrx_word' id='word_1_846' title='bbox 2323 4419 2729 4476; x_wconf 89' lang='lat' dir='ltr'>urbanitatem</span> <span class='ocrx_word' id='word_1_847' title='bbox 2758 4425 2814 4476; x_wconf 91' lang='lat' dir='ltr'>et</span> <span class='ocrx_word' id='word_1_848' title='bbox 2844 4425 3224 4477; x_wconf 85' lang='lat' dir='ltr'>venustatem</span> <span class='ocrx_word' id='word_1_849' title='bbox 3261 4422 3552 4495; x_wconf 86' lang='lat' dir='ltr'>eloquen-</span> 
     </span>
    </p>
   </div>
   <div class='ocr_carea' id='block_1_108' title="bbox 1887 4509 3554 4585">
    <p class='ocr_par' dir='ltr' id='par_1_108' title="bbox 1887 4509 3554 4585">
     <span class='ocr_line' id='line_1_109' title="bbox 1887 4509 3554 4585; baseline 0.001 -19"><span class='ocrx_word' id='word_1_850' title='bbox 1887 4512 1982 4566; x_wconf 61' lang='lat' dir='ltr'>tiae</span> <span class='ocrx_word' id='word_1_851' title='bbox 2012 4509 2297 4583; x_wconf 84' lang='lat' dir='ltr'>requirat,</span> <span class='ocrx_word' id='word_1_852' title='bbox 2331 4509 2436 4565; x_wconf 88' lang='lat' dir='ltr'>sed</span> <span class='ocrx_word' id='word_1_853' title='bbox 2465 4510 2665 4583; x_wconf 88' lang='lat' dir='ltr'>potius</span> <span class='ocrx_word' id='word_1_854' title='bbox 2701 4525 2950 4566; x_wconf 87' lang='lat' dir='ltr'>sensum</span> <span class='ocrx_word' id='word_1_855' title='bbox 3001 4511 3185 4582; x_wconf 85' lang='lat' dir='ltr'>hujus</span> <span class='ocrx_word' id='word_1_856' title='bbox 3224 4513 3428 4585; x_wconf 89' lang='lat' dir='ltr'>operis</span> <span class='ocrx_word' id='word_1_857' title='bbox 3466 4510 3554 4567; x_wconf 84' lang='lat' dir='ltr'>di-</span> 
     </span>
    </p>
   </div>
   <div class='ocr_carea' id='block_1_109' title="bbox 1888 4599 3553 4672">
    <p class='ocr_par' dir='ltr' id='par_1_109' title="bbox 1888 4599 3553 4672">
     <span class='ocr_line' id='line_1_110' title="bbox 1888 4599 3553 4672; baseline 0.001 -16"><span class='ocrx_word' id='word_1_858' title='bbox 1888 4601 2140 4669; x_wconf 85' lang='lat' dir='ltr'>ligenter</span> <span class='ocrx_word' id='word_1_859' title='bbox 2195 4599 2530 4671; x_wconf 89' lang='lat' dir='ltr'>perlustret,</span> <span class='ocrx_word' id='word_1_860' title='bbox 2579 4599 2914 4672; x_wconf 68' lang='lat' dir='ltr'>praesertim</span> <span class='ocrx_word' id='word_1_861' title='bbox 2968 4615 3108 4655; x_wconf 91' lang='lat' dir='ltr'>cum</span> <span class='ocrx_word' id='word_1_862' title='bbox 3165 4614 3290 4654; x_wconf 89' lang='lat' dir='ltr'>non</span> <span class='ocrx_word' id='word_1_863' title='bbox 3335 4615 3432 4656; x_wconf 83' lang='lat' dir='ltr'>res</span> <span class='ocrx_word' id='word_1_864' title='bbox 3481 4616 3553 4657; x_wconf 85' lang='lat' dir='ltr'>ac</span> 
     </span>
    </p>
   </div>
   <div class='ocr_carea' id='block_1_110' title="bbox 1891 4687 3552 4760">
    <p class='ocr_par' dir='ltr' id='par_1_110' title="bbox 1891 4687 3552 4760">
     <span class='ocr_line' id='line_1_111' title="bbox 1891 4687 3552 4760; baseline -0.001 -15"><span class='ocrx_word' id='word_1_865' title='bbox 1891 4705 2103 4746; x_wconf 86' lang='lat' dir='ltr'>sensus</span> <span class='ocrx_word' id='word_1_866' title='bbox 2133 4693 2379 4760; x_wconf 90' lang='lat' dir='ltr'>propter</span> <span class='ocrx_word' id='word_1_867' title='bbox 2400 4688 2645 4758; x_wconf 88' lang='lat' dir='ltr'>litteras,</span> <span class='ocrx_word' id='word_1_868' title='bbox 2678 4689 2788 4745; x_wconf 85' lang='lat' dir='ltr'>sed</span> <span class='ocrx_word' id='word_1_869' title='bbox 2835 4688 3040 4745; x_wconf 69' lang='lat' dir='ltr'>litterae</span> <span class='ocrx_word' id='word_1_870' title='bbox 3087 4688 3167 4744; x_wconf 92' lang='lat' dir='ltr'>ad</span> <span class='ocrx_word' id='word_1_871' title='bbox 3204 4687 3552 4744; x_wconf 80' lang='lat' dir='ltr'>manifesta-</span> 
     </span>
    </p>
   </div>
   <div class='ocr_carea' id='block_1_111' title="bbox 1887 4775 3556 4850">
    <p class='ocr_par' dir='ltr' id='par_1_111' title="bbox 1887 4775 3556 4850">
     <span class='ocr_line' id='line_1_112' title="bbox 1887 4775 3556 4850; baseline -0.001 -15"><span class='ocrx_word' id='word_1_872' title='bbox 1887 4779 2114 4835; x_wconf 87' lang='lat' dir='ltr'>tionem</span> <span class='ocrx_word' id='word_1_873' title='bbox 2164 4792 2368 4832; x_wconf 88' lang='lat' dir='ltr'>rerum</span> <span class='ocrx_word' id='word_1_874' title='bbox 2423 4782 2563 4832; x_wconf 88' lang='lat' dir='ltr'>sunt</span> <span class='ocrx_word' id='word_1_875' title='bbox 2617 4783 2887 4850; x_wconf 75' lang='lat' dir='ltr'>repertae.</span> <span class='ocrx_word' id='word_1_876' title='bbox 2942 4777 3128 4834; x_wconf 90' lang='lat' dir='ltr'>Simul</span> <span class='ocrx_word' id='word_1_877' title='bbox 3157 4778 3339 4833; x_wconf 89' lang='lat' dir='ltr'>etiam</span> <span class='ocrx_word' id='word_1_878' title='bbox 3394 4775 3556 4834; x_wconf 86' lang='lat' dir='ltr'>velut</span> 
     </span>
    </p>
   </div>
   <div class='ocr_carea' id='block_1_112' title="bbox 1891 4865 3553 4940">
    <p class='ocr_par' dir='ltr' id='par_1_112' title="bbox 1891 4865 3553 4940">
     <span class='ocr_line' id='line_1_113' title="bbox 1891 4865 3553 4940; baseline -0.001 -17"><span class='ocrx_word' id='word_1_879' title='bbox 1891 4867 2060 4923; x_wconf 87' lang='lat' dir='ltr'>ﬂexis</span> <span class='ocrx_word' id='word_1_880' title='bbox 2082 4865 2379 4938; x_wconf 87' lang='lat' dir='ltr'>poplitum</span> <span class='ocrx_word' id='word_1_881' title='bbox 2413 4865 2668 4935; x_wconf 77' lang='lat' dir='ltr'>genibus</span> <span class='ocrx_word' id='word_1_882' title='bbox 2697 4883 2957 4923; x_wconf 87' lang='lat' dir='ltr'>cernuus</span> <span class='ocrx_word' id='word_1_883' title='bbox 2988 4866 3298 4940; x_wconf 82' lang='lat' dir='ltr'>deprecor,</span> <span class='ocrx_word' id='word_1_884' title='bbox 3330 4869 3395 4922; x_wconf 93' lang='lat' dir='ltr'>ut</span> <span class='ocrx_word' id='word_1_885' title='bbox 3419 4869 3553 4921; x_wconf 87' lang='lat' dir='ltr'>tan-</span> 
     </span>
    </p>
   </div>
   <div class='ocr_carea' id='block_1_113' title="bbox 1893 4953 3555 5026">
    <p class='ocr_par' dir='ltr' id='par_1_113' title="bbox 1893 4953 3555 5026">
     <span class='ocr_line' id='line_1_114' title="bbox 1893 4953 3555 5026; baseline -0.002 -13"><span class='ocrx_word' id='word_1_886' title='bbox 1893 4957 2033 5013; x_wconf 88' lang='lat' dir='ltr'>dem</span> <span class='ocrx_word' id='word_1_887' title='bbox 2060 4956 2339 5024; x_wconf 88' lang='lat' dir='ltr'>dignetur</span> <span class='ocrx_word' id='word_1_888' title='bbox 2367 4953 2415 5009; x_wconf 91' lang='lat' dir='ltr'>si</span> <span class='ocrx_word' id='word_1_889' title='bbox 2437 4953 2664 5026; x_wconf 91' lang='lat' dir='ltr'>aliquid</span> <span class='ocrx_word' id='word_1_890' title='bbox 2694 4955 2958 5012; x_wconf 88' lang='lat' dir='ltr'>utilitatis</span> <span class='ocrx_word' id='word_1_891' title='bbox 2981 4955 3555 5024; x_wconf 87' lang='lat' dir='ltr'>invenerit,devotus</span> 
     </span>
    </p>
   </div>
   <div class='ocr_carea' id='block_1_114' title="bbox 1895 5043 3558 5118">
    <p class='ocr_par' dir='ltr' id='par_1_114' title="bbox 1895 5043 3558 5118">
     <span class='ocr_line' id='line_1_115' title="bbox 1895 5043 3558 5118; baseline 0 -17"><span class='ocrx_word' id='word_1_892' title='bbox 1895 5061 2142 5101; x_wconf 90' lang='lat' dir='ltr'>exorare</span> <span class='ocrx_word' id='word_1_893' title='bbox 2170 5043 2441 5099; x_wconf 87' lang='lat' dir='ltr'>divinam</span> <span class='ocrx_word' id='word_1_894' title='bbox 2485 5043 2890 5108; x_wconf 89' lang='lat' dir='ltr'>clementiam,</span> <span class='ocrx_word' id='word_1_895' title='bbox 2917 5049 2983 5100; x_wconf 89' lang='lat' dir='ltr'>ut</span> <span class='ocrx_word' id='word_1_896' title='bbox 3036 5045 3172 5101; x_wconf 88' lang='lat' dir='ltr'>licet</span> <span class='ocrx_word' id='word_1_897' title='bbox 3208 5046 3271 5100; x_wconf 92' lang='lat' dir='ltr'>in</span> <span class='ocrx_word' id='word_1_898' title='bbox 3302 5045 3558 5118; x_wconf 89' lang='lat' dir='ltr'>peregri-</span> 
     </span>
    </p>
   </div>
   <div class='ocr_carea' id='block_1_115' title="bbox 1893 5131 3556 5204">
    <p class='ocr_par' dir='ltr' id='par_1_115' title="bbox 1893 5131 3556 5204">
     <span class='ocr_line' id='line_1_116' title="bbox 1893 5131 3556 5204; baseline -0.001 -13"><span class='ocrx_word' id='word_1_899' title='bbox 1893 5135 2136 5191; x_wconf 87' lang='lat' dir='ltr'>natione</span> <span class='ocrx_word' id='word_1_900' title='bbox 2177 5134 2358 5204; x_wconf 92' lang='lat' dir='ltr'>hujus</span> <span class='ocrx_word' id='word_1_901' title='bbox 2408 5131 2664 5189; x_wconf 87' lang='lat' dir='ltr'>labentis</span> <span class='ocrx_word' id='word_1_902' title='bbox 2694 5132 2918 5198; x_wconf 72' lang='lat' dir='ltr'>saaculi,</span> <span class='ocrx_word' id='word_1_903' title='bbox 2949 5149 3157 5190; x_wconf 89' lang='lat' dir='ltr'>veram</span> <span class='ocrx_word' id='word_1_904' title='bbox 3195 5135 3556 5191; x_wconf 87' lang='lat' dir='ltr'>commisso-</span> 
     </span>
    </p>
   </div>
   <div class='ocr_carea' id='block_1_116' title="bbox 1895 5220 3555 5294">
    <p class='ocr_par' dir='ltr' id='par_1_116' title="bbox 1895 5220 3555 5294">
     <span class='ocr_line' id='line_1_117' title="bbox 1895 5220 3555 5294; baseline -0.002 -14"><span class='ocrx_word' id='word_1_905' title='bbox 1895 5240 2032 5280; x_wconf 92' lang='lat' dir='ltr'>rum</span> <span class='ocrx_word' id='word_1_906' title='bbox 2057 5238 2334 5279; x_wconf 91' lang='lat' dir='ltr'>meorum</span> <span class='ocrx_word' id='word_1_907' title='bbox 2362 5236 2565 5291; x_wconf 87' lang='lat' dir='ltr'>gerere</span> <span class='ocrx_word' id='word_1_908' title='bbox 2587 5220 3040 5293; x_wconf 65' lang='lat' dir='ltr'>paenitudinem,</span> <span class='ocrx_word' id='word_1_909' title='bbox 3081 5226 3140 5277; x_wconf 90' lang='lat' dir='ltr'>et</span> <span class='ocrx_word' id='word_1_910' title='bbox 3181 5228 3321 5294; x_wconf 90' lang='lat' dir='ltr'>post</span> <span class='ocrx_word' id='word_1_911' title='bbox 3349 5237 3555 5277; x_wconf 79' lang='lat' dir='ltr'>excur-</span> 
     </span>
    </p>
   </div>
   <div class='ocr_carea' id='block_1_117' title="bbox 1897 5309 3554 5384">
    <p class='ocr_par' dir='ltr' id='par_1_117' title="bbox 1897 5309 3554 5384">
     <span class='ocr_line' id='line_1_118' title="bbox 1897 5309 3554 5384; baseline -0.003 -15"><span class='ocrx_word' id='word_1_912' title='bbox 1897 5329 2034 5369; x_wconf 89' lang='lat' dir='ltr'>sum</span> <span class='ocrx_word' id='word_1_913' title='bbox 2061 5317 2292 5384; x_wconf 85' lang='lat' dir='ltr'>septem</span> <span class='ocrx_word' id='word_1_914' title='bbox 2313 5311 2568 5377; x_wconf 88' lang='lat' dir='ltr'>dierum,</span> <span class='ocrx_word' id='word_1_915' title='bbox 2593 5309 2758 5366; x_wconf 90' lang='lat' dir='ltr'>velut</span> <span class='ocrx_word' id='word_1_916' title='bbox 2783 5313 2921 5382; x_wconf 89' lang='lat' dir='ltr'>post</span> <span class='ocrx_word' id='word_1_917' title='bbox 2957 5310 3337 5382; x_wconf 88' lang='lat' dir='ltr'>septuaginta</span> <span class='ocrx_word' id='word_1_918' title='bbox 3358 5325 3554 5365; x_wconf 85' lang='lat' dir='ltr'>annos</span> 
     </span>
    </p>
   </div>
   <div class='ocr_carea' id='block_1_118' title="bbox 1896 5397 3556 5474">
    <p class='ocr_par' dir='ltr' id='par_1_118' title="bbox 1896 5397 3556 5474">
     <span class='ocr_line' id='line_1_119' title="bbox 1896 5397 3556 5474; baseline -0.004 -15"><span class='ocrx_word' id='word_1_919' title='bbox 1896 5403 2078 5474; x_wconf 90' lang='lat' dir='ltr'>hujus</span> <span class='ocrx_word' id='word_1_920' title='bbox 2107 5400 2484 5473; x_wconf 90' lang='lat' dir='ltr'>captivitatis,</span> <span class='ocrx_word' id='word_1_921' title='bbox 2517 5403 2730 5456; x_wconf 87' lang='lat' dir='ltr'>exutus</span> <span class='ocrx_word' id='word_1_922' title='bbox 2757 5398 2836 5454; x_wconf 90' lang='lat' dir='ltr'>ab</span> <span class='ocrx_word' id='word_1_923' title='bbox 2861 5397 3030 5453; x_wconf 90' lang='lat' dir='ltr'>omni</span> <span class='ocrx_word' id='word_1_924' title='bbox 3061 5401 3353 5469; x_wconf 88' lang='lat' dir='ltr'>potestate</span> <span class='ocrx_word' id='word_1_925' title='bbox 3399 5398 3556 5467; x_wconf 89' lang='lat' dir='ltr'>regis</span> 
     </span>
    </p>
   </div>
   <div class='ocr_carea' id='block_1_119' title="bbox 1897 5485 3556 5563">
    <p class='ocr_par' dir='ltr' id='par_1_119' title="bbox 1897 5485 3556 5563">
     <span class='ocr_line' id='line_1_120' title="bbox 1897 5485 3556 5563; baseline -0.002 -17"><span class='ocrx_word' id='word_1_926' title='bbox 1897 5491 2210 5563; x_wconf 88' lang='lat' dir='ltr'>Babylonii</span> <span class='ocrx_word' id='word_1_927' title='bbox 2261 5496 2317 5545; x_wconf 92' lang='lat' dir='ltr'>et</span> <span class='ocrx_word' id='word_1_928' title='bbox 2365 5490 2643 5546; x_wconf 90' lang='lat' dir='ltr'>servitute</span> <span class='ocrx_word' id='word_1_929' title='bbox 2692 5487 3145 5561; x_wconf 88' lang='lat' dir='ltr'>captivantium,</span> <span class='ocrx_word' id='word_1_930' title='bbox 3179 5485 3438 5554; x_wconf 89' lang='lat' dir='ltr'>valeam,</span> <span class='ocrx_word' id='word_1_931' title='bbox 3462 5487 3556 5557; x_wconf 85' lang='lat' dir='ltr'>ju-</span> 
     </span>
    </p>
   </div>
   <div class='ocr_carea' id='block_1_120' title="bbox 1896 5575 3556 5652">
    <p class='ocr_par' dir='ltr' id='par_1_120' title="bbox 1896 5575 3556 5652">
     <span class='ocr_line' id='line_1_121' title="bbox 1896 5575 3556 5652; baseline -0.004 -14"><span class='ocrx_word' id='word_1_932' title='bbox 1896 5587 2073 5638; x_wconf 90' lang='lat' dir='ltr'>vante</span> <span class='ocrx_word' id='word_1_933' title='bbox 2107 5580 2324 5652; x_wconf 89' lang='lat' dir='ltr'>Spiritu</span> <span class='ocrx_word' id='word_1_934' title='bbox 2381 5584 2609 5648; x_wconf 86' lang='lat' dir='ltr'>sancto,</span> <span class='ocrx_word' id='word_1_935' title='bbox 2650 5578 2755 5650; x_wconf 91' lang='lat' dir='ltr'>qui</span> <span class='ocrx_word' id='word_1_936' title='bbox 2795 5575 3161 5649; x_wconf 88' lang='lat' dir='ltr'>septiformis</span> <span class='ocrx_word' id='word_1_937' title='bbox 3207 5576 3442 5641; x_wconf 90' lang='lat' dir='ltr'>dicitur,</span> <span class='ocrx_word' id='word_1_938' title='bbox 3475 5576 3556 5632; x_wconf 90' lang='lat' dir='ltr'>vi-</span> 
     </span>
    </p>
   </div>
   <div class='ocr_carea' id='block_1_121' title="bbox 1899 5666 3559 5742">
    <p class='ocr_par' dir='ltr' id='par_1_121' title="bbox 1899 5666 3559 5742">
     <span class='ocr_line' id='line_1_122' title="bbox 1899 5666 3559 5742; baseline -0.002 -16"><span class='ocrx_word' id='word_1_939' title='bbox 1899 5673 2130 5727; x_wconf 89' lang='lat' dir='ltr'>sionem</span> <span class='ocrx_word' id='word_1_940' title='bbox 2168 5669 2361 5742; x_wconf 88' lang='lat' dir='ltr'>pacis,</span> <span class='ocrx_word' id='word_1_941' title='bbox 2391 5668 2644 5725; x_wconf 69' lang='lat' dir='ltr'>czelestis</span> <span class='ocrx_word' id='word_1_942' title='bbox 2673 5667 2944 5723; x_wconf 89' lang='lat' dir='ltr'>videlicet</span> <span class='ocrx_word' id='word_1_943' title='bbox 2986 5666 3360 5724; x_wconf 82' lang='lat' dir='ltr'>Hierusalem</span> <span class='ocrx_word' id='word_1_944' title='bbox 3390 5682 3462 5723; x_wconf 91' lang='lat' dir='ltr'>ac</span> <span class='ocrx_word' id='word_1_945' title='bbox 3481 5667 3559 5722; x_wconf 87' lang='lat' dir='ltr'>ci-</span> 
     </span>
    </p>
   </div>
   <div class='ocr_carea' id='block_1_122' title="bbox 1893 5754 3559 5831">
    <p class='ocr_par' dir='ltr' id='par_1_122' title="bbox 1893 5754 3559 5831">
     <span class='ocr_line' id='line_1_123' title="bbox 1893 5754 3559 5831; baseline -0.003 -12"><span class='ocrx_word' id='word_1_946' title='bbox 1893 5761 2096 5819; x_wconf 77' lang='lat' dir='ltr'>vitatis</span> <span class='ocrx_word' id='word_1_947' title='bbox 2142 5757 2394 5822; x_wconf 88' lang='lat' dir='ltr'>Domini,</span> <span class='ocrx_word' id='word_1_948' title='bbox 2425 5757 2502 5815; x_wconf 88' lang='lat' dir='ltr'>de</span> <span class='ocrx_word' id='word_1_949' title='bbox 2544 5772 2669 5831; x_wconf 77' lang='lat' dir='ltr'>qua</span> <span class='ocrx_word' id='word_1_950' title='bbox 2711 5756 2959 5814; x_wconf 81' lang='lat' dir='ltr'>dicitur:</span> <span class='ocrx_word' id='word_1_951' title='bbox 3007 5754 3378 5816; x_wconf 77' lang='lat' dir='ltr'>Hierusalem</span> <span class='ocrx_word' id='word_1_952' title='bbox 3421 5772 3559 5830; x_wconf 67' lang='lat' dir='ltr'>quo</span> 
     </span>
    </p>
   </div>
  </div>
