3968 6398
455 260 554 322 651

1568 261 1932 320 ANGELOMI
1979 257 2435 320 LUXOVIENSIS
2473 262 2798 322 MONACHI
3767 271 3850 320 552

455 387 788 444 aedificatur
817 391 882 444 ut
908 387 1113 443 civitas
1139 387 1326 453 (Psal.
1364 388 1538 457 cxxi),
1566 408 1594 436 ι
1624 386 1876 456 ingredi,
1902 391 1957 442 et
1979 385 2107 442 vul-
2135 390 2183 442 A
2219 390 2537 459 prmstante
2574 387 2728 460 ipso,
2762 407 2793 442 ‹
2823 387 2886 443 in
2913 403 3037 459 quo
3087 390 3225 442 sunt
3254 402 3466 443 omnes
3493 387 3756 443 thesauri
3783 405 3855 444 sa-

455 482 586 533 tum
605 477 934 534 Conditoris
955 475 1125 545 Regis
1144 475 1328 530 nostri
1348 492 1454 547 per
1471 477 1691 532 saacula
1707 475 2117 547 contemplari,

2231 476 2465 548 pientiae
2496 481 2552 533 et
2575 477 2831 533 scientiae
2863 476 3224 533 absconditi.
3264 496 3283 528 ι
3309 484 3519 532 Amen.

459 618 3842 647 Ἥ

1687 765 2652 884 ANGELOMI

1768 949 2221 1004 LUXOVIENSIS
2260 950 2573 1005 MONACHI

987 1086 1789 1237 ENMRRATMNES
1899 1086 2004 1236 ΙΝ
2115 1083 2570 1238 CANTICA
2665 1083 3376 1238 CANTICORUM.

1871 1471 2487 1558 PR/EFATIO.

1615 1619 1710 1671 AD
1753 1616 2154 1672 LOTHARIUM
2192 1614 2710 1672 ῙΜΡΕΒΛΤΟΗΕΜ.

521 1885 959 1944 Gloriosissimo
985 1888 1598 1962 praestantissimoque
1628 1889 1974 1962 imperatori
2001 1895 2104 1946 Lo-
2144 1892 2187 1944 Β
2221 1889 2537 1962 diciplinas
2567 1903 2690 1943 non
2732 1888 2912 1942 nacto
2967 1888 3146 1958 atque
3201 1884 3461 1942 oraculis
3513 1886 3862 1959 eulogiisque

447 1990 651 2030 THARIO
682 1991 919 2047 semper
945 1980 1234 2046 Augusto,
1259 1978 1622 2046 ANGELOMUS,
1649 1978 1892 2034 ultimus
1914 1982 2108 2036 Mona-

445 2061 721 2131 chorum,
755 2080 1010 2121 exorans
1040 2065 1588 2136 exorando,exorat
1613 2068 1881 2123 nancisci
1902 2085 2105 2140 percn-

443 2166 588 2207 nem
617 2151 890 2221 gloriam.

517 2331 716 2401 Nuper
764 2331 1157 2388 excubantem
1189 2349 1286 2388 me
1341 2333 1402 2388 in
1426 2337 1622 2389 vestro
1656 2349 1827 2390 sacro
1857 2333 2104 2406 palatio,

449 2417 564 2471 sub
617 2418 886 2489 obtentu,
926 2420 1199 2493 inquam,
1232 2421 1620 2478 traditionum
1649 2421 1986 2477 liberalium
2015 2438 2105 2478 ar-

443 2504 614 2574 tium,
643 2507 1247 2580 enucleationumque
1277 2509 1620 2565 divinarum
1659 2510 1878 2566 scilicet
1918 2511 2108 2582 Scrip-

448 2600 717 2649 turarum
748 2596 996 2666 dignata
1017 2603 1106 2653 est
1124 2602 1326 2652 vestra
1348 2614 1537 2667 sagax
1563 2598 1901 2670 prudentia,
1935 2598 2106 2654 sicuti

448 2696 572 2736 non
597 2687 685 2738 est
709 2683 1047 2748 immemor,
1067 2685 1355 2740 accersire
1383 2690 1586 2741 vestrae
1619 2686 1818 2742 solerti
1848 2703 2105 2758 praesen-

446 2767 564 2836 tiae,
607 2785 969 2844 mecumque
995 2772 1218 2828 habere
1247 2773 1581 2830 oraculum.
1618 2774 1732 2830 Sed
1762 2780 1899 2846 post
1939 2775 2105 2846 spiri-

447 2858 632 2914 tualia
665 2859 919 2915 ccelestis
949 2861 1083 2917 vitae
1115 2861 1435 2934 colloquia,
1466 2867 1524 2918 et
1571 2863 1858 2932 suffragia
1886 2864 2104 2918 oratio-

445 2963 595 3003 num
627 2947 851 3019 placuit
874 2950 1250 3021 imperando,
1273 2951 1398 3006 imo
1425 2949 1778 3007 intentando
1800 2953 2105 3022 [minitan-

445 3036 543 3107 do]
573 3035 890 3109 imperare,
942 3043 1006 3094 ut
1059 3039 1192 3110 styli
1217 3038 1414 3095 ofﬁcio
1441 3040 1613 3110 juxta
1665 3057 1910 3096 sensum
1951 3041 2103 3096 anti-

442 3141 704 3197 quorum
721 3132 1042 3198 patrum,et
1061 3128 1458 3198 frugalitatem
1480 3128 1766 3198 ingenioli
1784 3129 1902 3184 mei
1924 3145 2106 3201 opus-

2217 1978 2561 2034 divinarum
2609 1975 3049 2047 Scripturarum
3096 1973 3379 2030 imbecilli
3443 1974 3762 2046 injungere
3812 1974 3863 2029 li-

2217 2066 2465 2134 buisset,
2498 2082 2635 2122 cum
2668 2064 2869 2136 plures
2920 2062 3168 2119 haberet
3194 2061 3257 2118 in
3286 2063 3651 2119 monarchia
3677 2064 3859 2119 docte

2215 2171 2310 2210 res
2339 2155 2444 2228 qui
2490 2155 2738 2210 honeste
2785 2156 2844 2208 et
2891 2151 3179 2207 catholice
3211 2155 3466 2208 tractare
3524 2151 3856 2224 potuissent.

2219 2243 2330 2299 Sed
2361 2258 2682 2299 censuram
2729 2240 2964 2312 imperii
2994 2240 3174 2296 vestri
3203 2239 3626 2312 considerans,
3674 2241 3855 2296 tacito-

2214 2348 2332 2404 que
2361 2336 2732 2405 pertractans
2777 2329 2924 2384 illud
2973 2328 3372 2401 apostolicum
3401 2345 3529 2402 quo
3586 2329 3794 2385 dicitur
3817 2328 3862 2399 (Ι

2214 2422 2380 2477 Petr.
2414 2422 2504 2490 u):
2557 2443 2585 2471 «
2610 2422 2805 2475 Estote
2837 2417 3090 2489 subjecti
3121 2417 3288 2473 omni
3334 2417 3628 2474 humana:
3650 2423 3854 2474 creatu-

2213 2525 2295 2564 rae
2324 2513 2568 2581 propter
2598 2507 2940 2574 Dominum,
2977 2506 3099 2562 sive
3145 2507 3272 2576 regi
3311 2513 3612 2579 tanquam
3643 2505 3858 2580 praecel-

2213 2596 2374 2660 lenti,
2410 2597 2529 2653 sive
2558 2596 2818 2652 ducibus
2841 2599 3133 2667 tanquam
3160 2595 3238 2650 ab
3270 2611 3341 2650 eo
3371 2594 3575 2651 missis
3601 2615 3652 2658 ›,
3679 2594 3777 2650 sed
3806 2599 3851 2649 et

2215 2686 2414 2756 potius
2469 2685 2615 2741 illud
2664 2684 3063 2752 Dominicum,
3095 2683 3200 2739 ubi
3226 2683 3576 2756 pollicetur:
3617 2704 3636 2736 ι
3670 2689 3856 2743 Amen,

2213 2773 2428 2846 inquit,
2461 2773 2597 2830 dico
2627 2773 2822 2843 vobis,
2880 2772 3180 2845 quidquid
3233 2776 3474 2828 orantes
3511 2773 3728 2846 petitis,
3758 2787 3858 2827 ore

2215 2861 2333 2916 dite
2371 2863 2516 2934 quia
2553 2861 2874 2933 accipietis,
2909 2866 2968 2916 et
2998 2861 3098 2917 ﬁet
3125 2860 3298 2916 vobis
3330 2861 3547 2932 (Marc.
3581 2865 3661 2934 ιι).
3693 2883 3718 2910 ››
3748 2859 3860 2915 Ani-

2216 2950 2596 3006 madvertens
2628 2966 2872 3022 quoque
2923 2949 3160 3005 interna
3206 2949 3596 3006 trutinatione
3643 2947 3855 3012 mentis,

2212 3038 2380 3110 quod
2406 3038 2531 3094 sine
2561 3043 2714 3094 nutu
2742 3038 2947 3094 divino
2977 3053 3102 3094 non
3125 3037 3277 3094 foret
3295 3037 3462 3111 quod
3491 3055 3532 3094 a
3563 3042 3728 3095 tanta
3751 3053 3857 3092 ma-

2207 3127 2418 3198 jestate
2438 3128 2857 3200 imperaretur,
2881 3127 3194 3183 temerario
3235 3142 3338 3182 ore
3381 3126 3690 3198 refragare
3715 3124 3855 3182 nullo

443 3213 644 3269 culum
677 3215 739 3271 in
763 3217 1006 3273 Cantica
1026 3218 1398 3273 canticorum
1431 3217 1788 3281 Salomonis,
1815 3217 1919 3273 ubi
1939 3218 2102 3276 Chri-
2143 3242 2184 3295 ο
2212 3216 2584 3288 apologetico
2615 3215 3009 3287 anfractuque
3049 3214 3452 3271 excusationis
3494 3213 3853 3287 praesumpsi,

442 3302 514 3356 sti
531 3307 586 3359 et
601 3303 862 3360 ecclesiae
881 3306 1014 3375 conj
1024 3307 1246 3371 unctio,
1260 3306 1804 3379 allegoriarumque
1821 3307 2106 3379 mysteria

443 3405 566 3460 prae
597 3393 818 3447 caeteris
863 3394 1080 3449 Veteris
1132 3395 1490 3450 Testamenti
1531 3402 1638 3457 τοῖς
1689 3393 1892 3467 βιϐλοῖς
1920 3397 2104 3452 conti-

441 3478 568 3532 neri
617 3479 966 3550 probantur,
1012 3481 1345 3552 digererem
1377 3489 1434 3538 et
1479 3487 1546 3538 ut
1590 3483 1670 3540 ita
1695 3484 1895 3539 dicam
1925 3501 2104 3556 expo-

441 3580 584 3622 nere
625 3583 747 3624 non
805 3569 1155 3638 abnuerem,
1213 3576 1392 3643 atque
1439 3574 1773 3642 praesentiae
1825 3572 2102 3628 culminis

442 3657 617 3712 vestri
643 3657 955 3714 ostendere
989 3675 1111 3714 non
1149 3660 1505 3726 omitterem,
1533 3677 1655 3732 quo
1699 3660 1949 3716 haberet
1977 3677 2102 3717 cre-

437 3745 550 3802 bro
579 3752 715 3818 post
738 3747 1190 3820 dispositionem
1218 3747 1562 3820 reipublicae
1585 3747 1975 3820 frequentata,
2000 3766 2102 3806 au-

439 3834 726 3910 ribusque
755 3836 1006 3893 lectione
1025 3837 1215 3894 relata
1237 3837 1477 3893 solertia
1508 3840 1720 3907 vestra,
1755 3838 1816 3891 in
1842 3843 2102 3894 contem-

438 3923 700 3996 platione
722 3942 784 3982 se
815 3926 1136 3982 extendens
1161 3943 1197 3982 a
1227 3925 1488 3982 tumultu
1511 3941 1837 3981 causarum
1867 3926 2101 3998 imperii

441 4017 620 4084 atque
650 4015 1031 4086 potissimum
1055 4016 1131 4071 de
1157 4015 1484 4071 amissione
1531 4015 1924 4070 sanctissimae
1960 4032 2099 4071 con-

435 4099 598 4169 jugis
625 4105 742 4157 Deo
773 4108 1096 4171 annuente,
1120 4108 1184 4159 ut
1212 4103 1550 4172 credemus,
1589 4103 1839 4173 collegio
1871 4109 2100 4160 sancta-

439 4203 576 4243 rum
607 4189 850 4257 allectae,
881 4192 1141 4263 alboque
1191 4191 1575 4248 beatitudinis
1602 4192 1919 4265 inscriptae,
1959 4209 2096 4250 con-

439 4277 748 4334 solationis
770 4281 960 4349 gratia
989 4279 1247 4350 legendo
1293 4282 1578 4350 theorica,
1631 4286 1688 4337 et
1717 4281 1877 4337 velut
1904 4286 2098 4339 turtur

439 4365 756 4436 singularis
785 4369 958 4440 cujus
986 4374 1202 4426 natura
1223 4374 1330 4440 est,
1362 4375 1426 4426 ut
1443 4370 1679 4444 physici
1705 4370 1919 4438 ferunt,
1941 4372 1988 4425 si
2011 4387 2096 4426 se-

437 4455 558 4511 mel
578 4456 900 4527 conjugem
931 4475 1081 4514 casu
1108 4458 1450 4531 perdiderit,
1476 4459 1662 4514 alium
1684 4474 1806 4513 non
1836 4461 2097 4530 require-

433 4561 519 4613 re,
544 4545 650 4601 sed
693 4547 1111 4603 castimoniam
1142 4563 1390 4604 servans
1419 4546 1606 4603 vidua
1634 4547 2092 4619 quodammodo

432 4650 807 4707 permanere,
824 4637 1124 4692 solitarius
1140 4637 1560 4706 ingemiscens,
1580 4641 1758 4708 atque
1781 4636 2090 4708 paenitens:

432 4725 508 4781 de
534 4741 658 4798 quo
698 4726 759 4781 in
788 4726 1003 4783 eodem
1032 4726 1185 4782 libro
1215 4727 1431 4798 legitur
1455 4745 1467 4782 :
1503 4748 1531 4777 «
1563 4729 1704 4782 Vox.
1729 4725 1944 4798 inquit,
1979 4732 2095 4781 tur-

433 4814 577 4870 turis
607 4815 810 4873 audita
837 4821 928 4872 est
963 4815 1026 4872 in
1053 4820 1208 4872 terra
1233 4821 1439 4872 nostra
1484 4815 1686 4887 (Cant.
1723 4819 1784 4882 II)
1814 4833 1827 4881 ;
1855 4837 1884 4864 »
1913 4815 1977 4870 id
2001 4819 2095 4870 est

432 4904 642 4960 Christi
688 4904 970 4962 dicentis:
1035 4929 1062 4956 ‹‹
1106 4905 1516 4961 Paenitentiam
1548 4905 1725 4973 agite,
1769 4904 2094 4975 appropin-

429 4991 640 5062 quabit
676 4994 834 5049 enim
888 5010 1145 5065 regnum
1197 4994 1487 5050 caelorum
1538 4993 1780 5059 (Matth.
1815 4992 1915 5061 Ill).
1967 5013 1994 5040 »
2027 4995 2095 5048 Et

430 5077 696 5148 pulchrae
724 5089 863 5138 sunt
883 5098 1051 5152 genre
1069 5087 1181 5139 tuae
1204 5088 1269 5139 ut
1290 5082 1552 5149 turturis,
1577 5080 1770 5136 imbre
1791 5081 2091 5152 lacryma-

430 5182 566 5221 rum
597 5183 890 5234 genarum
936 5171 1167 5226 rimulis
1213 5172 1451 5242 infusis,
1491 5187 1698 5243 preces
1742 5186 1852 5242 pro
1882 5170 2092 5225 vestris

431 5257 773 5311 OXCCSSliHiS
815 5262 872 5312 et
931 5257 1310 5316 absolutione
1364 5260 1650 5332 piissimae
1695 5257 2091 5330 imperatricis

430 5345 676 5400 domino
702 5346 758 5398 in
790 5345 1142 5403 abscondito
1169 5348 1418 5404 fundere
1449 5347 1806 5420 quivissetis.
1831 5350 1960 5412 Quo
1989 5363 2091 5402 au-

431 5433 571 5496 dito,
603 5433 841 5502 pondus
864 5437 1039 5489 tantae
1060 5436 1144 5490 rei
1169 5451 1593 5509 expavescens,
1627 5436 1931 5503 attonitus,
1965 5436 2090 5492 imo

431 5519 874 5588 obstupefactus
897 5523 1182 5579 admirari
1212 5525 1387 5596 ccepi,
1419 5541 1526 5581 cur
1555 5524 1868 5580 clementia
1893 5529 2089 5580 vestra

432 5610 664 5659 tantum
691 5625 840 5680 Opus
880 5612 1019 5667 viris
1072 5613 1253 5668 etiam
1300 5614 1713 5668 eruditissimis
1762 5613 2087 5669 formidan-

430 5691 598 5763 dum,
631 5697 774 5752 mihi
815 5699 1078 5769 indocto,
1110 5716 1443 5773 omnesque
1467 5701 1808 5759 liberalium
1861 5703 2085 5759 artium

2213 3305 2315 3361 sed
2364 3305 2558 3376 magis
2614 3309 2679 3360 ut
2723 3304 3018 3376 quiverim
3046 3304 3262 3360 divinis
3324 3303 3510 3360 fretus
3558 3302 3853 3374 suffragiis,

2210 3394 2474 3465 imperiis
2505 3392 2934 3466 imperialibus,
2969 3409 3348 3466 quamquam
3381 3393 3662 3465 pavidus,
3705 3393 3856 3449 obse-

2211 3483 2475 3538 cundare
2511 3487 2855 3538 tentassem.
2890 3481 3001 3537 Sed
3024 3497 3147 3538 non
3198 3481 3371 3538 ﬂocci
3400 3482 3680 3554 pendens
3709 3477 3855 3554 quod

2211 3571 2336 3627 sine
2366 3570 2672 3641 magniﬁci
2702 3570 2931 3626 domini
2963 3575 3018 3626 et
3047 3570 3282 3626 abbatis
3313 3571 3431 3626 mei
3477 3571 3704 3628 scilicet
3736 3571 3855 3624 Dro-

2210 3660 2383 3729 gonis
2413 3661 2611 3732 patrui
2638 3659 2816 3715 vestri
2872 3658 3325 3727 assertionibus,
3358 3659 3705 3734 pariterque
3744 3659 3853 3730 jus-

2211 3748 2480 3803 sionibus
2533 3764 2608 3804 ne
2659 3748 2998 3819 regularem
3073 3748 3358 3803 excedere
3411 3748 3652 3805 viderer
3706 3745 3854 3803 disci-

2208 3836 2460 3908 plinam,
2490 3842 2547 3892 et
2597 3837 2820 3908 stylum
2871 3836 3171 3910 appellere
3239 3837 3319 3892 ad
3347 3837 3727 3894 exarandum
3772 3834 3856 3891 de-

2208 3924 2500 3991 buissem,
2528 3939 2653 3980 non
2683 3925 2879 3981 solum
2905 3925 3073 3998 quod
3099 3925 3291 3983 Caroli
3317 3925 3515 3995 Magni
3555 3927 3855 3999 imperato-

2209 4014 2288 4068 ris
2353 4013 2534 4077 ﬁlius,
2603 4018 2783 4086 atque
2844 4014 3024 4070 frater
3083 4013 3443 4070 sanctissimi
3500 4020 3562 4071 et
3624 4009 3857 4088 piissimi

2209 4101 2492 4172 genitoris
2540 4103 2716 4158 vestri
2770 4103 3053 4160 Ludovici
3108 4103 3374 4171 Caesaris,
3414 4103 3523 4159 sed
3555 4104 3661 4176 qui
3714 4117 3854 4158 sum-

2207 4208 2344 4246 mus
2407 4195 2535 4248 erat
2597 4191 2865 4264 pontifex
2929 4197 3109 4264 atque
3185 4191 3380 4248 abbas
3469 4208 3647 4248 meus
3711 4204 3854 4261 egre-

2208 4281 2360 4349 gius.
2394 4283 2662 4353 Cumque
2703 4280 2888 4336 sacris
2919 4281 3050 4352 ejus
3083 4280 3332 4336 auribus
3380 4280 3760 4352 suggerendo
3786 4277 3858 4333 in-

2205 4369 2496 4437 tulissem,
2531 4374 2587 4425 et
2607 4369 2880 4426 ordinem
2910 4369 2994 4424 rei
3025 4369 3420 4439 iudicassem,
3445 4386 3571 4441 quo
3603 4369 3854 4432 auribus,

2202 4458 2420 4514 hausto
2449 4474 2572 4514 non
2604 4458 2801 4513 solum
2839 4457 3053 4525 renuit,
3087 4474 3297 4513 verum
3321 4463 3384 4512 ut
3407 4463 3498 4513 est
3520 4457 3857 4513 mitissimus

2203 4552 2260 4602 et
2287 4546 2632 4602 affabilitate
2667 4546 2997 4613 suadibilis,
3032 4546 3399 4616 benignitate
3452 4541 3859 4619 praestantissi-

2201 4652 2360 4702 mus,
2392 4640 2449 4690 et
2497 4636 2576 4691 ad
2627 4651 2808 4692 omne
2866 4636 3101 4691 bonum
3151 4635 3651 4705 ferventissimus,
3711 4645 3856 4690 mere

2203 4741 2326 4779 suae
2383 4723 2685 4780 modestiae
2715 4741 2840 4780 non
2870 4729 3107 4781 tantum
3137 4724 3399 4794 ingenue
3448 4724 3644 4780 libera
3674 4725 3859 4778 aucto-

2200 4813 2370 4868 ritate
2421 4812 2759 4884 imperavit,
2793 4814 2898 4868 sed
2929 4813 3156 4870 blanda
3214 4812 3640 4886 tranquillitate
3669 4816 3724 4868 et
3768 4807 3854 4882 pio

2202 4903 2410 4968 aifatu,
2442 4906 2508 4957 ut
2537 4901 2850 4972 angustale
2879 4918 3058 4974 opus,
3091 4906 3148 4958 et
3175 4902 3482 4974 spirituale
3512 4901 3700 4958 decus
3729 4913 3856 4972 quo-

2200 4991 2385 5046 modo
2416 4991 2746 5063 quivissem
2777 4991 3026 5061 aggredi
3051 5007 3175 5046 non
3200 4988 3752 5056 abnuissem.Quod
3767 5001 3857 5041 au-

2201 5080 2393 5150 diens,
2412 5081 2494 5135 sic
2524 5081 2653 5152 jam
2675 5081 2921 5136 tandem
2951 5081 3082 5151 ejus
3105 5080 3624 5137 exhortationibus
3644 5077 3856 5134 anima-

2202 5169 3634 5240 tus,vestris,almiﬁcis,affaminibus,sanctisque
3651 5163 3854 5238 jussio—

2201 5258 2381 5313 nibus
2400 5258 2652 5314 adactus
2677 5259 3181 5330 potissimumque
3199 5258 3413 5313 divinis
3435 5257 3669 5313 auxiliis
3689 5255 3852 5310 fretus

2202 5351 2672 5419 sanctorumque
2715 5347 3034 5404 doctorum
3079 5347 3454 5403 orationibus
3504 5345 3854 5418 provocatus

2199 5435 2428 5506 quod,o
2445 5435 2791 5492 doctissime
2818 5437 3097 5508 princeps
3124 5436 3184 5492 in
3210 5436 3525 5492 doctorum
3544 5448 3728 5506 penes
3754 5443 3853 5485 nos

2201 5529 2546 5579 sanctorum
2579 5525 2835 5595 sparsim
2866 5525 3132 5580 invenire
3185 5530 3415 5598 potero,
3449 5521 3774 5596 praesertim
3799 5516 3851 5571 in

2197 5612 2526 5668 beatissimi
2543 5618 2715 5687 Papae
2739 5614 3000 5684 Gregorii
3015 5618 3299 5671 Romanae
3322 5613 3554 5670 decoris
3583 5611 3851 5682 eloquen-

2199 5701 2290 5756 tiae
2324 5702 2514 5771 dictis,
2549 5704 2694 5775 quia
2723 5719 2761 5760 ι
2811 5704 2977 5762 nullo
3010 5703 3207 5760 solum
3265 5719 3372 5776 per
3399 5701 3608 5761 omnia
3634 5694 3852 5771 reperio
