3968 6418
174 277 299 331 553

1152 278 1412 333 ENARB.
1446 277 1515 332 IN
1544 272 1843 332 CANTICA
1873 272 2147 333 CANTIC.
2180 308 2250 318 -—
2275 279 2679 339 PREFATIO.

3534 292 3638 346 554

174 401 582 470 compactum
641 401 823 471 atque
853 414 924 455 ex
952 399 1269 456 traditione
1312 399 1584 471 magistri
1636 396 1861 467 ingenii
1889 397 1937 452 Α
1977 399 2212 471 quirere
2238 402 2473 471 debeat,
2505 405 2610 461 sed
2636 405 3057 476 allegoriarum
3113 410 3401 482 mysteria
3459 412 3642 469 conti-

172 488 307 545 mei
336 489 687 559 conjectura
741 488 897 562 stylo
929 496 1223 559 currente,
1257 490 1618 546 commatico
1663 488 1866 561 potius

170 577 751 665 compendiosoque
780 594 1083 649 sermone,
1116 579 1251 636 licet
1282 579 1560 653 impolito
1612 577 1864 649 aggredi

171 666 454 733 tentabo,
488 671 547 723 et
571 666 634 722 in
660 666 841 723 libelli
864 667 1118 723 modum
1139 668 1309 725 ﬁnire
1341 668 1631 734 conabor,
1666 672 1728 723 ut
1756 668 1865 723 ha-

171 755 330 812 beat
381 761 583 812 vestra
645 756 936 813 celsitudo
990 757 1149 813 velut
1195 758 1592 821 enchiridion,
1634 758 1749 813 hoc
1776 761 1869 812 est

172 847 540 903 manualem
552 846 1295 920 quodammodolibellum
1306 854 1651 921 excerptum
1659 864 1868 921 ,quem

171 937 477 1007 congruis
517 936 681 992 horis
722 935 985 992 lectitare
1029 940 1146 993 Deo
1200 938 1437 994 favente
1486 942 1623 1011 post
1665 936 1867 993 studia

169 1024 447 1098 imperii,
471 1030 610 1099 post
640 1024 1070 1082 sollicitudines
1094 1026 1371 1083 Ecclesiae
1404 1027 1481 1084 ad
1504 1025 1868 1083 consolatio-

170 1130 324 1172 nem
375 1114 719 1170 divinarum
762 1115 1129 1172 ruminando
1170 1116 1565 1190 complaceat.
1600 1118 1674 1172 Et
1718 1117 1865 1189 quia

172 1221 442 1277 campos
473 1205 819 1261 divinarum
854 1206 1077 1262 scilicet
1129 1206 1574 1279 Scripturarum
1612 1222 1734 1262 non
1764 1222 1866 1262 va-

167 1292 259 1349 let
283 1309 637 1366 percurrere
662 1293 1009 1365 latissimOs,
1040 1295 1301 1352 breviter
1329 1295 1541 1352 saltem
1564 1299 1858 1352 stromata

170 1388 392 1440 nostra
424 1399 548 1440 non
578 1384 781 1457 pigeat
812 1384 1065 1440 scrutari
1096 1384 1355 1458 quietus.
1384 1388 1497 1441 Sed
1544 1383 1859 1441 sciendum

168 1472 511 1546 vero,quia
536 1478 601 1530 ut
614 1472 798 1530 moris
817 1474 1329 1547 estquorumdam
1351 1475 1709 1547 scriptorum
1735 1488 1860 1530 non

173 1562 246 1619 in
275 1561 523 1636 pagella
543 1579 576 1619 e
602 1563 847 1633 regione
868 1563 1245 1632 singulorum
1295 1563 1614 1620 doctorum
1642 1563 1861 1619 viritim

167 1649 392 1706 litteris
409 1651 709 1721 insignitis
725 1652 1231 1723 assignaverimus
1242 1652 1495 1708 nomina
1511 1651 1738 1719 omnia,
1754 1651 1861 1707 sed

169 1756 253 1797 ex
276 1756 494 1797 eorum
511 1740 683 1799 dictis
699 1741 966 1813 profecto
978 1742 1389 1814 expositorum
1412 1741 1663 1798 nonulla
1692 1757 1859 1798 eom-

165 1830 479 1904 paginare
507 1846 583 1886 ex
609 1830 1003 1899 multimodis,
1026 1831 1284 1887 breviter
1302 1830 1627 1887 recidenda
1656 1829 1864 1887 videli-

168 1924 293 1988 cet,
326 1918 592 1993 demptis
617 1919 941 1993 superﬂuis
974 1920 1355 1988 multimoda,
1388 1919 1686 1977 nonnulla
1713 1935 1859 1977 vero

164 2024 250 2065 ex
270 2007 696 2082 prolixioribus
724 2025 971 2067 sensum
1001 2026 1214 2067 eorum
1246 2014 1566 2083 sequentes
1598 2011 1732 2081 conj
1744 2025 1857 2065 un-

166 2113 321 2169 gere
352 2098 753 2172 decerpendo,
782 2099 989 2173 aliqua
1018 2105 1225 2156 nostra
1274 2098 1719 2173 interpolando,
1752 2114 1861 2155 au-

167 2203 366 2258 gmen
378 2192 501 2245 tare
531 2188 877 2244 censuimus
906 2188 1203 2260 longiora.
1242 2189 1334 2246 Sic
1359 2189 1645 2245 nimirum
1669 2188 1751 2244 sic
1773 2187 1865 2243 di-

166 2280 371 2333 versis
406 2276 810 2334 allusionibus
848 2277 1704 2351 dramatumpercurrentibus
1726 2276 1865 2333 bre-

160 2366 277 2421 via
288 2369 720 2439 syrmata,qua2
734 2365 1300 2423 vicissimnectendo
1318 2366 1748 2423 sententiarum
1765 2380 1864 2421 ex-

163 2454 346 2530 plere
369 2454 639 2511 libellum
684 2454 1070 2525 sancivimus,
1096 2471 1220 2512 non
1252 2456 1739 2528 pertimescentes
1760 2469 1863 2510 eos

165 2544 287 2618 qui
316 2559 539 2600 nasum
569 2542 752 2601 veluti
809 2544 1111 2619 sapientes
1142 2549 1566 2618 contorquent,
1597 2560 1708 2601 nec
1759 2559 1863 2599 eos

166 2633 286 2707 qui
339 2633 743 2706 promptiores
802 2632 882 2689 ad
933 2634 1500 2708 reprehendendum
1546 2650 1735 2707 quam
1782 2631 1862 2688 ad

166 2721 578 2790 imitandum,
595 2722 821 2796 quique
832 2723 998 2796 quod
1016 2723 1456 2797 reprehendere
1476 2723 1861 2779 subsannan-

164 2812 259 2869 do
288 2811 642 2878 moliuntur,
670 2811 1001 2885 adimplere
1032 2817 1362 2885 nequeunt.
1402 2812 1636 2870 Scimus
1685 2827 1859 2867 nam-

166 2918 300 2976 que
328 2901 553 2957 scimus
593 2900 763 2974 quod
811 2906 1107 2958 concentu
1163 2902 1376 2974 organi
1439 2902 1648 2959 ﬁstulae
1696 2901 1855 2971 seris,

166 2991 309 3049 aliae
340 2990 644 3061 longiores
676 2995 835 3056 sunt,
867 2990 998 3047 alia;
1024 2991 1354 3059 breviores,
1410 2991 1516 3047 sed
1546 3007 1667 3047 uno
1709 2991 1856 3047 ﬂatu

1975 490 2099 545 neri
2131 508 2254 548 non
2281 494 2528 551 dubitet.
2554 496 2948 553 Nominantur
2977 497 3136 554 enim
3196 499 3254 555 in
3318 501 3430 555 hoc
3486 500 3640 557 libro

1974 579 2202 651 oscula,
2226 584 2616 640 nominantur
2646 585 2852 653 ubera,
2883 587 3277 644 nominantur
3307 605 3495 659 genre,
3529 606 3639 647 no-

1974 668 2283 727 minantur
2310 672 2559 730 femora.
2595 674 2661 730 ln
2690 674 2915 747 quibus
2955 677 3151 733 verbis
3184 694 3302 733 non
3334 679 3642 736 irridenda

1975 762 2068 813 est
2097 775 2271 817 sacra
2322 760 2665 835 descriptio,
2712 763 2818 819 sed
2873 765 3069 835 major
3100 766 3202 822 Dei
3230 766 3643 826 misericordia

1975 848 2420 907 consideranda
2441 856 2548 919 est,
2581 852 2725 926 quia
2755 854 2905 910 dum
2923 855 3202 914 membra
3232 858 3500 930 corporis
3529 874 3640 915 no-

1974 936 2185 1005 minat,
2221 940 2304 995 sic
2336 940 2414 996 ad
2441 958 2713 998 amorem
2738 960 2917 999 suurn
2941 950 3138 1003 vocat.
3170 946 3335 1003 Unde
3366 948 3642 1005 conside-

1962 1026 2236 1103 randum
2266 1033 2372 1097 est,
2404 1040 2592 1102 quam
2634 1032 2986 1089 mirabiliter
3034 1035 3353 1092 nobiscum
3383 1042 3439 1094 et
3467 1038 3643 1094 mise-

1971 1114 2281 1172 ricorditer
2306 1125 2609 1190 operatur,
2641 1121 2745 1193 qui
2777 1127 2839 1177 ut
2862 1138 2966 1178 cor
2992 1128 3270 1181 nostrum
3296 1125 3377 1182 ad
3394 1126 3641 1197 instiga-

1971 1203 2195 1260 tionem
2222 1208 2376 1263 sacri
2402 1208 2627 1264 amoris
2659 1211 3033 1280 accenderet,
3083 1230 3278 1287 usque
3327 1216 3405 1272 ad
3449 1217 3641 1290 turpis

1968 1294 2213 1358 amoris,
2238 1300 2304 1351 ut
2326 1312 2489 1370 papa
2522 1299 2840 1368 Gregorius
2873 1302 3142 1374 exponit,
3180 1303 3367 1360 verba
3394 1304 3641 1361 descen-

1967 1381 2086 1438 det.
2115 1383 2229 1439 Sed
2262 1386 2421 1441 unde
2461 1403 2523 1442 se
2569 1386 2875 1460 loquendo
2896 1389 3191 1461 humiliat,
3245 1391 3385 1449 inde
3416 1409 3531 1450 nos
3562 1393 3642 1451 ad

1966 1470 2331 1529 intellectum
2349 1474 2587 1545 exaltat,
2607 1476 2755 1549 quia
2772 1493 2847 1533 ex
2868 1479 3251 1536 sermonibus
3274 1481 3459 1552 hujus
3480 1499 3645 1539 amo-

1966 1560 2046 1615 ris
2075 1560 2334 1618 dicimus
2359 1579 2485 1636 qua
2504 1564 2717 1621 virtute
2739 1565 2801 1621 in
2826 1566 3152 1624 divinitatis
3182 1585 3390 1626 amore
3419 1569 3648 1628 fervea.

1967 1666 2128 1706 mus.
2158 1651 2281 1708 Hoc
2306 1657 2509 1709 autem
2535 1653 2713 1710 nobis
2742 1655 2988 1713 solerter
3012 1657 3374 1716 intuendum
3420 1664 3529 1728 est,
3566 1676 3643 1717 ne

1890 1757 1931 1811 Β
1969 1755 2112 1795 eum
2140 1740 2323 1797 verba
2346 1742 2652 1799 exterioris
2683 1745 2909 1801 amoris
2936 1746 3303 1817 audivimus,
3346 1749 3426 1806 ad
3479 1754 3640 1806 exte-

1970 1827 2131 1885 riora
2160 1830 2472 1888 sentienda
2500 1848 2949 1891 remaneamus.
2988 1836 3081 1893 Sic
3111 1842 3203 1893 est
3241 1839 3403 1895 enim
3432 1839 3639 1913 Scrip-

1970 1922 2106 1974 tura
2136 1919 2343 1976 haacin
2363 1921 2559 1991 vobis,
2590 1922 2744 1979 sicut
2772 1925 3007 1997 pictura
3036 1925 3098 1982 in
3129 1927 3434 1985 coloribus
3465 1935 3524 1986 et
3549 1945 3641 1986 re-

1970 2006 2107 2062 bus.
2145 2010 2211 2064 Et
2234 2008 2413 2064 nimis
2444 2009 2658 2065 stultus
2689 2018 2783 2067 est
2804 2013 2911 2085 qui
2942 2013 3027 2070 sic
3056 2014 3361 2071 coloribus
3389 2016 3638 2089 pictura

1970 2094 2278 2161 inhaereat,
2311 2101 2379 2153 ut
2419 2113 2513 2153 res
2552 2098 2802 2169 ignoret.
2838 2103 2955 2156 Nos
3004 2101 3165 2158 enim
3196 2102 3246 2158 si
3274 2104 3460 2160 verba
3499 2120 3638 2178 qua;

1971 2183 2229 2239 exterius
2240 2183 2521 2241 dicuntur
2532 2186 2953 2260 amplectimur
2964 2194 3021 2245 et
3036 2206 3246 2247 sensus
3259 2191 3634 2263 ignoramus,

1971 2273 2147 2347 quasi
2168 2273 2516 2344 ignorantes
2548 2292 2643 2331 res
2665 2293 2802 2350 quae
2821 2277 3072 2352 depicta:
3095 2284 3234 2337 sunt
3272 2281 3434 2338 solos
3479 2283 3638 2340 colo.

1972 2378 2067 2418 res
2098 2366 2391 2420 tenemus.
2452 2365 2684 2421 Scimus
2728 2366 2890 2423 enim
2916 2367 3062 2440 quia
3089 2374 3415 2443 postquam
3446 2387 3638 2443 genus

1971 2451 2312 2507 humanum
2351 2468 2387 2509 a
2418 2454 2683 2526 paradisi
2712 2455 2950 2525 gaudiis
2991 2457 3310 2530 expulsum
3352 2465 3461 2531 est,
3489 2465 3547 2517 et
3574 2461 3637 2518 in

1968 2540 2147 2597 istam
2194 2542 2743 2615 peregrinationem
2801 2544 2938 2601 vitae
2991 2547 3307 2618 praesentis
3358 2549 3634 2620 veniens,

1970 2648 2199 2687 caecum
2228 2648 2332 2688 cor
2359 2631 2438 2688 ab
2466 2632 2761 2705 spirituali
2785 2633 3086 2691 intellectu
3115 2636 3317 2693 habet.
3351 2638 3459 2694 Cui
3474 2655 3635 2696 cmco

1968 2722 2166 2778 cordis
2205 2722 2253 2778 si
2279 2722 2575 2780 diceretur
2606 2740 2755 2781 voce
2784 2725 3129 2783 Dominica:
3173 2744 3423 2801 sequere
3448 2733 3636 2786 Deum

1967 2811 2063 2868 vel
2090 2812 2271 2882 dilige
2323 2816 2533 2878 Deum.
2567 2830 2672 2887 per
2706 2819 3009 2887 torporem
3039 2816 3509 2875 insensibilitatis
3534 2818 3635 2875 fri-

1965 2903 2175 2974 gidum
2220 2919 2343 2959 non
2376 2909 2616 2976 caperet
2664 2904 2832 2978 quod
2876 2906 3130 2963 audiret.
3180 2910 3500 2981 Propterea
3528 2924 3637 2982 per

1963 2991 2250 3064 quaedam
2278 2992 2604 3062 aenigmata
2630 3009 2827 3048 sermo
2850 2994 3093 3050 divinus
3125 2996 3344 3053 animas
3371 2997 3634 3070 torpenti

165 3079 426 3171 follibus
450 3079 891 3171 administrate,
919 3084 977 3136 et
1029 3080 1210 3137 docta
1261 3096 1452 3137 manu
1495 3081 1850 3171 imperante,
1882 3115 1924 3171 ο
1961 3085 2019 3171 et
2038 3080 2266 3171 frigidae
2296 3080 2580 3153 loquitur,
2601 3086 2656 3137 et
2676 3081 2751 3137 de
2770 3082 2951 3137 rebus
2967 3100 3121 3155 quas
3150 3085 3320 3141 novit
3344 3104 3356 3141 :
3380 3085 3634 3142 latenter

166 3170 502 3242 digitisque
519 3170 892 3226 attrectando
921 3185 1130 3242 unam,
1159 3186 1298 3226 cum
1331 3171 1446 3226 sint
1477 3169 1732 3226 diversae
1756 3168 1855 3225 ﬁs-

166 3259 342 3326 tulae,
371 3259 756 3315 harmoniam
778 3259 939 3315 velut
965 3259 1220 3332 salpinx,
1257 3259 1539 3316 tubarum
1566 3275 1744 3315 voces
1772 3263 1856 3314 at-

166 3364 300 3423 que
324 3352 685 3405 concentum
715 3348 875 3405 dulci
905 3349 1203 3405 cantilena
1226 3348 1418 3405 melos
1446 3348 1735 3415 amando,
1769 3352 1852 3404 at-

166 3438 383 3496 tonitis
405 3437 655 3494 auribus
677 3439 948 3495 suaviter
975 3438 1255 3495 reddunt.
1294 3439 1387 3495 Sic
1415 3438 1682 3511 profecto
1710 3453 1852 3493 cum

170 3527 299 3584 sint
345 3527 476 3584 aliae
534 3527 842 3584 sententiae
893 3526 1196 3599 longiores
1252 3528 1455 3584 recisis
1506 3526 1849 3600 superﬂuis,

169 3616 436 3690 aliaeque
461 3615 764 3673 breviores
786 3615 1004 3674 additis
1032 3618 1407 3676 necessariis.
1471 3616 1655 3672 ﬂante
1667 3614 1849 3689 Spiri-

168 3712 241 3764 tu
273 3711 485 3763 sancto
520 3722 629 3780 per
658 3722 880 3780 corpus
911 3722 1101 3762 unum
1127 3706 1462 3780 imperante
1492 3722 1680 3762 manu
1700 3704 1855 3775 digi-

172 3798 376 3869 tisque
409 3795 637 3869 stylum
668 3796 1079 3867 tangentibus,
1105 3796 1372 3852 vicissim
1422 3794 1854 3865 conglutinatis

172 3885 489 3941 sententiis
537 3884 891 3941 dictationes
943 3884 1371 3941 enchiridionis
1433 3883 1670 3959 explere
1719 3882 1854 3939 ausi

169 3975 404 4032 erimus
424 3973 895 4031 adminiculante
924 3973 1026 4030 illo
1052 3975 1158 4047 qui
1187 3974 1250 4031 in
1281 3975 1397 4031 hoc
1449 3974 1604 4031 libro
1635 3972 1710 4029 de
1742 3976 1854 4028 Ec-

172 4063 374 4121 clesiae
399 4063 576 4119 donis
604 4062 905 4137 permistis
923 4063 1003 4118 ait
1027 4064 1377 4137 prophetice
1413 4080 1424 4119 :
1452 4064 1684 4136 Cyprus
1711 4077 1852 4117 cum

172 4152 401 4221 nardo,
429 4152 662 4209 nardus
692 4169 831 4209 cum
864 4169 1062 4221 croco,
1090 4152 1292 4209 ﬁstula
1321 4158 1379 4210 et
1416 4167 1852 4226 cynamomum

173 4260 325 4302 cum
355 4243 651 4299 universis
672 4242 848 4313 lignis
882 4242 1112 4307 Libani,
1144 4242 1393 4315 myrrha
1423 4247 1481 4298 et
1527 4241 1677 4309 aloe,
1711 4256 1852 4297 cum

173 4332 468 4391 omnibus
505 4332 719 4406 primis
746 4332 1093 4402 unguentis.
1154 4331 1268 4389 Sed
1297 4331 1552 4404 qualiter
1579 4331 1704 4386 istae
1735 4329 1855 4385 vir-

173 4423 337 4481 tutes
368 4421 643 4478 Ecclesiae
671 4420 1026 4478 alternando
1072 4420 1186 4476 sibi
1233 4420 1568 4494 permistim
1609 4419 1852 4475 concin-

170 4516 351 4575 nant,
374 4511 435 4567 in
468 4526 581 4568 suo
619 4514 932 4585 posterum
976 4510 1252 4567 dicemus
1310 4509 1465 4565 loco.
1513 4508 1678 4565 Unde
1721 4508 1853 4580 jam

175 4600 429 4659 tandem
461 4599 721 4674 supplex
748 4615 932 4657 exoro
970 4600 1156 4657 decus
1213 4598 1528 4669 augustale
1573 4614 1746 4671 asque
1798 4601 1857 4654 et

173 4707 285 4749 eos
309 4690 534 4764 quibus
562 4689 833 4746 fortassis
862 4689 1057 4760 legere
1088 4688 1420 4759 contigerit,
1465 4692 1529 4744 ut
1552 4688 1719 4761 quod
1744 4703 1857 4758 ego

171 4795 348 4838 more
364 4778 740 4835 medicorum
765 4793 837 4835 ac
856 4778 914 4851 pi
923 4778 1417 4849 gmentariorum,
1445 4776 1552 4851 qui
1574 4781 1639 4833 ut
1668 4776 1862 4833 diver-

175 4885 248 4927 sa
268 4873 579 4941 unguenta
600 4870 655 4924 et
678 4867 950 4925 antidota
967 4867 1343 4941 temperatim
1359 4866 1592 4940 possint
1613 4882 1862 4940 compo—

173 4974 346 5025 nere,
378 4956 657 5015 bilanciis
687 4961 920 5014 staterae
964 4973 1135 5030 asque
1165 4956 1502 5030 ponderare
1560 4960 1861 5029 satagunt,

174 5053 246 5106 ut
274 5063 401 5104 una
428 5046 681 5104 alteram
710 5061 834 5103 non
894 5045 1373 5120 superabundet,
1433 5061 1545 5101 nec
1600 5046 1676 5101 de
1727 5045 1862 5102 aliis

176 5138 389 5195 minus
427 5135 598 5192 utilia
626 5135 1071 5213 derelinquant,
1121 5135 1229 5192 sed
1290 5150 1463 5207 aeque
1513 5132 1685 5189 lance
1755 5149 1867 5190 sua

176 5228 578 5299 componant.
606 5222 810 5281 studui
842 5224 1063 5299 mquali
1092 5224 1267 5280 lance
1316 5222 1535 5279 mentis
1572 5222 1861 5279 trutinare

183 5316 536 5381 sententias,
567 5319 623 5371 et
651 5314 811 5371 mela
835 5314 1297 5396 quodammodo
1330 5318 1386 5369 et
1436 5311 1706 5369 antidota
1735 5312 1861 5368 ani-

182 5421 426 5463 marum
448 5419 837 5477 componere,
868 5419 996 5459 non
1024 5394 1333 5477 horrescat
1361 5418 1469 5458 nec
1497 5400 1859 5473 squalescat,

182 5494 454 5566 diligenti
484 5493 702 5565 exagio
730 5492 1045 5550 lustrando
1071 5492 1362 5566 perlegat,
1388 5496 1570 5564 atque
1598 5490 1864 5547 medica-

186 5586 355 5642 mina
383 5584 607 5641 animaa
635 5586 937 5653 gratanter
982 5582 1314 5651 investiget.
1368 5578 1485 5636 Sed
1535 5583 1866 5652 antequam

185 5673 622 5748 prolegomena
651 5670 734 5729 ad
771 5671 999 5731 calcem
1026 5670 1359 5745 perveniat,
1397 5668 1735 5726 notandum
1769 5672 1863 5725 est

191 5761 361 5837 quod
378 5763 440 5821 in
470 5763 591 5820 hoc
613 5760 770 5819 libro
798 5760 884 5817 nil
912 5760 1153 5818 carnale
1197 5759 1401 5834 nilque
1431 5757 1744 5816 historiale
1772 5773 1866 5814 re-

482 5864 501 5875 “
814 5854 1060 5909 Pauor.
1094 5852 1263 5908 CXV.

1960 3168 2227 3225 insinuat
2253 3184 2526 3226 amorem
2552 3186 2738 3242 quem
2767 3186 2890 3226 non
2915 3171 3098 3242 novit,
3130 3176 3187 3229 et
3207 3172 3426 3229 anima:
3451 3174 3632 3243 longe

1961 3274 1999 3315 a
2028 3258 2148 3313 Deo
2177 3257 2334 3314 infra
2362 3259 2592 3331 positae,
2621 3263 2685 3314 ut
2714 3259 2999 3332 praefatus
3030 3265 3313 3318 tractator
3343 3262 3426 3318 ait
3453 3263 3632 3336 quasi

1961 3346 2296 3420 quamdam
2325 3347 2673 3403 machinam
2701 3348 2856 3417 fecit,
2891 3354 2953 3405 ut
2984 3350 3273 3421 perillam
3296 3350 3524 3408 levetur
3548 3353 3631 3409 ad

1960 3438 2171 3492 Deum.
2251 3437 2614 3509 Interpositis
2696 3438 2925 3510 quippe
2981 3439 3428 3511 aenigmatibus,
3476 3441 3628 3498 dum

1959 3524 2258 3599 quiddam
2285 3526 2348 3581 in
2372 3526 2572 3581 verbis
2601 3527 2914 3596 cognoscit
2966 3528 3134 3601 quod
3163 3546 3365 3597 suum,
3417 3535 3526 3600 est,
3564 3531 3627 3587 in

1963 3631 2145 3671 sensu
2173 3614 2499 3670 verborum
2527 3615 2797 3685 intelligit
2830 3616 2994 3689 quod
3022 3633 3147 3673 non
3196 3624 3286 3675 est
3334 3636 3537 3688 suum,
3572 3626 3631 3677 et

1962 3721 2070 3777 per
2089 3709 2319 3760 terrena
2330 3704 2516 3760 verba
2528 3712 2845 3777 sperantur
2857 3711 3099 3762 (eterna.
3123 3707 3369 3778 Idcirco,
3390 3724 3427 3764 ο
3443 3709 3629 3765 invic-

1964 3795 2187 3851 tissime
2235 3798 2449 3861 Caesar,
2481 3811 2729 3851 oramus
2760 3800 2825 3851 ut
2854 3795 3003 3851 nihil
3046 3796 3109 3852 in
3161 3797 3276 3852 hoc
3320 3797 3627 3853 volumine

1962 3883 2342 3941 historialiter
2359 3884 2654 3956 requiras,
2688 3884 2794 3940 sed
2813 3884 2995 3940 ﬂores
3028 3885 3453 3955 allegoriarum
3485 3903 3628 3943 cum

1962 3972 2179 4029 morali
2217 3972 2516 4028 intellectu
2547 3972 2882 4042 investiges,
2925 3988 3108 4045 quem
3147 3974 3522 4046 quibusdam
3566 3974 3630 4032 in

1960 4061 2110 4118 locis
2161 4061 2242 4117 ob
2272 4066 2439 4118 tuam
2468 4060 2940 4118 consolationem
2975 4062 3327 4119 subnectere
3370 4063 3634 4121 decrevi-

1962 4168 2125 4218 mus,
2181 4167 2258 4207 ne
2305 4150 2692 4207 solummodo
2746 4152 3171 4222 allegoriarum
3236 4154 3632 4212 allusionibus

1963 4256 2228 4313 pressus,
2254 4239 2545 4295 violenter
2558 4246 2754 4295 vestra
2772 4240 3061 4298 celsitudo
3084 4242 3350 4300 theorica
3373 4243 3631 4315 legendo

1963 4328 2246 4385 fastidiat.
2276 4329 2493 4385 Audiat
2522 4330 2698 4385 etiam
2727 4330 2897 4402 quod
2925 4347 3032 4403 per
3057 4334 3342 4390 eumdem
3367 4334 3633 4391 Salomo-

1964 4435 2106 4475 nem
2136 4417 2353 4474 dicitur
2406 4443 2433 4469 ‹‹
2470 4418 2665 4475 Gloria
2695 4419 2798 4475 Dei
2830 4419 3025 4477 celare
3054 4423 3307 4479 verbum
3356 4429 3415 4480 et
3443 4424 3635 4495 gloria

1964 4524 2178 4578 regum
2231 4508 2589 4576 investigare
2664 4524 3007 4564 sermonem
3062 4512 3245 4579 (Prov
3293 4517 3412 4585 v.)»
3461 4513 3636 4570 Menti

1968 4600 2129 4656 enim
2148 4600 2335 4654 Deum
2372 4598 2685 4671 quaerenti,
2716 4602 2883 4655 tanto
2917 4602 3071 4655 Deus
3098 4600 3416 4670 gloriosius
3443 4619 3636 4674 appa—

1966 4692 2074 4753 ret,
2108 4692 2337 4760 quanto
2358 4687 2635 4743 subtilius
2664 4686 3059 4756 investigatur
3086 4694 3149 4745 ut
3178 4695 3486 4761 appareat.
3528 4694 3636 4747 De-

1968 4776 2185 4833 bemus
2212 4776 2413 4848 itaque
2442 4775 2607 4847 quod
2628 4776 2780 4830 Deus
2810 4775 3111 4847 mysteriis
3133 4777 3285 4832 celat
3314 4779 3634 4850 requirere.

1969 4864 2232 4937 Ileoque
2255 4863 2523 4936 sequitur
2546 4881 2559 4918 :
2580 4867 2637 4917 et
2667 4862 2857 4933 gloria
2882 4879 3098 4933 regum
3124 4864 3485 4936 investigare
3513 4882 3637 4922 ser-

1971 4970 2239 5009 monem.
2282 4953 2393 5018 Qui
2436 4951 2597 5008 enim
2627 4966 2751 5006 non
2801 4951 3188 5008 solummodo
3242 4969 3430 5025 regna
3460 4958 3641 5012 terra-

1970 5059 2130 5104 rum,
2161 5042 2266 5098 sed
2298 5056 2551 5114 corpora
2583 5055 2714 5107 sua,
2768 5040 2862 5096 vel
2886 5044 3088 5096 motus
3118 5042 3318 5098 carnis
3348 5059 3554 5114 regere
3584 5049 3642 5102 et

1971 5132 2331 5200 investigare
2384 5134 2704 5197 noverunt,
2760 5146 2933 5201 reges
2997 5136 3156 5189 sunt.
3191 5134 3418 5198 Quibus
3448 5141 3506 5192 et
3533 5152 3642 5210 per

1974 5220 2350 5277 Psalmistam
2393 5220 2611 5276 dicitur
2644 5236 2657 5275 :
2715 5242 2741 5269 ‹‹
2771 5223 2833 5276 Et
2872 5236 3055 5292 nunc,
3089 5238 3282 5293 reges,
3314 5224 3639 5294 intelligite,

1973 5309 2313 5375 erudimini,
2344 5309 2447 5382 qui
2473 5297 2999 5379 judicatis‘terram
3028 5312 3219 5381 (Psal.
3250 5314 3329 5383 ιι),
3351 5335 3379 5361 ››
3409 5318 3468 5368 et
3514 5314 3644 5369 reliv

1974 5415 2119 5473 qua.
2150 5401 2380 5468 Regum
2412 5414 2555 5467 ergo
2587 5398 2776 5467 gloria
2797 5400 3258 5470 estinvestigare
3276 5417 3641 5473 sermonem,

1974 5488 2120 5563 quia
2166 5486 2321 5543 bene
2342 5487 2671 5543 viventium
2700 5487 2834 5543 laus
2893 5492 2982 5544 est
3035 5489 3396 5561 perscrutari
3419 5497 3648 5549 secreta

1976 5575 2403 5634 mandatorum
2483 5577 2603 5632 Dei.
2682 5577 2959 5634 Scrutare
3016 5594 3160 5647 ergo
3217 5579 3648 5649 gloriosissime

1976 5668 2307 5740 imperator
2380 5665 2724 5739 scripturas,
2813 5672 3116 5739 quatenus
3194 5669 3484 5743 mysteria
3556 5671 3650 5727 di-

1979 5756 2123 5814 vina
2188 5755 2562 5829 penetrando
2643 5761 2702 5813 et
2780 5756 3171 5829 intelligendo
3245 5758 3552 5816 desideria
3595 5764 3656 5818 et

3244 5856 3309 5908 18
