3968 6390
455 301 571 353 555

1574 295 1884 352 ANGLOMI
1913 293 2384 351 LUXOVIENSIS
2411 296 2723 352 MONACHI

3805 303 3905 356 556

450 426 652 477 motus
677 422 873 478 carnis
902 421 1256 489 investigare
1288 425 1342 475 ct
1365 436 1564 489 regere
1590 426 1785 476 vestra
1820 420 2110 493 sapientia
2138 421 2185 473 Α
2216 420 2427 489 gitatis,
2466 420 2708 476 tandem
2741 422 2817 476 ad
2845 438 2915 476 ea
2948 436 3083 493 quae
3114 421 3455 492 imperastis
3498 421 3738 494 stylum
3770 424 3905 480 ﬂec-

452 513 511 564 et
536 510 772 566 solertia
788 513 1151 579 caeterosque
1175 508 1427 579 imperio
1453 514 1646 563 vestro
1679 509 1981 579 subjectos
2014 508 2115 563 do-

451 613 605 665 cere,
630 603 683 654 et
712 604 876 653 actus
907 597 1223 668 prudentia
1249 599 1646 669 consultuque
1689 598 2107 653 honestissime

460 687 798 758 gubernare
821 685 1035 742 valeat.
1060 685 1159 741 His
1182 686 1382 759 itaque
1413 688 1762 759 praelibatis,
1798 688 1920 742 imo
1953 686 2113 741 ettla-

2222 516 2338 565 tere
2363 510 2739 565 conabimur.
2772 512 2970 566 Valeat
3002 527 3241 583 semper
3272 512 3333 567 in
3366 511 3600 568 Christo
3641 528 3902 586 prospe~

2215 598 2294 651 ris
2344 600 2720 654 successibus
2750 600 3033 671 pollendo
3088 600 3276 669 gloria
3308 606 3526 669 vestra,
3575 602 3897 675 decusque

2224 688 2589 741 Francorum
2623 704 2893 744 oramus.

1743 982 2152 1069 INCIPIT
2241 980 2577 1066 LIBER

512 1265 876 1338 Priusquam
889 1267 1407 1335 augustaledecus
1431 1269 1503 1322 ad
1533 1269 2109 1324 tistulasliormoniae

442 1354 789 1425 spiritualis,
824 1356 1099 1411 videlicet
1149 1356 1571 1425 allegoriarmu
1614 1363 1937 1411 concentus
1988 1375 2111 1412 ma-

440 1443 681 1500 numad
710 1443 1117 1510 scribendum,
1138 1444 1319 1500 ﬂante
1342 1447 1561 1516 Spiritu
1590 1452 1819 1507 Sﬂllt'lU,
1844 1462 2107 1512 exeram,

443 1534 499 1585 et
529 1530 787 1601 abyssos
821 1533 1062 1587 theorite
1096 1532 1226 1587 vela
1259 1534 1583 1605 pandendo
1622 1535 1905 1593 historian
1971 1534 2107 1604 styli

442 1616 641 1673 ofﬁcio
674 1623 937 1690 tangam,
958 1620 1137 1676 veluti
1160 1621 1308 1676 clavi
1342 1623 1545 1678 abdita
1574 1622 1792 1677 domus
1824 1640 2104 1689 reseratu,

2224 1268 2347 1322 tolli,
2367 1267 2670 1337 appelant.
2691 1268 3308 1337 Ecclesiustcn,quem
3337 1267 3593 1334 etilli,ut
3623 1268 3894 1324 diximus

2220 1358 2506 1411 Uulwlet/z
2538 1356 2871 1411 nominant.
2910 1358 2972 1410 Et
3004 1358 3257 1414 Cantica
3287 1358 3662 1413 canticorum
3699 1376 3889 1431 quem

2218 1446 2398 1501 Sc/u'r
2422 1446 2705 1500 asc/tz'rim
2757 1450 3091 1516 przenotant
3120 1446 3312 1500 ethos
3352 1446 3702 1503 rationabili
3739 1447 3891 1503 ordi-

2220 1550 2291 1589 ne
2318 1534 2603 1590 distinxit.
2658 1539 2718 1590 tn
2750 1535 3084 1589 Proverbiis
3124 1551 3390 1608 namque
3422 1536 3761 1608 parvulum
3792 1537 3894 1592 do-

2218 1641 2380 1687 Cens,
2410 1630 2466 1679 et
2504 1624 2681 1695 quasi
2730 1624 2804 1679 de
2832 1624 3042 1679 ofﬁciis
3075 1641 3179 1695 per
3210 1624 3536 1680 sententias
3576 1626 3886 1687 erudiens,

444 1723 584 1779 quas
614 1708 855 1765 facilius
884 1710 1164 1765 interiora
1185 1713 1466 1782 mysteria
1483 1712 1905 1777 revelentur,in
1937 1730 2108 1776 argu-
2138 1702 2179 1754 Β
2222 1713 2377 1766 unde
2400 1717 2454 1768 et
2476 1713 2551 1768 ad
2582 1712 2773 1767 tilium
2801 1713 2931 1781 ejus
2979 1730 3178 1768 sermo
3229 1713 3438 1769 crebro
3469 1714 3797 1787 reperitur.
3827 1716 3887 1770 In

442 1798 810 1853 mentatione
839 1799 980 1854 ﬁdei
1010 1800 1326 1855 ostendere
1386 1802 1643 1857 decrevi.
1677 1818 1860 1872 quare
1894 1803 1999 1855 iste
2037 1803 2104 1857 li-

439 1887 549 1943 ber
578 1888 780 1943 tertius
809 1888 870 1943 in
896 1890 1211 1961 opusculis
1236 1891 1570 1946 Salomonis
1600 1894 1855 1962 ponitur.
1877 1898 1929 1946 et
1960 1893 2103 1961 quid

441 1976 892 2045 significationis
919 1983 1178 2048 geratur,
1202 1980 1452 2050 cujusve
1480 1982 1607 2035 γὶιειι
1643 1987 1848 2051 typum
1886 1982 2103 2037 habere

446 2070 769 2136 asseratur,
814 2066 991 2121 simul
1023 2068 1205 2123 etiam
1235 2069 1457 2139 quibus
1490 2070 1835 2123 nominibus
1897 2078 2103 2127 sancta

439 2154 698 2210 Ecclesia
725 2154 787 2210 in
818 2156 932 2211 hoc
963 2156 1180 2212 eodem
1222 2157 1376 2211 libro
1406 2159 1774 2217 inscribitur.
1813 2176 1916 2212 cur
1948 2177 2099 2230 quo-

435 2260 556 2316 que
583 2244 746 2299 idem
772 2244 1055 2300 volumen
1083 2262 1205 2301 non
1241 2247 1585 2315 simpliciter
1618 2250 1958 2313 Canticum,
1994 2251 2097 2305 sed

438 2333 747 2388 Canticum
809 2335 1178 2391 canticorum
1231 2337 1606 2406 appellatur:
1654 2339 1725 2390 a-l
1761 2346 2095 2393 extremum

434 2422 776 2495 quibusque
830 2424 1113 2480 Salomon
1147 2426 1209 2480 in
1241 2427 1537 2496 Scriptui'i-
1590 2430 1809 2480 sanctis
1844 2429 2096 2483 nomini-

431 2510 547 2566 bus
577 2512 892 2581 insignitur
932 2519 993 2569 ut
1030 2521 1246 2570 cuncta
1274 2516 1437 2586 prius
1504 2518 1878 2587 prmiibnulo
1946 2519 2093 2573 dum

431 2600 605 2656 fuerit
629 2603 924 2673 praescita,
956 2604 1014 2658 in
1038 2609 1346 2675 posterum
1377 2606 1604 2660 l'acilFus
1646 2616 1822 2677 atque
1860 2608 2093 2661 avidius

432 2691 745 2761 capiantur
806 2694 1098 2764 expOsita.
1160 2694 1368 2748 ’l‘ribus
1420 2712 1685 2765 namque
1745 2697 2092 2750 nominibus

428 2785 712 2836 vocatum
732 2781 915 2836 fuisse
944 2782 1327 2837 Salomonem
1381 2786 1694 2854 Sitl'lplllt‘tﬁ
1733 2786 2089 2839 manifestis-

429 2868 656 2925 tissime
713 2872 952 2927 docent.
987 2873 1388 2941 Salomom'm,
1424 2874 1477 2927 id
1516 2880 1599 2926 est
1648 2877 1984 2941 pari/icturi,
2019 2892 2089 2930 eo

427 2958 595 3029 quod
618 2960 676 3015 in
702 2978 853 3033 pace
884 2978 1139 3031 regnum
1170 2962 1511 3021 obtinuerit.
1543 2970 1595 3017 ct
1628 2980 1730 3034 per
1763 2965 2088 3035 parabolas

2215 1801 2569 1857 Ecclesiaste
2604 1818 2744 1857 vero
2772 1808 3020 1857 matura:
3073 1802 3259 1857 aetatis
3308 1802 3500 1859 virum
3550 1802 3883 1867 instruens,

2213 1895 2277 1946 ut
2305 1906 2693 1962 nequaquam
2724 1892 2934 1946 mundi
2983 1890 3164 1946 rebus
3202 1892 3407 1947 credat
3462 1891 3701 1964 aliquid
3758 1910 3883 1948 esse

2210 1985 2545 2051 perpetum,
2606 1980 2711 2035 sed
2767 1981 2998 2035 caduca
3045 1986 3102 2036 et
3142 1980 3346 2035 brevia
3407 1981 3695 2039 universa
3748 1999 3883 2054 qua:

2210 2071 2532 2126 cernimus.
2590 2070 2676 2125 Ad
2701 2076 3033 2126 extremum
3071 2070 3197 2141 jam
3241 2077 3744 2127 consummatum
3808 2072 3883 2126 vi-

2207 2175 2364 2228 rum,
2399 2166 2455 2215 et
2511 2159 2739 2215 calcato
2796 2160 3018 2216 szeculo
3066 2168 3472 2232 praeparatum
3519 2160 3581 2217 in
3635 2163 3882 2219 Cantico

2208 2246 2577 2300 canticorum
2630 2243 3013 2315 amplexibus
3055 2245 3274 2315 jungit.
3332 2246 3447 2301 Nisi
3502 2246 3667 2302 enim
3712 2247 3879 2319 prius

2206 2333 2558 2405 reliquimus
2592 2334 2753 2401 vitia,
2810 2340 2866 2390 et
2903 2335 3143 2406 pompis
3199 2335 3401 2391 szeculi
3435 2336 3878 2407 renuntiantes,

2206 2424 2520 2494 expeditos
2548 2440 2659 2478 nos
2692 2422 2770 2478 ad
2797 2423 3122 2478 adventum
3158 2424 3369 2479 Christi
3418 2426 3868 2496 paraverimus,

2206 2528 2326 2567 non
2402 2514 2733 2583 poterimus
2768 2518 3007 2567 cantare
3039 2513 3349 2569 Canticum
3384 2514 3787 2577 canticorum,
3823 2522 3875 2567 et

2204 2601 2437 2656 dicere:
2471 2624 2497 2649 ‹‹
2526 2601 2832 2656 Osculetur
2878 2617 2973 2656 me
2999 2601 3204 2657 osculo
3253 2602 3373 2657 oris
3404 2601 3516 2658 sui.
3547 2626 3575 2651 ››
3628 2605 3765 2661 Sive
3800 2604 3873 2657 ita

2204 2691 2514 2745 volumina
2545 2690 2751 2755 edidit,
2784 2690 2845 2744 in
2903 2691 3125 2761 quibus
3164 2690 3339 2745 trium
3372 2706 3667 2759 generum
3702 2693 3874 2747 disci-

2201 2779 2396 2850 plinas
2426 2780 2783 2851 composuit,
2816 2780 3037 2851 quibus
3061 2780 3356 2836 adrerum
3382 2782 3702 2837 scientiam
3737 2798 3868 2855 per-

2200 2868 2452 2923 venitur.
2490 2869 2550 2923 tn
2573 2869 2768 2939 primo
2800 2884 3065 2940 namque
3112 2868 3426 2935 moralem,
3478 2869 3539 2924 in
3595 2870 3869 2925 secundo

2198 2972 2341 3012 vero
2388 2958 2745 3026 naturalem,
2773 2958 2851 3013 ad
2884 2958 3161 3013 ultimum
3192 2958 3419 3030 quippe
3443 2960 3868 3032 contemplati-

429 3048 724 3119 populum
770 3050 1071 3119 erudierit,
1110 3052 1171 3106 in
1219 3052 1719 3119 signiﬁcationem
1763 3054 2083 3108 Salvatoris
2128 3060 2166 3111 C
2204 3064 2357 3117 tam,
2390 3063 2541 3117 quaS
2566 3047 2849 3101 Graeciitu
2883 3047 3204 3116 ethnicam,
3236 3047 3577 3118 physicam.
3617 3055 3679 3105 et
3708 3050 3868 3104 theo-

426 3136 530 3207 qui
583 3137 897 3212 discipulis
956 3140 1076 3195 suis
1109 3140 1224 3196 ait:
1259 3162 1285 3188 ‹‹
1322 3144 1529 3195 Pacem
1564 3142 1836 3211 relinquo
1892 3142 2081 3205 vobis.

424 3239 637 3295 pacem
669 3243 871 3282 meam
931 3228 1010 3283 do
1040 3228 1214 3283 vobis
1267 3229 1459 3297 (Joun.
1496 3234 1630 3297 .uv}.
1671 3252 1695 3277 υ
1732 3232 1793 3283 Et
1822 3230 1948 3301 ipse
1980 3246 2088 3302 per

423 3314 751 3384 parabolas
776 3318 980 3372 turbas
1004 3318 1225 3385 docuit,
1269 3318 1341 3371 de
1396 3335 1518 3388 quo
1569 3320 1747 3372 etiam
1796 3320 2082 3391 scriptum

424 3405 512 3455 est
566 3420 579 3457 :
623 3424 651 3451 ‹‹
709 3404 1191 3476 Multiplicabitur
1240 3407 1369 3475 ejus
1422 3406 1763 3475 imperium,
1808 3413 1859 3462 et
1912 3411 2081 3479 pacis

420 3504 547 3543 non
585 3491 695 3545 erit
712 3490 849 3546 ﬁnis
875 3494 1016 3558 (Isa.
1052 3496 1125 3563 is.)
1161 3499 1262 3547 net
1296 3494 1540 3564 reliqua.
1580 3498 1642 3549 Et
1680 3498 1868 3559 Idi/la,
1900 3497 1959 3551 id
1998 3504 2085 3552 est

422 3578 676 3633 dilectus
700 3581 956 3650 Domini,
993 3581 1259 3636 videlicet
1284 3584 1425 3653 quia
1456 3584 1619 3653 prius
1652 3600 1685 3637 a
1718 3585 1969 3638 Domino
1995 3586 2081 3639 di-

418 3666 607 3722 lectus
632 3667 822 3737 fuerit,
874 3670 1139 3725 similiter
1168 3671 1228 3725 in
1262 3676 1469 3742 typum
1509 3672 1735 3725 homini
1770 3690 1869 3743 qui
1905 3692 1939 3728 a
1972 3676 2073 3729 Pa-

420 3760 504 3811 tre
552 3756 804 3813 dilectus
846 3764 951 3825 est,
1008 3760 1160 3815 sicut
1194 3760 1321 3832 ipse
1380 3761 1497 3815 ait:
1553 3784 1577 3808 «ι
1613 3761 1710 3815 llic
1771 3767 1859 3814 est
1903 3763 2077 3817 Filius

418 3862 589 3900 meus
616 3847 962 3915 dilectus,in
991 3865 1114 3921 quo
1136 3849 1283 3904 mihi
1310 3851 1650 3920 complacui
1674 3852 1910 3919 (‘JlutI/t.
1938 3868 2074 3907 ιω.»

420 3938 485 3990 Et
502 3935 807 4006 Colteleth,
833 3939 889 3993 id
909 3946 997 3994 est
1015 3940 1437 3995 Ecclesiasten.
1464 3939 1843 3993 Ecclesiastes
1877 3950 2073 3996 autem

418 4024 617 4078 Graeco
651 4042 925 4082 sermone
957 4028 1314 4099 appellatur,
1366 4044 1559 4100 eoque
1599 4036 1841 4093 emtum,
1874 4030 1931 4083 id
1990 4039 2077 4087 est

419 4111 740 4169 Ecclesiam
772 4120 1112 4185 congreget,
1134 4132 1316 4188 quem
1349 4133 1460 4171 nos
1492 4134 1841 4189 nuncupare
1864 4136 2072 4191 possu-

416 4218 555 4255 mus
593 4205 1093 4275 concionatorem,
1127 4206 1297 4279 quod,
1332 4206 1612 4278 loquatur
1644 4209 1720 4263 ad
1754 4210 2069 4281 populum,

415 4296 473 4346 et
502 4306 701 4347 sermo
747 4294 876 4363 ejus
925 4309 1046 4349 non
1109 4296 1443 4367 specialiter
1497 4299 1575 4352 ad
1627 4316 1835 4365 unum,
1867 4301 1969 4354 sed
1994 4302 2070 4356 ad

415 4381 728 4436 universos
761 4384 1113 4451 generaliter
1143 4384 1453 4451 dirigatur,
1507 4389 1607 4459 qui
1640 4389 1801 4443 velut
1828 4395 2064 4445 extensa
2100 4414 2144 4465 D

414 4487 604 4529 manu
634 4472 906 4527 omnium
939 4476 1227 4529 tumultUs
1263 4475 1450 4542 sedat,
1487 4493 1713 4547 eosque
1766 4478 1841 4531 ad
1884 4495 2068 4534 unam

415 4564 767 4619 sententiam
798 4566 1057 4617 revocat.
1095 4562 1183 4618 Sic
1202 4562 1361 4618 idem
1384 4563 1666 4619 Salomon
1690 4564 1749 4619 in
1780 4565 1893 4621 hoc
1917 4566 2070 4623 libro

412 4651 621 4710 fecisse
648 4651 1003 4722 ostenditur,
1038 4667 1176 4707 cum
1201 4652 1263 4707 in
1290 4652 1427 4708 libri
1452 4653 1705 4709 termino
1760 4653 1840 4710 ait
1869 4674 1882 4711 :
1930 4678 1957 4705 «
1992 4658 2072 4712 Fi-

409 4759 551 4798 nem
602 4741 890 4816 loquendi
949 4757 1161 4798 omnes
1212 4742 1433 4814 pariter
1462 4744 1829 4800 audiamus:
1882 4749 2067 4801 Deum

409 4834 572 4905 time,
604 4839 660 4890 et
683 4833 973 4890 mandata
1004 4832 1135 4902 ejus
1180 4833 1455 4903 observa,
1482 4832 1595 4888 hoc
1626 4837 1713 4887 est
1756 4833 1916 4889 enim
1946 4852 2071 4891 om-

407 4922 502 4976 nis
534 4922 716 4978 homo
750 4923 941 4994 (Ia‘cclz'
968 4922 1138 4993 Xlll),»
1172 4922 1340 4976 illum
1366 4923 1764 4994 prteﬁgurans
1811 4923 1915 4995 qui
1944 4940 2068 4979 non

409 5009 606 5065 solum
653 5027 802 5082 pace
853 5012 1067 5077 intulit,
1130 5016 1188 5066 et
1213 5011 1462 5066 dilectus
1506 5013 1626 5067 Deo
1656 5012 1807 5067 Patri
1832 5014 2065 5084 exstitit,

410 5096 517 5152 sed
562 5098 666 5169 qui
710 5099 994 5154 omnibus
1047 5100 1173 5155 ait:
1210 5123 1236 5148 ‹‹
1271 5100 1681 5156 Paenitentiam
1726 5102 1924 5170 agite:
1967 5119 2069 5176 ap-

406 5185 841 5259 propinquabit
869 5187 1031 5243 enim
1061 5204 1319 5257 regnum
1346 5189 1635 5245 caelorum
1660 5192 1898 5262 (Matth.
1930 5193 2013 5261 in)
2039 5213 2067 5243 ››

405 5275 512 5348 qui
566 5275 767 5333 medio
822 5275 1047 5348 pariete
1101 5276 1485 5347 destructo,»
1540 5285 1595 5335 et
1642 5280 1982 5336 inimicitias
2005 5282 2067 5336 in

406 5380 587 5419 carne
690 5382 800 5420 sua
898 5379 1198 5421 cvacuans
1277 5367 1412 5422 fecit
1516 5372 1771 5440 utraque
1852 5386 2063 5436 unum,

405 5453 630 5524 quique
660 5454 849 5507 Deum
878 5452 1103 5522 timere,
1158 5459 1215 5511 et
1260 5456 1553 5512 mandata
1585 5458 1714 5527 ejus
1745 5458 2067 5515 observare

397 5539 590 5610 jubet.
625 5540 888 5612 Denique
920 5543 1071 5599 sicut
1102 5544 1388 5600 Salomon
1431 5545 1621 5601 tribus
1662 5548 1926 5619 praefatis
1963 5564 2069 5604 no-

401 5627 668 5683 minibus
694 5631 1028 5702 appellatus
1058 5638 1164 5701 est,
1218 5635 1299 5688 sic
1322 5634 1495 5703 juxta
1538 5652 1861 5692 numerum
1892 5654 2066 5694 voea-

398 5716 684 5772 bulorum
716 5720 825 5775 tria
847 5722 1166 5777 vulumina
1192 5721 1395 5789 edidit,
1434 5724 1765 5780 Proverbia
1792 5719 2065 5781 videlicet

397 5823 535 5880 quae
566 5821 678 5869 nos
694 5810 1032 5869 Parabolas
1058 5810 1465 5882 nominamus,
1486 5826 1641 5883 quas
1663 5812 2064 5873 HebraeiMas-

2198 3136 2347 3190 riam
2379 3135 2861 3191 nominaverunt.
2901 3136 3064 3191 Unde
3090 3151 3214 3191 non
3245 3136 3528 3191 abhorret
3568 3136 3648 3192 ab
3700 3138 3865 3192 intel-

2196 3225 2371 3287 lectu,
2432 3225 2575 3295 quia
2606 3225 2758 3280 liber
2787 3226 2895 3281 iste
2925 3225 3238 3296 opusculis
3296 3224 3635 3280 Salomonis
3692 3227 3863 3282 tertio

2195 3315 2326 3369 loco
2358 3315 2615 3386 ponitur.
2653 3320 2714 3369 ln
2745 3314 3076 3387 proverbiis
3105 3316 3308 3386 itaque
3333 3315 3578 3371 moralis
3612 3316 3735 3372 vita
3762 3333 3860 3371 ex-

2194 3405 2486 3475 primitur,
2522 3404 2623 3460 ubi
2655 3403 2870 3458 dicitur
2900 3420 2913 3458 :
2944 3426 2971 3453 «
3003 3403 3177 3471 Audi,
3219 3404 3299 3463 tili
3342 3404 3445 3475 mi,
3496 3405 3855 3477 sapientiam

2195 3509 2415 3561 meam,
2456 3498 2511 3548 et
2549 3493 2878 3565 prudentiae
2937 3509 3083 3548 mea)
3140 3493 3361 3549 inclina
3415 3509 3622 3549 aurem
3675 3500 3855 3565 ,tuam

2195 3584 2393 3651 (Prov.
2426 3585 2488 3651 ι).
2522 3604 2549 3630 ››
2576 3584 2635 3636 In
2670 3582 3017 3637 ECelesiaste
3049 3598 3190 3637 vero
3222 3582 3534 3638 naturalis.
3571 3582 3655 3638 lbi
3686 3583 3855 3655 quip-

2192 3686 2263 3740 pe
2286 3671 2449 3741 quod
2481 3672 2685 3725 omnia
2730 3670 2803 3724 ad
2847 3671 3028 3726 tidem
3064 3670 3329 3737 tendant,
3366 3670 3846 3726 considerantur.

2189 3760 2336 3814 dum
2368 3760 2608 3814 dicitur:
2638 3782 2662 3807 ‹‹
2694 3762 2928 3815 Vanitas
2980 3760 3336 3827 vanitatum,
3370 3765 3427 3815 et
3456 3761 3664 3815 omnia
3696 3759 3847 3815 vani-

2190 3854 2277 3903 tas
2307 3850 2515 3915 (Eccli.
2544 3850 2602 3920 1).
2636 3872 2661 3899 n
2699 3853 2757 3903 In
2792 3849 3045 3904 tlanticis
3076 3856 3277 3905 autem
3308 3848 3685 3905 canticorum
3714 3864 3846 3904 eon-

2186 3939 2528 4011 templativa
2557 3941 2675 3993 vita
2728 3940 3098 4011 exprimitur,
3140 3939 3289 3994 dum
3319 3938 3380 3994 in
3410 3939 3494 3994 eis
3523 3939 3715 4011 ipsius
3746 3941 3845 3993 Do-

2185 4028 2329 4083 mini
2352 4028 2645 4083 adventlis
2669 4033 2721 4083 et
2752 4034 3034 4100 aspectus
3075 4029 3466 4094 desideratur,
3491 4044 3634 4083 cum
3668 4042 3841 4101 spon-

2187 4135 2264 4169 sae
2298 4133 2441 4171 voee
2472 4117 2686 4171 dicitur
2715 4133 2727 4172 :
2766 4139 2792 4166 ‹‹
2828 4116 3129 4173 Osculeter
3158 4133 3254 4172 me
3288 4116 3499 4173 osculo
3522 4117 3644 4172 oris
3675 4116 3783 4171 sui.
3812 4132 3839 4165 θ

2186 4210 2297 4261 llos
2324 4206 2503 4262 etiam
2532 4206 2774 4260 ordines
2801 4206 2977 4261 trium
2996 4206 3475 4278 patriarcharum
3504 4206 3634 4261 vitae
3662 4202 3834 4274 signi-

2184 4296 2367 4352 ticant
2392 4296 2725 4360 Abraham,
2762 4298 2951 4361 Isaac,
2987 4295 3259 4351 videlicet
3284 4300 3340 4351 et
3384 4296 3588 4353 Jacob.
3620 4293 3837 4352 Morali-

2184 4391 2363 4441 tatem
2396 4386 2619 4457 quippe
2650 4384 2957 4441 Abraham
2988 4384 3327 4440 obcdiendo
3356 4384 3543 4441 tenuit
3592 4382 3836 4457 quando

2182 4476 2255 4529 de
2289 4480 2440 4529 terra
2472 4489 2583 4528 sua
2615 4473 2771 4531 exiit.
2810 4478 2865 4529 et
2892 4473 3081 4529 tilium
3122 4473 3437 4529 immolare
3468 4488 3592 4528 non
3619 4468 3835 4526 distulit

2183 4566 2351 4619 Isaac
2380 4579 2521 4617 vero
2551 4562 2887 4619 naturalem
2916 4564 3101 4619 vitam
3131 4568 3345 4634 puteos
3372 4562 3656 4617 fodiendo
3684 4560 3832 4629 ﬁgu-

2180 4654 2353 4723 ravit,
2412 4654 2534 4709 imo
2592 4654 2752 4709 enim
2807 4658 3021 4726 puteos
3061 4653 3265 4709 fodere
3313 4657 3424 4722 est,
3478 4668 3587 4725 per
3645 4647 3831 4707 consi-

2180 4743 2550 4798 derationem
2575 4743 2910 4800 naturalem
2941 4743 3146 4800 omnia
3160 4760 3295 4815 quae
3324 4741 3479 4799 intra
3509 4746 3649 4797 sunt
3676 4754 3829 4813 pers-

2180 4831 2470 4889 crutando
2514 4831 2739 4887 rimari.
2780 4833 2964 4890 Jacob
3004 4849 3146 4889 vero
3200 4830 3729 4904 contemplativam
3750 4826 3824 4881 vi-

2178 4928 2301 4980 tam
2323 4922 2526 4983 tenuit,
2559 4922 2663 4993 qui
2690 4922 3078 4978 ascendentes
3125 4926 3181 4977 et
3208 4920 3638 4976 descendentes
3660 4932 3825 4987 ange-

2176 5011 2268 5067 los
2296 5010 2457 5066 vidit.
2492 5011 2604 5066 Sed
2633 5011 2777 5083 quia
2806 5010 3094 5067 naturalis
3126 5009 3527 5066 consideratio
3585 5008 3665 5065 ad
3706 5020 3824 5079 per-

2179 5100 2493 5156 fectionem
2515 5116 2637 5156 non
2668 5100 2922 5167 ducitur,
2948 5100 3061 5155 nisi
3088 5099 3256 5172 prius
3296 5097 3607 5155 moralitas
3641 5102 3822 5154 tenea-

2178 5196 2290 5259 tur,
2332 5196 2485 5246 recte
2512 5194 2647 5262 post
2695 5190 3007 5247 Proverbia
3048 5189 3427 5245 Ecclesiastes
3477 5187 3734 5260 ponitur.
3764 5184 3825 5239 Et

2177 5281 2319 5353 quia
2349 5294 2611 5352 superna
2656 5279 3078 5351 contemplatio
3130 5295 3255 5335 non
3296 5277 3679 5350 conspicitur,
3717 5268 3822 5331 nisi

2175 5371 2343 5442 prius
2373 5371 2496 5426 haec
2526 5370 2680 5425 intra
2705 5369 2970 5426 labentia
3005 5368 3433 5441 despiciantur,
3482 5372 3640 5424 recte
3693 5364 3821 5439 post

2177 5459 2592 5515 Ecclesiastem
2619 5459 2927 5515 Canticum
2963 5460 3335 5515 canticorum
3363 5458 3628 5530 ponitur.
3660 5454 3819 5511 Prius

2175 5549 2400 5623 quippe
2432 5555 2518 5606 est
2548 5566 2746 5605 mores
2776 5564 3160 5621 componere,
3187 5548 3584 5620 postmodum
3622 5540 3821 5603 omnia

2174 5655 2307 5710 quae
2359 5641 2598 5694 adsunt.
2662 5645 2950 5712 tanquam
2994 5656 3117 5695 non
3176 5638 3375 5695 adsint
3422 5635 3811 5693 considerare.

2174 5730 2361 5784 Tertio
2389 5746 2531 5785 vero
2550 5730 2705 5800 loco,
2734 5730 2965 5786 munda
2982 5729 3178 5785 cordis
3200 5729 3347 5796 acie,
3382 5743 3644 5800 superna
3664 5730 3719 5782 et
3736 5724 3814 5779 in—

2171 5821 2341 5881 terna
2367 5818 2735 5890 conspicere.
2770 5820 2874 5877 His
2886 5819 3091 5891 itaque
3119 5823 3187 5877 ut
3214 5833 3460 5879 summa
3495 5815 3808 5878 moraliam
