3968 6396
426 308 531 359 559

1524 299 1882 356 ANGELOMI
1925 299 2379 363 LUXOVIENSIS
2417 308 2734 365 MONACHI

3749 312 3851 365 560

423 427 576 480 simo
603 427 837 493 gutture
864 422 1245 477 audientibus
1275 422 1651 496 reimpartiri,
1680 423 1830 480 sicut
1858 427 2074 480 natura
2110 427 2158 482 Α
2187 426 2448 488 dividuae
2478 436 2907 505 comternreque
2936 431 3228 488 Trinitatis
3255 431 3373 488 fide
3407 431 3722 504 prostibuli
3744 437 3855 488 tra-

419 520 507 570 est
536 511 976 568 columbarum.
1012 512 1411 568 Immaculata
1430 518 1629 568 autem
1650 512 1952 579 laudatur,
1977 512 2076 568 de-

418 603 614 676 posita
633 599 813 655 veteri
844 600 1213 672 antiquaque
1249 600 1681 657 consuetudine
1731 600 2074 672 criminum,

419 698 477 750 et
496 692 646 748 stola
676 690 1042 747 sacrosancti
1065 689 1447 756 baptismatis
1478 691 1661 748 semel
1699 690 1930 759 induta,
1961 690 2076 747 im-

418 782 716 839 maculate
743 779 1024 845 vivendo,
1056 778 1211 836 ultra
1243 798 1305 835 se
1330 798 1450 837 non
1475 781 1812 838 maculavit.
1867 784 1932 836 Et
1961 783 2073 837 Do-

419 872 564 928 mini
593 872 684 927 sui
715 870 922 928 Christi
950 869 1230 926 imitatrix
1257 871 1468 927 effecta
1486 888 1596 944 pro
1640 872 1771 942 ejus
1827 870 2073 927 nomine

415 963 731 1019 moriendo
746 962 890 1018 lima
907 960 1177 1034 martyrii
1192 966 1249 1016 et
1267 960 1742 1016 mortificationis
1764 958 2074 1034 splendes—

414 1054 508 1107 cit.
543 1052 780 1108 Nullum
803 1050 964 1107 aliud
987 1051 1416 1106 ferramentum
1444 1049 1652 1105 fortius
1679 1050 1873 1123 potuit
1901 1064 2071 1122 repe-

411 1139 548 1208 rire,
581 1157 689 1213 per
717 1139 885 1213 quod
916 1139 1165 1211 antiqua
1195 1138 1389 1194 scoria
1405 1138 1645 1207 animae,
1677 1142 1743 1194 ut
1761 1137 2072 1211 Apponius

412 1229 513 1296 ait,
541 1228 870 1291 limaretur,
893 1227 1007 1283 nisi
1036 1225 1305 1297 martyrii
1346 1225 1578 1291 limam,
1636 1242 1744 1299 per
1798 1225 1965 1298 quod
2008 1226 2071 1281 in

412 1322 847 1374 tormentorum
880 1316 1121 1371 fornace
1171 1314 1359 1388 possit
1408 1315 1634 1377 anima,
1696 1314 2073 1387 quantalibet

412 1407 684 1464 sordium
710 1409 1095 1478 peccatorum
1126 1404 1283 1460 mole
1315 1404 1388 1460 sit
1411 1404 1806 1473 circumdata,
1851 1404 1913 1459 in
1961 1419 2071 1459 suo

412 1495 707 1564 sanguine
732 1493 1029 1563 renovari,
1057 1510 1164 1566 per
1187 1493 1355 1567 quod
1382 1493 1643 1567 perfecta
1666 1493 1739 1549 sit
1763 1492 2069 1564 columba,

411 1589 469 1641 et
498 1585 558 1640 in
587 1583 813 1641 Christo
842 1582 1249 1639 immaculata.
1286 1582 1449 1639 Unde
1479 1588 1536 1639 et
1556 1582 1818 1656 perfecta
1844 1583 2071 1655 quippe

410 1677 817 1746 nuncupatur,
849 1688 1029 1728 omne
1053 1671 1351 1743 judicium
1381 1688 1417 1729 a
1448 1675 1615 1729 Patre
1645 1672 1913 1728 videlicet
1942 1688 2069 1726 sus-

410 1762 691 1835 cipienda
714 1762 776 1817 in
810 1761 1058 1819 Christo.
1085 1764 1215 1817 Haec
1247 1778 1390 1833 ergo
1442 1762 1722 1829 Ecclesia,
1768 1761 1831 1817 in
1880 1777 2069 1834 quam

409 1853 683 1910 omnium
713 1851 1083 1908 credentium
1113 1851 1173 1907 iu
1205 1852 1432 1908 Christo
1454 1851 1777 1907 multitudo
1802 1851 2072 1907 consistit

406 1960 544 2016 quae
574 1947 731 1997 retro
760 1946 897 1997 ante
925 1940 1196 1997 videlicet
1228 1940 1436 2014 sponsi
1476 1941 1807 1997 adventum
1848 1941 1912 1996 in
1958 1957 2069 1997 suo

407 2031 699 2101 sanguine
757 2030 1156 2099 ignominiosa
1206 2029 1447 2101 jacebat
1497 2034 1555 2086 et
1602 2029 2065 2096 commaculata,

399 2122 573 2193 juxta
603 2120 985 2194 prophetam,
1012 2120 1074 2175 in
1099 2120 1255 2175 curis
1285 2120 1524 2189 magnis
1556 2119 1833 2190 enutrita,
1857 2124 1914 2175 et
1965 2136 2067 2175 us-

404 2228 522 2285 que
552 2211 632 2266 ad
660 2227 852 2266 annos
878 2209 1212 2283 pubertatis
1242 2214 1543 2282 provecta,
1569 2214 1625 2265 et
1645 2210 1775 2281 ejus
1790 2209 2068 2266 doctrina

402 2300 581 2373 quasi
612 2299 938 2356 monilibus
964 2303 1269 2361 exornata,
1325 2299 1432 2355 sed
1471 2299 1601 2370 ejus
1644 2298 2066 2370 conjunctione

400 2407 593 2463 usque
624 2390 704 2446 ad
733 2406 989 2460 regnum
1019 2388 1310 2445 caelorum
1344 2388 1686 2444 sublimata.
1742 2388 1856 2445 Sed
1911 2403 2065 2461 quo-

402 2480 587 2536 modo
610 2479 1009 2550 ignominiose
1035 2482 1092 2535 et
1112 2477 1466 2534 conculcata
1484 2477 1727 2549 jacebat
1770 2493 1879 2550 per
1928 2480 2064 2533 Pro-

398 2569 646 2641 phetam
675 2568 1037 2640 increpatur.
1074 2589 1101 2616 «
1125 2565 1317 2622 Radix
1337 2570 1440 2621 tua
1462 2570 1517 2622 et
1538 2565 1839 2636 generatio
1865 2568 1967 2621 tua
1987 2565 2064 2621 de

398 2662 557 2713 terra
588 2658 896 2714 Chanaan.
926 2656 1099 2711 Pater
1118 2659 1258 2710 tuus
1289 2655 1699 2719 Amorrhaeus,
1759 2659 1816 2710 et
1872 2658 2065 2711 mater

400 2750 507 2801 tua
531 2746 748 2802 Cethea
776 2745 839 2800 in
859 2744 954 2800 die
984 2759 1109 2816 qua
1136 2747 1279 2799 nata
1301 2760 1383 2799 es.
1418 2743 1483 2798 In
1510 2742 1605 2799 die
1631 2748 1796 2798 ortus
1825 2759 1950 2799 non
1976 2747 2066 2799 est

400 2834 688 2906 praecisus
714 2832 1035 2889 umbilicus
1070 2836 1226 2900 tuus,
1251 2848 1377 2888 non
1405 2849 1469 2888 es
1501 2832 1624 2889 lota
1652 2848 1815 2905 aqua
1840 2831 1905 2888 in
1964 2849 2062 2889 sa-

398 2922 609 2993 lutem,
632 2938 741 2977 nec
774 2920 894 2977 sale
928 2919 1120 2989 salita,
1151 2936 1261 2975 nec
1308 2919 1578 2976 involuta
1633 2919 1874 2993 pannis.
1932 2923 2063 2976 Non

397 3011 663 3084 pepercit
693 3027 871 3084 super
900 3015 954 3066 te
984 3009 1195 3066 oculus
1218 3026 1387 3065 meus
1413 3014 1475 3064 ut
1503 3009 1724 3065 faceret
1746 3008 1849 3065 tibi
1870 3025 2062 3065 unum

399 3116 467 3155 ex
496 3100 610 3170 his,
642 3100 921 3155 misertus
949 3099 1053 3166 tui,
1084 3098 1189 3154 sed
1231 3098 1480 3170 jacebas
1539 3098 1705 3154 nuda
1763 3097 2061 3172 plenaque

394 3189 729 3260 ignominia
759 3188 1111 3246 conculcata
1141 3188 1201 3243 in
1224 3186 1516 3258 sanguine
1548 3191 1671 3243 tuo.
1709 3186 1902 3243 Ubera
1960 3191 2063 3242 tua

394 3279 830 3347 intumuerunt,
886 3282 943 3333 et
1000 3277 1158 3350 pilus
1197 3281 1335 3331 tuus
1391 3275 1767 3346 germinavit,
1823 3279 1879 3331 et
1922 3290 2059 3331 ecce

393 3372 637 3441 tempus
670 3373 843 3423 tuum
874 3366 1232 3429 amantium.
1255 3370 1312 3422 et
1328 3366 1574 3432 jacebas
1603 3365 1791 3435 nuda,
1851 3364 2059 3422 confu-

396 3457 580 3513 sionis
608 3456 791 3529 plena
850 3457 1090 3527 (Ezech.
1122 3458 1305 3527 xvm).
1340 3479 1368 3506 »
1426 3459 1492 3511 Et
1518 3456 1774 3529 qualiter
1813 3471 1920 3529 per
1949 3455 2057 3511 ad-

395 3553 644 3604 ventum
667 3565 788 3603 suae
820 3547 1261 3619 conjunctionis
1294 3546 1487 3603 facere
1517 3547 1703 3603 voluit
1751 3564 1941 3603 unum
1985 3563 2059 3603 ex

394 3637 488 3693 his
510 3638 785 3693 misertus
816 3637 908 3691 sui
952 3635 1261 3706 subjunxit
1326 3653 1339 3690 :
1400 3658 1426 3684 ‹‹
1464 3638 1528 3691 Et
1584 3636 1719 3691 misi
1768 3635 2056 3691 amictum

393 3743 621 3796 meum,
655 3730 712 3782 et
736 3724 1361 3798 operuiignominiam
1392 3729 1576 3779 tuam.
1618 3724 1759 3780 Lavi
1788 3729 1840 3780 te
1896 3740 2060 3798 aqua

394 3819 451 3872 et
470 3816 763 3873 mundavi
786 3816 1143 3886 sanguinem
1175 3818 1344 3870 tuum
1368 3830 1435 3869 ex
1464 3817 1538 3884 te,
1572 3818 1628 3869 et
1654 3813 1799 3868 unxi
1824 3818 1878 3869 te
1901 3814 2054 3885 oleo,

392 3911 447 3961 et
463 3906 669 3962 vestivi
690 3910 742 3960 te
773 3905 1126 3960 vestimento
1149 3901 1565 3959 multicolorio.
1591 3901 1794 3957 Simila
1810 3908 1867 3958 et
1883 3902 2055 3958 melle

391 3994 607 4050 nutrivi
636 3998 708 4049 te.
744 3993 910 4050 Cinxi
936 3997 988 4048 te
1014 3991 1220 4063 bysso,
1245 3995 1303 4047 et
1331 3990 1574 4047 calciavi
1614 3994 1669 4046 te
1724 3990 2054 4063 hyacintho

392 4087 448 4139 et
477 4081 654 4154 posui
684 4097 972 4138 coronam
998 4079 1233 4136 decoris
1264 4079 1327 4135 in
1357 4080 1550 4151 capite
1579 4083 1701 4147 tuo,
1725 4085 1782 4136 et
1799 4080 2054 4136 circulos

391 4171 453 4227 in
478 4169 726 4226 auribus
755 4172 893 4237 tuis,
926 4174 983 4224 et
1004 4168 1200 4239 juravi
1231 4168 1336 4223 tibi
1366 4172 1423 4224 et
1452 4168 1757 4239 ingressus
1788 4186 1921 4225 sum
1949 4185 2055 4242 pa-

391 4264 554 4315 ctum
579 4263 798 4326 tecum,
830 4262 887 4313 et
914 4257 1071 4313 facta
1100 4274 1164 4312 es
1191 4257 1358 4326 mihi,
1419 4258 1501 4314 ait
1551 4257 1839 4314 Dominus
1899 4261 2053 4314 Deus

389 4348 609 4420 (Ibid).
645 4371 673 4397 »
727 4346 900 4413 Quod
960 4347 1239 4419 quamvis
1297 4346 1467 4419 plebs
1548 4348 1894 4404 Iudaeorum
1953 4365 2049 4405 ar-

390 4441 609 4508 guatur
630 4441 974 4505 contumax,
1008 4434 1332 4507 alloquitur
1359 4435 1420 4491 in
1452 4434 1583 4507 ejus
1606 4452 1869 4508 persona
1916 4453 2048 4493 om-

385 4528 480 4584 nis
514 4526 720 4583 anima
742 4543 874 4599 quan
905 4541 1012 4598 per
1038 4525 1351 4581 lavacrum
1388 4525 1854 4595 regenerationis
1906 4542 2048 4583 nas-

384 4617 552 4684 citur,
583 4631 691 4689 per
718 4614 1081 4671 voluntatem
1114 4614 1263 4683 ejus,
1296 4630 1433 4686 quas
1464 4630 1599 4670 eam
1620 4614 1789 4686 prius
1830 4630 2049 4684 genue-

381 4710 473 4763 rat
503 4722 609 4778 per
637 4708 952 4778 peccatum
975 4702 1329 4768 Amorrhaei,
1353 4701 1458 4776 qui
1487 4719 1735 4760 amarus
1754 4702 2043 4777 interpre-

380 4798 557 4864 tatur,
612 4794 673 4850 id
722 4800 811 4850 est
862 4792 1109 4860 diaboli,
1166 4796 1222 4849 et
1272 4808 1379 4865 per
1426 4790 1923 4848 consuetudinem
1946 4809 2048 4850 ne-

378 4883 774 4956 fariam,quae
827 4883 1043 4940 Cethea
1100 4880 1380 4955 praesenti
1432 4879 1566 4936 loco
1620 4880 1854 4947 dicitur,
1907 4897 2042 4953 qua:

378 4974 588 5029 mentis
639 4989 911 5029 excessus
936 4971 1378 5043 interpretatur,
1406 4968 1579 5026 fuerit
1604 4968 1789 5025 oblita
1818 4968 2046 5043 impro-

375 5061 529 5129 bari,
562 5062 854 5133 probatur
880 5060 1289 5134 increpatione
1314 5075 1502 5133 quam
1532 5058 1794 5115 clemens
1842 5060 2045 5116 Domi-

376 5166 493 5205 nus
524 5154 728 5205 noster
756 5150 931 5205 Jesus
964 5150 1247 5219 Christus,
1305 5164 1413 5222 per
1471 5153 1745 5205 sanctam
1798 5150 2041 5222 appari-

372 5240 597 5295 tionem
629 5255 824 5305 suam,
857 5237 993 5294 licet
1016 5238 1348 5294 nescienter
1367 5236 1442 5293 de
1494 5236 1793 5310 praedictis
1853 5238 2041 5294 sordi-

369 5328 486 5384 bus
520 5328 834 5385 collectam
864 5326 1159 5391 enutrivit,
1212 5330 1269 5382 et
1311 5326 1585 5399 pretiosis
1636 5325 1899 5381 vestibus
1952 5324 2040 5381 vel

372 5417 699 5473 monilibus
721 5417 1053 5487 exornavit,
1086 5420 1142 5472 et
1173 5416 1289 5472 sibi
1338 5420 1675 5472 consortem
1730 5415 1899 5485 regni
1952 5414 2037 5471 fa-

372 5520 503 5560 cere
524 5510 613 5561 est
641 5506 927 5576 dignatus
945 5522 1053 5579 per
1085 5504 1451 5561 sacrosancti
1499 5504 1882 5577 baptismatis
1931 5519 2040 5560 un-

368 5592 531 5659 dam,
591 5593 697 5649 ubi
768 5595 1029 5665 gloriosa
1078 5593 1297 5667 copula
1351 5592 1565 5651 Christi
1633 5593 1738 5648 Flii
1798 5592 1898 5649 Dei
1979 5597 2037 5649 et

369 5679 642 5736 Ecclesiae
690 5682 1042 5739 celebratur.
1092 5683 1155 5738 In
1186 5699 1309 5755 quo
1337 5699 1509 5738 sacro
1540 5682 1824 5754 mysterio
1865 5681 2035 5737 ablu-

370 5768 541 5824 -oniis
587 5784 750 5841 aqua
804 5770 1039 5827 lavatur
1080 5769 1388 5842 sapientia:
1431 5769 1555 5826 sale
1616 5774 1915 5841 suscepto,
1946 5770 2035 5826 in-

2187 516 2409 575 ditione
2441 521 2667 591 salitur,
2700 522 3000 577 variarum
3032 520 3311 576 virtutum
3345 521 3729 586 charismate,
3758 537 3852 577 ve-

2186 606 2477 664 stimentis
2502 610 2732 665 nudata
2752 610 3035 681 operitur.
3054 610 3305 665 Sanctus
3326 609 3577 682 Spiritus
3607 610 3854 682 pingue-

2185 694 2345 762 dine,
2375 698 2748 754 charismatis
2790 699 3067 754 unctione
3096 698 3375 771 repletur.
3408 698 3515 754 Ubi
3548 698 3747 756 simila
3791 700 3850 755 in

2187 784 2396 841 Christi
2424 802 2695 859 corpore,
2727 792 2782 843 et
2809 787 2980 843 melle
3011 788 3070 843 in
3102 788 3231 858 ejus
3262 787 3514 859 eloquiis
3538 789 3849 858 enutritur,

2184 870 2288 927 ubi
2340 873 2574 930 circulis
2608 876 2826 931 divinae
2882 874 3282 944 intelligentiae
3342 891 3520 930 aures
3580 879 3851 947 ornatur,

2183 962 2451 1034 martyrii
2517 969 2821 1033 gemmata
2870 964 2933 1019 in
2985 964 3178 1037 capite
3236 979 3461 1019 corona
3527 962 3849 1034 refulgens,

2181 1048 2366 1121 bysso
2395 1067 2530 1124 quae
2562 1058 2650 1108 est
2670 1053 2941 1125 puritatis
2985 1051 3273 1109 indicium
3325 1052 3601 1122 cingitur,
3659 1052 3720 1107 id
3768 1057 3856 1108 est

2183 1154 2387 1196 amore
2418 1142 2767 1213 virginitatis
2794 1148 2852 1198 et
2880 1142 3195 1215 pudicitiae,
3224 1142 3303 1197 ab
3334 1142 3519 1209 omni,
3562 1157 3699 1197 eam
3731 1142 3853 1197 dis-

2180 1230 2472 1287 solutione
2538 1232 2873 1302 continens,
2940 1237 3404 1304 revocatamque
3479 1230 3851 1300 constringit.

2182 1319 2520 1377 Caleiantur
2572 1322 2919 1395 hyacintho,
2969 1322 3074 1395 qui
3122 1323 3289 1378 color
3333 1337 3695 1393 prwparans
3747 1322 3855 1376 He-

2180 1406 2383 1465 braice
2412 1408 2647 1478 dicitur,
2680 1415 2743 1466 ut
2792 1411 3113 1484 praeparati
3161 1410 3279 1466 sint
3328 1410 3513 1483 pedes
3566 1410 3645 1466 ad
3696 1426 3854 1483 prae-

2182 1503 2354 1570 cepta
2384 1499 2687 1569 Evangelii
2724 1501 2891 1573 pacis
2924 1516 3163 1572 semper
3194 1515 3570 1556 concurrere.
3622 1499 3724 1553 His
3768 1498 3855 1554 vi-

2179 1587 2393 1644 delicet
2412 1590 2779 1645 ornamentis
2809 1590 3079 1645 decorari
3120 1589 3400 1662 cupiebat
3430 1588 3710 1656 Ecclesia,
3743 1588 3856 1643 sed

2180 1677 2326 1749 quia
2351 1678 2551 1734 ornari
2583 1695 2703 1734 non
2759 1683 2993 1751 poterat
3040 1678 3154 1734 nisi
3201 1695 3309 1752 per
3351 1679 3482 1748 ejus
3530 1678 3860 1751 apparitio-

2109 1776 2151 1828 Β
2182 1780 2343 1835 nem,
2375 1766 2596 1822 idcirco
2645 1766 2799 1822 illius
2845 1766 3234 1822 visitationem
3286 1765 3687 1822 desiderabat.
3735 1770 3854 1820 Au-

2178 1854 2369 1911 dierat
2416 1855 2575 1911 enim
2628 1861 2918 1929 tanquam
2964 1872 3189 1928 sponsa
3234 1872 3342 1929 per
3387 1856 3745 1929 prophetam
3789 1855 3853 1910 in

2176 1959 2437 2016 persona
2490 1946 2716 2017 sponsi,
2749 1945 2807 2000 id
2853 1949 2941 2000 est
2965 1944 3136 2000 Verbi
3181 1945 3280 1999 Dei
3329 1942 3515 1999 Patris
3557 1943 3848 2000 dicentis:

2178 2055 2206 2081 «
2238 2033 2629 2104 Desponsabo
2684 2038 2737 2089 te
2782 2033 2928 2088 mihi
2974 2034 3035 2088 in
3087 2033 3540 2105 sempiternum,
3593 2031 3854 2104 despon-

2177 2120 2328 2176 sabo
2359 2121 2575 2177 temihi
2604 2121 2665 2177 in
2685 2121 2933 2193 justitia,
2977 2121 3363 2194 desponsabo
3412 2126 3465 2176 te
3490 2121 3638 2177 mihi
3666 2122 3728 2177 in
3751 2122 3850 2192 ju-

2175 2209 2354 2277 dicio,
2384 2209 2774 2283 desponsabo
2805 2216 2857 2266 te
2883 2210 3028 2266 mihi
3049 2211 3108 2266 in
3131 2210 3563 2279 misericordia,
3587 2209 3853 2283 despon-

2176 2297 2325 2353 sabo
2355 2301 2410 2354 te
2441 2299 2589 2355 mihi
2616 2299 2676 2354 in
2706 2298 2823 2355 ﬁde
2853 2300 3005 2369 (Osc.
3033 2303 3115 2365 ιι).
3153 2321 3180 2349 ››
3215 2302 3279 2355 Et
3308 2315 3415 2372 per
3443 2299 3659 2355 Isaiam
3689 2300 3854 2355 simi-

2172 2385 2305 2442 liter
2335 2403 2450 2443 vox
2477 2388 2667 2460 ipsius
2697 2388 2966 2444 Ecclesia;
2994 2388 3076 2444 ait
3102 2406 3116 2443 :
3151 2410 3179 2436 «
3203 2388 3405 2444 Posuit
3428 2388 3575 2443 mihi
3600 2389 3847 2444 mitram

2176 2476 2330 2531 sicut
2356 2493 2593 2549 sponsas
2624 2482 2682 2533 et
2708 2476 2903 2532 induit
2933 2493 3029 2533 me
3055 2477 3422 2532 vestimentis
3446 2475 3675 2548 salutis,
3696 2478 3855 2533 sicut

2174 2580 2468 2637 sponsum
2497 2564 2845 2622 decoratum
2879 2582 3122 2632 corona,
3162 2570 3218 2621 et
3248 2566 3399 2621 sicut
3428 2581 3721 2639 sponsam
3753 2582 3848 2621 or-

2173 2659 2378 2710 natam
2408 2655 2734 2711 monilibus
2766 2655 2889 2710 suis
2914 2654 3310 2711 circumdedit
3332 2671 3426 2711 me
3460 2656 3602 2725 (Isa.
3636 2656 3777 2725 LXI).
3820 2679 3849 2703 ››

2173 2745 2241 2799 Et
2263 2744 2579 2800 Zacharias
2594 2744 3015 2815 hujuscemodi
3033 2743 3283 2814 gloriam
3311 2743 3631 2817 trepidanti
3651 2745 3851 2800 Eccle-

2174 2832 2275 2888 sia:
2305 2833 2645 2889 nuntiatam
2665 2833 2921 2890 dicendo
2940 2834 3019 2890 ait
3044 2851 3057 2888 :
3084 2856 3108 2883 ‹‹
3137 2834 3262 2889 Noli
3290 2833 3516 2895 timere,
3534 2832 3657 2889 ﬁlia
3681 2834 3850 2899 Sion,

2173 2938 2310 2978 ecce
2340 2925 2459 2978 Rex
2482 2927 2619 2980 tuus
2649 2924 2808 2979 venit
2829 2923 2932 2979 tibi
2959 2923 3118 2979 mitis
3141 2930 3196 2979 et
3220 2928 3593 2988 mansuetus,
3627 2921 3853 2978 sedens

2172 3027 2355 3084 super
2383 3011 2614 3084 pullum
2647 3012 2852 3083 asinze,
2894 3012 3163 3068 Salvator
3205 3018 3262 3067 et
3310 3012 3671 3086 Redemptor
3717 3013 3851 3085 ipse

2100 3132 2142 3188 α
2170 3104 2262 3156 est
2292 3100 2504 3170 (Zach.
2533 3102 2635 3173 rx).
2666 3122 2692 3150 »
2718 3101 2779 3157 Hi
2804 3116 2946 3169 ergo
2969 3117 3180 3156 omnes
3220 3100 3573 3173 patriarcha:
3599 3105 3657 3155 et
3702 3117 3851 3173 pro-

2171 3188 2388 3261 phetae,
2416 3188 2699 3259 futuram,
2732 3188 3093 3245 ineffabilem
3121 3188 3332 3245 Christi
3361 3194 3419 3245 et
3443 3188 3715 3245 Ecclesiae
3749 3207 3851 3245 co-

2169 3277 2376 3351 pulam
2400 3278 2683 3334 cecinere.
2710 3277 3031 3351 Apostolus
3057 3284 3259 3334 autem
3304 3278 3434 3349 jam
3478 3277 3851 3335 celebratam

2170 3366 2447 3439 exposuit
2473 3366 2679 3422 dicens
2705 3384 2717 3422 :
2752 3390 2778 3417 ‹‹
2806 3366 2939 3438 Viri,
2973 3366 3196 3436 diligite
3226 3383 3443 3422 uxores
3474 3371 3725 3437 vestras,
3763 3368 3847 3424 si-

2167 3461 2267 3511 cut
2286 3455 2551 3511 Christus
2574 3455 2895 3512 Ecclesiam
2927 3455 3148 3521 dilexit,
3181 3454 3285 3528 qui
3312 3455 3703 3527 semetipsum
3727 3460 3854 3512 tra-

2169 3543 2321 3600 didit
2351 3560 2459 3616 pro
2490 3560 2582 3612 ea,
2626 3549 2690 3600 ut
2733 3545 2859 3617 ipse
2909 3543 3021 3599 sibi
3047 3542 3351 3599 exhiberet
3379 3543 3853 3601 immaculatum

2168 3634 2518 3696 Ecclesiam,
2567 3650 2692 3690 non
2745 3633 3069 3689 habentem
3125 3633 3430 3690 maculam
3479 3638 3583 3689 aut
3619 3650 3849 3704 rugam

2169 3722 2407 3793 (Ep/ws.
2439 3722 2522 3793 v).
2555 3744 2583 3771 ››
2617 3725 2679 3777 Et
2708 3722 2923 3777 iterum
2952 3721 3032 3777 ad
3063 3720 3397 3778 Corinthios
3428 3739 3441 3778 :
3478 3745 3506 3771 «
3537 3723 3849 3796 Despondi

2166 3810 2327 3867 enim
2350 3827 2457 3866 vos
2480 3811 2585 3867 uni
2609 3812 2737 3867 viro
2774 3812 3066 3881 virginem
3096 3816 3325 3868 castam
3357 3811 3639 3868 exhibere
3684 3812 3850 3869 Chri-

2164 3904 2255 3956 sto
2280 3900 2369 3967 (II
2393 3901 2531 3955 Cor.
2569 3901 2672 3971 χι).
2710 3923 2737 3950 η
2784 3904 2846 3957 Et
2876 3900 2992 3957 alio
3030 3900 3163 3957 loco
3194 3901 3276 3957 ita
3306 3900 3657 3959 exhortatur
3698 3901 3847 3956 tide-

2160 3988 2288 4044 les:
2346 3989 2518 4045 «Vos
2549 3990 2688 4045 estis
2739 4007 2958 4063 corpus
3006 3991 3237 4057 Christi,
3283 3995 3340 4047 et
3370 4007 3509 4047 caro
3535 3990 3611 4046 de
3660 4007 3845 4047 carne

2164 4078 2293 4149 ejus
2311 4078 2369 4148 (Ῑ
2387 4080 2516 4135 σον.
2540 4082 2666 4146 xu).
2691 4079 2837 4135 Huic
2864 4079 3139 4135 videlicet
3168 4080 3347 4136 tantis
3374 4096 3445 4135 ac
3473 4079 3690 4135 talibus
3723 4084 3843 4135 tes-

2163 4165 2322 4222 tibus
2335 4166 3140 4235 conﬁrmandte,adhibenda
3152 4172 3290 4224 sunt
3305 4167 3512 4225 omnia
3522 4167 3725 4224 ofﬁcia
3735 4185 3848 4223 nu-

2160 4255 2443 4327 ptiarum.
2473 4255 2582 4311 Ubi
2607 4260 2824 4328 praesto
2852 4256 2969 4313 sint
2996 4256 3178 4312 etiam
3200 4256 3379 4312 amici
3409 4256 3637 4329 sponsi,
3666 4256 3849 4313 soda-

2160 4344 2247 4400 les
2282 4346 2462 4402 etiam
2496 4362 2753 4419 sponsze,
2786 4363 2984 4403 mores
3014 4363 3258 4420 quoque
3288 4346 3684 4418 cantantium,
3731 4348 3845 4420 qui

2161 4433 2323 4490 dulci
2377 4434 2789 4491 modulamine
2840 4435 3048 4508 sponsi
3099 4435 3429 4510 potentiam
3474 4439 3695 4492 canant
3742 4437 3845 4493 vel

2165 4538 2402 4595 sponsa:
2451 4523 2955 4595 pulchritudinem
2999 4523 3268 4595 laudent,
3320 4540 3444 4597 qua
3489 4523 3841 4595 largitatem

2162 4612 2368 4684 sponsi
2388 4616 2477 4667 est
2506 4617 2846 4680 consecuta,
2874 4612 3187 4685 quomodo
3215 4630 3276 4669 se
3303 4612 3573 4669 excelsus
3596 4613 3850 4670 humili-

2163 4702 2374 4757 taverit
2412 4701 2486 4756 de
2518 4701 2618 4757 illa
2648 4702 2957 4759 altitudine
2997 4702 3233 4759 deitatis
3279 4702 3494 4759 limum
3523 4703 3841 4776 profundi,

2157 4795 2225 4847 ut
2253 4790 2566 4860 humilem,
2590 4791 3006 4865 dejectamque
3036 4792 3234 4848 carnis
3265 4792 3581 4849 materiam
3611 4793 3692 4850 ad
3725 4811 3847 4850 caa-

2154 4879 2350 4935 lorum
2372 4879 2608 4936 culmen
2622 4880 2879 4937 levatam
2897 4898 3021 4937 suae
3033 4881 3334 4952 majestati
3349 4882 3846 4953 conjungeret.Et

2156 4968 2495 5025 notandum
2540 4971 2683 5043 quia
2717 4969 3047 5044 aliquando
3100 4971 3404 5044 Scriptura
3432 4987 3607 5028 sacra
3639 4973 3843 5029 Domi-

2155 5074 2305 5114 num
2320 5062 2517 5131 vocat,
2541 5059 2870 5132 aliquando
2886 5065 3140 5133 patrem,
3161 5060 3490 5133 aliquando
3509 5079 3839 5135 sponsum.

2153 5148 2409 5214 Quando
2432 5148 2592 5205 enim
2614 5150 2740 5206 vult
2770 5166 2831 5205 se
2853 5150 3065 5214 timeri,
3091 5151 3414 5207 Dominum
3438 5169 3500 5208 se
3520 5153 3839 5212 nominat:

2151 5238 2401 5312 quando
2421 5238 2549 5294 vult
2567 5239 2871 5306 honorari,
2898 5244 3130 5312 patrem
3157 5259 3170 5308 ;
3202 5240 3452 5313 quando
3470 5241 3597 5298 vult
3612 5246 3842 5313 amari,

2151 5343 2465 5400 sponsum.
2491 5330 2621 5400 lpse
2645 5343 2752 5401 per
2781 5329 3142 5401 prophetam
3165 5329 3345 5385 dicit:
3387 5350 3412 5381 «
3447 5329 3504 5387 Si
3537 5331 3844 5390 Dominus

2150 5431 2304 5483 sum,
2339 5416 2446 5472 ubi
2475 5421 2567 5472 est
2594 5417 2774 5473 timor
2817 5434 2989 5473 meus
3017 5418 3044 5473 ‘I
3083 5419 3140 5474 Si
3183 5421 3352 5475 Pater
3391 5436 3505 5490 ego
3532 5438 3694 5493 sum,
3730 5423 3846 5479 ubi

2148 5508 2236 5560 est
2259 5505 2456 5561 honor
2485 5523 2657 5562 meus
2682 5510 2710 5562 ?
2739 5507 2909 5575 (Mal.
2936 5508 2971 5579 ι)
3010 5531 3035 5558 »ι
3070 5510 3137 5564 Et
3164 5525 3407 5565 rursum
3452 5510 3630 5567 dicit:
3670 5534 3696 5561 ‹‹
3724 5513 3844 5570 De-

2146 5595 2432 5665 sponsavi
2459 5599 2515 5651 te
2544 5596 2689 5652 mihi
2713 5596 2771 5652 in
2790 5596 3039 5668 justitia,
3071 5601 3129 5654 et
3155 5597 3294 5669 ﬁde,
3321 5598 3417 5655 vel
3448 5604 3605 5656 certe
3633 5618 3842 5660 recor-

2146 5680 2324 5737 datus
2352 5700 2485 5739 sum
2508 5683 2626 5739 diei
2653 5684 3136 5757 desponsationis
3168 5690 3281 5743 tuae
3312 5686 3373 5743 in
3400 5686 3642 5745 deserto
3679 5692 3840 5763 (Ose.

2144 5773 2230 5838 Ιι).
2267 5792 2297 5820 »
2324 5773 2391 5827 Et
2420 5771 2569 5844 quid
2594 5777 2685 5829 est
2708 5774 2875 5846 apud
2900 5776 3112 5841 Deum,
3157 5775 3434 5849 quando,
3475 5781 3533 5835 et
3574 5779 3843 5852 quando
