3968 6392
119 246 209 298 561
1307 240 1563 296 ENARR.
1604 240 1672 294 IN
1723 237 2031 295 CANTICA
2071 241 2348 298 CANTIC.

3446 249 3550 303 562

119 380 233 421 non
258 369 364 421 est.
397 363 512 420 Sed
546 363 691 436 quia
719 363 887 436 prius
917 363 1112 419 timeri
1144 379 1206 419 se
1236 363 1365 419 vult
1407 367 1473 419 ut
1509 363 1770 419 honore-
1800 365 1847 417 Α
1884 363 1963 418 ris
1991 363 2229 422 foveam
2256 366 2559 439 paulisper
2584 367 2860 440 deposita
2881 365 3035 423 stola
3052 366 3130 422 ad
3148 368 3548 439 quaerendum

123 460 224 520 tur,
252 458 308 508 et
350 453 515 526 prius
545 453 852 521 honorari,
899 457 964 507 ut
991 453 1071 509 ad
1102 453 1234 522 ejus
1265 468 1537 508 amorem
1568 467 1774 524 perve-

119 543 326 612 niatur,
357 547 414 599 et
438 543 764 598 Dominum
803 559 865 598 se
894 547 1142 615 propter
1172 541 1447 598 timorem
1478 541 1772 611 nominat,

120 637 170 688 et
197 637 426 705 patrem
466 636 712 704 propter
739 632 1055 701 honorem,
1092 634 1150 686 et
1190 646 1488 703 sponsum
1531 633 1777 702 propter

119 737 402 789 amorem,
436 726 500 776 ut
527 737 636 794 per
681 721 962 776 timorem
1007 720 1288 777 veniatur
1336 719 1414 776 ad
1457 720 1772 783 honorem,

117 825 218 882 per
251 810 541 866 honorem
588 825 731 866 vero
767 811 896 881 ejus
928 811 1311 882 perveniatur
1351 809 1431 865 ad
1479 824 1772 867 amorem.

120 901 346 965 Quanto
367 915 516 969 ergo
541 899 786 968 dignius
815 904 904 956 est
932 900 1128 956 honor
1168 915 1356 972 quam
1386 898 1585 969 timor,
1607 901 1774 954 tanto

118 989 245 1061 plus
288 989 512 1059 gaudet
555 991 712 1045 Deus
763 994 934 1062 pater
963 989 1080 1044 dici
1124 1006 1312 1062 quam
1358 989 1666 1045 Dominus.
1709 991 1777 1044 Et

119 1081 334 1150 quanto
366 1093 511 1148 ergo
542 1078 785 1133 charius
816 1083 921 1145 est,
960 1094 1133 1134 amor
1157 1095 1346 1151 quam
1375 1077 1592 1147 honor,
1607 1081 1774 1132 tanto

118 1167 245 1240 plus
269 1166 492 1236 gaudet
519 1170 695 1233 Deus,
732 1183 998 1240 sponsus
1020 1184 1210 1240 quam
1237 1171 1426 1241 pater.
1461 1170 1525 1222 1n
1554 1167 1670 1223 hoc
1687 1182 1774 1222 er-

119 1272 189 1327 go
208 1256 358 1312 libro
380 1257 670 1312 Dominus
699 1263 756 1312 et
787 1257 1070 1324 Ecclesia,
1103 1272 1230 1313 non
1261 1256 1552 1312 dominus
1579 1261 1635 1312 et
1665 1271 1773 1312 an-

119 1345 265 1416 cilla,
289 1345 393 1401 sed
427 1362 690 1419 sponsus
715 1346 1066 1402 nominatur
1083 1352 1140 1402 et
1161 1363 1409 1418 sponsa,
1434 1350 1500 1401 ut
1517 1361 1643 1401 non
1665 1344 1774 1400 soli

119 1435 326 1508 timori,
358 1452 482 1492 non
537 1435 647 1491 soli
680 1436 1048 1505 reverentiae,
1083 1435 1187 1491 sed
1220 1435 1400 1492 etiam
1449 1434 1641 1491 amori
1673 1433 1775 1490 de-

120 1526 419 1593 serviatur,
443 1528 571 1580 etin
605 1525 801 1581 verbis
831 1525 1219 1582 exterioribus
1235 1525 1509 1581 incitetur
1524 1523 1774 1581 affectus

119 1615 368 1671 interior.
401 1619 549 1672 Cum
583 1631 645 1670 se
677 1616 1001 1671 Dominum
1023 1616 1321 1683 nominat,
1352 1614 1579 1670 indicat
1606 1614 1774 1686 quod

1883 453 2268 527 descendere,
2301 462 2357 512 et
2385 457 2696 512 inventum
2726 474 2965 512 rursum
2994 473 3117 511 suae
3146 457 3403 513 dexterae
3421 459 3553 514 red-

1883 542 2039 598 dere.
2078 547 2227 600 Nam
2245 546 2544 619 quidquid
2571 546 2816 612 humile,
2846 545 3146 619 quidquid
3167 546 3546 614 vilissimum,

1883 632 2180 706 quidquid
2208 634 2563 708 despectum
2588 636 3028 708 indignumque
3047 635 3226 692 stulta
3241 637 3320 692 im
3330 638 3551 710 piaque

1885 723 2183 790 gentilitas
2213 724 2495 796 opinatur
2521 725 2696 796 cujus
2723 724 3157 780 incredulitatis
3181 725 3373 796 caligo
3405 743 3550 782 ocu-

1883 809 1973 866 los
2003 812 2199 867 cordis
2230 813 2491 875 caecavit,
2539 813 2655 869 hoc
2706 813 3058 884 gloriosum,
3105 815 3220 870 hoc
3251 815 3547 885 mirabile,

1883 899 2019 965 hoc,
2052 901 2324 975 inquam,
2359 902 2752 972 magniﬁcum
2786 903 2952 975 apud
2996 903 3268 959 divinam
3295 904 3551 960 clemen-

1883 991 2028 1046 tiam
2082 997 2139 1047 et
2189 1009 2400 1047 omnes
2453 993 2692 1050 virtutes
2741 993 3010 1049 caelestes
3066 1010 3195 1048 esse
3237 995 3547 1066 probatur.

1862 1084 2032 1137 Nam
2063 1098 2198 1154 quae
2223 1081 2521 1137 immensa
2547 1086 2833 1155 potentia,
2869 1100 3004 1155 quae
3039 1083 3321 1139 bonitatis
3347 1084 3550 1139 dulce-

1883 1171 1983 1240 do,
2017 1188 2152 1244 quae
2181 1172 2581 1228 miserationis
2600 1173 2964 1245 superlativa
2989 1174 3264 1228 omnium
3296 1191 3551 1246 operum

1885 1261 2202 1332 ﬂagrantia
2230 1266 2497 1334 paternae
2557 1262 2812 1330 virtutis,
2843 1262 3142 1318 admirata
3184 1263 3261 1318 ab
3296 1263 3546 1334 angelis,

1884 1351 2281 1422 omniumque
2342 1355 2692 1406 sanctorum
2724 1350 2921 1405 choris
2951 1349 3254 1422 praecelsis
3305 1351 3554 1406 vocibus

1883 1440 2186 1512 perpetuis
2214 1439 2496 1495 laudibus
2523 1439 2786 1505 oﬂertur,
2807 1439 2921 1494 nisi
2953 1439 3241 1495 Dominus
3271 1440 3550 1495 ancillam

1883 1545 2017 1585 vere
2042 1528 2499 1602 pauperculam,
2532 1533 2596 1584 ut
2643 1532 2924 1585 externus
2973 1527 3291 1583 mortalem
3324 1545 3429 1600 per
3460 1545 3556 1582 as-

1884 1618 2290 1691 sumptionem
2320 1617 2516 1674 carnis
2539 1617 2827 1672 Dominus
2855 1620 3023 1672 Jesus
3056 1617 3321 1674 Christus
3364 1616 3554 1673 Eccle-

119 1705 285 1760 creati
303 1706 704 1760 sumus.Cum
727 1721 790 1760 se
807 1709 1040 1777 patrem
1061 1705 1356 1771 nominat,
1371 1703 1774 1776 indicatquod
1811 1721 1855 1774 Β
1885 1709 2061 1779 siam,
2089 1708 2150 1764 id
2181 1713 2268 1764 est
2307 1708 2408 1763 Dei
2438 1723 2640 1763 sermo
2667 1707 2784 1763 sibi
2813 1708 3080 1762 animam
3112 1707 3226 1762 sub
3263 1706 3553 1777 conjunc-

118 1795 432 1866 conjuncti.
467 1794 602 1850 Plus
645 1801 738 1851 est
788 1799 991 1851 autem
1039 1795 1399 1866 conjunctos
1451 1809 1583 1849 esse
1631 1797 1771 1864 Deo,

117 1901 294 1956 quam
310 1888 544 1940 creatos
561 1888 619 1939 et
633 1883 972 1956 adoptatos.
995 1884 1087 1939 Sic
1105 1888 1306 1940 autem
1333 1882 1689 1954 generaliter
1703 1898 1778 1938 ex

117 1990 249 2029 voce
283 1973 556 2028 Ecclesia:
579 1973 878 2028 adventus
903 1973 1136 2028 Domini
1167 1973 1229 2028 in
1251 1973 1367 2028 hoc
1393 1987 1574 2045 opere
1595 1987 1779 2045 praes-

119 2062 343 2133 tolatur,
375 2068 441 2118 ut
468 2063 647 2117 etiam
677 2061 1014 2135 specialiter
1044 2077 1434 2134 unaquaque:
1466 2060 1776 2116 animain-

118 2167 377 2221 gressum
409 2151 510 2208 Dei
541 2151 618 2207 ad
644 2168 747 2207 cor
765 2167 966 2216 suum,
999 2157 1291 2224 tanquam
1313 2149 1546 2206 aditum
1571 2149 1778 2222 sponsi

118 2241 171 2295 in
195 2241 528 2297 thalamum
561 2240 836 2314 accipiat.
866 2243 931 2295 Et
957 2239 1270 2295 sciendum
1299 2239 1444 2312 quia
1475 2239 1537 2294 in
1566 2239 1682 2294 hoc
1705 2238 1776 2294 1i-

118 2329 218 2385 bro
269 2335 532 2403 quatuor
584 2345 856 2402 personae
910 2327 1227 2400 loquentes
1290 2327 1774 2399 introduCuntur,

120 2435 366 2490 sponsus
387 2418 667 2474 videlicet
696 2434 942 2490 sponsa,
973 2417 1439 2473 adolescentulae
1469 2433 1608 2473 vero
1638 2433 1777 2472 cum

121 2525 354 2580 sponsa,
383 2515 442 2565 et
495 2525 708 2580 greges
742 2507 1044 2564 sodalium
1091 2524 1229 2562 cum
1263 2522 1511 2580 sponso.
1545 2508 1779 2579 Sponsa

119 2599 268 2654 enim
297 2599 431 2671 ipsa
466 2597 730 2671 perfecta
761 2596 1022 2652 Ecclesia
1048 2601 1154 2662 est,
1195 2612 1457 2668 sponsus
1486 2595 1777 2651 Dominus

121 2687 260 2744 sicut
287 2690 502 2745 crebro
531 2687 760 2742 dictum
805 2692 910 2742 est.
943 2685 1417 2741 Adolescentulm
1464 2700 1609 2741 vero
1637 2701 1777 2740 cum

121 2793 337 2849 sponsa
357 2783 500 2834 sunt
526 2777 882 2832 inchoantes
913 2775 1154 2842 animae,
1180 2780 1238 2831 et
1269 2790 1375 2847 per
1395 2790 1621 2830 novum
1654 2778 1776 2830 stu-

120 2866 277 2922 dium
305 2867 726 2941 pubescentes.
759 2865 1007 2922 Sodales
1038 2881 1180 2921 vero
1221 2864 1428 2937 sponsi
1482 2869 1620 2919 sunt
1654 2863 1777 2919 sive

120 2957 302 3026 angeli
328 2958 432 3030 qui
466 2973 624 3030 saepe
657 2955 1008 3011 hominibus
1031 2955 1109 3010 ad
1139 2955 1303 3027 ipsos
1334 2954 1640 3010 venientes
1670 2970 1776 3026 ap-

119 3054 458 3118 paruerunt,
495 3063 604 3103 seu
633 3051 788 3102 certe
819 3043 1064 3117 perfecti
1093 3044 1319 3117 quique
1347 3043 1451 3099 viri
1485 3044 1548 3098 in
1580 3043 1776 3099 Ecele-
1809 3076 1850 3130 C

121 3136 218 3202 sia,
243 3139 344 3210 qui
371 3139 618 3194 veritate
642 3135 993 3191 hominibus
1015 3134 1291 3190 nuntiare
1318 3138 1646 3189 noverunt:
1672 3133 1779 3188 sed

119 3226 215 3297 qui
240 3227 587 3297 singillatim
619 3223 1084 3281 adolescentulus
1108 3222 1200 3278 vel
1223 3222 1461 3278 sodales
1482 3227 1641 3290 sunt,
1676 3222 1780 3278 toti

124 3315 293 3372 simul
341 3332 573 3390 sponsa
603 3319 760 3382 sunt,
802 3313 907 3387 qui
945 3313 1050 3369 toti
1080 3313 1263 3368 simul
1308 3312 1570 3368 Ecclesia
1617 3316 1776 3379 sunt,

121 3407 388 3476 quamvis
436 3410 498 3462 et
521 3406 696 3477 juxta
727 3419 1229 3475 unumquemque
1259 3402 1498 3457 ﬁdelem
1528 3401 1658 3457 haec
1697 3401 1782 3457 ita

121 3495 356 3551 nomina
384 3494 579 3565 accipi
630 3498 904 3567 possunt.
951 3496 1102 3548 Nam
1132 3491 1237 3564 qui
1297 3491 1620 3545 Dominum
1651 3491 1780 3561 jam

121 3586 363 3658 perfecte
385 3590 575 3649 amat,
607 3600 836 3656 sponsa
865 3587 987 3638 est:
1021 3582 1126 3654 qui
1167 3597 1461 3653 sponsum
1494 3579 1784 3652 praedicat

123 3676 334 3732 sodalis
364 3681 478 3744 est,
510 3674 615 3746 qui
642 3673 842 3729 adhuc
863 3671 1136 3727 novellus
1166 3671 1330 3726 viam
1361 3671 1665 3725 bonorum
1690 3686 1779 3725 se-

121 3766 326 3836 quitur,
357 3761 811 3821 adolescentula
840 3767 946 3817 est.
973 3760 1284 3816 lmitamur
1312 3775 1456 3830 ergo
1487 3763 1552 3814 ut
1593 3759 1783 3814 simus

122 3871 354 3928 sponsa.
404 3855 465 3911 Si
493 3854 622 3908 haec
651 3851 926 3907 nondum
975 3849 1265 3916 valemus,
1303 3849 1494 3904 simus
1523 3848 1781 3904 sodales.

126 3946 178 4000 Si
204 3961 394 4017 neque
424 3945 546 4000 hoc
575 3941 778 4013 adepti
803 3957 1032 4011 sumus,
1064 3939 1274 3994 saltem
1308 3939 1384 3994 ad
1414 3939 1574 3994 hunc
1599 3938 1784 3994 thala-

125 4049 280 4089 mum
311 4033 471 4089 velut
501 4028 968 4088 adolescentulte
992 4027 1575 4084 conveniamus.Sed
1599 4027 1782 4082 scien-

123 4122 260 4178 dum
292 4128 620 4194 antequam
639 4119 717 4175 ad
735 4117 1177 4189 conjunctionis
1209 4132 1421 4188 pacem
1447 4115 1780 4185 veniamus,

124 4212 279 4283 quod
308 4209 791 4285 sapientissimus
824 4207 1110 4263 Salomon
1156 4205 1452 4278 quidquid
1485 4205 1564 4260 ab
1616 4205 1781 4260 initio

124 4302 321 4357 mundi
348 4316 542 4374 usque
569 4299 629 4354 in
659 4299 865 4368 ﬁnem,
897 4297 958 4352 in
987 4295 1288 4368 mysteriis
1317 4296 1437 4365 egit
1465 4300 1781 4350 acturusve

123 4390 221 4445 erit
252 4391 347 4447 Dei
380 4405 584 4446 sermo
620 4404 764 4458 erga
795 4385 1144 4452 Ecclesiam,
1168 4385 1227 4439 in
1268 4384 1465 4454 ﬁgura
1518 4389 1575 4439 et
1601 4384 1782 4453 aenig-

125 4482 375 4537 matibus
403 4478 857 4537 demonstravit.
913 4481 974 4532 In
1005 4491 1127 4548 quo
1158 4475 1390 4530 cantico
1411 4474 1617 4530 omnia
1642 4488 1778 4546 quae

126 4577 432 4626 narrantur
451 4574 607 4626 tecta
636 4565 937 4640 mysteriis
970 4565 1030 4620 in
1057 4565 1226 4619 Verbi
1259 4564 1671 4620 incarnatione
1694 4579 1780 4618 re-

123 4658 308 4715 velata
336 4666 392 4716 et
413 4657 717 4730 completa
731 4657 1042 4725 docentur,
1071 4653 1170 4710 ubi
1205 4654 1374 4709 allisa
1399 4654 1641 4724 erigitur
1665 4653 1777 4708 hu-

125 4763 302 4804 mana
329 4748 669 4822 progenies,
720 4745 1067 4818 compedita
1115 4743 1465 4806 absolvitur,
1498 4747 1779 4815 corrupta

126 4837 198 4891 ad
227 4837 576 4908 virginitatis
609 4835 1015 4906 integritatem
1045 4833 1428 4900 reformatur,
1457 4832 1712 4906 expulsa
1743 4848 1780 4888 a

124 4927 418 4996 paradiso,
459 4926 729 4982 redditur
765 4941 839 4980 ex
877 4923 1117 4997 captiva
1142 4922 1352 4992 libera,
1397 4939 1470 4978 ex
1498 4923 1780 4994 pergrina

124 5015 279 5083 civis,
307 5033 378 5072 ex
431 5016 648 5072 ancilla
705 5014 975 5080 domina,
1009 5029 1084 5068 ex
1136 5012 1429 5068 vilissima
1484 5012 1692 5082 regina
1722 5015 1779 5066 et

126 5119 342 5174 sponsa
376 5107 666 5164 Creatoris
715 5104 806 5159 sui
842 5102 1016 5158 Verbi
1053 5103 1150 5157 Dei
1199 5101 1408 5157 Christi
1447 5101 1780 5170 benignita-

125 5199 176 5248 te
201 5195 405 5252 eﬁecta
435 5196 789 5261 ostenditur,
821 5210 955 5266 quae
983 5192 1170 5262 digna
1202 5193 1274 5248 sit
1319 5193 1448 5262 ejus
1477 5191 1777 5262 suscipere

125 5284 348 5350 oscula,
376 5292 431 5340 et
450 5302 573 5341 una
594 5301 734 5341 cum
765 5300 836 5339 eo
867 5283 1078 5338 effecta
1109 5281 1380 5354 spiritum
1437 5281 1499 5335 in
1527 5279 1777 5335 caelesti-

129 5369 237 5426 bus
269 5373 592 5429 sublimata
641 5387 912 5442 regnare.
947 5375 1089 5437 Quae
1123 5369 1462 5425 sublimitas
1497 5367 1776 5424 humilia-

129 5461 278 5517 tione
305 5463 422 5518 Filii
462 5464 559 5519 Dei
582 5462 882 5518 celebrata
907 5460 1291 5530 cognoscitur
1320 5461 1472 5514 sicut
1496 5459 1780 5528 magister

133 5551 386 5616 gentium
407 5553 583 5608 docet
602 5553 677 5606 de
699 5550 928 5607 Christo
957 5549 1247 5604 dicendo:
1275 5571 1300 5597 ‹‹
1320 5548 1663 5603 Humiliavit
1693 5564 1775 5617 se,

133 5642 195 5690 ut
221 5654 325 5693 nos
350 5641 636 5697 exaltaret
664 5640 850 5707 (Phil.
869 5639 950 5705 ιι).
968 5661 996 5688 »
1027 5642 1153 5694 Non
1171 5639 1331 5693 enim
1355 5636 1574 5708 injuria
1595 5636 1780 5708 depu-

134 5728 285 5784 tatur
310 5730 517 5787 artitici
546 5730 874 5806 pretiosum
890 5726 1186 5786 annulum
1217 5727 1459 5801 lapsum
1478 5729 1540 5784 in
1571 5743 1780 5801 corpo-

1885 1798 2060 1854 tionis
2103 1796 2273 1854 titulo
2304 1797 2613 1869 copularet
2644 1797 2672 1852 ?
2723 1797 2874 1862 Quia
2904 1796 3082 1865 igitur
3114 1796 3334 1868 saapius
3367 1811 3553 1868 spon-

1884 1904 2020 1943 sum
2056 1892 2112 1942 et
2138 1902 2454 1958 sponsam,
2478 1884 2802 1941 Dominum
2834 1889 2889 1940 et
2912 1883 3236 1940 Ecclesiam
3266 1883 3551 1953 diximus,

1885 1982 1941 2033 et
1969 1977 2096 2043 rite,
2115 1976 2289 2047 juxta
2310 1980 2577 2048 poetam,
2603 1974 2762 2030 viam
2787 1989 3063 2029 sermone
3084 1973 3358 2028 levamus
3392 1991 3405 2028 :

1956 2089 2207 2158 Spesque
2234 2086 2492 2154 ﬁdesque
2515 2102 2696 2137 meum
2718 2083 3070 2138 comitantur
3096 2082 3154 2134 in
3187 2083 3372 2158 ardua
3399 2098 3553 2158 gres:

3377 2170 3502 2206 sum

3377 2170 3525 2215 sum,

1958 2228 2230 2285 Blandius
2251 2228 2318 2282 ad
2358 2244 2636 2281 summam
2661 2225 2888 2282 tandem
2912 2225 3273 2296 pervenimus
3305 2153 3552 2278 δέκτῃ]

1887 2339 1958 2394 Ut
1978 2337 2110 2408 jam
2138 2336 2339 2409 ipsum
2371 2340 2601 2392 textum
2633 2334 2817 2390 divini
2847 2332 3075 2389 oraculi
3092 2332 3438 2405 pandamus
3459 2348 3555 2387 ve-

1886 2427 1973 2482 lut
2002 2425 2483 2487 adolescentulte,
2516 2424 2681 2480 velut
2726 2423 2963 2478 sodales
3017 2421 3339 2477 audiamus
3367 2421 3557 2477 verba

1889 2513 2122 2587 sponsi,
2155 2513 2477 2570 audiamus
2508 2512 2695 2568 verba
2721 2527 2978 2584 sponsae,
3009 2515 3063 2566 et
3088 2510 3150 2565 in
3181 2526 3388 2566 eorum
3427 2525 3553 2564 ser-

1889 2603 2171 2660 monibus
2198 2603 2490 2658 fervorem
2511 2602 2821 2658 discamus
2838 2600 3080 2656 amoris.
3115 2604 3318 2672 Itaque
3344 2602 3554 2654 sancta

1889 2693 2150 2749 Ecclesia
2179 2692 2283 2749 diu
2311 2691 2670 2765 praestolans
2703 2691 3030 2747 adventum
3065 2689 3323 2758 Domini,
3348 2689 3452 2744 diu
3483 2688 3557 2742 si-

1889 2783 2039 2840 tiens
2067 2783 2295 2839 fontem
2347 2782 2504 2849 vitm,
2536 2780 2848 2853 quomodo
2880 2783 3044 2852 optet
3070 2778 3270 2834 videre
3296 2793 3559 2850 praesen-

1888 2872 2033 2928 tiam
2069 2870 2280 2944 sponsi
2307 2870 2420 2938 sui,
2449 2869 2761 2942 quomodo
2789 2868 3086 2923 desideret
3114 2872 3171 2923 et
3197 2867 3379 2925 dicat.

2446 2959 2674 3015 CAPUT
2713 2959 2997 3013 PRIMUM.

1964 3072 1990 3097 κ
2018 3048 2327 3106 Osculetur
2342 3063 2439 3102 me
2462 3046 2667 3102 osculo
2685 3046 2804 3100 oris
2827 3046 2936 3100 sui.
2955 3065 2983 3097 »
3001 3044 3261 3113 Angelos
3295 3044 3372 3100 ad
3393 3061 3558 3100 eam-

1891 3139 2030 3194 dem
2070 3138 2381 3205 Dominus,
2414 3135 2788 3208 patriarchas
2819 3134 2896 3189 ad
2925 3133 3089 3188 illam
3133 3137 3193 3187 et
3231 3133 3559 3204 prophetas

1891 3227 2154 3294 miserat,
2187 3225 2520 3298 spiritualia
2549 3225 2710 3279 dona
2732 3223 3085 3288 deterentes,
3116 3221 3221 3276 sed
3248 3220 3383 3292 ipsa
3411 3237 3558 3276 vero

1891 3333 2146 3374 munera
2174 3332 2296 3372 non
2322 3331 2428 3388 per
2460 3331 2660 3370 servos
2691 3311 2919 3386 sponsi,
2951 3312 3054 3366 sed
3077 3327 3184 3383 per
3201 3310 3407 3382 ipsum
3426 3311 3559 3382 jam

1894 3422 2188 3480 sponsum
2236 3405 2540 3478 percipere
2570 3403 2898 3477 quaerebat.
2929 3403 3233 3456 Ponamus
3256 3406 3392 3454 ante
3415 3417 3558 3455 ocu-

1891 3496 1982 3552 los
2021 3511 2200 3550 omne
2235 3510 2425 3563 genus
2462 3493 2800 3548 humanum
2830 3491 2908 3546 ab
2939 3490 3187 3545 exordio
3219 3487 3433 3543 mundi
3462 3505 3560 3542 us-

1893 3604 2010 3660 que
2047 3584 2125 3641 ad
2156 3584 2341 3639 ﬁnem
2398 3581 2631 3652 mundi,
2667 3586 2853 3636 totam
2903 3580 3180 3636 videlicet
3240 3578 3562 3636 Ecclesiam

1893 3693 2079 3732 unam
2101 3690 2230 3730 esse
2260 3687 2622 3746 personam:
2655 3686 2792 3743 quae
2825 3671 3038 3725 arrhas
3071 3669 3363 3742 spirituali
3395 3668 3558 3722 dono

1893 3768 2261 3839 perceperat,
2296 3761 2402 3817 sed
2425 3766 2626 3818 tamen
2659 3759 2867 3832 sponsi
2886 3760 2973 3814 sui
2994 3760 3376 3831 praesentiam
3405 3773 3563 3828 quae-

1893 3858 2081 3924 rebat,
2110 3872 2245 3929 quae
2271 3853 2431 3910 dicit.
2458 3851 2808 3909 «Osculetur
2831 3866 2925 3905 me
2975 3844 3181 3905 osculo
3209 3849 3328 3903 oris
3384 3847 3495 3900 sui.
3535 3867 3560 3894 ιι

1893 3942 2214 4014 Suspirans
2264 3939 2424 3995 enim
2459 3941 2669 3992 sancta
2697 3935 2957 3990 Ecclesia
2985 3951 3096 4006 pro
3146 3933 3410 3988 adventu
3449 3934 3562 3987 Me-

1893 4031 2142 4088 diatoris
2174 4029 2270 4085 Dei
2300 4034 2356 4085 et
2376 4026 2716 4094 hominum,
2751 4039 2861 4097 pro
2909 4024 3172 4079 adventu
3208 4023 3562 4092 Redempto-

1893 4122 1974 4176 ris
2005 4120 2096 4175 sui
2138 4118 2217 4174 ad
2273 4121 2501 4174 Patrem
2532 4115 2717 4170 verba
2746 4113 3034 4170 orationis
3062 4113 3221 4179 facit,
3256 4117 3320 4167 ut
3355 4111 3564 4167 Filium

1893 4211 2133 4280 dirigat,
2167 4213 2224 4263 et
2245 4224 2356 4262 sua
2393 4206 2557 4262 illam
2598 4205 2920 4278 preesentia
2946 4203 3214 4270 illustret,
3263 4206 3328 4257 ut
3365 4200 3562 4256 eidem

1898 4298 2171 4355 Ecclesiae
2202 4312 2325 4353 non
2358 4297 2481 4367 jam
2513 4311 2620 4367 per
2665 4310 2773 4349 ora
2823 4295 3280 4366 prophetarum,
3315 4289 3420 4346 sed
3454 4306 3565 4344 suo

1895 4407 1996 4447 ore
2027 4389 2393 4446 locutionem
2424 4386 2624 4451 faciat,
2648 4401 2718 4441 ac
2745 4385 2792 4440 si
2825 4384 3088 4457 apertius
3119 4383 3313 4438 dicat:
3337 4384 3568 4449 Tangat

1894 4495 1989 4535 me
2021 4477 2340 4533 dulcedine
2367 4474 2699 4548 prresentiae
2734 4489 2880 4539 suae,
2906 4487 3094 4545 quam
3124 4471 3344 4543 saepius
3373 4486 3410 4524 a
3429 4483 3564 4540 pro_

1890 4569 2085 4642 phetis
2115 4567 2482 4641 promissam
2515 4563 2737 4620 audivi.
2771 4563 2936 4618 Unde
2952 4565 3011 4617 et
3035 4561 3109 4616 de
3140 4561 3355 4616 eodem
3384 4572 3566 4629 spon-

1889 4675 1956 4714 so
1975 4659 2037 4713 in
2065 4655 2386 4726 Evangelio
2405 4655 2693 4725 scriptum
2714 4656 2804 4706 est
2819 4650 3150 4720 (Matth.v),
3170 4663 3309 4703 cum
3330 4644 3563 4699 sederet

1886 4748 1948 4805 in
1977 4751 2202 4811 monte,
2235 4750 2291 4800 et
2332 4743 2681 4798 sublimium
2727 4743 3167 4811 praeceptorum
3200 4734 3388 4790 verba
3408 4732 3561 4787 face-

1887 4841 1974 4893 ret
2009 4853 2022 4891 :
2056 4857 2085 4885 «
2114 4833 2405 4906 Aperiens
2451 4830 2546 4885 hic
2575 4833 2742 4885 Jesus
2792 4845 2862 4882 os
2899 4842 3081 4880 suum
3116 4824 3283 4879 dixit.
3321 4845 3346 4870 ››
3379 4824 3462 4875 Ac
3509 4820 3558 4875 si

1886 4927 2166 4983 dicantur
2191 4940 2203 4979 :
2239 4923 2407 4977 Tunc
2439 4937 2507 4976 os
2539 4936 2718 4974 suum
2745 4915 2997 4989 aperuit,
3027 4914 3130 4987 qui
3159 4912 3322 4985 prius
3353 4909 3432 4965 ad
3459 4925 3557 4964 ex-

1885 5014 2287 5071 hortationem
2345 5009 2615 5066 Ecelesiae
2659 5006 2891 5080 aperuit
2935 5022 3042 5060 ora
3098 5003 3556 5077 prophetarum-

1888 5106 2073 5160 Cerne
2090 5093 3180 5168 libenter,CaesarAuguste,quomodo
3207 5091 3284 5147 ab
3310 5089 3556 5146 exordio

1888 5191 2102 5250 mundi
2124 5190 2202 5246 ab
2237 5188 2430 5244 Adam
2453 5187 2689 5247 scilicet.
2717 5187 2839 5241 imo
2871 5185 2949 5240 ab
2980 5183 3126 5239 Abel
3145 5184 3338 5254 juxto,
3365 5194 3555 5250 usque

1889 5283 1965 5340 ad
1997 5283 2296 5336 Joannem
2327 5277 2659 5349 Baptistam
2691 5291 2928 5346 semper
2956 5272 3212 5329 Ecclesia
3255 5269 3554 5324 Christum

1888 5373 1949 5429 in
1984 5371 2069 5426 eis
2101 5368 2207 5440 qui
2232 5365 2453 5422 altioris
2475 5365 2806 5421 intellectus
2837 5367 3008 5420 erant
3032 5359 3325 5435 quaesivit,
3359 5361 3415 5412 et
3445 5369 3555 5427 per

1889 5474 2101 5516 omnes
2129 5454 2502 5528 patriarchas
2529 5460 2585 5509 et
2627 5453 2952 5526 prophetas
2974 5451 3052 5506 ad
3094 5453 3322 5504 Patrem
3364 5443 3555 5499 omni-

1888 5552 2191 5622 potentem
2210 5543 2586 5616 lacrymabili
2605 5559 2746 5597 voce
2764 5540 3064 5608 clamavit,
3090 5539 3140 5609 ej
3155 5555 3220 5592 us
3252 5535 3362 5590 sibi
3380 5549 3555 5589 oscu-

1886 5639 1948 5694 la
1973 5633 2308 5710 propinari,
2341 5649 2522 5704 quem
2568 5639 2625 5688 et
2668 5633 2726 5687 in
2757 5629 3038 5686 Jordanis
3087 5628 3390 5701 baptismo
3433 5641 3554 5678 vox

1890 5726 2080 5784 Patris
2097 5725 2173 5781 de
2202 5723 2385 5793 nube,
2403 5728 2460 5778 et
2477 5725 2735 5779 Joannes
2752 5720 2936 5791 digito
2958 5717 3333 5796 monstravit,
3353 5713 3557 5770 dicens
