3968 6426
407 225 512 280 563

1505 220 1871 278 ANGELOMI
1912 221 2366 285 LUXOVIENSIS
2405 230 2722 288 MONACHI

3747 229 3847 284 564

405 343 518 401 do:
565 345 760 399 «Ecce
787 344 996 414 Agnus
1038 342 1140 399 Dei
1171 343 1278 417 qui
1324 344 1472 402 tollit
1513 349 1828 424 peccatum
1862 344 2070 400 mundi
2116 351 2165 406 Α
2193 367 2436 424 quaque
2488 353 2692 412 anima
2723 353 3071 414 sentiamus.
3105 357 3404 410 Ponamus
3455 355 3596 410 ante
3647 351 3853 408 oculos

406 429 650 505 (Joann.
682 433 743 498 i).
781 451 810 480 »
842 433 908 486 Et
946 434 1116 487 Pater
1163 431 1291 505 ipse
1325 432 1400 489 de
1430 433 1622 490 nube:
1657 423 1686 486 ἆ
1721 434 1822 488 Hic
1865 437 1953 488 est
1999 433 2080 490 Fi-

403 504 523 574 lius
551 533 746 588 meus,
778 518 991 593 inquit,
1025 504 1278 577 dilectus
1319 521 1380 578 in
1409 540 1532 596 quo
1562 523 1710 578 mihi
1743 521 2082 595 complacui

413 607 656 676 (Matth.
688 609 832 678 ιιι).›
851 610 1047 665 Unum
1079 613 1282 667 autem
1312 611 1387 667 de
1416 611 1618 668 multis
1641 611 1848 668 amicis
1873 611 2080 684 sponsi

409 701 856 771 praeparantem
909 713 1204 771 sponsam
1235 702 1528 758 Joannem
1579 701 1860 772 intelligc,
1908 702 2080 770 cujus

411 786 730 862 praesentia
760 786 1028 844 Ecclesia
1047 788 1261 845 Christi
1309 790 1516 846 oscula
1549 796 1757 846 sancta
1798 789 2078 862 suscepit,

411 877 544 952 ipso
574 881 829 933 testante
870 877 945 934 de
1002 877 1170 936 Chris
1199 895 1256 935 ο.
1319 901 1348 933 α
1375 880 1485 947 Qui
1527 880 1709 936 habet
1766 896 2077 952 sponsam,

413 982 671 1041 sponsus
704 971 812 1022 est.
838 967 1084 1022 Amicus
1113 972 1316 1024 autem
1349 969 1558 1042 sponsi
1605 969 1828 1037 gaudio
1860 968 2082 1039 gaudet

412 1053 492 1112 ad
537 1071 752 1111 vocem
809 1055 1018 1128 sponsi
1062 1058 1262 1128 (Joan.
1307 1068 1417 1114 tu).
1471 1080 1496 1106 n
1543 1059 1780 1114 Miratur
1811 1053 2082 1113 videlicet

409 1145 690 1212 Joannes,
732 1161 871 1201 cum
901 1144 1051 1201 vidit
1081 1161 1222 1224 eum
1259 1151 1506 1220 propter
1531 1162 1831 1219 aquarum
1864 1145 2079 1201 sancti-

411 1232 755 1290 ﬁcationem
780 1233 861 1289 ad
886 1232 1262 1306 baptismum
1286 1235 1644 1298 venientem,
1664 1235 1768 1307 qui
1786 1235 1866 1290 ait
1891 1251 1901 1289 :
1927 1237 2080 1302 «Ego

414 1337 451 1378 a
480 1325 535 1378 te
565 1320 760 1378 debeo
789 1320 1098 1395 baptizari,
1132 1325 1188 1378 et
1220 1327 1284 1378 tu
1311 1323 1482 1378 venis
1506 1322 1584 1378 ad
1611 1341 1706 1378 me
1725 1325 1750 1378 ’2
1774 1347 1801 1372 ››
1837 1325 2076 1390 (Matth.

415 1411 528 1484 ιιι.)
559 1409 790 1466 Gaudio
820 1425 964 1466 vero
995 1410 1238 1480 gaudet,
1269 1411 1525 1467 audiens
1560 1429 1770 1467 vocem
1816 1413 1947 1482 ejus
1999 1412 2080 1464 di-

417 1499 638 1556 centis:
675 1517 705 1551 ‹
741 1497 876 1555 Sine
901 1499 1108 1567 modo,
1134 1499 1216 1555 sic
1247 1501 1409 1556 enim
1437 1507 1669 1575 oportet
1694 1519 1802 1557 nos
1831 1503 2079 1574 implere

419 1603 666 1644 omnem
689 1587 982 1661 justitiam
1009 1589 1271 1660 (Ibid.).»
1308 1590 1416 1646 Ubi
1445 1591 1756 1663 completas
1789 1599 1925 1648 sunt
1952 1607 2078 1665 pre-

2193 457 2323 496 esse
2353 443 2685 513 quamdam
2721 443 2989 499 animam
3042 441 3344 504 donorum
3399 441 3614 496 studiis
3671 440 3853 494 inher-

2190 535 2440 596 reutem,
2470 531 2833 588 intellectum
2860 549 2934 588 ex
2963 531 3159 588 aliena
3201 530 3632 604 praedicatione
3675 529 3855 601 perci-

2192 619 2473 690 pientem,
2502 637 2634 692 quae
2667 637 2772 693 per
2801 621 3071 676 divinam
3104 620 3358 689 gratiam
3401 619 3583 674 etiam
3635 617 3774 690 ipsa
3802 617 3854 672 il-

2190 707 2426 766 lustrari
2452 710 2770 778 desiderat,
2803 715 2865 766 ut
2898 709 3225 782 aliquando
3251 709 3430 766 etiam
3462 723 3572 780 per
3598 724 3668 763 se
3691 707 3849 762 intel-

2191 797 2354 869 ligat,
2384 816 2520 872 quie
2559 800 2705 856 nihil
2735 817 2798 855 se
2849 800 3173 870 intelligere
3205 800 3321 856 nisi
3349 814 3456 871 per
3486 797 3688 854 verba
3715 814 3854 870 prae-

2191 889 2525 946 dicatorum
2549 890 2909 957 considerat,
2940 899 2994 945 et
3021 890 3210 945 dicat:
3246 913 3272 940 α
3295 887 3607 946 Osculetur
3641 904 3747 944 me
3768 904 3853 941 os-

2191 978 2325 1046 culo
2355 979 2475 1034 oris
2505 980 2615 1034 sui.
2643 1001 2671 1029 ››
2701 987 2782 1035 Ac
2813 981 2859 1033 si
2890 979 3084 1035 dicat:
3141 983 3275 1050 lpsa
3302 994 3396 1034 me
3423 982 3641 1046 tangat
3678 977 3854 1042 intus,

2193 1073 2254 1122 ut
2280 1084 2646 1136 cognoscam
2695 1068 3166 1137 intelligentiam,
3197 1084 3320 1124 non
3346 1067 3474 1138 jam
3501 1067 3858 1140 praedicato-

2188 1174 2324 1216 rum
2367 1159 2638 1227 vocibus,
2666 1159 2769 1214 sed
2825 1159 3071 1214 internae
3103 1159 3234 1229 ejus
3275 1157 3478 1226 gratiae
3511 1162 3683 1216 tactu
3730 1171 3857 1228 per-

2189 1248 2372 1303 fruar.
2405 1249 2585 1314 Quasi
2615 1248 2820 1306 osculo
2871 1249 2988 1303 oris
3039 1249 3130 1304 sui
3179 1247 3567 1304 osculabatur
3611 1250 3859 1318 Moysen

2195 1337 2498 1404 lioniinus,
2525 1355 2662 1394 cum
2687 1355 2791 1409 per
2817 1339 3102 1394 ﬁduciam
3134 1337 3441 1392 familiaris
3459 1336 3673 1406 gratim
3697 1335 3862 1390 intel—

2189 1427 2410 1484 lectum
2460 1427 2807 1498 porrigeret.
2846 1426 3009 1482 Unde
3060 1427 3340 1498 scriptum
3386 1432 3493 1482 est.
3528 1445 3560 1478 α
3595 1425 3656 1486 Si
3691 1426 3865 1480 fuerit

2191 1518 2483 1588 propheta
2514 1518 2571 1574 in
2618 1517 2852 1572 somnio
2883 1517 3096 1588 loquor
3121 1515 3198 1571 ad
3253 1532 3392 1572 eum
3441 1520 3497 1572 et
3539 1505 3670 1570 non
3717 1515 3867 1569 sicut

2191 1605 2420 1660 famulo
2472 1622 2607 1660 meo
2659 1606 2860 1676 Moysi.
2913 1608 3025 1661 Ore
3082 1606 3240 1662 enim
3301 1604 3378 1660 ad
3419 1621 3487 1659 os
3535 1605 3768 1675 loquor
3819 1605 3867 1656 ei

420 1694 520 1734 ces
560 1677 829 1733 Ecclesiae
853 1677 982 1748 jam
1014 1677 1156 1734 olim
1179 1679 1489 1750 promissae
1521 1681 1596 1735 ad
1633 1683 1818 1736 Deum
1851 1685 1987 1736 Patri

2291 1713 2397 1752 run.
2434 1703 2557 1760 xu).
2595 1718 2622 1744 »
2655 1698 2731 1750 0s
2760 1695 2983 1766 quippe
3028 1695 3106 1750 ad
3135 1710 3205 1748 os
3237 1693 3423 1765 loqui,
3457 1694 3634 1764 quasi
3686 1709 3858 1748 oscu-

420 1766 656 1823 Domini
677 1767 866 1822 nostri
885 1769 1023 1822 Jesu
1051 1767 1184 1823 Chri
1205 1767 1262 1824 ill
1289 1767 1569 1825 dicentis:
1597 1791 1622 1818 «
1651 1769 1960 1826 Osculetur
1987 1785 2081 1824 me

419 1856 628 1914 osculo
670 1855 790 1911 oris
830 1855 940 1912 sui.
971 1879 1000 1906 ››
1038 1856 1152 1913 Sed
1197 1856 1343 1913 dum
1389 1875 1530 1928 ergo
1576 1865 1782 1916 sancta
1831 1859 2086 1914 Ecclesia

417 1943 864 2002 incarnandum
895 1933 1188 2020 sponsum
1214 1946 1414 2002 adhuc
1443 1948 1758 2003 absentem
1787 1947 2087 2003 desiderat

421 2033 620 2090 subito
645 2034 906 2090 intuetur
935 2039 1316 2106 praesentem.
1344 2037 1532 2092 Habet
1556 2037 1715 2092 enim
1759 2039 1946 2106 gratia
1983 2041 2085 2091 lte—

418 2122 748 2198 demptoris
779 2123 986 2193 nostri,
1031 2128 1095 2180 ut
1125 2140 1263 2180 cum
1288 2124 1362 2180 de
1393 2126 1492 2180 illo
1523 2133 1857 2199 quaerentes
1897 2126 2087 2197 loqu;-

396 2228 580 2286 ,mur,
610 2212 738 2284 ejus
784 2213 1103 2288 praesentia
1153 2214 1556 2288 perfruamur,
1588 2215 1673 2271 sic
1729 2215 1805 2272 de
1846 2217 2087 2270 duobus

422 2301 686 2376 Cleopha
725 2301 992 2359 videlicet
1019 2303 1238 2376 etalio,
1272 2305 1424 2360 sicut
1452 2305 1513 2360 in
1558 2305 1878 2374 Evangelio
1907 2307 2090 2377 scrip-

422 2394 551 2448 tum
603 2395 710 2446 est.
758 2391 926 2446 Unde
984 2391 1194 2464 subjur
1215 2393 1330 2462 git:
1395 2416 1424 2442 ‹‹
1455 2393 1604 2459 Quia
1643 2395 1892 2450 meliora
1949 2398 2089 2448 sunt

421 2479 610 2536 ubera
641 2485 744 2535 tua
770 2479 968 2552 vino,»
1003 2485 1096 2537 «et
1124 2481 1197 2536 od
1209 2498 1276 2537 or
1297 2487 1741 2552 unguentorum
1761 2500 1941 2555 super
1965 2499 2090 2538 om-

421 2569 524 2626 nia
554 2572 828 2626 aromata
851 2569 1056 2639 (Cant.
1088 2570 1230 2642 111).»
1262 2571 1475 2626 Vinum
1504 2570 1612 2626 fuit
1644 2571 1892 2628 scientia
1920 2572 2088 2640 legis,

426 2659 675 2716 scientia
700 2659 1155 2734 prophetarum,
1189 2659 1293 2715 sed
1325 2661 1572 2716 veniens
1601 2662 1890 2716 Dominus
1946 2662 2093 2732 quia

427 2747 786 2822 sapientiam
833 2764 1007 2804 suam
1047 2764 1154 2822 per
1218 2765 1462 2805 carnem
1512 2749 1698 2805 voluit
1755 2749 2090 2822 praedicari,

367 2873 374 2879 -
426 2837 604 2911 quasi
653 2836 788 2893 fecit
847 2852 984 2893 eam
1039 2835 1101 2892 in
1158 2837 1354 2894 carnis
1411 2838 1599 2894 ubera
1656 2837 1992 2892 lactescere.
2029 2840 2094 2894 Et

425 2943 613 3000 quam
647 2927 707 2982 in
737 2925 1046 2983 divinitate
1075 2943 1186 2983 sua
1211 2943 1423 3001 capere
1454 2928 1699 2984 minime
1723 2934 2090 3000 poteramus,

2196 1786 2300 1842 lari
2329 1791 2434 1851 est,
2468 1791 2522 1840 et
2553 1787 2785 1842 interna
2821 1785 3204 1852 intelligentia
3234 1790 3431 1842 mente
3464 1790 3738 1850 tangere.
3775 1787 3867 1838 Se-

2195 1877 2429 1947 quitur:
2479 1898 2504 1926 ‹‹
2542 1877 2776 1934 Meliora
2808 1881 2947 1930 sunt
2993 1876 3180 1930 ubera
3234 1879 3338 1932 tua
3389 1873 3550 1928 vino.
3586 1891 3616 1925 ›
3667 1873 3866 1932 Ubera

2199 1966 2294 2021 Dei
2325 1970 2462 2020 sunt
2492 1965 2641 2020 sicut
2680 1965 2844 2035 prius
2878 1965 3166 2031 diximus,
3205 1962 3542 2020 humillima
3573 1962 3867 2033 praedica-

2197 2057 2276 2114 tio
2331 2055 2759 2111 incarnationis
2817 2055 2978 2123 ejus:
3037 2053 3332 2126 sapientia
3389 2058 3591 2108 autem
3631 2051 3866 2111 seaculi.

2195 2145 2368 2214 quasi
2400 2145 2711 2216 quoddam
2743 2143 2948 2200 vinum
3002 2149 3106 2199 est.
3167 2142 3424 2198 lnebriat
3470 2141 3631 2198 enim
3687 2157 3864 2198 men-

2199 2239 2339 2300 tem,
2363 2234 2504 2304 quia
2531 2233 2608 2290 ab
2637 2233 2933 2289 intellectu
2965 2231 3312 2288 humilitatis
3343 2231 3602 2287 alienam
3637 2229 3862 2286 reddit.

2200 2323 2380 2388 Quasi
2423 2323 2690 2395 quodam
2723 2321 2864 2376 vino
2896 2321 3267 2378 iuebriantur
3313 2319 3682 2392 philosophi,
3715 2318 3871 2374 dum

2199 2429 2305 2484 per
2362 2413 2708 2468 szecularem
2782 2411 3139 2480 sapientiam
3193 2409 3358 2477 vulgi
3409 2425 3642 2466 morem
3708 2412 3874 2466 tran-

2200 2506 2392 2558 seunt.
2433 2507 2626 2566 Quam
2681 2501 3038 2572 sapientiam
3072 2503 3283 2554 sancta
3341 2497 3601 2554 Ecclesia
3659 2497 3872 2568 despi-

2202 2592 2334 2656 ciat,
2377 2590 2777 2646 humillimam
2811 2589 3251 2660 praedicationis
3301 2587 3623 2646 Dominieas
3665 2585 3874 2644 incar-

2202 2681 2506 2736 nationem
2532 2684 2796 2750 appetat.
2839 2677 2969 2734 Plus
3026 2679 3077 2732 ei
3110 2678 3304 2750 sapiat
3356 2676 3524 2748 quod
3563 2691 3672 2748 per
3713 2675 3880 2731 intir-

2206 2774 2470 2826 milatem
2506 2768 2699 2823 carnis
2723 2767 2853 2836 ejus
2883 2767 3158 2823 nutritur.
3195 2783 3384 2838 quam
3404 2765 3571 2838 quod
3600 2763 3880 2822 mundus

2204 2858 2300 2912 hic
2330 2873 2437 2928 per
2464 2856 2782 2911 elationem
2811 2855 2973 2910 falsae
3003 2855 3331 2927 prudentiae
3354 2854 3667 2919 extollitur,
3704 2858 3763 2910 et
3792 2853 3880 2908 di—

2209 2952 2337 3004 cat:
2378 2969 2404 2994 «
2435 2944 2583 3009 Quia
2612 2944 2862 3000 meliora
2895 2950 3036 3000 sunt
3075 2945 3261 3001 ubera
3309 2948 3408 2998 tua
3438 2944 3603 3006 vino,
3629 2964 3658 2992 »
3689 2942 3754 3000 id
3785 2949 3880 2998 est

425 3019 840 3119 ίξιιοδτηξῖῖίοηξδ
871 3018 1490 3119 θὶυξαειξοεοθτθωυξ
1516 3037 1528 3074 ε
1559 3019 2093 3119 υηάεξηοιλᾟῐξξυε·
2137 3062 2180 3119 C
2208 3035 2546 3091 humillima
2599 3034 3027 3090 incarnationis
3082 3039 3196 3088 tuae
3258 3033 3600 3105 prmdicatio
3647 3031 3880 3088 elatam

426 3107 543 3166 rito
595 3106 726 3180 ejus
759 3106 950 3166 ubera
989 3106 1340 3179 laudantur,
1387 3108 1533 3182 quia
1564 3107 2093 3182 priedicationihus

429 3197 560 3274 ejus
615 3196 1046 3254 condescensio
1093 3197 1208 3254 hoc
1257 3196 1378 3268 egit
1418 3197 1480 3253 in
1511 3197 1794 3254 cordibus
1849 3196 2094 3263 nostris,

429 3284 598 3360 quod
641 3284 918 3343 doctrina
975 3285 1124 3356 legis
1183 3301 1360 3356 agere
1422 3286 1670 3344 minime
1716 3285 1920 3342 valuit.
1965 3284 2100 3342 Plus

433 3374 596 3430 enim
633 3389 746 3430 nos
775 3373 1018 3432 nutrivit
1043 3373 1472 3432 incarnationis
1502 3375 1868 3450 prsidicatio,
1911 3390 2102 3448 quam

434 3461 584 3534 legis
643 3461 934 3518 doctrina.
979 3483 1007 3510 «
1055 3465 1122 3518 Et
1167 3463 1320 3520 odor
1365 3470 1812 3534 unguentorum
1861 3468 2103 3519 tuorum

441 3565 622 3626 super
651 3549 860 3606 omnia
886 3555 1226 3608 aromata.»
1259 3554 1576 3621 Unguenta
1602 3552 1835 3608 Domini
1864 3553 2104 3608 virtutes

442 3642 602 3697 sunt.
634 3639 1017 3711 Unguentum
1047 3639 1303 3708 Domini,
1335 3640 1586 3719 Spiritus
1611 3646 1855 3698 sanctus
1885 3641 2012 3704 fuit,
2031 3641 2106 3696 de

440 3745 566 3806 quo
615 3729 670 3786 ei
725 3744 834 3803 per
883 3729 1248 3804 prophetam
1292 3729 1536 3788 dicitur:
1585 3752 1612 3781 «
1649 3731 1822 3787 Unxit
1847 3735 1900 3786 te
1932 3733 2105 3796 Deus,

441 3823 600 3878 Deus
633 3821 792 3886 tuus,
823 3818 955 3877 oleo
999 3817 1213 3876 Iustitia:
1243 3836 1368 3896 prae
1409 3820 1789 3876 consortibus
1830 3819 1944 3876 tuis
1982 3821 2104 3891 (1’s.

442 3910 611 3986 κων).
646 3932 675 3960 ι»
717 3909 842 3966 Hoc
871 3907 1004 3974 oleo
1033 3912 1177 3966 tunc
1211 3913 1426 3968 unctus
1455 3915 1543 3966 est
1583 3926 1723 3966 cum
1762 3909 2108 3966 incarnatus

445 4003 554 4058 est.
589 4001 719 4056 Non
747 3998 910 4056 enim
945 3997 1114 4074 prius
1156 3999 1344 4058 homo
1387 3998 1608 4056 exstitit
1636 4005 1694 4064 et
1720 3996 2113 4072 postmodum

449 4086 728 4160 spiritum
759 4091 1038 4146 sanctum
1069 4087 1324 4161 accepit,
1353 4089 1459 4144 sed
1489 4088 1634 4162 quia
1659 4087 1876 4161 Spiritu
1907 4091 2113 4142 sancto

448 4174 752 4238 mediante
807 4177 1157 4240 incarnatus
1210 4181 1322 4248 est,
1349 4177 1562 4235 eodem
1614 4178 1729 4234 hoc
1788 4177 1921 4234 oleo
1971 4181 2116 4234 tunc

449 4268 668 4322 unctus
698 4268 807 4334 est,
841 4281 981 4322 cum
1004 4266 1189 4324 homo
1222 4270 1456 4324 creatus
1492 4272 1599 4323 est.
1638 4267 1797 4326 Odor
1830 4281 1972 4337 ergo
2013 4280 2117 4322 un-

451 4359 816 4426 guentorum
845 4355 976 4428 ejus
1024 4355 1342 4428 flagrantia
1371 4357 1618 4430 Spiritus
1644 4357 1835 4414 sancti
1873 4360 1978 4422 est,
2011 4355 2117 4428 qui

451 4419 529 4504 Sx
549 4441 650 4503 illo
679 4419 1035 4518 procedens,
1062 4419 1250 4504 invill)
1278 4419 1626 4518 permansit.
1659 4445 1819 4502 Odor
1842 4419 2115 4515 unguen-
2155 4419 2200 4476 D

457 4537 654 4594 torum
689 4533 820 4606 ejus
847 4534 1167 4604 ﬂagrantia
1196 4533 1483 4591 virtutum
1511 4551 1665 4608 quas
1695 4540 1980 4606 operatus
2008 4539 2114 4589 est.

453 4622 676 4687 Habuit
718 4624 848 4680 haec
879 4624 1142 4682 Ecclesia
1184 4629 1460 4682 aromata
1500 4624 1645 4698 quia
1691 4624 1903 4680 habuit
1930 4623 2120 4680 multa

456 4714 700 4790 spiritus
725 4715 908 4786 dona,
941 4731 1078 4788 qua:
1108 4715 1168 4772 in
1191 4731 1377 4771 como
1407 4715 1530 4783 Dei,
1559 4715 1621 4770 id
1651 4719 1742 4771 est
1772 4715 1830 4770 in
1869 4729 2119 4783 congre-

456 4805 700 4878 gatione
730 4810 1078 4864 sanctorum
1105 4805 1356 4864 odorem
1379 4805 1556 4862 home
1607 4805 1906 4878 opinionis
1950 4805 2120 4860 redo-

455 4894 620 4962 leret.
656 4895 772 4953 Sed
802 4897 954 4953 odor
977 4900 1428 4967 unguentorum
1449 4899 1692 4958 tuorum
1713 4911 1896 4966 super
1915 4893 2122 4950 omnia

427 5040 437 5052 ,
459 4991 758 5057 aromata,
779 4987 926 5059 quia
953 4984 1574 5058 ﬂagranttavirtutum
1599 4985 1826 5056 sponsi,
1856 5000 1992 5056 quae
2018 4998 2125 5056 per

457 5071 940 5132 incarnationem
969 5075 1101 5147 ejus
1133 5073 1292 5135 facta
1334 5079 1445 5147 est,
1491 5071 1629 5128 vicit
1658 5072 2125 5145 praedicamenta

459 5157 630 5233 legis,
663 5177 800 5238 quin
829 5163 893 5219 in
925 5164 1117 5220 arrhis
1165 5163 1243 5218 ab
1275 5178 1500 5238 sponso
1548 5161 1787 5218 fuerant
1833 5175 2128 5236 prieroga.

461 5255 546 5311 ta.
571 5250 677 5308 Illa
699 5250 848 5324 legis
875 5255 1152 5309 aromata
1178 5267 1285 5325 per
1314 5251 1562 5323 angelos
1591 5251 1926 5308 ministrata
1966 5255 2125 5312 sunt,

461 5339 630 5400 istud
686 5344 1066 5412 unguentum
1114 5356 1220 5413 per
1250 5341 1634 5414 praesentiam
1667 5341 1873 5414 sponsi
1916 5339 2126 5395 datum

465 5432 577 5485 est.
617 5431 803 5484 Tanto
833 5428 1058 5501 quippe
1104 5429 1367 5502 amplius
1415 5429 1494 5486 ad
1523 5429 1887 5486 intellectum
1945 5428 2131 5484 credit

468 5514 754 5584 Ecclesia,
787 5520 1015 5587 quanto
1041 5521 1098 5574 et
1127 5517 1434 5590 amplioris
1478 5518 1722 5574 visionis
1779 5519 1970 5589 gratia
2009 5533 2131 5574 me-

471 5601 591 5658 ruit
643 5602 940 5660 illustrari.
993 5609 1114 5663 Hoc
1167 5612 1370 5663 autem
1434 5608 1601 5680 quod
1649 5607 2000 5678 generaliter
2055 5607 2130 5661 de

437 5747 447 5752 .
473 5695 691 5749 cuncta
711 5692 972 5762 Ecclesia
995 5694 1283 5764 diximus,
1313 5711 1474 5754 nunc
1503 5695 1840 5768 specialiter
1867 5697 1941 5752 de
1973 5713 2122 5754 una-

2210 3124 2421 3180 muudi
2472 3123 2826 3195 sapientiam
2876 3128 3138 3196 superat.
3176 3123 3338 3180 Unde
3394 3123 3684 3194 scriptum
3717 3128 3815 3178 est
3865 3138 3877 3175 :

2213 3239 2240 3265 ιι
2285 3213 2457 3280 Quod
2495 3214 2802 3268 inﬁrmum
2843 3217 2932 3269 est
2976 3213 3095 3278 Dei,
3119 3213 3327 3268 fortius
3353 3217 3651 3283 estquam
3674 3210 3883 3268 homi-

2211 3321 2348 3360 nes.
2381 3305 2445 3358 Et
2473 3302 2638 3373 quod
2673 3301 2922 3359 stultum
2973 3307 3061 3358 est
3089 3302 3189 3358 Dei
3216 3301 3543 3374 sapientius
3569 3303 3660 3356 est
3684 3315 3886 3372 quam

2213 3391 2564 3460 hominesU
2596 3392 2732 3447 Cor.
2764 3393 2822 3461 ι).
2860 3414 2886 3447 ιι
2923 3391 3036 3447 Sed
3087 3391 3231 3463 quia
3286 3391 3403 3463 ipsi
3434 3389 3616 3459 llUJUS
3669 3388 3886 3448 saeculi

2215 3481 2514 3554 sapientes
2540 3495 2980 3551 nonnunquam
3035 3479 3268 3535 videtur
3295 3477 3667 3551 quibusdam
3695 3477 3889 3535 virtu—

2216 3571 2372 3626 tibus
2427 3568 2683 3636 studere,
2742 3568 3018 3624 videmus
3076 3567 3237 3624 cnim
3293 3567 3612 3640 plerosque
3653 3566 3889 3622 habere

2220 3657 2598 3723 charitateiu,
2643 3672 2880 3714 servare
2906 3655 3452 3720 mansuetudinem,
3504 3655 3890 3711 honestatem

2218 3746 2569 3802 exteriorem
2590 3746 2650 3806 in
2681 3745 2966 3802 omnibus
2988 3747 3452 3810 exercere.Quas
3471 3749 3675 3805 tamen
3695 3743 3886 3800 virtu-

2221 3839 2327 3903 tes,
2357 3848 2479 3890 non
2513 3838 2576 3888 ut
2602 3834 2744 3903 Deo,
2777 3833 2883 3888 sed
2922 3843 2984 3888 ut
3027 3832 3372 3890 hominibus
3409 3831 3688 3904 placeant
3721 3831 3890 3888 exhi-

2219 3925 2382 3982 bent.
2442 3926 2584 3991 Quie
2641 3925 2862 3980 idcirco
2907 3925 3154 3982 virtutes
3199 3940 3323 3980 non
3363 3927 3520 3988 sunt,
3573 3922 3720 3994 quia
3767 3925 3890 3978 Deo

2221 4013 2459 4085 placere
2514 4027 2635 4068 non
2682 4017 2991 4084 appetunt.
3039 4012 3209 4070 Olent
3254 4010 3548 4072 tamenin
3597 4011 3889 4068 humanis

2223 4101 2472 4159 naribus
2501 4100 2650 4157 dum
2706 4101 2976 4158 humano
3003 4102 3230 4172 judicio
3274 4101 3502 4158 bonam
3532 4099 3890 4172 opinionem

2225 4191 2624 4248 reddunt.Sed
2641 4197 3064 4262 comparentur
3079 4191 3206 4246 haec
3227 4205 3368 4246 vero
3397 4189 3568 4246 odori
3597 4188 3895 4260 Redemp-

2227 4281 2370 4338 toris
2400 4279 2607 4347 nostri,
2642 4286 3069 4352 comparentur
3102 4279 3254 4335 veris
3298 4277 3612 4334 virtutibus
3641 4281 3700 4332 et
3727 4277 3896 4334 dica-

2229 4376 2354 4428 tur:
2392 4391 2418 4419 κ
2447 4373 2513 4425 Et
2550 4365 2701 4424 odor
2733 4376 3176 4440 unguentorum
3205 4374 3444 4426 tuorum
3473 4382 3654 4439 super
3681 4367 3896 4425 omnia

2230 4464 2522 4524 aromata,
2553 4481 2584 4507 »
2610 4458 2670 4516 id
2701 4464 2789 4516 est
2819 4457 3135 4528 ﬂagrantia
3161 4457 3446 4512 virtutum
3473 4461 3738 4523 tuarum,
3766 4471 3898 4511 om-

2230 4565 2366 4604 nem
2397 4546 2656 4618 speciem
2684 4547 2967 4604 virtutum
3001 4545 3355 4618 sapientiam
3382 4544 3593 4602 mundi
3625 4547 3894 4616 superat,

2229 4635 2374 4708 quia
2421 4635 2695 4690 videlicet
2723 4634 2891 4694 ﬁctas
2938 4651 3147 4692 eorum
3201 4634 3496 4702 imagines
3524 4649 3599 4690 ex
3645 4632 3896 4690 veritate

2231 4723 2618 4782 transcendit.
2654 4724 2805 4789 Quia
2848 4724 3113 4781 secundo
3161 4723 3294 4778 loco
3323 4723 3524 4780 sentiri
3573 4722 3688 4781 hoc
3725 4720 3899 4792 quod

2230 4813 2458 4868 dictum
2500 4818 2588 4868 est
2616 4811 2690 4868 de
2723 4828 3091 4884 unaquaque
3123 4811 3328 4867 anima
3373 4810 3662 4881 diximus,
3693 4809 3898 4865 adhuc

2232 4902 2524 4960 eumdum
2578 4917 2845 4965 sensum,
2875 4902 2924 4962 si
2967 4917 3322 4974 possumus,
3378 4900 3701 4971 adjuvante
3753 4901 3894 4962 Deo,

2233 4991 2508 5048 subtilius
2558 5007 2980 5063 exsequamur.
3043 4990 3250 5047 Omnis
3303 4989 3512 5046 anima
3555 5005 3692 5060 qua:
3731 4987 3898 5042 timet

2237 5085 2444 5147 Deum,
2469 5080 2594 5152 jam
2619 5081 2732 5136 sub
2758 5081 2906 5150 jugo
2923 5081 3052 5149 ejus
3073 5078 3302 5135 estSed
3329 5078 3528 5133 adhuc
3546 5077 3899 5148 longe,quia

2236 5169 2422 5226 timet.
2455 5173 2603 5224 Nam
2653 5173 2882 5224 tantum
2929 5168 3186 5239 quisque
3218 5167 3296 5224 ad
3328 5167 3514 5225 Deum
3565 5181 3754 5238 prope
3810 5164 3900 5232 ﬁt,

2235 5257 2486 5330 quando
2521 5271 2765 5328 poenam
2797 5255 3024 5312 timoris
3067 5254 3300 5320 omittit,
3335 5258 3393 5310 et
3413 5254 3669 5323 gratiam
3695 5252 3770 5307 de
3799 5252 3903 5308 illo

2238 5344 2498 5400 charitas
2549 5344 2816 5416 percipit.
2851 5346 3149 5398 l’onamus
3203 5347 3340 5397 ante
3383 5340 3591 5396 oculos
3630 5339 3904 5400 animam

2240 5433 2404 5488 electi
2423 5431 2756 5501 cujuslibet,
2770 5449 2902 5503 quae
2918 5431 3201 5488 continuo
3227 5429 3521 5486 desiderio
3549 5429 3609 5484 in
3630 5444 3908 5486 amorem

2240 5519 2480 5574 visionis
2507 5520 2714 5592 sponsi
2763 5519 3125 5584 accen'iitur,
3149 5519 3289 5590 quia
3317 5518 3484 5589 quod
3514 5517 3574 5572 in
3620 5519 3733 5572 hac
3781 5518 3909 5573 vita

2238 5609 2494 5681 perfecte
2520 5609 2823 5680 percipere
2841 5624 2962 5664 non
2983 5608 3160 5678 valet,
3179 5607 3620 5678 contemplatur
3641 5607 3691 5676 ej
3705 5623 3772 5661 us
3797 5607 3911 5662 cel-

2242 5697 2563 5756 situdinem
2581 5704 2637 5754 et
2652 5714 2720 5754 ex
2745 5698 2876 5770 ipso
2893 5713 3098 5755 amore
3116 5696 3564 5769 compungitur.
3581 5696 3722 5769 Ipsa
3741 5697 3905 5752 enim
