3968 6410
137 235 248 304 ξᾶξ

1352 226 1620 304 ΒΝΑΒΒ.
1653 229 1727 294 1N
1761 226 2068 286 omnm
2105 229 2380 290 CANTIC.

3489 237 3591 290 566

135 351 534 427 compunctio
549 369 686 426 quae
703 367 810 424 per
833 351 1202 408 alacritatem
1222 351 1305 418 ﬁt,
1329 351 1475 424 quia
1496 357 1552 406 et
1573 351 1810 406 deside-
1840 353 1888 410 A
1931 368 2161 424 sumus,
2193 353 2372 425 longe
2421 353 2802 410 excellentior
2845 358 2936 409 est
2962 353 3114 410 odor
3143 361 3591 426 unguentorum

134 445 228 501 rio
259 443 632 512 accenditur,
656 441 834 515 quasi
849 441 1164 515 quoddam
1189 441 1462 497 osculum
1487 447 1592 498 est.
1623 441 1812 496 Toties

135 536 304 592 enim
326 534 535 591 anima
552 531 860 589 osculatur
887 531 1096 598 Deum,
1113 532 1348 604 quoties
1373 533 1433 586 in
1455 531 1585 602 ejus
1608 547 1814 588 amore

136 621 594 696 compungitur.
659 623 806 677 Sunt
837 620 998 676 enim
1051 619 1224 676 multi
1257 619 1360 692 qui
1405 619 1532 690 jam
1568 618 1814 692 quidem

137 715 338 768 Deum
365 714 663 779 metuunt,
684 710 813 781 jam
837 709 899 765 in
930 709 1094 766 bona
1126 709 1472 781 operatione
1498 707 1814 780 rccipiunt,

137 801 249 858 sed
279 800 547 858 necdum
579 799 945 866 osculantur,
979 799 1127 871 quia
1157 814 1365 856 amore
1407 798 1536 868 ejus
1566 796 1817 852 minime

135 889 859 964 compunguntur.Quod
886 889 1037 946 bene
1083 888 1145 943 in
1198 887 1474 944 convivio
1533 885 1815 942 Pharisaei

138 982 454 1053 signatum
510 983 618 1036 est.
681 979 794 1044 Qui
854 995 993 1034 cum
1075 978 1398 1035 Dominum
1476 975 1814 1052 recepisset,

137 1084 410 1142 cumque
439 1066 739 1124 osculanti
764 1065 998 1124 mulieri
1024 1067 1208 1140 pedes
1231 1067 1360 1136 ejus
1389 1065 1447 1120 in
1475 1065 1652 1121 corde
1705 1081 1814 1119 suo

137 1157 482 1228 derogaret,
510 1155 756 1213 audivit.
781 1177 806 1204 «
831 1153 1053 1212 Intravi
1073 1155 1135 1210 in
1157 1153 1411 1210 domum
1434 1158 1618 1220 tuam,
1639 1169 1814 1210 oscu-

134 1247 274 1304 lum
293 1246 444 1302 mihi
473 1261 598 1308 non
619 1244 857 1311 dedisti,
891 1245 1020 1300 haec
1050 1248 1254 1301 autem
1289 1261 1361 1299 ex
1392 1259 1517 1316 quo
1543 1243 1816 1312 ingressa

139 1343 254 1404 est,
278 1352 403 1393 non
425 1335 677 1392 cessavit
704 1333 968 1391 osculari
1001 1334 1190 1407 pedes
1239 1350 1406 1388 meos
1441 1335 1608 1401 (Luc.
1638 1334 1751 1403 vn).
1789 1353 1815 1381 »

140 1425 357 1495 Omnis
375 1425 482 1498 qui
494 1424 627 1496 jam
653 1423 1073 1494 eleemosynas
1102 1423 1260 1492 facit,
1286 1423 1386 1496 qui
1409 1423 1537 1493 jam
1561 1422 1620 1476 in
1640 1419 1816 1476 bonis

137 1515 432 1589 operibus
453 1513 671 1582 studet,
691 1515 867 1586 quasi
891 1511 1191 1568 Christum
1215 1512 1274 1566 in
1303 1509 1642 1566 convivium
1677 1511 1818 1565 reei-

139 1607 250 1680 pit,
284 1603 584 1663 Christum
611 1603 824 1676 pascit,
857 1603 1002 1676 quia
1053 1618 1193 1658 eum
1249 1601 1309 1656 in
1360 1600 1649 1656 membris
1696 1600 1818 1654 suis

1927 439 2030 498 Dei
2087 444 2462 500 aromatibus
2523 445 2803 500 virtutum
2854 449 3224 502 nostrarum.
3285 447 3349 501 Et
3381 446 3429 501 si
3458 446 3590 517 jam

1926 547 2151 600 magna
2182 539 2320 588 sunt
2349 551 2482 605 qute
2507 533 2873 606 accepimus,
2901 532 3073 589 valde
3107 535 3309 590 tamen
3353 535 3592 607 potiora

1925 627 2082 689 sunt,
2116 639 2250 696 quae
2279 623 2352 679 de
2384 623 2890 696 contemplatione
2931 623 3223 680 Creatoris
3271 624 3459 682 nostri
3489 643 3590 682 ac-

1925 712 2152 784 cepturi
2205 729 2434 768 sumus.
2493 711 2658 769 Unde
2719 713 2959 769 anhelet
3008 713 3211 772 anima
3270 717 3328 770 et
3379 715 3584 772 dicat:

1927 823 1953 851 ι(
1998 801 2158 859 Odor
2204 807 2652 874 unguentorum
2711 807 2956 859 tuorum
2999 819 3182 875 super
3223 803 3430 860 omnia
3459 821 3590 862 aro-

1925 897 2110 962 mata,
2139 914 2164 946 »
2199 892 2262 948 id
2293 898 2380 948 est
2404 892 2565 948 bona
2592 892 2690 948 illa
2722 909 2858 964 quae
2880 908 2989 965 per
3017 893 3590 966 contemplationem

1926 985 2090 1036 tuam
2123 997 2450 1054 praeparas,
2479 981 2592 1038 ista
2612 980 2818 1037 omnia
2846 981 3131 1037 virtutum
3156 997 3432 1051 munera,
3452 998 3588 1056 quae

1894 1093 1898 1096 ι
1923 1071 1985 1126 in
2015 1070 2128 1125 hac
2157 1070 2280 1125 vita
2313 1069 2589 1135 tribuisti,
2635 1069 3086 1126 transcendunt.
3139 1069 3418 1127 Dicamus
3447 1071 3589 1128 hinc

1925 1159 2219 1223 Ecclesiae,
2247 1159 2524 1213 dicamus
2554 1158 2692 1213 hinc
2723 1159 2938 1214 animae
2960 1159 3043 1214 sic
3071 1161 3316 1230 amenti,
3351 1159 3434 1215 sic
3485 1176 3590 1216 ωε-

1925 1249 2113 1305 tuanti
2139 1263 2408 1304 amorem
2434 1248 2640 1320 sponsi
2664 1248 2778 1313 sui,
2803 1248 2964 1304 unde
2991 1253 3195 1305 tamen
3222 1249 3590 1306 desiderium

1923 1339 2272 1412 perceperit,
2307 1337 2466 1393 unde
2499 1338 2773 1394 notitiam
2825 1335 3151 1394 divinitatis
3207 1339 3338 1410 ejus
3369 1355 3588 1412 appre-

1925 1428 2216 1485 henderit.
2253 1427 2366 1483 Sed
2394 1443 2530 1482 ecce
2563 1427 2698 1500 ipsa
2729 1426 3008 1500 exprimit
3033 1431 3090 1483 et
3113 1426 3254 1483 dicit
3288 1445 3300 1484 :

1997 1535 2026 1564 ι(
2069 1512 2455 1582 Unguentum
2487 1511 2748 1567 etl‘usum
2779 1527 3005 1568 nomen
3035 1516 3229 1568 tuum.
3259 1534 3287 1561 »
3317 1513 3594 1582 Unguen-

1928 1607 2054 1673 tum
2085 1601 2347 1657 etl'usum
2379 1606 2466 1655 est
2519 1599 2800 1656 divinitas
2855 1600 3186 1656 incarnata.
3231 1599 3287 1656 Si
3331 1600 3492 1656 enim
3519 1599 3594 1657 sit

138 1698 479 1751 sustentare
511 1708 634 1750 non
653 1691 890 1764 desinit.
914 1690 1025 1747 Sed
1045 1691 1384 1746 sinondum
1412 1706 1518 1762 per
1545 1705 1815 1744 amorem
1848 1710 1888 1766 [ι
1930 1696 2310 1770 unguentum
2364 1690 2424 1745 in
2475 1690 2723 1746 vasculo
2775 1689 3028 1746 odorem
3089 1688 3346 1746 exterius
3393 1689 3594 1745 minus

140 1783 600 1855 compungitur,
645 1781 844 1840 adhuc
869 1781 1000 1852 ejus
1033 1781 1286 1850 vestigia
1341 1795 1466 1836 non
1492 1779 1814 1835 osculatur.
1861 1769 1870 1786 ’

141 1875 304 1928 Bene
333 1878 538 1931 autem
587 1871 814 1926 dictum
871 1874 982 1938 est,
1013 1892 1039 1918 «
1075 1885 1198 1924 non
1256 1867 1514 1924 cessavit
1555 1867 1819 1924 osculari

144 1961 340 2035 pedes
373 1963 503 2032 ejus
525 1960 725 2032 (Ιὸἱιί.)
750 1983 778 2010 ››
809 1963 938 2016 Non
969 1959 1130 2016 enim
1159 1957 1378 2014 sufﬁcit
1403 1958 1464 2013 in
1491 1974 1697 2012 amore
1719 1957 1821 2012 Dei

147 2050 341 2107 semel
371 2049 702 2122 compungi
728 2052 786 2104 et
817 2048 1148 2121 quiescere,
1181 2047 1286 2103 sed
1325 2053 1380 2103 et
1433 2046 1819 2119 compunctio

149 2139 334 2197 debet
365 2155 494 2196 esse
525 2145 582 2196 et
611 2138 1004 2196 crebrescere.
1041 2137 1206 2194 Unde
1241 2137 1453 2192 mulier
1506 2136 1568 2192 in
1593 2153 1664 2191 eo
1692 2135 1821 2192 lau-

149 2228 516 2302 datur,quia
537 2227 794 2284 osculari
819 2243 941 2283 non
967 2225 1189 2282 destitit
1210 2225 1272 2282 id
1301 2224 1630 2299 compungi
1651 2223 1823 2280 mini-

151 2335 252 2378 me
307 2317 585 2374 cessavit.
643 2317 807 2373 Unde
861 2321 918 2372 et
973 2333 1080 2389 per
1137 2316 1502 2387 Prophetam
1549 2313 1818 2370 dicitur:

152 2430 181 2458 «
213 2405 563 2464 Constituite
593 2406 755 2462 diem
778 2404 1108 2462 solemnem
1134 2405 1193 2461 in
1213 2403 1821 2478 confrequentationi-

149 2497 269 2552 bus
303 2511 496 2570 usque
518 2493 598 2555 ad
628 2509 818 2550 cornu
839 2493 1042 2550 altaris
1063 2495 1253 2566 (Psal.
1289 2495 1484 2566 cxvn).
1506 2517 1534 2544 »
1571 2493 1702 2548 Dies
1733 2509 1824 2548 so-

146 2586 369 2660 lemnis
400 2590 490 2642 est
515 2583 792 2646 Domino,
821 2583 1208 2658 compunctio
1237 2582 1433 2638 cordis
1465 2582 1678 2639 nostri.
1710 2581 1826 2638 Sed

147 2681 296 2732 tunc
323 2675 388 2730 in
414 2673 1012 2748 confrequentatione
1036 2672 1164 2728 dies
1199 2671 1483 2728 solemnis
1519 2671 1820 2728 constitui-

149 2770 268 2833 tur,
303 2781 444 2822 cum
471 2764 552 2819 ad
577 2761 880 2836 lacrymas
913 2779 1037 2840 prte
1071 2778 1278 2818 amore
1313 2761 1549 2818 Domini
1577 2761 1822 2818 assidue

149 2859 452 2916 movetur.
483 2858 600 2911 Cur
625 2853 716 2910 vel
747 2853 797 2908 si
822 2853 1161 2910 diceremus
1192 2851 1465 2926 quandiu
1493 2853 1607 2908 ista
1635 2851 1826 2908 acturi

153 2963 390 3012 sumus,
422 2943 698 3022 quandiu
744 2941 1232 2999 tribulationibus
1265 2941 1612 2998 afﬁcimur?
1669 2941 1826 2997 illico

155 3034 482 3094 terminum
503 3048 825 3106 quousque
843 3031 1202 3087 tieridebeat
1225 3029 1533 3100 subjunxit
1577 3029 1822 3086 dicens:
1859 3073 1898 3124 Ο

153 3147 182 3174 ‹‹
219 3126 418 3198 Usque
448 3121 527 3179 ad
558 3138 748 3191 cornu
776 3120 1002 3177 altaris.
1031 3142 1058 3169 ››
1113 3117 1312 3176 Cornu
1341 3121 1570 3192 quippe
1624 3119 1827 3176 altaris

155 3220 245 3270 est
269 3211 550 3270 exaltatio
592 3209 866 3268 sacriﬁcii
895 3209 1210 3268 interioris.
1249 3208 1354 3265 Ubi
1376 3224 1516 3264 cum
1541 3225 1826 3282 pervene-

153 3304 346 3361 rimus
361 3302 514 3374 jam,
541 3316 932 3378 nequaquam
964 3315 1211 3355 necesse
1245 3303 1332 3354 est
1363 3303 1428 3354 ut
1489 3299 1826 3354 solemnem

159 3392 416 3460 Domino
447 3391 524 3452 de
555 3395 762 3468 nostra
789 3389 1215 3448 lamentatione
1247 3387 1564 3444 faciamus.
1611 3387 1830 3444 Anima

157 3499 324 3556 ergo,
357 3497 495 3556 qua:
537 3480 669 3552 jam
698 3495 805 3551 per
833 3495 1105 3535 amorem
1132 3478 1460 3550 compungi
1506 3477 1827 3549 desiderat,

156 3589 295 3650 quae
319 3572 452 3646 iam
482 3567 881 3642 contemplari
908 3567 1139 3626 visione
1185 3567 1392 3638 sponsi
1442 3567 1534 3622 sui
1577 3566 1826 3642 appetit,

157 3665 358 3722 dicat:
393 3685 422 3713 «
457 3657 766 3728 Osculetur
798 3675 894 3716 me
925 3655 1136 3714 osculo
1159 3657 1279 3713 oris
1309 3656 1424 3712 sui.
1455 3676 1485 3709 ›
1521 3655 1627 3712 Vel
1674 3660 1830 3712 certe

157 3753 444 3812 osculum
469 3750 589 3810 oris
622 3749 752 3822 ejus
782 3753 871 3804 est
897 3747 1031 3820 ipsa
1055 3747 1338 3820 perfectio
1369 3745 1535 3819 pacis
1559 3745 1828 3810 internae,

158 3841 239 3904 ad
267 3856 458 3916 quam
488 3854 629 3896 cum
660 3837 1111 3910 pervenerimus
1166 3833 1315 3894 nihil
1343 3833 1677 3891 remanebit
1707 3851 1832 3890 am-

158 3929 318 4004 plius
347 3925 517 4000 quod
547 3941 913 4000 quaeramus.
945 3923 1110 3980 Unde
1143 3928 1200 3979 et
1226 3920 1364 3996 apte
1419 3921 1828 3995 subjungitur.

161 4043 190 4072 «
234 4018 387 4084 Quia
416 4015 666 4074 meliora
698 4018 836 4070 sunt
869 4015 1056 4070 ubera
1081 4018 1186 4069 tua
1219 4012 1384 4068 vino.
1414 4035 1443 4062 ››
1474 4011 1696 4068 Vinum
1745 4013 1836 4066 est

161 4107 412 4166 scientia
443 4105 564 4172 Dei,
599 4120 784 4177 quam
825 4101 886 4158 in
925 4103 1042 4158 ista
1096 4103 1216 4172 vita
1249 4101 1426 4180 positi
1475 4101 1831 4174 accipimus.

164 4199 355 4254 Ubera
385 4199 591 4252 autem
619 4191 826 4267 sponsi
849 4197 988 4248 tunc
1022 4189 1465 4264 amplectimur,
1519 4205 1658 4246 cum
1691 4205 1832 4246 eum

163 4287 224 4344 in
250 4290 476 4360 aeterna
498 4282 695 4357 patria
717 4281 850 4354 jam
892 4298 1000 4354 per
1043 4279 1396 4352 amplexum
1449 4280 1832 4352 praesentiam

164 4367 670 4446 contemplamur.
705 4369 870 4426 Dicat
894 4385 1037 4440 ergo
1072 4385 1085 4424 :
1122 4392 1148 4418 εκ
1188 4367 1424 4424 Meliora
1453 4373 1594 4424 sunt
1646 4368 1833 4424 ubera

165 4468 273 4538 tua
296 4463 455 4520 vino.
487 4479 518 4513 ›
549 4459 632 4520 Ac
675 4459 724 4515 si
754 4458 915 4515 dicat
948 4475 962 4513 :
993 4459 1206 4530 Magna
1255 4461 1342 4513 est
1370 4455 1618 4530 quidem
1649 4456 1834 4512 scien-

168 4555 272 4617 tia,
303 4568 494 4626 quam
523 4550 598 4607 de
627 4555 681 4606 te
710 4549 858 4606 mihi
896 4548 958 4604 in
1009 4548 1125 4604 hac
1175 4548 1291 4604 vita
1343 4547 1661 4616 contulisti,
1702 4563 1834 4603 ma-

167 4658 359 4715 gnum
379 4646 470 4698 est
495 4639 706 4696 vinum
737 4638 960 4694 notitiae
993 4642 1108 4694 ture
1139 4653 1262 4710 quo
1303 4653 1398 4693 me
1419 4636 1704 4707 inebrias,
1732 4636 1838 4692 sed

168 4735 358 4792 ubera
388 4739 492 4790 tua
513 4731 654 4789 vino
687 4729 937 4785 meliora
985 4733 1142 4798 sunt,
1176 4727 1320 4800 quia
1375 4729 1515 4784 tunc
1565 4743 1674 4800 per
1699 4743 1836 4802 spe-

167 4825 323 4888 ciem
352 4827 412 4879 et
446 4837 554 4895 per
614 4818 1046 4878 sublimitatem
1069 4815 1592 4890 contemplationis
1650 4822 1838 4872 trans-

164 4911 463 4982 conditur,
492 4907 789 4983 quidquid
821 4906 897 4963 de
927 4909 981 4963 te
1036 4905 1222 4962 modo
1271 4922 1380 4980 per
1406 4906 1591 4962 ﬁdem
1631 4906 1834 4962 scitur.

171 5026 201 5060 α
243 5005 311 5060 Et
337 5001 492 5060 odor
530 5002 980 5072 unguentorum
1003 5001 1246 5074 tuorum
1275 5012 1458 5070 super
1473 4996 1681 5052 omnia
1707 5011 1838 5052 aro-

171 5096 357 5160 mata.
392 5111 419 5142 »
451 5089 556 5146 Hic
585 5089 770 5148 habet
801 5090 1011 5142 sancta
1059 5079 1315 5142 Ecclesia
1363 5090 1654 5153 aromata,
1689 5085 1838 5140 dum

167 5183 232 5246 in
263 5183 480 5237 virtute
505 5179 784 5245 scientiae,
821 5177 1034 5233 virtute
1065 5169 1370 5242 castitatis,
1405 5176 1612 5232 virtute
1665 5175 1841 5244 mise-

171 5261 466 5337 ricordiae,
527 5270 742 5329 virtute
789 5265 1166 5335 humilitatis,
1245 5265 1461 5321 virtute
1541 5261 1844 5321 charitatis

173 5361 379 5436 pollet.
434 5360 492 5418 Si
524 5366 877 5416 sanctorum
907 5356 1026 5412 vita
1073 5355 1324 5414 odorem
1369 5357 1713 5411 aromatum
1771 5370 1845 5410 ex

175 5451 497 5509 virtutibus
515 5465 639 5522 non
653 5449 924 5518 haberet,
945 5443 1168 5526 Paulus
1189 5461 1312 5500 non
1329 5444 1551 5500 diceret
1569 5463 1580 5500 :
1604 5467 1631 5496 ‹‹
1654 5444 1848 5501 Chris-

178 5542 446 5600 tibonus
500 5539 654 5596 odor
684 5555 897 5594 sumus
959 5539 1077 5592 Deo
1122 5535 1185 5590 in
1233 5534 1399 5590 omni
1453 5531 1588 5590 loco
1621 5535 1678 5604 (Ι
1705 5535 1844 5591 Cor.

178 5636 260 5702 ll).
290 5652 313 5684 ι
344 5628 462 5688 Sed
508 5628 689 5699 longe
744 5625 1126 5683 excellentior
1171 5629 1260 5682 est
1309 5624 1410 5680 illa
1465 5622 1668 5679 unctio
1713 5639 1855 5680 con-

185 5718 592 5794 templationis
646 5716 769 5786 Dei,
815 5714 897 5774 ad
949 5732 1136 5792 quam
1191 5712 1562 5790 quandoque
1593 5713 1850 5772 ducendi

1927 1781 2142 1852 reddit,
2167 1781 2215 1836 si
2239 1797 2377 1836 vero
2399 1779 2744 1849 effunditur,
2770 1780 2922 1836 odor
2943 1779 3116 1836 eﬂ‘usi
3137 1779 3430 1850 unguenti
3452 1778 3598 1836 dila-

1931 1878 2102 1928 tatur.
2154 1874 2384 1944 Nomen
2427 1886 2568 1940 ergo
2605 1869 2702 1925 Dei
2755 1873 3134 1941 unguentum
3173 1868 3435 1926 effusum
3485 1871 3593 1937 est,

1929 1960 2072 2034 quia
2102 1959 2180 2016 ab
2220 1958 2624 2014 immensitate
2678 1957 3005 2014 divinitatis
3055 1975 3180 2013 sure
3210 1957 3289 2014 ad
3313 1962 3597 2016 naturam

1930 2056 2198 2106 nostram
2230 2065 2291 2103 se
2321 2047 2580 2102 exterius
2611 2045 2822 2105 etl'udit
2843 2051 2900 2102 et
2924 2046 3002 2102 ab
3039 2062 3110 2102 eo
3136 2046 3304 2119 quod
3335 2050 3424 2102 est
3442 2045 3596 2102 invi-

1932 2137 2138 2206 sibilis,
2167 2154 2228 2194 se
2261 2135 2552 2192 visibilem
2581 2135 2862 2192 reddidit.
2911 2135 2970 2192 Si
3027 2136 3193 2192 enim
3241 2151 3366 2192 non
3401 2150 3464 2192 se
3511 2133 3596 2191 ef-

1929 2227 2226 2292 funderet,
2253 2241 2646 2298 nequaquam
2675 2224 2854 2280 nobis
2886 2223 3304 2282 innotesceret.
3333 2223 3600 2280 Etfundit

1933 2333 1994 2373 se
2027 2321 2422 2386 unguentum,
2473 2331 2614 2369 cum
2645 2330 2706 2368 se
2763 2317 2822 2370 et
2862 2313 3184 2372 dominum
3234 2312 3510 2382 servavit,
3543 2317 3602 2368 et

1932 2406 2242 2461 hominem
2268 2404 2554 2460 exhibuit.
2595 2405 2669 2458 De
2691 2419 2815 2477 qua
2847 2402 3138 2459 etl'usione
3160 2401 3378 2458 Paulus
3407 2401 3550 2458 dicit
3581 2418 3594 2456 :

1935 2515 1964 2550 «
1999 2495 2269 2560 Quicum
2304 2492 2582 2548 informa
2613 2493 2713 2548 Dei
2743 2497 2918 2560 esset,
2948 2508 3073 2549 non
3115 2492 3396 2566 rapinam
3439 2490 3599 2547 arbi-

1936 2589 2120 2644 tratus
2151 2592 2239 2640 est
2286 2599 2414 2638 esse
2447 2600 2508 2638 se
2548 2581 2840 2658 aequalem
2894 2585 3034 2647 Deo,
3069 2583 3178 2638 sed
3208 2582 3602 2654 semetipsum

1934 2674 2258 2730 exinanivit
2283 2673 2540 2729 formam
2573 2672 2724 2728 servi
2739 2672 3041 2744 accipiens
3060 2673 3242 2744 (Phil.
3269 2674 3357 2739 ιι).
3374 2690 3402 2724 »
3428 2670 3604 2738 Quod

1937 2765 2151 2822 Paulus
2174 2764 2340 2826 dixit,
2373 2786 2399 2811 ‹‹
2420 2761 2768 2830 exinanivit,
2796 2785 2826 2812 »
2849 2763 2964 2818 hoc
2995 2760 3281 2818 Salomon
3305 2761 3454 2818 dixit
3474 2784 3502 2811 ‹‹
3523 2759 3604 2816 ef-

1935 2855 2106 2912 fudit.
2134 2877 2162 2904 »
2196 2854 2346 2918 Quia
2373 2870 2516 2922 ergo
2541 2852 2813 2908 humano
2831 2852 3036 2924 generi
3058 2851 3349 2928 Dominus
3367 2867 3474 2923 per
3493 2850 3605 2908 hu-

1937 2944 2244 3003 militatem
2277 2942 2294 2997 i
2324 2941 2705 2998 learnationis
2757 2941 3038 3011 innotuit,
3094 2940 3329 2998 dicatur
3357 2941 3412 2996 ei
3443 2958 3456 2996 :
3491 2941 3607 2998 Un-

1937 3038 2229 3104 guentum
2259 3032 2523 3088 effusum
2557 3047 2780 3088 nomen
2833 3034 3026 3088 tuum.
3082 3029 3198 3086 Sed
3227 3030 3373 3104 quia
3408 3029 3470 3086 in
3503 3031 3608 3086 He-

1937 3123 2142 3180 braica
2161 3122 2399 3178 veritate
2427 3119 2654 3193 aliquid
2675 3118 2842 3175 aliter
2870 3119 3147 3189 habetur,
3181 3117 3606 3190 compellimur

1937 3213 2014 3268 ad
2044 3211 2354 3284 superiora
2384 3209 2820 3288 apostropham
2851 3207 3070 3277 facere,
3098 3212 3156 3263 et
3184 3205 3478 3264 nonnulla
3503 3205 3608 3264 ali-

1938 3305 2024 3357 ter
2051 3301 2330 3356 inserere.
2380 3297 2644 3371 Denique
2703 3313 2842 3353 cum
2900 3295 3193 3352 dixisset:
3227 3317 3254 3344 ‹‹
3290 3291 3608 3352 Osculetur

1942 3406 2034 3447 me
2061 3387 2271 3444 osculo
2297 3387 2416 3442 oris
2443 3386 2554 3452 sui,
2590 3411 2616 3436 »
2645 3391 2700 3444 et
2726 3385 3038 3457 subjunxit
3070 3402 3083 3440 :
3110 3407 3137 3435 «
3171 3384 3325 3452 Quia
3356 3382 3608 3440 meliora

1939 3484 2079 3534 sunt
2107 3477 2294 3534 ubera
2323 3483 2426 3534 tua
2456 3477 2617 3538 vino,
2647 3497 2676 3526 ››
2709 3474 2813 3531 ubi
2842 3474 3100 3532 nimium
3127 3473 3424 3550 gaudium
3441 3489 3606 3529 amo-

1937 3569 2020 3624 ris
2055 3566 2421 3640 completum
2445 3582 2552 3640 per
2576 3564 3050 3622 attrectationem
3070 3563 3328 3625 uberum
3359 3563 3606 3620 demon-

1942 3663 2182 3717 stratur,
2214 3656 2486 3730 protinus
2514 3655 2747 3712 addidit
2769 3655 2944 3727 juxta
2961 3653 3320 3713 chraicum
3339 3651 3605 3726 ﬂagran-

1943 3747 2019 3803 tia
2079 3743 2396 3816 unguentis
2449 3743 2736 3817 optimis:
2771 3759 2909 3816 quae
2962 3741 3242 3816 quamvis
3291 3737 3603 3814 lampabili

1941 3851 2218 3904 sermone
2278 3831 2552 3908 superius
2605 3850 2642 3890 a
2692 3848 2934 3888 summo
2979 3833 3297 3891 tractatore
3335 3828 3609 3904 exposita

1941 3927 2061 3980 sint
2090 3918 2390 3992 melliﬂue,
2440 3927 2638 3980 tamen
2689 3937 3018 3996 possumus
3068 3920 3244 3992 juxta
3289 3919 3607 3994 opiniones

1937 4014 2352 4089 quorumdam
2407 4030 2616 4070 rursus
2675 4011 2910 4069 iterare.
2966 4011 3214 4085 Vinum,
3299 4009 3604 4084 inquiunt,

1941 4110 2068 4163 erat
2097 4103 2351 4161 verbum
2379 4101 2814 4174 nuntiatorum,
2875 4100 3138 4158 delatum
3169 4117 3278 4176 per
3333 4099 3604 4174 angelos,

1938 4193 2045 4268 qui
2073 4193 2151 4262 ad
2167 4191 2494 4268 prophetas
2525 4189 2618 4249 vel
2643 4193 2705 4250 in
2736 4191 3044 4268 prophetis
3067 4190 3498 4266 loquebantur,
3533 4188 3608 4246 si-

1943 4289 2043 4341 cut
2067 4284 2148 4340 ait
2175 4281 2492 4340 Zacharias
2541 4273 2838 4356 propheta
2885 4283 3061 4354 (Cap.
3093 4283 3176 4354 ιι).
3211 4285 3278 4340 Et
3331 4281 3482 4338 dixit
3527 4277 3610 4338 ad

1946 4369 2240 4444 Angelum
2275 4395 2302 4421 «
2331 4374 2437 4446 qui
2485 4370 2848 4450 loquebatur
2899 4371 2963 4428 in
2992 4388 3108 4442 me,
3143 4395 3172 4422 »
3199 4377 3367 4446 quod
3411 4369 3609 4430 Eccle-

1946 4465 2047 4520 siae
2079 4478 2182 4518 eor
2209 4459 2568 4529 lmtiﬁcabat,
2600 4462 2854 4519 audiens
2911 4461 3044 4535 ejus
3075 4478 3259 4536 quem
3299 4461 3608 4525 desidera-

1944 4551 2051 4610 bat
2076 4551 2426 4608 adventum.
2491 4549 2605 4608 Sed
2658 4550 2763 4607 ubi
2793 4567 2897 4608 ore
2935 4551 3345 4624 manibusque
3385 4565 3610 4624 corpus

1944 4641 2076 4714 ejus
2115 4643 2171 4698 et
2199 4639 2558 4712 sanguinem
2589 4641 2998 4708 contrectavit,
3050 4640 3300 4698 meliora
3330 4638 3614 4709 cognovit

1945 4731 2133 4787 ubera
2164 4727 2506 4801 apostolicee
2538 4727 3123 4800 Evangeliorumque
3144 4727 3432 4786 doctrinze
3457 4726 3611 4788 lacte

1945 4818 2278 4888 manantia,
2313 4815 2414 4874 ubi
2443 4818 2639 4876 omnis
2672 4817 2875 4888 divina
2920 4817 3205 4890 perfectio
3261 4833 3394 4890 quae
3447 4830 3613 4872 nunc

1933 4909 2336 4990 ministratur,
2388 4922 2576 4979 quam
2610 4907 2815 4962 vinum
2859 4905 3084 4970 Veteris
3140 4904 3504 4962 Testamenti
3556 4906 3618 4962 et

1945 4997 2096 5069 legis
2125 5013 2262 5074 quae
2291 4994 2626 5051 secundum
2651 4993 3012 5068 Apostolum
3043 4994 3350 5052 neminem
3381 4994 3461 5052 ad
3482 5011 3616 5070 per-

1948 5081 2168 5142 fectum
2229 5083 2525 5157 perduxit.
2586 5083 2951 5157 Quanquam
3014 5085 3177 5142 enim
3223 5083 3467 5160 perfecti
3509 5085 3616 5144 viri

1949 5173 2265 5247 apostolici
2293 5173 2397 5246 qui
2438 5173 2789 5248 praescripto
2829 5173 3057 5250 populo
3087 5175 3420 5234 Christiano
3471 5174 3617 5232 doc-

1953 5271 2107 5322 tores
2144 5263 2328 5318 ubera
2358 5255 2572 5320 Christi
2601 5251 3032 5336 intelligantur,
3056 5281 3212 5340 quos
3241 5264 3509 5322 Christus
3550 5267 3618 5322 ut

1952 5353 2238 5428 parvulos
2290 5353 2493 5421 nutrit,
2554 5357 2755 5413 tamen
2813 5369 2937 5411 non
3006 5355 3116 5416 erit
3161 5353 3616 5424 inconveniens,

1955 5443 2076 5502 duo
2133 5443 2320 5500 ubera
2369 5443 2581 5500 Christi
2654 5444 2981 5517 Baptistam
3036 5449 3092 5502 et
3173 5443 3618 5514 Evangelistam

1956 5534 2112 5590 duos
2188 5533 2450 5588 Joannes
2517 5531 2790 5602 intelligit
2845 5534 3108 5608 proprie,
3181 5533 3289 5608 qui
3343 5531 3618 5593 Ecclesiae

1958 5626 2100 5697 post
2128 5621 2337 5679 oscula
2363 5622 2722 5678 sacramenti
2753 5621 3025 5697 praedicti
3055 5623 3403 5700 plenissima
3431 5624 3622 5682 verba

1963 5715 2104 5770 sunt
2130 5711 2451 5794 propinati,
2511 5727 2651 5769 cum
2691 5717 2842 5770 alter
2885 5730 3026 5773 eum
3082 5713 3278 5792 solum
3304 5717 3622 5790 peccatum
