3968 6392
410 260 515 313 567

1514 253 1873 311 ANGELOMI
1911 249 2384 308 LUXOVIENSIS
2423 248 2737 306 MONACHI

3747 250 3859 303 568

407 379 624 435 mundi
646 379 970 446 tollentem,
995 393 1341 450 agnumque
1364 377 1739 433 demonstrat
1765 375 2059 443 Ecclesiae,
2098 377 2145 428 Α
2173 389 2305 427 mos
2327 371 2557 442 reddat,
2579 387 2748 442 reges
2779 376 2835 427 et
2865 371 3205 427 sacerdotes
3237 369 3580 433 constituat,
3614 372 3677 425 et
3719 369 3860 439 ejus

407 467 557 524 alter
579 468 641 523 in
670 468 965 540 principio
998 466 1253 522 Verbum
1285 468 1473 521 Deum
1505 466 1670 539 apud
1726 469 1912 521 Deum
1954 467 2062 519 Pa-

407 559 561 612 trem
581 562 949 619 manentem,
977 555 1082 628 qui
1135 570 1242 627 per
1287 555 1736 611 immaculatam
1773 554 1954 609 vitam
1983 552 2065 608 ita

409 645 473 701 in
503 660 706 701 amore
737 645 865 715 ejus
918 644 1090 716 quasi
1139 644 1327 699 ubera
1375 643 1602 717 pectori
1657 644 2061 707 adhzeserunt,

410 734 556 789 dum
590 733 735 789 alter
761 732 960 788 adhuc
990 732 1257 804 parvulae
1287 738 1344 788 et
1384 732 1624 787 lactenti
1665 731 1937 787 Ecclesiae
1968 744 2067 785 ve-

408 839 547 879 rum
573 823 882 878 hominem
912 822 1025 876 sub
1046 822 1673 891 nomineimmaculati
1704 821 1843 891 agni
1866 825 2064 875 osten-

409 911 530 980 dit;
580 910 727 967 alter
768 928 804 967 a
840 890 1085 966 creandi
1123 910 1337 965 etfectu
1374 911 1649 965 omnium
1693 926 1894 965 rerum
1924 923 2065 964 eum

408 1000 832 1056 fabricatorem
857 1000 920 1055 in
938 999 1236 1073 principio
1281 999 1545 1055 Verbum
1574 1001 1761 1055 Deum
1790 998 2070 1053 demons-

408 1094 542 1157 trat,
574 1104 680 1161 per
706 1105 890 1161 quem
920 1092 1120 1143 creata
1149 1092 1289 1142 sunt
1330 1087 1627 1143 universa.
1663 1086 1867 1142 Nullus
1891 1085 2069 1154 igitur

409 1193 603 1250 usque
633 1176 694 1233 in
714 1178 830 1232 hoc
854 1182 1091 1249 tempus
1115 1176 1191 1231 ad
1218 1176 1537 1231 Ecclesiam
1562 1174 1910 1246 liujusmodi
1935 1188 2069 1242 gus-

410 1269 504 1321 tus
530 1265 834 1321 suavitatis
865 1271 1240 1337 pervenerut,
1270 1269 1331 1319 ut
1354 1265 1414 1319 in
1439 1264 1577 1334 agni
1602 1261 2068 1319 mansuetudine

413 1354 655 1411 terribili
668 1369 806 1423 rege
828 1358 1038 1408 turmae
1060 1352 1345 1424 luporum
1363 1353 1713 1407 daemonum
1730 1350 2069 1421 effugeren-

414 1449 529 1513 tur,
556 1442 728 1513 cujus
759 1441 1078 1513 prazsentia
1100 1446 1387 1497 terrorem
1414 1442 1623 1496 incutit
1642 1440 1924 1496 omnibus
1955 1445 2067 1495 ter-

412 1532 573 1589 renis
604 1536 661 1586 et
685 1531 941 1586 ietheriis
971 1530 1365 1603 potestatibus
1394 1531 1499 1603 qui
1532 1531 1790 1600 tegmine
1824 1529 2069 1602 Spiritus

412 1620 606 1677 sancti
631 1619 780 1675 alios
806 1620 983 1675 vestit
1011 1624 1067 1675 et
1111 1619 1241 1691 ipse
1274 1619 1347 1674 de
1380 1619 1544 1675 nullo
1593 1619 1775 1675 habet
1799 1633 2069 1688 necesse,

2172 461 2323 516 odor
2352 460 2571 517 notitire
2591 477 2626 516 a
2648 460 2788 517 solis
2806 467 2941 516 ortu
2963 475 3151 533 usque
3175 458 3253 514 ad
3280 475 3567 514 occasum
3591 474 3859 514 omnem

2172 550 2473 607 mundum
2502 551 2856 623 impleverit.
2879 552 3022 616 Quas
3044 548 3201 604 intra
3216 565 3279 605 se
3305 564 3493 621 quam
3517 547 3717 604 aliam
3750 548 3859 603 ﬂa-

2173 641 2468 711 grantiam
2497 646 2691 713 potest
2723 640 2966 710 intelligi
2997 640 3319 707 continere,
3353 637 3467 694 nisi
3489 637 3723 695 Christi
3744 654 3857 692 no-

2174 730 2358 786 men?
2419 732 2497 785 De
2538 746 2662 803 quo
2715 730 3003 802 sequitur,
3062 751 3087 779 ‹‹
3142 731 3522 798 Unguentum
3578 726 3860 782 effusum

2173 836 2396 876 nomen
2426 823 2614 875 tuum.
2648 843 2675 869 ››
2697 820 2858 875 Sicut
2887 819 3049 874 enim
3080 818 3235 873 intra
3264 816 3729 872 multitudinem
3764 832 3860 870 ca-

2174 909 2464 965 daverum
2494 908 2870 981 putridorum
2888 907 3100 964 reclusi
3118 907 3418 973 homines,
3442 905 3671 961 morbo
3703 906 3863 978 peri-

2175 997 2472 1069 clitantur,
2502 996 2583 1053 ita
2618 996 3059 1053 habitatoribus
3090 996 3271 1066 hujus
3301 994 3515 1050 mundi
3554 1000 3863 1051 evenerat

2174 1102 2282 1160 per
2306 1086 2519 1153 Adam,
2553 1086 2848 1160 pluralem
2880 1086 3133 1142 deorum
3158 1099 3480 1139 numerum
3511 1081 3859 1140 inducente

2176 1174 2420 1231 diabolo
2450 1190 2550 1229 ore
2583 1175 2876 1247 serpentis
2909 1173 3165 1229 dicendo
3214 1191 3227 1228 :
3258 1194 3286 1222 «
3341 1172 3511 1227 Eritis
3572 1172 3743 1228 sicut
3776 1172 3861 1228 dii

2179 1267 2342 1337 (Gen.
2362 1266 2446 1337 ιι).
2469 1286 2493 1313 η
2517 1264 2857 1319 lntrodueto
2881 1267 3077 1318 autem
3104 1262 3281 1317 unius
3303 1261 3422 1316 veri
3449 1260 3548 1316 Dei
3565 1263 3859 1330 nomine,

2175 1370 2283 1427 per
2305 1353 2734 1410 incarnationis
2756 1352 3109 1426 mysterium
3132 1350 3437 1407 recondito
3482 1351 3544 1406 in
3583 1366 3858 1424 corpore

2176 1444 2440 1514 vasculo,
2457 1461 2580 1516 quo
2603 1443 2788 1499 fracto
2809 1443 3116 1498 clavorum
3131 1446 3186 1497 et
3202 1441 3428 1496 lanceae
3451 1440 3680 1496 ictibus
3703 1441 3860 1496 odo-

2178 1549 2240 1589 re
2256 1534 2385 1603 ejus
2411 1533 2629 1589 notitize
2675 1532 2872 1587 omnis
2920 1532 3069 1587 fetor
3109 1531 3425 1587 diabolicae
3447 1530 3755 1585 doctrinae
3780 1530 3857 1585 de

2179 1628 2302 1679 toto
2330 1622 2560 1677 mundo
2587 1622 2890 1677 abstersus
2916 1626 3020 1677 est.
3048 1624 3113 1677 Et
3130 1621 3277 1677 illud
3296 1636 3593 1691 magnum
3614 1636 3855 1675 nomen

411 1708 519 1781 qui
532 1707 607 1763 de
629 1707 873 1763 terrenis
893 1708 1148 1763 levatam
1164 1708 1241 1763 ad
1255 1707 1442 1763 Patris
1459 1708 1826 1763 consortium
1842 1706 2073 1761 ducunt
2112 1729 2152 1784 Β
2181 1711 2346 1784 quod
2376 1711 2437 1766 in
2467 1710 2594 1766 solo
2624 1710 2849 1782 populo
2878 1709 3053 1765 Israel
3097 1714 3224 1766 erat
3251 1713 3463 1766 notum
3514 1724 3627 1781 per
3653 1709 3855 1764 chris-

411 1812 521 1870 per
567 1796 763 1852 carnis
829 1796 1309 1869 assumptionem
1362 1795 1708 1863 Ecclesiam,
1754 1811 1893 1851 cum
1950 1810 2072 1867 qua

412 1888 613 1940 mente
642 1889 699 1940 et
725 1884 977 1940 materia
998 1901 1186 1940 unum
1200 1885 1444 1940 effectus
1467 1888 1572 1952 est,
1600 1884 1818 1939 sedens
1841 1884 1919 1940 ad
1937 1883 2074 1938 dex-

409 1979 602 2030 teram
630 1972 836 2044 Patris,
868 1990 1008 2028 cum
1031 1990 1155 2046 quo
1185 1979 1311 2028 erat
1334 1972 1395 2028 in
1424 1973 1719 2046 principio
1754 1977 1905 2029 Deus
1940 1988 2071 2028 ver-

412 2063 583 2117 bum.
618 2061 806 2132 Hujus
863 2076 1006 2131 ergo
1030 2062 1183 2117 lacte
1236 2061 1521 2118 doctrinae
1574 2061 1755 2118 vitam
1787 2067 2073 2117 aeternam

412 2149 839 2221 conferentem,
869 2150 1154 2223 praedicta
1184 2150 1372 2206 ubera
1400 2150 1628 2206 dilecta:
1654 2150 1924 2206 Ecclesiae
1947 2167 2076 2205 ma-

410 2239 622 2296 nantia
641 2239 856 2295 Christi
887 2240 1121 2295 Domini
1149 2239 1356 2307 nostri,
1389 2240 1463 2295 de
1496 2241 1671 2311 cujus
1699 2245 1937 2312 pectore
1957 2238 2075 2295 lac-

411 2333 507 2385 teo
532 2328 714 2384 vitam
746 2333 1053 2396 aeternam,
1109 2345 1295 2401 quam
1354 2328 1547 2385 Adam
1578 2329 1939 2401 perdiderat,
1968 2344 2076 2400 per

410 2417 737 2473 candorem
768 2416 1077 2485 doctrinae,
1106 2417 1396 2490 apostolis
1422 2416 1707 2487 infusam,
1735 2434 1871 2490 quae
1895 2417 1939 2471 si
1968 2432 2076 2489 per

410 2504 601 2561 ubera
624 2505 687 2561 in
707 2504 1095 2560 credentibus
1127 2506 1389 2578 suscepit
1412 2505 1692 2573 Ecclesia,
1712 2510 1767 2560 ct
1795 2504 1917 2560 suis
1937 2521 2075 2578 pos-

409 2594 570 2665 teris,
597 2593 770 2666 quasi
796 2609 871 2648 ex
900 2593 1053 2649 lacte
1079 2593 1370 2665 butyrum
1402 2594 1704 2663 effectum,
1756 2609 1865 2665 per
1892 2592 2074 2648 inter-

408 2681 807 2754 pretationem
848 2680 1141 2736 sermonis
1172 2680 1437 2752 quotidie
1463 2681 1730 2753 porrigit.
1765 2684 1914 2736 Nam
1960 2680 2077 2753 pri-

410 2785 584 2825 mum
614 2769 877 2825 continet
927 2774 1377 2825 sacramentum
1428 2785 1538 2842 per
1568 2768 1737 2825 lactis
1767 2774 2069 2837 naturam,

408 2856 473 2914 id
498 2862 586 2914 est
612 2858 759 2914 casti
787 2857 1105 2931 liquorem,
1140 2862 1203 2913 et
1232 2874 1373 2913 cum
1401 2858 1578 2914 fuerit
1625 2863 1751 2914 arte
1784 2859 2074 2915 subactus

407 2945 609 3020 liquor
636 2946 832 3002 reddit
851 2947 1141 3020 butyrum
1177 2964 1189 3002 :
1222 2946 1302 3002 iti
1338 2952 1394 3004 et
1421 2947 1514 3003 lac
1553 2947 1896 3021 apostolicae
1927 2946 2073 3003 doc-

410 3034 579 3091 trinae
608 3051 748 3091 cum
778 3035 1069 3092 invenerit
1106 3036 1485 3108 magistrum,
1536 3036 1803 3093 declarat
1829 3036 1985 3093 intra
2010 3053 2073 3092 se

409 3123 711 3180 continere
740 3124 1119 3181 individuam
1149 3126 1516 3183 Trinitatem.
1566 3126 1795 3192 Quibus
1828 3125 2075 3182 alimen-

406 3213 481 3271 tis
504 3214 619 3270 nisi
639 3213 1045 3271 indesinenter
1083 3232 1195 3271 usa
1234 3215 1412 3272 fuerit
1438 3216 1666 3283 anima,
1705 3231 1829 3271 non
1858 3215 2076 3289 poterit

404 3304 607 3360 vivere
648 3304 711 3359 in
738 3308 1046 3361 aeternum.
1098 3307 1289 3370 Quem
1321 3306 1527 3361 cibum
1580 3304 1844 3361 Ecclesia
1874 3303 1951 3360 de
1977 3321 2073 3360 su-

408 3391 693 3464 pradictis
733 3391 1020 3448 uberibus
1049 3392 1111 3448 in
1158 3394 1536 3466 baptismatis
1577 3394 1839 3467 suscepit
1869 3409 2071 3450 sacra-

410 3484 638 3549 mento,
672 3479 776 3535 ubi
815 3482 969 3537 trina
993 3481 1367 3538 confessione
1397 3483 1582 3539 Patris
1614 3488 1671 3539 et
1701 3483 1823 3538 Filii
1855 3488 1910 3539 et
1943 3483 2072 3556 Spi-

408 3568 558 3625 ritus
580 3567 768 3624 sancti
788 3568 1009 3625 notitiae
1038 3569 1286 3626 odorem
1315 3573 1638 3643 cognoscit,
1664 3588 1803 3628 cum
1834 3573 1887 3627 ei
1915 3588 2074 3645 saepe

410 3656 640 3714 dictum
677 3656 845 3730 quod
890 3658 1175 3715 doctrinas
1224 3659 1316 3715 lac
1377 3660 1708 3716 triformem
1762 3661 2076 3717 contulerit

409 3746 842 3819 redemptionis
875 3746 1226 3809 medullam.
1261 3748 1558 3821 liquorem
1589 3748 1808 3805 scilicet
1851 3749 2074 3823 baptis-

410 3836 590 3893 matis
618 3836 1142 3906 candidissimum,
1175 3854 1547 3911 suavemque
1576 3854 1826 3895 succum
1865 3855 2077 3912 corpo-

410 3924 492 3980 ris
518 3924 752 3992 Christi,
786 3930 842 3981 et
885 3926 1358 3998 pinguissimum
1387 3926 1698 3999 butyrum,
1758 3928 1910 3983 sacri
1941 3929 2076 3984 cha-

409 4012 672 4068 rismatis
701 4013 923 4084 oleum,
950 4031 1058 4086 per
1086 4015 1253 4087 quod
1276 4016 1526 4087 Spiritus
1549 4021 1791 4072 sanctus
1816 4016 2074 4072 infundi-

411 4103 528 4157 tur.
550 4101 630 4155 De
660 4117 783 4172 qua
803 4103 1191 4175 pinguedine,
1234 4104 1492 4161 Ecclesia
1522 4107 1582 4161 in
1621 4105 1739 4162 alio
1781 4107 2077 4180 Propheta

412 4187 769 4259 deprecatur
796 4190 1014 4245 animae
1038 4206 1162 4246 sua:
1183 4191 1479 4249 medullas
1508 4194 1743 4268 repleri,
1772 4194 2030 4252 dicendo
2055 4212 2069 4251 :

418 4298 449 4327 «
483 4276 644 4333 Sicut
671 4277 848 4350 adipe
880 4283 937 4334 ct
963 4279 1330 4351 pinguedine
1380 4283 1679 4356 repleatur
1705 4286 1910 4342 anima
1936 4302 2074 4341 mea

420 4364 609 4437 (Psal.
636 4370 787 4434 LXII).
819 4387 847 4416 »
879 4367 1059 4438 Cujus
1087 4369 1238 4426 odor
1268 4372 1568 4429 sauciatas
1594 4390 1629 4430 a
1659 4375 1919 4446 peccatis
1942 4374 2069 4430 ani-

2181 1800 2357 1855 matis
2380 1800 2739 1865 unctionem,
2770 1815 2930 1854 nunc
2952 1799 3127 1871 quasi
3158 1797 3348 1854 effuso
3377 1814 3519 1854 vase
3547 1801 3858 1869 unguenti

2180 1889 2242 1944 in
2269 1889 2453 1945 domo
2474 1893 2597 1944 tota
2626 1889 2847 1943 domus
2880 1888 3177 1961 repleatur
3198 1887 3404 1957 odore,
3435 1887 3517 1942 ita
3541 1891 3601 1943 et
3629 1902 3668 1942 a
3700 1892 3856 1943 tem-

2180 1994 2325 2051 pore
2355 1978 2652 2051 passionis
2705 1977 2941 2032 Domini
2979 1977 3165 2032 nostri
3217 1979 3353 2031 Jesu
3383 1976 3600 2032 Christi
3638 1976 3855 2032 omnis

2181 2068 2447 2123 mundus
2470 2068 2646 2123 unius
2677 2066 2796 2122 veri
2826 2065 2927 2121 Dei
2960 2065 3175 2121 Christi
3206 2066 3451 2121 nomine
3480 2065 3699 2121 notitia
3731 2065 3854 2121 im-

2182 2156 2377 2230 pletus
2409 2155 2720 2229 probatur,
2754 2160 2819 2211 ut
2863 2171 2972 2228 per
3001 2170 3213 2210 omnes
3241 2154 3517 2211 nationes
3565 2154 3854 2224 gentium

2181 2246 2448 2320 quotidie
2477 2245 2651 2319 quasi
2709 2244 2861 2300 odor
2899 2245 3209 2314 unguenti,
3263 2243 3547 2300 virtutum
3587 2244 3856 2299 recurrit

2183 2336 2519 2405 ﬂagrantia,
2537 2358 2565 2385 «
2589 2334 2735 2389 dum
2758 2333 2977 2390 mortui
2999 2333 3276 2389 invocato
3298 2333 3427 2403 ejus
3445 2331 3695 2388 nomine
3719 2347 3856 2387 sur-

2184 2430 2351 2495 gunt,
2375 2424 2516 2481 Cthi
2542 2423 2765 2491 vident,
2795 2421 2993 2477 claudi
3020 2420 3355 2486 ambulant,
3379 2420 3530 2476 muti
3573 2419 3852 2492 loquun-

2183 2519 2298 2582 tur,
2327 2532 2357 2566 ›
2388 2512 2729 2583 eﬂ'ugantur
2757 2511 3078 2577 daemonia,
3112 2509 3308 2566 omnis
3330 2507 3624 2577 (egritudo
3654 2508 3849 2576 cadit,

2184 2602 2420 2675 pellitur
2442 2600 2720 2671 languor,
2736 2599 2799 2655 in
2822 2600 3035 2655 virtute
3058 2599 3241 2671 hujus
3258 2598 3521 2655 nominis
3548 2597 3851 2654 invocati.

2186 2694 2329 2747 Ecce
2350 2690 2570 2764 quibus
2590 2688 2878 2745 odoribus
2895 2688 3130 2744 dilectio
3152 2703 3443 2759 amorque
3458 2686 3672 2743 Christi
3691 2686 3852 2743 ado-

2181 2778 2536 2835 lescentulas
2587 2777 2856 2834 ascendit
2899 2777 3159 2846 animas,
3214 2775 3435 2832 scilicet
3481 2774 3557 2830 de
3613 2775 3853 2847 quibus

2183 2884 2344 2925 nunc
2394 2868 2476 2924 ait
2533 2886 2547 2924 :
2602 2890 2629 2916 «
2665 2867 2803 2922 Ideo
2841 2866 3300 2923 adolescentulae
3331 2864 3665 2921 dilexerunt
3697 2869 3776 2920 te.
3813 2887 3846 2914 ››

2184 2958 2282 3014 His
2310 2956 2471 3013 enim
2524 2955 2870 3029 prtelibatis,
2931 2955 3011 3012 ad
3069 2955 3441 3027 superiorem
3496 2952 3847 3009 suavissimi

2183 3062 2428 3103 sensum
2448 3045 2709 3101 doctoris
2720 3044 3309 3116 regrediamur.Nam
3329 3041 3600 3115 sequitur
3617 3059 3632 3098 :
3648 3063 3676 3091 «
3701 3040 3848 3097 Ideo

2182 3134 2641 3191 adolescentulee
2662 3133 2997 3190 dilexerunt
3012 3138 3085 3189 te.
3110 3153 3137 3181 »
3161 3130 3316 3198 Quid
3333 3131 3449 3186 hoc
3464 3130 3527 3186 in
3543 3130 3678 3186 loco
3694 3129 3850 3187 ado-

2180 3223 2540 3280 lescentulas
2565 3222 2916 3297 accipimus,
2949 3221 3063 3277 nisi
3107 3220 3432 3276 electorum
3462 3219 3701 3276 animas
3730 3235 3850 3292 per

2180 3313 2554 3386 baptismum
2584 3312 2945 3367 renovatas?
2976 3312 3103 3367 Vita
3131 3309 3357 3383 quippe
3387 3307 3720 3382 peccatoris
3759 3305 3848 3363 ad

2182 3408 2440 3459 veterem
2468 3401 2779 3458 hominem
2808 3400 3082 3474 pertinet,
3108 3400 3235 3455 vita
3274 3399 3417 3469 justi
3471 3397 3550 3453 ad
3579 3412 3842 3453 novum.

2185 3491 2336 3559 Quia
2363 3506 2505 3561 ergo
2555 3495 2933 3560 unguentum
2964 3489 3124 3545 foras
3156 3504 3218 3545 se
3248 3486 3476 3555 effudit,
3536 3487 3601 3542 in
3629 3502 3846 3543 amore

2186 3596 2297 3636 suo
2337 3578 2815 3636 adolescentulas
2870 3578 3078 3634 ardere
3118 3576 3273 3647 fecit,
3325 3576 3469 3650 quia
3515 3580 3846 3632 renovatae

2182 3670 2417 3725 animas
2440 3668 2735 3725 desiderio
2767 3683 2879 3723 suo
2912 3668 3235 3738 ﬂagrantes
3266 3665 3555 3722 exhibuit.
3588 3666 3843 3722 Puerilis

2184 3763 2326 3815 tetas
2357 3758 2547 3814 amori
2578 3757 2837 3813 necdum
2871 3756 3164 3827 congruit.
3191 3759 3338 3812 Puer
3357 3760 3446 3811 est
3468 3754 3574 3827 qui
3595 3754 3730 3811 vitae
3750 3770 3847 3811 ar-

2182 3847 2378 3904 dentis
2410 3847 2675 3903 studium
2704 3846 2966 3902 necdum
2998 3846 3195 3918 coepit.
3231 3846 3422 3901 Senex
3462 3848 3551 3899 est
3578 3844 3685 3916 qui
3715 3861 3842 3900 cce-

2185 3941 2352 4009 perat
2381 3935 2647 4008 quidem,
2681 3935 2786 3991 sed
2808 3934 3001 3991 desiit.
3036 3935 3187 4000 Quia
3217 3948 3361 4003 ergo
3384 3948 3582 4005 neque
3613 3932 3676 3988 hi
3724 3933 3839 3990 ﬂa-

2185 4030 2359 4096 grant
2386 4024 2442 4080 in
2481 4022 2730 4081 Domino
2757 4022 2861 4097 qui
2891 4025 3153 4080 necdum
3180 4025 3513 4095 coeperunt,
3544 4037 3744 4095 neque
3774 4024 3839 4079 hi

2182 4114 2288 4188 qui
2301 4115 2430 4186 jam
2451 4114 2635 4169 ﬁdem
2659 4117 2988 4186 coeperunt,
3007 4111 3112 4169 sed
3129 4112 3482 4183 friguerunt,
3500 4112 3839 4184 postposita.

2182 4203 2395 4276 puerili
2417 4203 2505 4258 vel
2530 4202 2699 4258 senili
2717 4203 2854 4258 vita.
2876 4200 3349 4257 Adolescentulae
3374 4216 3608 4257 currere
3630 4201 3839 4255 dicun-

2184 4296 2295 4360 tur,
2326 4292 2387 4347 id
2417 4296 2502 4347 est
2533 4291 2645 4346 illae
2678 4291 2895 4346 animae
2926 4307 3060 4363 quae
3091 4290 3152 4345 iu
3182 4290 3314 4361 ipso
3343 4291 3573 4346 fervore
3608 4288 3836 4344 amoris

2183 4385 2340 4437 sunt.
2375 4380 2547 4447 Quod
2578 4385 2779 4437 tamen
2818 4379 3141 4449 intelligere
3174 4383 3231 4435 et
3281 4378 3451 4434 aliter
3478 4392 3836 4450 possumus.

417 4469 551 4509 mas
579 4456 913 4525 resuscitat,
946 4457 1119 4528 cujus
1150 4458 1360 4516 virtute
1387 4462 1772 4533 pinguedinis
1817 4463 1878 4518 in
1917 4479 2068 4535 prm-
2109 4447 2154 4503 D
2185 4471 2384 4525 Potest
2411 4470 2571 4524 enim
2611 4447 3120 4525 adolescentia—ad
3149 4447 3556 4524 inﬁrmitatem
3607 4462 3833 4522 referri.

417 4539 588 4597 dictis
614 4542 901 4600 uberibus
927 4544 1289 4604 absconsam
1315 4548 1719 4619 ﬂagrantiam,
1753 4564 1889 4624 quae
1937 4557 2075 4625 post

416 4630 624 4688 oscula
644 4638 927 4706 suscepta
946 4635 1289 4694 collaudare
1321 4642 1591 4711 sequenti
1616 4639 1864 4697 docetur
1884 4640 2071 4697 versi-

417 4719 572 4783 culo,
605 4720 848 4779 dicens:
906 4745 935 4774 «
986 4724 1324 4796 Flagrantia
1372 4731 1695 4800 unguentis
1750 4730 2011 4804 optimis.
2041 4751 2070 4780 »

416 4809 554 4865 Erat
577 4811 824 4883 quidem
844 4812 990 4871 boni
1011 4815 1237 4887 odoris,
1267 4817 1329 4873 id
1355 4824 1444 4876 est
1471 4819 1665 4876 meriti
1696 4825 2073 4892 unguentum

414 4897 561 4954 illud
589 4900 652 4955 in
682 4904 867 4958 Veteri
899 4907 1273 4964 Testamento
1317 4910 1608 4981 magistro
1660 4913 1780 4967 Deo
1829 4927 2075 4984 compo-

417 4986 621 5057 situm,
648 4990 722 5045 de
743 5008 865 5063 quo
891 4996 1275 5064 ungebantur
1305 5014 1495 5069 reges,
1532 5002 1862 5073 prophetie,
1893 5007 1948 5057 et
1974 5018 2071 5058 sa-

418 5074 708 5131 cerdotes.
741 5079 855 5136 Sed
883 5091 1178 5154 quantum
1210 5087 1389 5144 distat
1412 5091 1620 5145 vivens
1652 5091 1836 5147 homo
1890 5108 1926 5147 a
1952 5091 2074 5164 pic-

417 5166 553 5254 tura
588 5163 738 5221 fucis
767 5169 1037 5229 colorum
1068 5175 1272 5245 oblita,
1329 5183 1562 5235 tantum
1607 5179 1855 5237 interest
1904 5182 2072 5254 quod

415 5252 676 5310 Ecclesia
705 5258 953 5331 suscipit
980 5267 1352 5322 renascendo
1403 5268 1466 5324 in
1504 5270 1744 5342 Spiritu,
1803 5252 1977 5343 cujus
2006 5271 2073 5326 ﬁ-

413 5354 640 5434 guram
677 5348 1001 5420 Synagoga
1057 5356 1422 5428 suscipiebat
1463 5358 1525 5414 in
1583 5377 1854 5434 corpore,
1899 5361 2071 5432 cujus

413 5435 592 5529 tantae
618 5432 858 5529 fuerunt
886 5456 1000 5510 res,
1047 5449 1112 5500 ut
1140 5446 1236 5501 vix
1260 5446 1320 5502 in
1353 5464 1474 5504 una
1531 5432 1707 5520 gente
1760 5451 1969 5506 Judeea
2016 5455 2074 5505 et

412 5524 623 5585 paucis
642 5524 911 5583 tribuerit
942 5532 1371 5611 principatum.
1403 5538 1525 5594 Hoc
1550 5544 1753 5595 autem
1800 5540 2071 5595 Ecclesiae

414 5614 790 5699 u.Ilguentum
818 5619 1050 5678 tantum
1080 5624 1141 5681 in
1168 5643 1230 5681 se
1272 5629 1419 5698 gerit
1452 5630 1703 5699 virtutis,
1736 5629 2070 5698 ﬂagrantiae

412 5692 593 5747 simul
616 5701 673 5751 et
701 5702 1033 5776 medicinae,
1080 5719 1145 5783 ut
1199 5692 1415 5783 omnes
1467 5692 1775 5785 credentes
1819 5692 2068 5777 sanissi-

2180 4557 2474 4615 Juveniles
2515 4560 2741 4632 quippe
2788 4563 2988 4614 aetates
3020 4562 3161 4614 sunt
3197 4557 3437 4613 ordines
3479 4555 3836 4627 angelorum

2180 4648 2285 4720 qui
2338 4646 2503 4704 nulla
2561 4647 2860 4704 debilitate
2919 4647 3055 4702 victi
3086 4649 3242 4713 sunt,
3293 4644 3460 4700 nulla
3489 4643 3836 4700 infirmitate

2182 4736 2465 4809 superati.
2491 4736 2729 4792 Dicatur
2753 4752 2895 4807 ergo
2928 4752 2940 4791 :
2968 4758 2996 4785 «
3031 4736 3413 4804 Unguentum
3441 4732 3696 4789 effusum
3728 4748 3834 4788 no-

2180 4842 2322 4883 men
2352 4831 2545 4895 tuum,
2574 4826 2710 4882 ideo
2746 4824 3207 4882 adolescentulae
3238 4822 3578 4879 dilexerunt
3604 4827 3681 4891 te,
3711 4840 3742 4874 ›
3772 4821 3835 4877 id

2180 4921 2271 4974 est
2298 4933 2407 4990 per
2433 4916 2909 4973 incarnationem
2940 4920 3105 4970 tuam
3143 4912 3418 4969 notitiam
3473 4912 3731 4968 exterius
3759 4910 3836 4967 ef-

2180 5006 2383 5063 fudisti
2408 5024 2420 5061 :
2445 5006 2667 5061 idcirco
2688 5004 2940 5060 inﬁrmae
2960 5004 3179 5060 animae
3200 5007 3479 5057 naturam
3500 5001 3833 5057 humanam

2179 5096 2425 5167 diligere
2455 5094 2801 5168 praevalent.
2844 5094 2959 5148 lllie
2990 5093 3215 5165 quippe
3256 5092 3502 5147 virtutes
3558 5105 3836 5157 summae,

2180 5187 2356 5259 quasi
2382 5190 2585 5242 aetates
2606 5184 2902 5256 juveniles
2933 5184 3112 5239 etiam
3140 5183 3223 5239 ibi
3244 5187 3298 5238 te
3327 5181 3607 5251 diligunt,
3629 5179 3731 5235 ubi
3759 5179 3839 5235 ef-

2180 5275 2350 5331 fusus
2379 5290 2504 5331 non
2529 5291 2612 5342 es,
2640 5274 2784 5346 quia
2806 5279 2864 5330 et
2891 5274 2974 5329 ibi
3004 5278 3058 5328 te
3081 5272 3308 5341 vident,
3333 5270 3438 5326 ubi
3464 5270 3523 5325 in
3558 5273 3717 5325 statu
3747 5269 3834 5325 di-

2180 5362 2441 5419 vinitatis
2472 5369 2586 5419 tute
2618 5369 2673 5418 te
2700 5364 2990 5418 contines.
3026 5362 3135 5427 Qui
3167 5376 3309 5430 ergo
3334 5361 3413 5415 ab
3433 5358 3550 5414 illis
3584 5360 3836 5414 summis

2181 5452 2494 5508 ordinibus
2515 5451 2687 5524 quasi
2716 5468 2751 5506 a
2776 5449 3147 5521 juvenilibus
3179 5448 3455 5505 aetatibus
3487 5447 3671 5502 etiam
3717 5463 3833 5503 non

2181 5542 2407 5596 effusus
2436 5540 2656 5596 videris
2690 5542 2946 5595 exterius
2982 5544 3224 5611 propter
3254 5537 3532 5593 homines
3568 5536 3839 5592 effunde-

2180 5630 2281 5696 ris,
2315 5634 2376 5684 ut
2406 5630 2587 5685 etiam
2613 5629 2691 5684 ab
2721 5627 3201 5694 adolescentulis,
3236 5625 3296 5681 id
3328 5628 3419 5681 est
3474 5622 3554 5680 ab
3586 5624 3843 5681 infirmis

2181 5719 2488 5776 mentibus
2515 5719 2803 5791 diligaris.
2839 5719 3137 5792 Sequitur.
