3968 6404
101 261 206 314 569

1316 257 1572 313 ENARR.
1617 256 1684 310 IN
1725 253 2026 311 CANTICA
2064 252 2340 310 CANTIC.

3447 256 3554 313 570

166 404 197 432 «
232 379 431 437 Trahe
462 395 580 435 me.
611 399 642 433 ›
684 379 891 436 Omnis
921 375 1025 454 (χῶ
1051 380 1304 436 trahitur
1352 385 1454 437 aut
1493 395 1618 435 non
1663 394 1770 433 va-
1802 381 1848 433 A
1888 377 2035 433 situs
2069 377 2417 434 charitatem
2447 377 2650 445 habet,
2701 377 2879 450 quasi
2926 377 2990 434 in
3039 377 3304 434 tricliniis
3343 379 3553 436 deam-

95 473 248 542 lens,
282 475 386 527 aut
418 486 544 525 non
573 469 805 538 volens,
838 470 1059 526 invitus
1091 471 1383 526 educitur.
1418 471 1530 526 Sed
1558 469 1663 542 qui
1687 468 1773 522 di-

96 561 190 628 cit,
247 560 417 615 trahe
477 575 596 627 me,
648 557 832 614 habet
881 558 1112 632 aliquid
1159 559 1327 632 quod
1373 558 1550 628 valet,
1593 557 1776 612 habet

95 647 324 722 aliquid
352 647 520 720 quod
551 663 675 703 non
707 647 882 703 valet.
919 651 1140 704 Natura
1171 649 1444 704 humana
1467 646 1635 720 sequi
1660 649 1772 701 Do-

94 739 328 794 minum
359 738 507 806 vult,
561 737 670 793 sed
698 738 1063 794 inﬁrmitatis
1112 738 1546 793 consuetudine
1600 751 1774 808 supe-

93 834 241 888 rata,
279 825 433 882 sicut
463 825 643 882 debet
687 827 856 899 sequi
886 843 1008 882 non
1061 827 1362 899 praevalet.
1413 825 1586 880 Videt
1632 839 1773 894 ergo

97 916 260 972 aliud
285 916 346 971 in
379 931 443 971 se
475 931 604 970 esse
629 931 753 988 quo
784 915 990 982 tendit,
1021 915 1185 971 aliud
1232 916 1294 971 in
1338 932 1400 971 se
1430 931 1558 970 esse
1607 913 1774 986 quod

95 1021 217 1061 non
246 1004 428 1073 valet,
461 1010 518 1061 et
547 1010 704 1060 recte
730 1004 893 1074 dicit,
927 1005 1094 1060 trahe
1115 1021 1232 1061 me.
1263 1005 1444 1071 Quasi
1471 1003 1774 1060 volentem

96 1111 204 1150 nec
259 1093 562 1150 valentem
617 1111 682 1149 se
736 1093 974 1149 viderat
1029 1093 1254 1150 Paulus
1313 1110 1454 1149 cum
1504 1093 1771 1149 diceret:

98 1207 125 1235 ‹‹
151 1187 340 1241 Mente
370 1183 568 1240 servio
597 1182 715 1253 legi
748 1183 868 1251 Dei,
903 1198 1083 1238 carne
1129 1188 1333 1240 autem
1377 1182 1494 1252 legi
1545 1180 1777 1255 peccati

98 1276 288 1343 (Rom.
317 1273 456 1344 vu);
493 1295 521 1322 ››
553 1277 609 1328 et
641 1290 654 1328 :
686 1294 713 1322 «
742 1272 930 1328 Video
957 1272 1137 1328 aliam
1169 1272 1366 1342 legem
1394 1273 1458 1327 in
1486 1270 1776 1326 membris

99 1363 243 1418 meis
271 1366 716 1434 repugnantem
746 1360 860 1430 legi
891 1361 1106 1417 mentis
1148 1377 1300 1418 mete
1340 1362 1542 1433 (Ibid).
1566 1383 1592 1410 »
1626 1360 1778 1425 Quia

98 1468 237 1520 ergo
266 1457 357 1507 est
381 1451 610 1523 aliquid
657 1451 824 1525 quod
852 1467 964 1506 nos
998 1451 1227 1515 incitat,
1262 1450 1426 1506 aliud
1451 1450 1618 1523 quod
1643 1465 1776 1520 gra-

97 1545 214 1603 vat.
255 1541 535 1596 dicamus
564 1556 578 1594 :
630 1562 657 1589 «
689 1539 888 1596 Trahe
917 1556 1050 1608 me;
1101 1544 1238 1612 post
1269 1545 1322 1595 te
1355 1555 1667 1595 curremus
1713 1537 1775 1593 in

101 1652 128 1679 «
165 1629 351 1685 odore
376 1633 831 1699 unguentorum
853 1633 1116 1684 tuorum.
1150 1650 1178 1678 »
1211 1632 1276 1684 In
1303 1629 1488 1684 odore
1506 1642 1779 1697 unguen-

98 1725 290 1773 torum
319 1717 424 1772 Dei
453 1716 775 1786 currimus,
807 1733 947 1772 cum
977 1715 1155 1772 donis
1186 1716 1316 1787 ejus
1365 1715 1774 1788 spiritualibus
1807 1737 1847 1790 Β

99 1806 298 1873 afﬂati,
333 1807 397 1861 in
430 1822 700 1862 amorem
733 1805 982 1861 visionis
1012 1807 1145 1877 ejus
1196 1805 1525 1861 inhiamus.
1574 1805 1776 1862 Scien-

99 1896 238 1953 dum
272 1911 417 1951 vero
444 1900 552 1961 est,
581 1895 727 1968 quia
755 1895 816 1950 in
843 1911 915 1951 eo
947 1895 1115 1968 quod
1158 1895 1436 1950 homines
1468 1897 1658 1950 Deum
1689 1910 1779 1949 se-

98 1988 384 2060 quuntur,
413 1984 746 2057 aliquando
777 1985 1115 2054 ambulant,
1147 1984 1478 2057 aliquando
1506 1990 1774 2052 currunt,

100 2074 429 2148 aliquando
461 2074 689 2131 fortiter
718 2079 986 2146 currunt,
1020 2075 1200 2148 quasi
1228 2079 1370 2148 post
1399 2076 1608 2130 Deum.
1638 2078 1778 2130 Am-

99 2163 261 2220 bulat
288 2164 397 2236 qui
425 2163 620 2236 tepide
651 2164 945 2236 sequitur.
979 2164 1171 2221 Currit
1199 2164 1306 2236 qui
1354 2163 1646 2219 ferventer
1687 2179 1778 2219 se-

101 2254 324 2326 quitur.
405 2252 664 2309 Perfecte
732 2252 948 2323 currit,
1006 2255 1110 2326 qui
1176 2257 1629 2326 perseveranter
1691 2268 1778 2307 se-

100 2342 314 2414 quitur.
368 2341 686 2398 Immobile
733 2342 898 2398 enim
940 2347 1070 2398 erat
1115 2357 1218 2398 cor
1266 2341 1344 2397 ad
1394 2341 1774 2414 sequendum

102 2433 304 2498 Deum,
333 2436 394 2486 et
418 2435 556 2502 post
583 2446 724 2487 eum
764 2430 1079 2487 ambulare
1101 2430 1367 2495 nolebat,
1390 2447 1529 2486 cum
1547 2431 1774 2486 adven-

103 2527 190 2576 tus
211 2521 454 2577 Domini
476 2519 538 2575 in
559 2519 792 2576 mundo
815 2521 1117 2594 apparuit,
1142 2525 1200 2576 et
1220 2521 1298 2576 ab
1315 2520 1645 2576 insensibili
1663 2537 1776 2578 sua

104 2614 345 2666 statione
396 2610 704 2665 humanas
749 2616 981 2666 mentes
1028 2611 1234 2666 movit.
1288 2610 1454 2666 Unde
1483 2610 1776 2683 scriptum

103 2705 186 2756 est
211 2717 222 2756 :
256 2723 282 2748 ‹‹
308 2699 499 2756 Pedes
522 2700 652 2770 ejus
673 2704 980 2768 steterunt,
1004 2704 1062 2756 et
1082 2704 1247 2756 mota
1276 2705 1368 2756 est
1397 2703 1551 2755 terra
1581 2701 1773 2768 (Psal.

107 2794 230 2858 ενι).
255 2813 284 2840 »ι
317 2789 421 2845 His
465 2793 668 2845 autem
716 2805 840 2846 non
871 2793 1097 2860 motus,
1139 2789 1247 2845 sed
1297 2805 1509 2845 cursus
1539 2789 1774 2857 dicitur,

105 2879 242 2950 quia
289 2894 418 2935 non
465 2876 685 2934 sufﬁcit
723 2883 787 2933 ut
826 2894 1176 2951 sequamur,
1207 2878 1321 2934 nisi
1346 2878 1526 2934 etiam
1551 2877 1780 2934 deside-

106 2967 292 3024 rando
331 2982 675 3024 curramus.
700 2968 851 3031 Quia
878 2984 1022 3024 vero
1053 2984 1250 3040 neque
1273 2983 1509 3024 currere
1537 2966 1777 3038 sufﬁcit,

1884 465 2073 522 bulat.
2101 467 2245 523 Lata
2274 473 2364 524 est
2393 468 2553 523 enim
2585 468 2844 523 charitas
2869 483 3004 540 quae
3035 483 3229 540 usque
3259 467 3338 524 ad
3361 468 3556 524 inimi-

1886 571 2097 611 corum
2147 556 2526 612 dilectionem
2575 555 2934 612 extenditur.
2982 556 3188 613 Omnis
3231 556 3338 629 qui
3364 556 3425 612 in
3454 560 3557 613 Ec-

1885 644 2065 701 clesia
2083 645 2334 718 positus,
2371 647 2500 718 jam
2539 645 2823 702 sublimia
2860 645 3113 701 rimatur
3150 650 3395 716 secreta,
3423 646 3553 718 jam

1885 734 2331 807 ocultajudicia
2377 735 2738 802 considerat,
2766 735 2942 807 quasi
2970 735 3032 791 in
3076 734 3424 791 cubiculum
3470 736 3556 792 in-

1886 825 2082 881 trabit.
2140 827 2220 881 De
2263 830 2439 898 porta
2483 825 2704 881 domus
2749 826 2918 881 istius
2961 825 3200 880 dicebat
3251 825 3499 897 quidam
3536 841 3550 881 :

1887 916 2172 987 «Aperite
2216 915 2362 971 mihi
2403 920 2608 988 portas
2651 915 2935 986 justitize;
2991 915 3303 985 ingressus
3322 915 3402 985 [in
3449 932 3554 973 eas

1886 1003 2219 1059 conﬁtebor
2239 1003 2492 1059 Domino
2509 1004 2637 1071 (Ps.
2657 1004 2852 1074 cxvn).
2881 1026 2909 1053 »
2936 1003 3016 1059 De
3042 1018 3300 1059 ascensu
3326 1003 3452 1076 spei
3467 1002 3555 1059 di-

1872 1090 2099 1149 'cebat:
2154 1113 2184 1146 ‹
2226 1096 2526 1148 Ascensus
2576 1093 2637 1147 in
2687 1092 2867 1148 corde
2925 1107 3036 1148 suo
3083 1092 3380 1165 disposuit
3425 1093 3553 1164 (Ps.

1886 1186 2146 1250 Lxxxm).
2179 1200 2210 1234 ›
2262 1184 2340 1237 De
2371 1181 2637 1237 tricliniis
2664 1181 2798 1236 latis
2827 1180 3048 1237 domus
3075 1181 3245 1237 istius
3290 1181 3506 1238 dicitur
3536 1199 3550 1237 :

1889 1293 1917 1320 ‹‹
1951 1274 2159 1327 Latum
2190 1271 2550 1326 mandatum
2579 1275 2750 1325 tuum
2777 1269 2962 1325 nimis
3004 1271 3128 1337 (Ps.
3160 1271 3373 1340 cxvui).
3409 1292 3439 1320 »
3489 1273 3553 1325 In

1887 1361 2176 1416 mandato
2202 1360 2344 1428 lato,
2371 1358 2706 1431 specialiter
2759 1359 3019 1414 charitas
3066 1358 3438 1428 designatur.
3473 1360 3554 1414 De

1887 1450 2166 1506 cubiculo
2203 1450 2360 1520 regis
2407 1448 2770 1521 loquebatur
2815 1447 2922 1520 qui
2966 1447 3247 1503 dicebat:
3294 1469 3321 1497 ‹‹
3358 1449 3555 1504 Secre-

1887 1545 2015 1596 tum
2042 1555 2247 1595 meum
2275 1538 2421 1594 mihi
2449 1538 2590 1608 (Isa.
2613 1537 2798 1605 xxxv).
2825 1559 2854 1586 ι)
2877 1539 2944 1592 Et
2965 1535 3147 1592 alias:
3181 1561 3209 1586 «ι
3234 1534 3446 1590 Audivi
3465 1551 3557 1591 ar-

1887 1645 2042 1685 cana
2070 1628 2256 1684 verba
2285 1643 2423 1700 quae
2476 1642 2601 1682 non
2644 1627 2780 1682 licet
2828 1625 3060 1681 homini
3088 1624 3256 1698 loqui
3286 1625 3378 1696 (ΙῙ
3417 1629 3553 1681 Cor.

1886 1719 2009 1790 xu).
2047 1741 2073 1767 ››
2102 1719 2337 1774 Primus
2367 1733 2510 1786 ergo
2541 1715 2738 1772 aditus
2784 1715 3008 1771 domus
3038 1715 3232 1784 istius,
3281 1719 3456 1788 porta
3485 1713 3557 1768 ﬁ-

1885 1808 2015 1876 dei;
2051 1807 2354 1862 secundus
2395 1809 2739 1878 provectus,
2774 1819 3062 1859 ascensus
3109 1804 3274 1876 spei;
3325 1802 3553 1870 tertius,

1883 1896 2135 1952 latitudo
2162 1894 2470 1951 charitatis
2498 1911 2512 1961 ;
2540 1897 2795 1966 quartus
2823 1892 2952 1963 jam
2990 1891 3274 1963 perfectio
3307 1891 3560 1947 charita-

1885 1986 1959 2043 tis
1991 1989 2083 2042 est
2111 1985 2190 2042 ad
2221 1983 2627 2053 cognitionem
2659 1986 3025 2037 secretorum
3066 1980 3186 2036 Dei.
3217 1980 3368 2046 Quia
3411 1994 3556 2049 ergo

1885 2079 2096 2132 sancta
2112 2073 2370 2130 Ecclesia
2395 2073 2455 2129 in
2483 2071 2772 2128 membris
2802 2071 2926 2126 suis
2956 2069 3254 2142 perfectis,
3302 2069 3365 2125 in
3415 2083 3557 2124 san-

1885 2166 1993 2222 ctis
2030 2163 2398 2234 doctoribus,
2430 2162 2491 2218 in
2535 2162 2620 2218 eis
2671 2160 2777 2234 qui
2822 2161 2954 2230 jam
2999 2159 3161 2232 pleni
3208 2162 3266 2215 et
3305 2157 3558 2215 radicati

1887 2258 2028 2309 sunt
2054 2253 2115 2308 in
2164 2251 2462 2324 mysteriis
2507 2250 2629 2314 Dei,
2681 2248 2857 2322 quasi
2900 2247 2980 2304 ad
3018 2246 3302 2303 sublimia
3331 2250 3559 2303 secreta

1884 2343 2175 2417 pervenit,
2204 2346 2261 2397 et
2303 2341 2504 2397 adhuc
2525 2340 2588 2395 in
2615 2339 2733 2394 ista
2761 2339 2882 2394 vita
2928 2336 3143 2410 posita,
3172 2336 3304 2407 jam
3332 2334 3434 2391 illa
3461 2350 3556 2408 pe-

1886 2438 2100 2503 netrat,
2131 2431 2313 2487 dicit:
2359 2453 2386 2480 «
2420 2429 2752 2485 Introduxit
2797 2443 2894 2484 me
2946 2443 3052 2483 rex
3102 2427 3165 2481 in
3209 2424 3556 2481 cubiculum

1887 2539 2087 2578 suum.
2143 2544 2171 2573 «
2202 2524 2310 2578 Per
2354 2519 2682 2593 prophetas
2725 2517 2909 2587 enim,
2936 2532 3047 2589 per
3091 2514 3419 2589 apostolos,
3450 2529 3560 2587 per

1886 2613 2182 2683 doctores,
2215 2611 2318 2684 qui
2350 2611 2412 2666 in
2441 2609 2554 2666 ista
2581 2609 2704 2664 vita
2741 2607 2940 2681 positi,
2969 2607 3099 2678 jam
3153 2605 3437 2661 sublimia
3465 2619 3557 2660 se-

1888 2707 2049 2757 creta
2077 2700 2236 2756 illius
2267 2698 2400 2755 vitae
2429 2696 2849 2771 penetrabant,
2900 2693 3162 2750 Ecclesia
3208 2694 3271 2748 in
3318 2691 3560 2747 cubicu-

1886 2792 2016 2849 lum
2038 2790 2196 2861 regis
2217 2789 2375 2845 illius
2395 2788 2671 2859 ingressa
2686 2785 2897 2841 fuerat.
2924 2787 2991 2841 Et
3011 2788 3183 2840 caute
3201 2780 3560 2839 intuendum

1888 2885 2000 2949 est,
2032 2879 2177 2952 quia
2201 2893 2324 2934 non
2343 2875 2484 2932 dicit
2507 2875 2570 2930 in
2597 2873 2945 2931 cubiculum
2969 2871 3197 2946 sponsi,
3230 2870 3337 2928 sed
3367 2869 3429 2926 in
3459 2885 3562 2924 cu-

1889 2968 2161 3026 biculum
2188 2967 2364 3036 regis.
2400 2964 2785 3021 Nominando
2814 2962 2976 3018 enim
3006 2977 3232 3031 regem,
3282 2974 3560 3016 reveren-

106 3056 213 3111 nisi
243 3056 426 3146 etiam
481 3055 742 3146 perfecte
787 3061 1080 3146 curratur,
1130 3056 1348 3112 Paulus
1387 3056 1528 3112 dicit
1561 3073 1574 3112 :
1631 3078 1658 3105 ‹‹
1686 3056 1780 3112 Sic
1811 3093 1852 3146 ο
1891 3059 2038 3114 tiam
2070 3061 2436 3112 secretorum
2462 3053 2591 3108 vult
2615 3051 2951 3146 ostendere,
2983 3050 3131 3122 quia
3156 3048 3409 3146 quando
3456 3063 3563 3120 pa-

110 3144 318 3201 currite
357 3150 426 3200 ut
464 3144 995 3217 comprehendatis
1028 3145 1216 3216 (Rom.
1257 3146 1351 3216 ix).
1388 3167 1417 3194 »
1470 3144 1584 3200 Sed
1626 3159 1779 3200 non-

108 3233 247 3289 nulli
287 3234 440 3290 dum
473 3233 656 3289 nimis
705 3238 974 3304 currunt,
1021 3234 1084 3289 in
1110 3232 1600 3289 indiscretionem
1629 3233 1780 3288 dila-

108 3322 342 3378 buntur.
375 3321 520 3378 Plus
569 3321 730 3377 enim
769 3338 958 3394 quam
1007 3338 1252 3378 necesse
1299 3327 1389 3377 est
1431 3321 1692 3393 sapiunt,
1725 3325 1784 3377 et

109 3412 231 3482 ejus
253 3427 440 3484 quem
475 3409 887 3482 sequebantur
911 3409 1142 3482 judicia
1185 3414 1579 3484 postponunt.
1615 3408 1781 3465 Unde

107 3499 252 3556 bene
269 3517 409 3556 cum
427 3499 728 3556 diceretur
758 3515 1092 3567 curramus,
1116 3499 1504 3572 pramissum
1521 3503 1627 3568 est,
1643 3504 1780 3569 post

111 3595 178 3646 te.
207 3592 339 3645 Post
355 3590 551 3645 Deum
593 3588 756 3644 enim
795 3594 1064 3660 currunt,
1097 3589 1202 3662 qui
1232 3589 1363 3659 ejus
1384 3587 1613 3660 judicia
1642 3603 1782 3644 con-

112 3677 386 3748 siderant,
419 3678 558 3748 ejus
606 3676 980 3733 voluntatem
1029 3693 1152 3733 sua:
1184 3677 1528 3750 praeferunt,
1561 3681 1619 3732 et
1647 3692 1782 3749 per-

111 3768 303 3824 venire
343 3769 424 3824 ad
457 3783 602 3824 eum
645 3767 763 3823 sub
802 3767 991 3838 digna
1019 3767 1368 3840 operatione
1398 3783 1538 3823 cum
1569 3767 1786 3822 discre-

113 3855 260 3911 tione
290 3855 688 3912 contendunt.
743 3856 892 3911 Hinc
943 3855 1237 3928 Propheta
1283 3855 1652 3911 voluntatem
1683 3854 1786 3910 Dei

112 3945 524 4015 considerans,
556 3949 614 4000 et
643 3959 904 4017 sequens
928 3945 1041 4001 ait:
1075 3967 1103 3996 «
1127 3943 1394 4000 Adhaesit
1422 3944 1628 4001 anima
1648 3959 1786 4000 mea

113 4037 245 4105 post
271 4037 325 4090 te
353 4036 478 4105 (Ps.
505 4033 703 4104 Lxxu).
731 4055 760 4083 »
783 4033 886 4088 Hic
908 4035 1083 4089 Petro
1113 4033 1432 4089 consilium
1458 4032 1625 4089 danti
1645 4031 1787 4088 dici-

116 4129 235 4178 tur:
274 4144 294 4176 ι
326 4123 475 4180 Redi
507 4127 646 4195 post
674 4138 794 4192 me,
829 4124 1102 4179 Satanas.
1125 4121 1432 4180 Nonenim
1455 4122 1618 4194 sapis
1646 4135 1784 4194 qum

117 4211 209 4267 Dei
235 4218 392 4281 sunt,
426 4211 540 4268 sed
562 4227 700 4284 qua:
745 4211 1067 4267 hominum
1120 4211 1358 4283 (Matth.
1405 4212 1544 4282 xvi).
1573 4232 1600 4260 »
1634 4210 1786 4276 Quia

118 4316 252 4370 ergo
299 4302 582 4375 perfectae
628 4300 848 4357 animae
879 4316 1122 4356 summa
1148 4298 1380 4356 cautela
1430 4299 1531 4355 Dei
1555 4299 1786 4370 judicia

120 4396 489 4459 contuentur,
513 4395 572 4447 et
597 4406 795 4462 neque
816 4406 924 4463 per
952 4394 1280 4462 torporem,
1333 4403 1530 4461 neque
1555 4401 1664 4461 per
1692 4389 1783 4444 in-

1891 3153 2023 3203 tens
2055 3151 2146 3201 est
2175 3143 2544 3207 cubiculum,
2577 3145 2744 3197 tanto
2773 3139 2970 3210 major
2997 3143 3088 3193 est
3116 3136 3447 3193 reverentia
3466 3151 3564 3191 ex-

1891 3235 2158 3292 hibenda
2180 3235 2275 3290 his
2308 3233 2388 3290 ad
2412 3249 2549 3305 quae
2570 3231 2824 3286 intratur
2855 3245 2869 3283 :
2898 3243 2974 3284 ne
3003 3241 3147 3296 ergo
3168 3224 3319 3281 dum
3345 3239 3544 3295 cogno

1893 3326 2000 3382 scit
2029 3329 2255 3381 secreta
2277 3323 2376 3378 Dei
2409 3319 2846 3392 unusquisque,
2878 3317 3027 3373 dum
3057 3313 3292 3372 occulta
3331 3313 3562 3386 judicia

1890 3415 2162 3474 rimatur.
2196 3412 2345 3468 dum
2395 3411 2472 3467 ad
2503 3408 2786 3466 sublimia
2829 3403 3350 3477 contemplationis
3395 3402 3564 3474 erigi-

1891 3507 2009 3572 tur,
2042 3501 2357 3558 extollatur
2385 3505 2442 3556 et
2469 3499 2528 3554 in
2562 3496 2909 3570 superbiam
2935 3493 3260 3564 dilabatur,
3287 3491 3446 3562 regis
3474 3491 3563 3546 di-

1893 3592 2043 3649 citur
2065 3590 2410 3647 cubiculum
2436 3589 2676 3644 intrare.
2702 3585 2810 3641 Cui
2832 3589 2997 3641 tanto
3018 3583 3216 3654 major
3231 3579 3566 3638 reverentia

1893 3680 2235 3737 exhibenda
2287 3683 2396 3745 est,
2453 3680 2683 3750 quanto
2735 3674 2933 3744 magis
2974 3673 3178 3728 anima
3222 3671 3300 3727 ad
3345 3683 3566 3739 cogno-

1894 3771 2118 3827 scenda
2147 3770 2278 3841 ejus
2320 3771 2546 3824 secreta
2598 3765 2856 3830 ducitur,
2898 3768 2962 3818 ut
2992 3759 3410 3833 unusquisque
3457 3756 3565 3829 qui

1893 3859 2150 3932 proficit,
2175 3859 2280 3931 qui
2304 3857 2432 3928 jam
2465 3854 2760 3910 exaltatus
2801 3867 2910 3924 per
2937 3849 3212 3921 gratiam,
3261 3847 3340 3902 ad
3384 3844 3567 3901 subli-

1893 3948 2018 4003 mia
2044 3952 2270 4004 secreta
2299 3943 2589 4016 pervenit,
2625 3941 2894 4012 seipsum
2925 3936 3213 4000 attendat,
3244 3939 3302 3990 et
3324 3950 3398 3990 ex
3428 3935 3565 4005 ipso

1893 4035 2164 4108 profectu
2193 4033 2453 4106 amplius
2482 4029 2844 4086 humilietur.
2873 4025 3038 4083 Unde
3058 4035 3114 4080 et
3135 4021 3398 4079 Ezechiel
3417 4036 3569 4094 quo-

1895 4129 2006 4184 ties
2037 4125 2116 4181 ad
2147 4121 2429 4178 sublimia
2460 4116 2930 4190 contemplanda
2959 4114 3225 4179 ducitur,
3253 4111 3436 4168 Filius
3459 4111 3567 4166 ho-

1894 4211 2075 4271 minis
2126 4215 2395 4267 vocatur.
2453 4213 2534 4264 Ac
2589 4207 2637 4262 si
2668 4206 2721 4262 ei
2750 4204 2985 4260 dicatur
3016 4220 3030 4258 :
3064 4201 3315 4258 Attende
3365 4203 3568 4256 autem

1896 4301 2064 4376 quod
2093 4317 2177 4370 es,
2208 4304 2267 4355 et
2295 4315 2417 4354 non
2439 4295 2742 4353 extollaris
2771 4293 2846 4350 de
2866 4293 2960 4349 his
2981 4291 3059 4348 ad
3091 4308 3228 4365 qua;
3259 4287 3565 4346 attolleris.

1899 4390 2011 4446 Sed
2041 4403 2378 4462 paucorum
2417 4389 2506 4441 est
2531 4385 2595 4440 in
2622 4382 2883 4439 Ecclesia
2920 4382 3034 4438 ista
3074 4379 3358 4436 sublimia
3385 4381 3443 4432 et
3470 4392 3571 4432 oc-

120 4480 433 4538 discretum
454 4482 755 4537 fervorem
771 4479 1100 4553 praevenire
1120 4483 1509 4552 praesumunt,
1529 4478 1680 4533 bene
1702 4477 1786 4533 di-
1817 4455 1859 4508 θ
1900 4455 2063 4536 culta
2087 4477 2189 4534 Dei
2214 4476 2442 4548 judicia
2465 4473 2672 4529 rimari
2697 4477 2755 4528 et
2783 4468 3295 4543 comprehendere
3321 4483 3334 4522 :
3365 4471 3571 4522 tamen

121 4568 304 4626 citur:
337 4593 365 4619 «ι
407 4573 544 4626 Post
592 4574 647 4625 te
686 4585 999 4624 curremus
1041 4569 1104 4623 in
1130 4567 1315 4624 odore
1337 4571 1785 4638 unguentorum

121 4664 372 4716 tuorum.
400 4684 428 4710 ››
457 4663 624 4716 Tunc
645 4659 808 4715 enim
827 4664 967 4731 post
991 4660 1178 4714 Deum
1202 4657 1519 4720 currimus,
1537 4656 1788 4729 quando

123 4751 174 4801 et
201 4750 466 4805 amando
517 4747 848 4820 sequimur,
899 4751 959 4803 et
1003 4746 1268 4803 timendo
1312 4746 1518 4802 divina
1558 4745 1790 4816 judicia

123 4840 543 4907 praevenimus.
571 4837 851 4910 Sequitur
873 4853 886 4891 :
913 4859 940 4886 ‹‹
962 4836 1295 4892 Introduxit
1314 4851 1412 4892 me
1433 4849 1535 4891 rex
1556 4835 1618 4891 in
1640 4857 1669 4884 «
1690 4851 1789 4891 cu-

125 4946 150 4972 «
181 4924 446 4982 biculum
471 4943 672 4995 suum,
692 4926 1128 4983 exsultabimus
1149 4931 1207 4982 et
1224 4925 1564 4981 laetabimur
1582 4925 1731 4981 inte.
1759 4946 1788 4974 »

127 5016 382 5073 Ecclesia
433 5017 537 5073 Dei
586 5018 766 5090 quasi
810 5016 1096 5089 quaedam
1127 5016 1347 5072 domus
1391 5015 1549 5086 regis
1579 5020 1686 5082 est,
1735 5017 1792 5070 et

127 5104 233 5160 ista
262 5109 483 5162 domus
523 5107 705 5163 habet
729 5112 992 5180 portam,
1020 5105 1205 5162 habet
1231 5121 1578 5171 ascensum,
1609 5103 1794 5160 habet

129 5193 390 5266 triclinia,
420 5196 608 5252 habet
639 5195 935 5252 cubicula.
995 5195 1202 5252 Omnis
1248 5194 1354 5267 qui
1401 5194 1558 5249 intra
1601 5191 1793 5248 Eccle-

131 5282 274 5338 siam
297 5285 480 5341 ﬁdem
507 5285 712 5357 habet,
741 5285 921 5342 etiam
965 5291 1204 5358 portam
1234 5285 1454 5340 domus
1502 5283 1672 5338 istius
1700 5281 1791 5336 in-

133 5385 366 5438 gressus
395 5379 504 5442 est,
545 5375 689 5448 quia
711 5375 862 5431 sicut
887 5380 1060 5448 porta
1080 5374 1312 5446 reliqua
1335 5373 1555 5428 domus
1582 5371 1791 5443 aperit,

133 5461 202 5514 ita
227 5463 372 5518 fides
395 5465 766 5538 reliquarum
787 5466 1074 5522 virtutum
1093 5465 1313 5520 ostium
1331 5469 1436 5519 est.
1464 5462 1668 5519 Omnis
1690 5462 1795 5533 qui

135 5549 278 5606 intra
304 5554 626 5610 Ecclesiam
650 5571 824 5628 spem
847 5555 1048 5618 habet,
1077 5555 1207 5626 jam
1240 5552 1317 5608 ad
1348 5567 1668 5607 ascensum
1685 5551 1795 5605 do-

138 5653 266 5692 mus
308 5644 482 5699 venit.
522 5645 666 5716 Spes
696 5645 856 5700 enim
901 5644 1092 5700 elevat
1121 5660 1241 5712 cor,
1278 5647 1342 5697 ut
1367 5640 1647 5696 sublimia
1697 5655 1800 5712 ap-

139 5731 292 5797 petat
325 5736 380 5789 et
407 5732 536 5790 ima
581 5734 839 5792 deserat.
874 5733 1081 5792 Omnis
1101 5733 1207 5807 qui
1236 5733 1299 5789 in
1327 5732 1442 5788 ista
1470 5731 1656 5786 domo
1687 5744 1797 5802 po-

1897 4570 2048 4626 dum
2072 4567 2350 4623 videmus
2374 4565 2554 4620 fortes
2582 4562 2745 4618 viros
2775 4575 2954 4633 posse
2972 4557 3048 4614 ad
3074 4562 3305 4612 tantam
3333 4554 3573 4625 sapien-

1897 4659 2043 4715 tiam
2096 4655 2428 4729 pervenire,
2477 4657 2542 4708 ut
2587 4647 3070 4720 contemplentur
3119 4647 3348 4699 secreta
3378 4640 3478 4695 Dei
3509 4641 3571 4695 in

1898 4747 2184 4804 cordibus
2216 4744 2358 4808 suis,
2391 4747 2450 4797 et
2477 4757 2588 4796 nos
2612 4737 2851 4812 parvuli
2880 4735 3218 4792 habeamus
3258 4729 3568 4797 ﬁduciam,

1898 4835 2064 4911 quod
2093 4832 2464 4908 quandoque
2495 4828 2575 4885 ad
2602 4825 2865 4888 veniam,
2893 4817 3387 4911 quandoque_ad
3440 4815 3572 4887 ejus

1900 4903 2154 4997 gratiam
2183 4920 2519 4977 veniamus.
2565 4914 2730 4972 Unde
2761 4918 2819 4968 et
2869 4927 2942 4966 ex
2992 4907 3191 4997 verbis
3222 4903 3573 4997 adolescen-

1899 4993 2162 5072 tularum
2190 5008 2486 5066 subditur.
2520 5029 2547 5057 ‹‹
2575 5001 3024 5060 Exsultabimus
3057 5001 3114 5052 et
3137 4993 3480 5052 ltetabimur
3509 4993 3571 5048 in

1900 5118 1975 5169 te.
2012 5125 2041 5152 »
2075 5105 2226 5157 Dum
2263 5096 2519 5153 Ecclesia
2548 5094 2610 5149 in
2638 5092 2731 5148 his
2759 5090 2865 5164 qui
2893 5087 3138 5162 perfecti
3188 5089 3328 5140 sunt
3372 5084 3573 5154 ingre-

1901 5193 2061 5249 ditur
2117 5187 2462 5245 cubiculum
2506 5184 2682 5254 regis,
2735 5175 3195 5236 adolescentulaa
3240 5190 3412 5248 spem
3462 5172 3576 5229 sibi

1903 5277 2314 5339 exsultationis
2342 5274 2718 5349 promittunt.
2758 5270 2906 5334 Quia
2931 5267 3081 5323 dum
3125 5266 3308 5322 fortes
3352 5262 3432 5318 ad
3476 5277 3573 5316 su-

1903 5371 2112 5428 blimia
2142 5363 2612 5437 contemplanda
2643 5359 3016 5433 perveniunt,
3040 5353 3263 5412 inﬁrmi
3295 5367 3468 5424 spem
3497 5349 3574 5404 de

1903 5459 2080 5516 venia
2111 5459 2496 5529 peccatorum
2530 5454 2800 5529 sumunt_,
2832 5447 2968 5502 ideo
3000 5445 3082 5500 ait
3111 5463 3123 5499 :
3180 5464 3208 5492 ‹‹
3242 5437 3578 5529 Introduxit

1906 5565 2004 5605 me
2032 5525 2134 5602 rex
2165 5545 2225 5600 in
2258 5541 2603 5598 cubiculum
2638 5525 2840 5602 suum,
2876 5532 3312 5590 exsultabimus
3329 5532 3382 5584 et
3408 5527 3575 5582 heta-

1906 5637 2112 5694 bimur
2142 5635 2200 5690 in
2231 5637 2302 5689 te.
2331 5654 2358 5681 »
2390 5662 2457 5670 --
2489 5652 2515 5678 ‹‹
2553 5632 2838 5684 Memores
2883 5623 3140 5678 uberum
3185 5626 3424 5676 tuorum
3475 5632 3575 5671 su-

1909 5742 2017 5800 per
2040 5728 2273 5782 vinum.
2297 5721 2455 5778 Becti
2484 5718 2741 5788 diligunt
2769 5721 2844 5771 te.
2881 5736 2908 5765 ιο
2942 5712 3131 5770 Habet
3160 5711 3267 5768 iste
3313 5722 3576 5780 sponsus
