3968 6386
412 231 516 299 ιη

1522 224 1881 295 ΑΝαΕιοω
1920 220 2372 289 LUXOVIBNSIS
2414 223 2727 283 nomen]

3748 229 3854 293 57,2

414 354 632 424 ubera,
658 353 804 427 quia
830 352 1010 421 etiam
1030 369 1135 409 rex
1158 354 1400 423 propter
1416 348 1811 405 reverentiam
1833 352 2081 402 vocatur
2112 348 2159 415 ᾼ
2192 364 2252 402 sc
2282 364 2465 419 opera
2489 349 2647 406 mala
2665 365 2840 418 agere
2869 349 2992 415 sci
3013 348 3279 420 judicem
3303 348 3643 413 venientem.
3660 349 3853 413 timet.

421 444 607 510 habet
632 443 835 511 ubera,
870 446 1105 496 sanctos
1135 442 1291 495 viros
1322 438 1500 494 corde
1542 438 1916 493 adhaerentes
1945 437 2076 490 sibi.

424 533 621 593 Ubera
643 533 703 586 in
731 536 893 587 arcta
924 529 1179 601 pectoris
1208 530 1331 587 tixa
1362 532 1519 595 sunt,
1553 533 1610 584 et
1630 533 1872 583 externo
1904 525 2083 580 nutri-

423 626 695 687 mentum
738 621 998 683 trahunt,
1032 617 1111 679 ad
1140 634 1243 679 eos
1274 633 1428 689 quos
1458 616 1599 671 foris
1640 615 1900 671 nutrivit.
1936 616 2081 670 San-

424 710 501 764 cti
528 724 668 777 ergo
701 707 804 767 viri
831 706 1018 761 ubera
1048 705 1432 778 sponsisunt,
1457 704 1602 776 quia
1627 720 1698 758 ex
1720 703 1943 759 intimis
1976 705 2085 757 tra-

418 797 593 864 hunt,
627 799 682 850 et
712 794 968 850 exterius
1000 793 1290 851 nutriunt.
1327 792 1517 848 Ubera
1569 791 1723 847 illius
1775 794 1914 845 sunt
1944 804 2085 860 apo-

424 883 559 949 stoli
585 887 641 943 et
665 897 877 943 omnes
908 881 1328 954 praedicatores
1356 880 1629 937 Ecclesiae
1663 896 1675 934 :
1730 879 1960 946 vinum,
2014 876 2086 931 si-

425 977 523 1027 cut
548 975 604 1039 et
632 971 908 1043 superius
934 970 1219 1039 diximus,
1254 969 1360 1043 fuit
1389 968 1451 1025 in
1494 968 1824 1040 prophetis,
1876 966 2084 1023 vinum

422 1060 532 1127 fuit
558 1060 618 1129 in
642 1059 791 1129 lege.
830 1058 945 1116 Sed
970 1060 1116 1131 quia
1144 1057 1443 1131 ampliora
1471 1057 1760 1115 mandata
1788 1056 1930 1110 data
1950 1058 2086 1108 sunt

423 1166 530 1223 per
559 1148 888 1221 apostolos,
918 1164 1107 1221 quam
1137 1147 1279 1204 data
1316 1146 1552 1202 fuerant
1582 1163 1687 1217 per
1739 1146 2082 1217 prophetas,

423 1241 542 1299 ait:
579 1262 606 1307 (ε
639 1242 925 1305 Memores
972 1238 1228 1305 uberum
1279 1242 1515 1293 tuorum
1569 1252 1748 1308 super
1776 1234 2023 1299 vinum;
2057 1255 2084 1281 ››

423 1329 575 1397 Quia
599 1329 705 1401 qui
732 1328 847 1384 ista
872 1331 1128 1399 possunt
1154 1327 1404 1399 implere
1438 1343 1571 1398 qua:
1600 1327 1660 1381 in
1692 1329 1851 1381 Novo
1896 1327 2087 1379 Testa-

426 1421 629 1483 mento
649 1416 942 1477 mandata
969 1420 1129 1487 sunt,
1146 1415 1224 1471 illi
1251 1417 1559 1471 scientiam
1586 1414 1732 1483 legis
1754 1413 1879 1469 sine
1901 1412 2086 1467 dubio

426 1505 883 1563 transcendunt.
945 1505 1118 1570 Quod
1173 1511 1373 1561 tamen
1428 1504 1752 1572 intelligere
1811 1506 1868 1558 et
1922 1501 2088 1557 aliter

415 1610 754 1666 possumus
832 1615 862 1643 «
896 1596 1181 1651 Memores
1216 1594 1469 1651 uberum
1502 1598 1740 1647 tuorum
1791 1607 1971 1663 super
2002 1590 2085 1643 vi-

2193 438 2301 500 Qui
2334 453 2473 492 vero
2504 436 2577 492 de
2609 438 2891 509 operibus
2933 438 3058 493 suis
3110 437 3437 509 praesumit,
3481 438 3704 507 judicis
3752 438 3858 495 ad-

2190 532 2437 581 ventum
2466 527 2697 597 quaerit.
2732 529 3022 584 Parentur
3049 542 3189 597 ergo
3218 526 3468 600 praemia
3496 531 3855 600 exspectan-

2192 616 2350 672 tibus
2381 616 2708 672 adventum
2739 618 2839 673 Dei
2869 621 2924 673 et
2950 617 3332 687 diligentibus
3363 617 3691 673 adventum
3726 618 3857 687 ejus

2192 705 2336 777 quia
2366 722 2486 761 non
2518 706 2770 775 diligunt
2800 707 3128 762 adventum
3155 707 3393 777 judicis,
3424 706 3539 761 nisi
3568 706 3645 762 de
3666 723 3857 763 causa

2193 810 2301 849 sua
2330 800 2778 865 praesumentes.
2811 796 3014 851 Omnis
3046 801 3246 852 autem
3293 796 3582 851 certitudo
3610 795 3854 851 rectitu—

2192 882 2348 939 dinis
2380 884 2437 938 in
2474 883 2786 939 dilectione
2816 889 2922 950 est,
2955 888 3011 940 et
3049 884 3182 940 ideo
3216 889 3372 941 recte
3400 884 3613 945 dicitur
3649 901 3662 939 :
3694 885 3856 940 Becti

2193 972 2446 1033 diligunt
2474 977 2546 1027 te.
2579 972 2854 1043 Sequitur
2878 991 2890 1027 :

2266 1081 2296 1113 «
2328 1062 2501 1129 Nigra
2533 1078 2688 1130 sum,
2714 1062 2819 1116 sed
2847 1062 3114 1119 formosa
3138 1062 3259 1118 ﬁlia
3284 1061 3675 1130 Hierusalem,
3702 1063 3861 1121 sicut

2195 1174 2221 1200 ‹‹
2266 1150 2651 1207 tabernacula
2673 1151 2879 1213 Cedar.
2904 1152 3053 1207 sicut
3073 1151 3257 1225 pelles
3285 1150 3641 1209 Salomonis.
3668 1152 3859 1209 Nolite

2196 1264 2223 1291 α
2264 1258 2360 1296 me
2390 1241 2765 1297 considerare
2795 1242 2982 1313 quod,
3018 1265 3043 1293 »
3078 1248 3188 1298 etc.
3225 1244 3455 1299 Scimus
3485 1243 3626 1315 quia
3650 1244 3713 1301 in
3734 1244 3859 1316 pri-

2194 1329 2441 1386 mordiis
2476 1330 2742 1385 Ecclesiae
2773 1331 2921 1385 dum
2952 1332 3279 1402 praedicata
3305 1332 3497 1389 fuerat
3524 1333 3721 1401 gratia
3749 1336 3859 1389 Re-

2195 1419 2521 1490 demptoris
2552 1418 2756 1485 nostri,
2805 1419 2904 1474 alii
2944 1419 3325 1475 crediderunt
3380 1437 3451 1475 ex
3480 1420 3713 1490 iudica,
3762 1422 3865 1478 alii

2195 1524 2317 1564 non
2348 1507 2745 1563 crediderunt.
2778 1508 2891 1563 Sed
2910 1508 2973 1562 hi
3001 1507 3104 1580 qui
3123 1507 3522 1577 crediderunt,
3552 1509 3629 1565 ab
3650 1509 3864 1565 inﬁde-

2193 1598 2354 1654 libus
2376 1597 2635 1669 despecti
2671 1602 2809 1653 sunt
2840 1602 2895 1654 et
2940 1598 3420 1668 persecutionem
3450 1599 3634 1671 passi,
3684 1600 3865 1672 quasi

416 1698 613 1748 llum;
642 1702 668 1745 ἓ
702 1686 840 1738 sunt
887 1682 1057 1739 multi
1094 1682 1197 1755 qui
1248 1681 1458 1737 vinum
1489 1681 1733 1753 quidem
1784 1677 2085 1750 sapientite
2115 1700 2159 1752 Β
2197 1688 2256 1742 in
2290 1688 2450 1743 viair.
2500 1686 2767 1755 gentium
2814 1686 3158 1742 discessisse
3197 1686 3448 1757 judicati
3489 1693 3648 1744 sunt.
3695 1690 3865 1745 Unde

431 1772 678 1840 habent,
707 1771 808 1826 sed
857 1772 1256 1841 cognitionem
1298 1771 1646 1829 humilitatis
1674 1786 1795 1824 non
1842 1768 2083 1824 habent.

431 1862 547 1925 Ista
606 1861 848 1925 scientia
893 1861 1083 1928 intlat,
1133 1861 1276 1932 quia
1332 1860 1591 1915 charitas
1638 1874 1759 1919 non
1810 1858 2084 1915 sediticat.

433 1953 581 2013 Sunt
604 1965 741 2013 vero
770 1949 941 2005 multi
967 1950 1070 2021 qui
1102 1949 1184 2004 sic
1216 1950 1441 2005 habent
1468 1949 1673 2004 vinum
1713 1946 1990 2011 scientiae,
2026 1949 2090 1999 ut

418 2040 622 2105 Sciant
648 2040 1027 2096 considerare
1059 2039 1219 2095 dona
1249 2038 1555 2095 doctrinae.
1590 2040 1756 2092 Dona
1784 2036 1940 2093 enim
1976 2036 2090 2106 spi-

428 2128 655 2193 ritualis
688 2128 890 2198 gratiae.
921 2129 1096 2201 quasi
1121 2129 1405 2201 quaedam
1438 2126 1715 2183 mamillae
1746 2127 1959 2181 suntin
1985 2140 2088 2197 pe-

430 2222 612 2287 ctore,
653 2235 788 2290 quae
819 2217 1109 2273 subtiliter
1137 2217 1380 2272 occulti.»
1424 2217 1721 2275 meatibus
1771 2213 2088 2287 spirituali-

432 2308 546 2369 bus
570 2307 924 2376 ministrant,
953 2312 1008 2362 et
1029 2323 1131 2365 eos
1148 2306 1434 2363 nutriunt.
1466 2306 1604 2361 ldeo
1623 2306 1732 2361 ait:
1764 2328 1787 2353 ‹‹
1808 2308 2091 2361 Memores

434 2396 686 2455 uberum
711 2401 949 2461 tuorum
983 2412 1165 2467 super
1195 2395 1424 2463 vinum.
1454 2417 1481 2443 ››
1513 2394 1661 2459 Quia
1690 2394 1751 2448 hi
1776 2393 1879 2465 qui
1904 2408 2094 2448 recor-

431 2485 563 2543 dari
594 2484 789 2548 sciunt
818 2484 982 2543 dona
1010 2484 1213 2553 gratiis
1263 2488 1399 2551 tuae,
1434 2488 1499 2538 ut
1537 2483 1648 2537 sibi
1681 2498 1801 2547 non
1832 2481 2097 2535 tribuant

431 2573 599 2646 quod
628 2574 871 2645 sapiunt
894 2577 953 2629 et
981 2573 1056 2627 de
1086 2572 1301 2631 eadem
1327 2572 1619 2644 sapientia
1635 2586 1820 2643 quam
1852 2586 2094 2640 accepe-

432 2668 573 2719 runt
596 2679 719 2718 non
748 2662 1109 2725 extollantur
1139 2678 1320 2733 super
1362 2662 1515 2727 illos,
1567 2661 1669 2732 qui
1698 2661 1771 2715 de
1804 2658 2096 2732 sapientia

433 2766 548 2813 sua
574 2749 937 2811 extolluntur
965 2755 1022 2805 et
1049 2750 1393 2815 etieruntur.
1428 2750 1569 2805 Plus
1601 2754 1690 2803 est
1715 2748 1875 2802 enim
1906 2746 2098 2801 humi-

406 2840 564 2899 -liter
589 2855 800 2911 sapere
817 2856 1002 2910 quam
1031 2839 1288 2910 superbe
1308 2854 1537 2909 sapere.
1568 2842 1763 2909 Neque
1781 2837 1939 2892 enim
1965 2852 2095 2899 vere

436 2944 646 3001 sapere
676 2932 782 2996 est,
815 2927 1114 2983 humiliter
1142 2944 1267 2983 non
1315 2944 1544 2998 sapere,
1575 2926 1691 2983 ait:
1752 2949 1777 2974 «
1812 2929 2095 2982 Mcmores

433 3035 576 3087 ergo
603 3018 860 3079 uberum
887 3023 1126 3083 tuorum
1158 3033 1337 3089 super
1371 3019 1594 3073 vinum.
1622 3039 1645 3065 ››
1676 3016 1823 3082 Quia
1847 3014 2096 3069 scientes
2126 3054 2165 3113 Ο

433 3106 813 3169 considerare
839 3106 1001 3163 dona
1033 3106 1352 3180 spiritualis
1399 3106 1622 3176 gratiae,
1665 3104 2093 3161 transcendunt

432 3213 536 3254 eos
567 3196 670 3268 qui
696 3196 1006 3261 scientiam
1023 3196 1269 3268 quidem
1290 3195 1535 3264 habent,
1566 3194 1669 3255 sed
1692 3194 2093 3263 cognitionem

430 3285 493 3341 in
526 3285 817 3349 memoria
839 3285 1138 3347 donorum
1166 3300 1289 3349 non
1314 3285 1559 3343 habent.
1589 3287 1805 3356 Aperte
1836 3300 1977 3352 ergo
2003 3281 2092 3335 di-

433 3390 565 3429 cere
592 3379 715 3431 est:
749 3377 1034 3433 Memores
1063 3389 1205 3441 ergo
1250 3373 1503 3439 uberum
1535 3378 1776 3435 tuorum
1810 3388 1991 3443 super
2019 3370 2094 3425 vi~

433 3474 604 3526 num,
634 3483 665 3509 »
690 3460 835 3532 quia
873 3460 1080 3519 fortior
1122 3461 1428 3527 humilitas
1467 3466 1556 3516 est
1599 3477 1786 3532 quam
1828 3461 2091 3513 scientia.

437 3548 658 3603 Vinum
688 3553 777 3609 est
815 3547 1061 3611 scientia
1089 3566 1224 3619 quin
1253 3549 1511 3615 inebriat
1551 3549 1904 3605 memoriam
1956 3548 2095 3604 ube-

435 3653 593 3703 rum,
617 3653 752 3709 qure
773 3636 1028 3697 inebriat
1047 3654 1228 3709 quem
1254 3638 1334 3699 ad
1364 3638 1766 3707 cognitionem
1796 3638 2096 3693 donorum

435 3730 694 3785 revocat.
732 3726 899 3791 Dicat
930 3745 942 3782 :
986 3748 1014 3776 «
1047 3729 1335 3785 Memores
1367 3742 1510 3795 ergo
1555 3727 1810 3793 uberum
1856 3732 2096 3785 tuorum

438 3831 619 3887 super
675 3816 902 3886 vinum,
937 3837 965 3865 ι»
1013 3815 1159 3887 quia
1206 3815 1387 3873 vincit
1428 3815 1733 3875 humilitas
1787 3815 2099 3871 abundan-

435 3906 581 3965 tiam
630 3904 912 3963 scientiae.
944 3904 1104 3965 Recti
1135 3904 1390 3973 diligunt
1420 3909 1492 3960 te.
1541 3903 1768 3962 Nullus.
1801 3905 2011 3977 inquit,
2047 3909 2099 3959 te

437 3992 626 4060 diligit
667 3992 780 4053 nisi
808 3998 1027 4048 rectus.
1062 3996 1126 4047 Et
1162 3993 1363 4048 nullus
1405 3996 1493 4049 est
1523 3997 1742 4061 rectus,
1771 3992 1885 4048 nisi
1911 3992 2016 4065 qui
2049 3999 2099 4047 te

437 4080 643 4149 diligit.
680 4081 886 4143 Omnis
913 4082 1073 4141 enim
1102 4082 1208 4153 qui
1238 4082 1402 4147 bona
1445 4097 1630 4153 opera
1673 4098 1779 4153 per
1827 4082 2097 4139 timorem

440 4168 582 4237 agit,
609 4173 667 4225 et
689 4168 736 4223 si
765 4172 825 4223 in
856 4186 1037 4241 opere
1068 4170 1363 4241 perfectus
1411 4176 1518 4238 est,
1558 4171 1620 4227 in
1668 4171 1967 4231 desiderio
2014 4188 2102 4239 re-

439 4261 572 4313 ctus
602 4271 723 4313 non
755 4256 1051 4313 est.Vellet
1084 4258 1243 4313 enim
1276 4275 1397 4317 non
1419 4277 1553 4318 esse
1583 4260 1749 4333 quod
1779 4261 2010 4317 timeret
2042 4264 2102 4314 ut

398 4384 413 4393 .
440 4359 625 4416 opera
651 4344 816 4400 bona
845 4360 968 4405 non
986 4345 1223 4405 faceret.
1259 4349 1369 4413 Qui
1412 4364 1549 4403 vero
1576 4349 1737 4415 bona
1766 4366 1951 4421 opera
1994 4365 2099 4420 per

441 4448 711 4490 amorem
741 4433 880 4501 agit,
923 4440 979 4489 et
1004 4434 1065 4489 in
1114 4451 1293 4508 opere
1324 4442 1381 4492 et
1409 4437 1704 4492 desiderio
1746 4443 1945 4497 rectus
1984 4443 2095 4491 est.

444 4521 557 4578 Sed
586 4520 843 4581 dulcedo
873 4524 1098 4579 amoris
1131 4525 1476 4583 timentibus
1500 4525 1909 4589 absconditur.
1936 4526 2099 4580 Unde

441 4612 729 4683 scriptum
759 4616 847 4668 est
873 4629 885 4666 :
940 4636 968 4663 «
1002 4615 1193 4677 Quam
1236 4630 1459 4682 magna
1490 4614 1807 4668 multitudo
1838 4614 2100 4681 dulcedi—

441 4701 535 4757 nis
567 4706 702 4766 tuae,
732 4702 999 4766 Domine,
1030 4718 1218 4775 quam
1250 4704 1616 4759 abscondisti
1649 4703 1993 4763 timentibus
2024 4708 2098 4773 te,

443 4795 500 4845 et
527 4791 823 4866 perfecisti
853 4807 924 4851 ea
953 4793 1333 4864 sperantibus
1364 4794 1424 4855 in
1456 4797 1511 4847 te
1542 4793 1665 4862 (Ps.
1698 4794 1860 4862 xxx).
1895 4814 1921 4840 ι)
1964 4791 2099 4845 Dul-

444 4878 592 4934 cedo
622 4880 781 4937 enim
810 4884 997 4936 Deum
1025 4882 1371 4937 timentibus
1411 4880 1714 4949 incognita
1738 4885 1845 4941 est,
1892 4896 2101 4935 aman-

444 4967 603 5023 tibus
631 4969 698 5024 tit
726 4974 884 5027 nota.
921 4970 1032 5034 Qui
1063 4987 1204 5039 ergo
1235 4987 1341 5041 per
1380 4985 1651 5025 amorem
1692 4969 1981 5025 studuerit
2020 4986 2104 5024 re-

447 5059 579 5110 ctus
609 5070 761 5121 esse,
792 5057 1057 5127 perfecta
1098 5059 1333 5117 dilectio
1376 5058 1531 5112 illius
1586 5064 1689 5123 est,
1736 5062 1800 5113 ut
1836 5058 2103 5128 judicem

447 5140 785 5207 venientem
827 5158 949 5199 non
997 5145 1219 5209 timeat,
1277 5152 1340 5200 ut
1396 5145 1691 5217 quidquid
1743 5146 1816 5202 de
1872 5148 2105 5203 aeternis

430 5228 753 5301 suppliciis
780 5230 1049 5297 audierit,
1080 5247 1201 5287 non
1233 5232 1529 5291 formidet.
1574 5233 1738 5288 Unde
1787 5238 1843 5291 et
1886 5234 2106 5291 Paulus

448 5318 597 5375 dum
653 5319 977 5379 adventum
1026 5321 1247 5390 judicis
1303 5328 1691 5393 exspectaret,
1761 5325 1907 5382 dum
1958 5341 2105 5396 pl‘tB-

450 5408 573 5464 mia
601 5413 835 5465 aeternae
864 5411 996 5466 vita:
1020 5414 1334 5481 quaereret,
1358 5411 1505 5471 dixit
1536 5430 1548 5467 :
1584 5435 1611 5465 ις
1643 5415 1783 5478 Quae
1805 5431 2109 5487 praepara-

451 5498 534 5552 vit
567 5501 716 5551 Deus
747 5514 867 5553 non
895 5499 1091 5553 solum
1119 5499 1282 5565 mihi,
1304 5500 1409 5555 sed
1426 5502 1706 5557 omnibus
1730 5503 1829 5574 qui
1855 5504 2110 5571 dzligunt

454 5585 779 5641 adventum
808 5589 856 5657 ej
870 5604 935 5642 ns
957 5588 1047 5643 (Il
1065 5588 1209 5643 Tim.
1236 5593 1335 5656 ιν).
1371 5614 1396 5639 ››
1430 5592 1674 5647 Praemia
1697 5596 1859 5647 enim
1889 5599 2110 5647 aeterna

454 5672 835 5742 diligentibus
858 5676 1126 5747 iudicem
1155 5688 1590 5753 prieparantnr,
1622 5682 1764 5753 quia
1786 5683 1983 5737 omnis
2005 5681 2111 5763 qui

2200 1777 2458 1832 Ecclesia
2488 1775 2547 1830 in
2579 1776 2803 1831 eisdem
2834 1776 3053 1831 clamat
3083 1775 3407 1832 adversum
3432 1793 3533 1833 eos
3579 1774 3683 1850 qui
3716 1794 3863 1834 con—

2195 1866 2348 1921 versi
2372 1882 2493 1921 non
2523 1870 2680 1919 sunt.
2712 1888 2739 1915 ‹‹
2765 1866 2941 1933 Nigra
2974 1882 3127 1933 sum,
3155 1866 3261 1922 sed
3290 1865 3556 1923 formosa
3583 1867 3705 1922 tilia
3736 1867 3866 1923 Hie-

2196 1955 2479 2011 rusalem.
2508 1976 2534 2003 ››
2563 1956 2739 2021 Nigra
2768 1954 3016 2026 quidem
3039 1971 3179 2010 vero
3196 1955 3443 2025 judicio,
3464 1955 3569 2012 sed
3591 1956 3864 2013 formosa

2196 2062 2303 2118 per
2331 2044 2785 2100 illustrationem
2824 2045 3048 2113 gratiae.
3084 2046 3399 2110 Quomodo
3444 2045 3665 2114 nigra?
3712 2070 3741 2098 ‹‹
3779 2047 3864 2103 Si-

2199 2138 2297 2189 cut
2328 2133 2710 2188 tnbcrnacula
2736 2133 2940 2189 tledar.
2974 2156 2999 2182 ››
3026 2133 3214 2191 Cedar
3238 2134 3397 2189 enim
3429 2134 3731 2191 secundus
3752 2134 3864 2190 fuit

2198 2225 2272 2278 de
2306 2239 2520 2287 genere
2555 2222 2784 2283 lsmael,
2821 2227 2876 2279 et
2906 2223 3097 2278 Cedar
3128 2223 3517 2282 tabernacula
3547 2227 3705 2281 Esau
3732 2224 3864 2280 fue-

2201 2317 2354 2368 runt.
2391 2310 2706 2376 Quomodo
2732 2328 2873 2376 ergo
2900 2311 3120 2379 nigra?
3153 2311 3314 2367 Sicut
3347 2312 3737 2375 tabernacula.
3764 2313 3868 2367 Ce-

2202 2400 2329 2455 dar.
2367 2400 2517 2464 Quia
2556 2398 2617 2454 in
2659 2403 2983 2471 conspectu
3028 2404 3230 2456 vestro
3281 2400 3360 2454 ad
3410 2400 3866 2457 similitudinem

2203 2488 2469 2557 gentium
2523 2487 2790 2557 judicata
2840 2504 2996 2554 sum,
3053 2488 3114 2553 id
3164 2492 3251 2543 est
3292 2488 3369 2543 ad
3414 2489 3867 2555 similitudinem

2205 2583 2604 2648 peccatorum.
2631 2576 2948 2641 Quomodo
2980 2593 3123 2645 ergo
3153 2576 3422 2633 formosa
3445 2579 3471 2632 ?
3502 2602 3528 2628 α
3555 2578 3714 2635 Sicut
3743 2578 3870 2651 pel-

2202 2666 2286 2723 les
2317 2666 2672 2722 Salomonis.
2700 2686 2726 2713 ››
2760 2666 2965 2720 Fertur
2988 2665 3273 2722 Salomon
3302 2667 3550 2737 quando
3574 2667 3869 2739 templum

2203 2754 2539 2815 aediﬁcavit,
2565 2755 2772 2809 omnia
2792 2771 2934 2809 vasa
2953 2755 3158 2826 templi
3174 2755 3431 2826 pellibus
3455 2756 3868 2827 cooperuisse.

2207 2844 2319 2899 Sed
2351 2844 2635 2897 nimirum
2656 2843 2839 2914 pelles
2873 2843 3209 2901 Salomonis
3240 2844 3475 2901 decorae
3504 2861 3632 2900 esse
3662 2850 3873 2917 potue—

2202 2936 2358 2998 runt,
2393 2949 2530 3003 quae
2570 2932 2957 2988 tabernaculo
2989 2938 3142 3004 aptae
3176 2939 3390 2989 essent.
3428 2939 3565 2999 Quae
3596 2934 3644 2989 si
3688 2934 3749 2999 in
3781 2940 3870 2991 ta-

2203 3020 2531 3076 bernaculo
2562 3021 2690 3090 ejus
2721 3019 2961 3077 fuerunt
3007 3038 3131 3077 non
3171 3021 3285 3077 nisi
3318 3023 3552 3085 decorae
3589 3039 3717 3079 esse
3757 3040 3869 3095 po-

2208 3108 2531 3165 tueruntin
2579 3108 2940 3180 obsequium
2997 3110 3175 3178 regis.
3229 3110 3342 3166 Sed
3389 3110 3533 3182 quia
3585 3111 3872 3171 Salomon

2205 3200 2623 3272 interpretatur
2646 3199 2956 3267 paciﬁcus,
2990 3214 3102 3253 nos
3133 3200 3335 3270 ipsum
3365 3200 3750 3259 Salomonem
3775 3218 3872 3256 ve-

2206 3306 2339 3351 rum
2370 3287 2776 3355 intelligimus,
2807 3288 2951 3358 quia
2982 3304 3193 3343 omnes
3241 3289 3457 3345 aninne
3497 3290 3872 3345 adhaerentes

2211 3380 2343 3443 beo,
2376 3376 2558 3448 pelles
2586 3376 2922 3435 Salomonis
2951 3384 3089 3435 sunt
3133 3384 3505 3436 macerantes
3553 3378 3786 3453 seipsas
3817 3384 3873 3436 et

2204 3468 2266 3523 in
2311 3465 2669 3537 obsequium
2718 3466 2873 3534 regis
2913 3466 3083 3538 pacis
3129 3468 3488 3535 redigentes.
3536 3470 3680 3525 Sum
3727 3485 3873 3525 vero

2201 3556 2429 3626 judicio
2500 3559 2698 3609 vestro
2758 3554 2909 3611 sicut
2977 3554 3367 3613 tabernacula
3433 3556 3645 3625 Cedat,
3726 3558 3875 3628 quia

2207 3644 2379 3715 quasi
2410 3643 2469 3697 in
2520 3642 2681 3698 viam
2728 3643 2995 3710 gentium
3041 3644 3388 3701 discessisse
3433 3645 3710 3713 judicor:
3762 3646 3874 3704 sed

2203 3734 2375 3803 juxta
2404 3732 2711 3789 veritatem
2742 3733 2892 3791 sicut
2916 3732 3102 3803 pelles
3135 3734 3471 3790 Salomonis
3515 3750 3674 3804 sum,
3724 3737 3869 3808 quia

2210 3822 2269 3883 in
2320 3820 2682 3892 obsequium
2729 3821 2884 3889 regis
2938 3822 3240 3879 adhaereo.
3290 3823 3475 3879 Nolite
3530 3840 3630 3882 me
3673 3827 3869 3883 consi-

2209 3910 2418 3967 derare
2446 3908 2611 3980 quod
2644 3908 2811 3964 fusca
2856 3910 2990 3979 sim,
3040 3912 3183 3982 quia
3211 3911 3579 3969 decoloravit
3616 3930 3714 3969 me
3757 3913 3868 3971 sol.

2209 3997 2602 4053 Peccatricem
2629 3998 2973 4057 attendebat
3000 3998 3165 4057 illam
3196 4006 3431 4071 partem
3461 4016 3596 4072 qua-
3642 4002 3870 4058 Christo

2210 4085 2560 4153 crediderat,
2593 4102 2735 4158 pars
2768 4086 2872 4143 illa
2898 4104 3034 4159 quia
3062 4104 3185 4157 non
3219 4089 3569 4147 crediderat.
3623 4090 3739 4146 Sed
3782 4091 3870 4149 di-

2210 4180 2304 4231 cat
2329 4177 2441 4239 ista
2474 4193 2487 4229 :

2282 4286 2308 4314 «
2343 4264 2525 4325 Nolite
2557 4280 2651 4319 me
2675 4264 3059 4321 considerare
3080 4265 3246 4337 quod
3267 4265 3458 4337 fusca,
3481 4266 3597 4325 sim
3611 4268 3754 4340 quia
3778 4267 3873 4324 de-

2212 4375 2239 4400 ‹‹
2269 4352 2556 4409 coloravit
2577 4369 2672 4408 me
2700 4352 2807 4411 sol.
2842 4374 2867 4401 ››
2895 4353 2993 4409 Sol
3013 4353 3139 4425 ipse
3161 4355 3447 4411 Dominus
3467 4356 3599 4427 ipse
3625 4358 3875 4413 veniens

2209 4441 2576 4505 decoloravit
2621 4458 2738 4507 me,
2764 4442 3075 4514 praeceptis
3102 4443 3226 4498 suis
3258 4444 3533 4514 ostendit,
3560 4444 3710 4515 quia
3748 4446 3877 4518 pul-

2210 4531 2352 4585 chra
2383 4546 2505 4591 non
2536 4530 2618 4585 fui
2651 4531 2708 4587 in
2763 4531 3077 4603 praeceptis
3110 4531 3273 4601 legis.
3311 4533 3408 4588 Sol
3437 4550 3621 4605 quem
3654 4535 3877 4591 arctius

2208 4619 2414 4688 tangit,
2440 4619 2639 4691 ipsum
2669 4619 3066 4676 decoloravit:
3099 4620 3179 4677 ita
3211 4626 3267 4681 et
3300 4622 3587 4679 Dominus
3626 4624 3875 4683 veniens

2209 4724 2390 4779 quem
2414 4725 2519 4779 per
2532 4709 2784 4776 gratiam
2816 4726 2989 4765 suam
3008 4709 3263 4769 strictius
3281 4710 3465 4778 tetigit
3484 4710 3872 4780 decoloravit,

2210 4796 2515 4868 quiadum
2538 4796 2672 4868 plus
2705 4798 3267 4869 appropinqnamus
3310 4798 3389 4854 ad
3429 4800 3708 4868 gratiam,
3739 4801 3873 4872 plus

2212 4901 2322 4941 nos
2336 4890 2672 4956 peccatores
2685 4887 3107 4955 cognoscimus
3120 4903 3267 4942 esse.
3290 4888 3610 4947 Videamus
3624 4889 3875 4953 Paulum

2212 4974 2506 5037 exludsea
2531 4974 2864 5035 venientem
2906 4975 2963 5030 in
2988 4974 3110 5036 sole
3155 4975 3588 5035 decoloratum.
3625 4978 3799 5042 Quod
3830 4977 3876 5031 si

2214 5061 2475 5116 volentes
2500 5062 2557 5117 in
2592 5063 2821 5119 Christo
2840 5063 3171 5133 justiticari,
3204 5064 3427 5129 inventi
3449 5082 3662 5123 sumus
3685 5070 3741 5120 et
3765 5066 3877 5138 ipsi

2214 5155 2573 5221 peccatores.
2603 5150 2711 5216 Qui
2742 5152 2875 5206 sein
2889 5152 3116 5207 Christo
3141 5157 3516 5223 peccatorem
3538 5153 3785 5223 invenit,
3821 5155 3879 5209 in

2216 5237 2731 5293 solcdecoloratus
2756 5239 3073 5295 invenitur.
3111 5239 3222 5295 Sed
3269 5255 3404 5295 ecce
3435 5256 3575 5311 pars
3602 5243 3719 5310 ista
3743 5258 3882 5314 quae

2217 5344 2289 5380 ex
2334 5327 2539 5387 Judaea
2582 5327 2848 5395 credidit,
2904 5328 3379 5401 persecutionem
3426 5328 3504 5397 ab
3536 5329 3884 5397 inﬁdelibus

2216 5415 2439 5470 Jurheis
2464 5432 2643 5487 passa
2678 5421 2783 5483 est,
2818 5416 3035 5473 atllicta
3064 5418 3266 5475 multis
3292 5418 3781 5481 tribulationibus
3814 5438 3884 5477 ac

2219 5522 2446 5576 pressa.
2478 5506 2639 5561 Unde
2658 5508 2948 5578 sequitur:
2985 5508 3379 5563 «Filiimatris
3402 5524 3550 5564 meai
3582 5525 3888 5579 pugnave-

2220 5600 2358 5649 runt
2380 5600 2586 5650 contra
2611 5611 2728 5649 me.
2753 5616 2776 5641 »
2812 5596 2959 5660 Quia
2983 5596 3083 5651 ﬁlii
3105 5612 3429 5668 synagogas
3455 5598 3560 5668 qui
3591 5598 3651 5653 in
3678 5598 3888 5654 intide-

2219 5683 2377 5739 litate
2398 5690 2833 5753 remanserunt,
2847 5685 3075 5743 bellum
3097 5686 3525 5759 persecutionis
3552 5692 3766 5755 contra
3794 5706 3893 5760 sys-
