3968 6418
150 235 259 299 573

1581 234 1841 305 ENAaa,
1878 231 1951 309 in
1991 234 2293 307 cauum
2333 237 2606 309 cAN'ric.

3495 247 3598 317 5764

149 390 411 443 nagogee
434 373 640 431 ﬁdeles
673 379 1137 445 gesserunt.Sed
1163 380 1311 439 dum
1343 380 1821 454 persecutionem
1848 379 1895 443 Α
1935 376 2305 445 desii-nentes
2327 384 2381 443 et
2429 396 2674 439 omnem
2703 380 3078 452 altitudinem
3128 381 3507 445 extollentem
3538 402 3599 443 se

148 463 377 535 patitur
406 480 478 521 ea
506 480 649 537 pars
678 482 815 537 qua:
846 482 919 521 ex
950 468 1161 525 Judaea
1189 470 1351 527 venit
1377 470 1456 527 ad
1482 470 1685 535 ﬁdem,
1709 467 1825 523 dis—

145 552 333 609 cessit
360 553 435 609 ad
465 554 958 626 praedicationem
994 558 1282 627 gentium.
1321 560 1485 616 Unde
1515 558 1820 631 sequitur:

149 665 179 693 α
209 647 546 699 Posuerunt
576 660 675 701 me
720 646 1032 703 custodem
1080 648 1290 705 vineis.
1325 649 1580 705 Vineam
1624 663 1825 703 meam

147 748 278 788 non
309 733 629 789 custodivi.
664 755 694 785 ››
725 735 893 803 Quia,
941 737 1089 793 dum
1121 755 1217 795 me
1247 743 1692 812 persequuntur
1720 737 1825 809 qui

144 821 213 878 in
242 821 455 878 Judaea
486 828 647 889 sunt,
678 823 736 880 in
767 825 1034 881 ecclesiis
1067 844 1162 885 me
1188 829 1501 884 custodem
1534 828 1820 884 fecerunt.

147 932 179 961 α
214 911 461 969 Vineam
492 928 692 971 meam
723 929 845 969 non
877 915 1193 983 custodivi,
1221 941 1249 967 »
1280 918 1425 991 quia
1443 917 1695 974 Judeam
1726 915 1827 971 de-

147 1001 331 1057 serui.
358 1002 524 1057 Unde
555 1008 610 1058 et
636 1003 858 1061 Paulus
886 1005 1029 1062 dicit
1052 1024 1065 1061 :
1087 1028 1115 1057 «
1150 1007 1326 1063 Vobis
1356 1008 1611 1063 missum
1636 1006 1825 1061 fuerat

145 1089 405 1149 verbum
442 1090 564 1163 Dei,
589 1092 695 1147 sed
723 1092 870 1165 quia
897 1111 1005 1150 vos
1028 1094 1309 1161 indignos
1331 1095 1823 1167 judicastis,ecce
1881 1101 1884 1105 ’

147 1179 561 1237 convertimur
609 1182 689 1237 ad
729 1189 935 1252 gentes
977 1186 1131 1255 (Act.
1172 1187 1320 1257 xm).
1371 1205 1401 1239 ιι
1448 1191 1526 1242 Ac
1555 1185 1604 1241 si
1624 1185 1819 1240 dicat:

146 1272 269 1327 Nos
297 1270 540 1329 vineam
566 1276 835 1331 nostram
867 1273 1166 1335 custodire
1193 1274 1518 1344 voluimus,
1546 1274 1650 1329 sed
1679 1274 1823 1346 quia

145 1374 263 1417 nos
291 1359 409 1431 ipsi
438 1362 747 1433 respuistis
780 1362 855 1421 ad
889 1363 1224 1421 alienarum
1241 1380 1352 1423 nos
1382 1366 1694 1421 vinearum
1727 1381 1825 1421 cu-

146 1449 415 1508 stodiam
446 1452 871 1509 transmittitis.
908 1458 1022 1509 lsta
1043 1471 1179 1527 quae
1210 1455 1285 1512 de
1319 1458 1644 1527 Synagoga
1669 1455 1821 1510 dixi-

148 1555 292 1594 mus
321 1539 398 1595 ad
426 1540 611 1597 ﬁdem
650 1557 963 1606 conversa,
999 1543 1273 1603 dicamus
1303 1544 1489 1603 modo
1521 1546 1595 1601 de
1624 1544 1820 1600 Eccle-

146 1628 242 1685 sia
272 1645 345 1685 ex
374 1630 652 1697 gentibus
684 1630 764 1686 ad
788 1632 972 1693 iidem
1004 1638 1240 1689 vocata.
1275 1656 1303 1683 ‹‹
1336 1636 1514 1705 Nigra
1543 1633 1822 1699 sum,sed

1933 467 2222 523 adversus
2256 470 2563 525 scientiam
2591 471 2715 528 Dei.
2751 494 2777 521 ››
2807 471 2911 538 Qui
2940 471 3317 543 altitudinem
3349 473 3603 545 destruit

1933 557 2139 629 utique
2169 565 2472 631 pugnator
2497 565 2621 627 est;
2649 561 2741 620 isti
2772 577 2915 632 ergo
2946 567 3338 633 pugnzttores,
3371 563 3463 619 isti
3495 564 3600 621 ﬁlii

1932 647 2139 703 matris
2176 649 2541 707 Hierusalem
2572 648 3027 707 debellaverunt
3057 651 3378 707 Ecclesiam
3409 652 3486 709 ab
3517 670 3602 710 er-

1928 752 2063 793 rore
2096 753 2227 806 suo,
2252 743 2317 793 ut
2358 738 2524 795 illam
2555 740 2880 796 funderent
2927 740 3006 797 ad
3031 740 3363 813 justitiam:
3417 766 3443 795 ιι
3481 743 3601 802 Filii

1932 847 1962 877 ιι
2004 826 2210 883 matris
2241 844 2391 883 mete
2440 834 2864 901 pugnaverunt
2893 834 3104 885 contra
3150 846 3266 887 me.
3303 852 3330 880 »
3360 834 3427 887 Et
3453 832 3601 905 quid

1931 914 2200 972 fecerunt
2227 923 2568 988 pugnantes
2593 919 2621 975 ‘2
2648 941 2675 968 ‹‹
2714 921 3045 975 Posuerunt
3076 935 3172 974 me
3200 920 3513 983 custodem
3539 921 3600 985 in

1930 1003 2139 1060 vineis.
2177 1027 2205 1054 ››
2239 1005 2439 1063 Vineae
2477 1006 2752 1063 Ecclesia:
2784 1012 2923 1063 sunt
2952 1007 3196 1063 virtutes
3241 1026 3377 1081 quae
3404 1008 3604 1068 fructi-

1929 1091 2132 1161 ﬁcant,
2147 1093 2291 1165 quia
2316 1095 2463 1150 dum
2491 1095 2847 1168 depugnant
2865 1096 2925 1153 in
2942 1112 3039 1152 me
3060 1096 3224 1171 vitia,
3244 1098 3420 1170 quasi
3441 1097 3602 1155 mala

1931 1197 2068 1236 mea
2098 1183 2156 1237 in
2186 1200 2281 1238 me
2345 1190 2715 1256 expugnant.
2749 1186 3290 1243 Fructilicationem
3330 1190 3388 1242 et
3417 1187 3596 1255 virtu-

1930 1275 2058 1328 tum
2084 1273 2281 1329 studia
2309 1273 2457 1329 mihi
2489 1273 2804 1341 dederunt,
2854 1274 2917 1330 in
2946 1276 3132 1331 vineis
3160 1292 3256 1331 me
3286 1277 3599 1350 custodem

1931 1361 2218 1433 fecerunt,
2249 1369 2309 1420 ut
2352 1363 2871 1421 fructiﬁcationem
2922 1363 3220 1423 afferrem.
3248 1370 3381 1421 Post
3414 1382 3601 1439 expu-

1932 1453 2279 1521 gnationem
2331 1453 2669 1527 specialiter
2699 1453 2898 1510 dicat:
2953 1453 3197 1511 Vineam
3248 1471 3450 1511 meam
3479 1472 3603 1512 non

1931 1542 2245 1597 custodiri.
2284 1565 2311 1591 »
2358 1542 2550 1598 Vinea
2596 1542 2868 1599 Ecclesiae
2919 1543 3169 1616 antiqua
3230 1544 3602 1615 consuetudo

1932 1631 2146 1687 erroris
2178 1636 2286 1687 est.
2319 1634 2506 1699 Quem
2537 1632 2685 1688 dum
2718 1637 2921 1688 custos
2949 1632 3028 1688 ad
3060 1632 3299 1690 virtutes
3339 1633 3601 1706 ponitur,

141 1717 419 1775 formosa
444 1719 568 1776 ﬁlia
596 1720 988 1778 Hierusalem.
1050 1742 1079 1779 δ
1131 1724 1391 1781 Ecclesia
1420 1742 1493 1780 ex
1545 1724 1822 1794 gentibus
1855 1740 1894 1794 Β
1932 1722 2150 1777 deserit
2176 1721 2438 1791 vineam,
2462 1722 2626 1779 illam
2649 1723 2963 1795 antiquam
2992 1721 3493 1779 consuetudinem
3521 1739 3606 1779 er-

141 1807 396 1863 veniens
428 1810 773 1875 considerat
818 1810 1088 1869 ﬁdelium
1137 1814 1376 1871 animas
1403 1831 1555 1886 quas
1576 1814 1820 1881 invenit,

144 1913 306 1969 quas
337 1903 395 1954 et
423 1898 577 1955 ﬁlias
606 1900 974 1958 Hierusalem
998 1908 1192 1959 vocat.
1212 1904 1575 1960 Hierusalem
1598 1904 1823 1976 quippe

147 1987 298 2043 visio
314 1989 485 2056 pacis
516 1987 750 2045 dicitur.
786 1990 1133 2047 Considerat
1159 1991 1307 2064 quid
1329 1992 1457 2060 fuit,
1487 1994 1831 2048 considerat

146 2075 301 2147 quid
328 2077 486 2135 facta
516 2082 624 2141 est,
671 2082 730 2135 et
758 2079 1072 2135 conﬁtetur
1116 2081 1450 2153 praeteritas
1505 2081 1720 2154 culpas
1752 2097 1825 2136 ne

149 2165 417 2239 superba
449 2166 540 2222 sit.
594 2168 917 2229 Conﬁtetur
959 2175 1317 2242 praesentem
1366 2171 1550 2229 vitam
1620 2189 1696 2227 ne
1735 2172 1825 2228 in-

150 2260 327 2323 grata
358 2256 452 2325 sit,
484 2260 542 2313 et
570 2255 748 2313 dicit:
781 2277 811 2313 ‹
842 2259 1018 2328 .‘iigra
1049 2276 1206 2326 sum,
1226 2261 1331 2315 sed
1364 2260 1698 2319 formosa.»
1731 2262 1826 2318 Ni-

149 2360 263 2416 gra
286 2361 394 2417 per
422 2346 726 2417 meritum,
763 2347 1032 2409 formosa
1062 2366 1169 2421 per
1199 2350 1475 2420 gratiam.
1506 2351 1684 2420 Nigra
1720 2366 1827 2423 per

148 2434 338 2493 vitam
368 2437 756 2506 praeteritam,
782 2436 1047 2495 formosa
1069 2454 1177 2510 per
1203 2440 1720 2499 conversationem
1740 2457 1827 2497 se-

150 2530 464 2596 quentem.
498 2525 820 2590 Quomodo
851 2526 1069 2596 nigra?
1102 2528 1262 2584 Sicut
1301 2528 1696 2586 tabernacula
1722 2531 1825 2585 Ce-

152 2613 286 2669 dar.
322 2613 513 2669 Cedar
558 2614 786 2686 quippe
818 2614 1208 2673 tabernacula
1264 2618 1533 2687 gentium
1564 2618 1824 2685 fuerunt,

149 2698 543 2757 tabernacula
560 2699 943 2757 tenebrarum
964 2702 1826 2774 fuerunt.litgentibusjdictuin

152 2792 278 2842 est:
315 2810 342 2837 ‹‹
376 2788 584 2843 Fuistis
614 2788 944 2861 aliquando
978 2791 1259 2862 tenebris,
1292 2808 1453 2847 nunc
1500 2798 1701 2849 autem
1723 2793 1825 2857 lux

148 2875 213 2933 in
244 2876 499 2934 Domino
529 2878 711 2948 (Eph.
743 2879 819 2949 v).
869 2901 898 2931 »
933 2880 1250 2945 Quomodo
1302 2880 1615 2938 formosa?
1667 2882 1827 2939 Sicut

152 2966 341 3041 pelles
394 2966 751 3027 Salomonis.
798 2969 1073 3025 Maccrati
1119 2987 1331 3035 sumus
1375 2988 1481 3044 per
1530 2972 1825 3044 poeniten-

154 3059 325 3151 tiam,
356 3057 695 3151 mortiﬁcati
726 3075 867 3151 vero
898 3076 1006 3151 per
1036 3061 1452 3151 pcenitentiam
1502 3064 1676 3135 quasi
1703 3063 1827 3135 pel-
1858 3097 1898 3151 η

151 3142 225 3199 lis
256 3142 315 3198 in
345 3142 709 3214 obsequium
735 3144 892 3214 regis
934 3143 1274 3203 adducitur.
1311 3148 1531 3203 Omnes
1562 3164 1669 3222 per
1698 3165 1826 3221 pce-

154 3231 467 3288 nitentiam
493 3232 723 3303 seipsos
749 3232 1081 3304 aﬂligentes
1113 3235 1392 3293 membra
1424 3237 1634 3293 Christi
1659 3253 1719 3293 se
1744 3237 1826 3294 fa-

155 3321 340 3378 ciunt.
373 3321 638 3389 Membra
669 3338 812 3393 ergo
842 3322 1054 3380 Christi
1084 3340 1191 3396 per
1230 3325 1641 3396 paenitentiam
1676 3325 1829 3383 aﬂli-

156 3416 253 3469 cta
292 3410 478 3485 pelles
524 3412 861 3475 Salomonis
904 3418 1065 3483 sunt,
1109 3414 1255 3487 quia
1300 3414 1659 3473 mortiﬁcata
1688 3432 1829 3473 caro

155 3502 328 3559 ﬁunt.
361 3502 474 3559 Sed
506 3518 642 3558 ecce
701 3508 869 3569 erant
898 3503 959 3560 in
1010 3503 1219 3561 Judtea
1256 3502 1485 3575 ﬁdeles,
1533 3506 1637 3577 qui
1667 3505 1833 3561 dedi-

157 3591 510 3663 gnabantur
539 3592 740 3655 venire
766 3594 845 3649 ad
875 3594 1060 3657 ﬁdem
1092 3594 1425 3664 gentilium.
1455 3596 1619 3652 Unde
1646 3600 1702 3652 et
1730 3599 1830 3652 Pe-

156 3687 317 3739 trum
343 3681 736 3751 redarguunt,
761 3682 929 3755 quod
955 3684 1295 3749 Cornelium
1328 3691 1692 3758 susceperat.
1720 3688 1834 3741 Un-

156 3771 235 3830 de
264 3777 323 3827 et
355 3772 451 3828 hic
481 3771 743 3829 Ecclesia
773 3773 1041 3841 gentium
1070 3773 1384 3845 subjungit
1409 3792 1422 3829 :
1458 3796 1485 3824 ε(
1518 3774 1703 3839 Nolite
1732 3791 1831 3831 me

156 3860 547 3921 considerare
572 3860 739 3933 quod
760 3861 931 3918 fusca
961 3862 1096 3921 sim.
1111 3886 1140 3913 ››
1159 3862 1346 3919 Nolite
1369 3863 1673 3937 despicere
1697 3880 1832 3935 gen-

158 3950 431 4008 tilitatem
475 3948 840 4011 inﬁdelitatis
892 3966 1065 4022 mere,
1111 3951 1289 4013 nolite
1334 3952 1639 4025 despicere
1696 3969 1834 4025 pec-

158 4044 297 4096 cata
342 4039 565 4112 priora,
625 4038 805 4105 nolite
861 4040 1166 4097 attendere
1215 4041 1382 4113 quod
1424 4041 1528 4096 fui.
1588 4042 1832 4108 Quare?

158 4152 188 4183 (ι
222 4129 369 4203 quia
393 4128 763 4186 decoloravit
792 4146 888 4187 me
911 4129 1019 4186 sol.
1044 4153 1075 4181 »
1098 4129 1196 4191 Sol
1224 4130 1385 4193 enim
1412 4130 1738 4201 decolorat,
1768 4132 1831 4187 in

158 4236 285 4292 quo
315 4219 536 4275 arctius
564 4222 622 4275 et
650 4218 967 4275 districtius
1000 4235 1062 4274 se
1096 4219 1405 4291 imprimit.
1457 4219 1611 4277 Deus
1636 4236 1833 4293 quan-

158 4310 242 4366 do
264 4308 600 4369 districtum
621 4308 919 4379 judicium
942 4312 1118 4379 tenet,
1134 4309 1385 4381 quando
1406 4309 1835 4369 districtionem

160 4415 340 4459 suam
371 4398 632 4471 amplius
670 4398 910 4457 exhibet
939 4402 997 4454 et
1026 4397 1351 4462 decolorat,
1394 4398 1543 4454 dum
1575 4399 1836 4472 amplius

161 4488 373 4559 fulget,
401 4490 546 4561 quia
571 4488 721 4544 dum
768 4488 1201 4545 districtionem
1253 4487 1533 4547 subtilius
1578 4494 1832 4557 exercet,

160 4576 427 4633 districte
457 4577 785 4648 adjudicat.
804 4577 987 4643 Quasi
1008 4576 1170 4633 enim
1192 4577 1393 4631 radios
1410 4593 1555 4635 suos
1588 4593 1837 4649 suspen-

161 4665 251 4723 dit
276 4665 387 4733 sol,
420 4666 669 4738 quando
695 4666 1017 4724 clementer
1063 4681 1249 4738 opera
1280 4670 1488 4727 nostra
1515 4665 1835 4727 desiderat.

164 4754 352 4822 Quasi
365 4754 624 4812 districta
640 4755 919 4812 virtutem
933 4771 1111 4811 suam
1121 4754 1633 4827 exhibet,quando
1647 4757 1839 4813 distri-

162 4849 255 4902 cte
268 4860 456 4917 opera
471 4850 679 4902 nostra
689 4846 1246 4918 pensat.Dicatergo
1262 4845 1690 4903 Ecclesiazlnde
1703 4863 1839 4903 sum

163 4936 361 5002 fusca,
379 4935 519 4992 inde
550 4936 866 5007 peccatrix,
883 4936 1029 5008 quia
1054 4952 1150 4991 me
1172 4934 1262 4992 sol
1289 4934 1671 5003 decoloravit,
1693 4936 1839 5008 quia

165 5028 410 5083 Creator
439 5041 611 5082 meus
640 5027 788 5081 dum
820 5042 917 5082 me
948 5026 1225 5093 deseruit,
1246 5042 1358 5095 ego
1380 5043 1639 5084 maerore
1659 5026 1839 5098 lapsa

163 5132 324 5172 sum.
352 5116 467 5171 Sed
499 5120 580 5184 tu,
599 5132 637 5171 ο
668 5116 888 5172 afﬂicta
919 5117 1003 5171 sic
1034 5116 1336 5183 destituta,
1358 5117 1506 5189 quid
1536 5116 1839 5173 meruisti?

238 5199 396 5266 Quid
424 5217 498 5259 ex
527 5200 691 5258 dono
720 5205 1001 5257 assecuta
1029 5201 1136 5257 es?
1159 5200 1284 5258 Filii
1313 5202 1524 5257 matris
1555 5217 1705 5257 mete
1734 5216 1841 5272 pu-

163 5295 505 5359 gnaverunt
548 5295 759 5347 contra
798 5306 915 5345 me.
966 5290 1091 5346 Filii
1139 5290 1348 5347 matris
1377 5293 1517 5347 sunt
1557 5287 1835 5361 apostoli.

163 5381 347 5435 Mater
394 5378 556 5435 enim
624 5378 943 5435 hominum
998 5378 1363 5436 Hierusalem
1415 5394 1678 5451 superna
1729 5383 1838 5433 est.

167 5467 283 5540 Ipsi
314 5473 741 5541 pugnaverunt
761 5473 971 5524 contra
998 5467 1341 5535 Ecclesiam,
1361 5467 1506 5525 dum
1527 5468 1605 5528 ab
1631 5467 1840 5524 intide-

163 5558 325 5613 litate
356 5557 418 5612 in
452 5556 569 5613 tide
600 5557 1039 5628 preedicationis
1071 5574 1219 5623 sua',
1265 5557 1441 5629 quasi
1470 5556 1839 5628 quibusdam

163 5641 393 5697 lanceis
423 5642 843 5698 confoderunt.
863 5642 1024 5697 Unde
1050 5645 1108 5698 et
1136 5642 1353 5699 Paulus
1383 5640 1557 5713 quasi
1586 5641 1838 5713 quidam

166 5737 472 5805 pugnator
500 5732 644 5794 dicit
671 5733 764 5803 (II
788 5732 986 5793 Thess.
1010 5732 1092 5805 ti).
1113 5730 1557 5818 Cogitationum
1584 5730 1839 5795 consilia

1933 1812 2084 1868 roris
2117 1812 2227 1868 sui.
2248 1812 2514 1868 Diximus
2541 1812 2616 1868 de
2647 1812 2973 1881 gentilitate
2997 1829 3308 1881 conversa,
3328 1813 3604 1870 dicamus

1934 1902 2118 1958 modo
2150 1902 2501 1970 generaliter
2523 1902 2597 1958 de
2630 1906 2751 1957 tota
2777 1902 2957 1957 simul
2986 1902 3264 1974 Ecclesia,
3298 1907 3354 1965 et
3383 1903 3607 1975 specia-

1933 1990 2064 2047 liter
2089 1990 2235 2062 quid
2258 1991 2333 2047 de
2356 2006 2723 2063 unaquaque
2749 1990 2953 2046 anima
2980 1991 3359 2053 sentiendum
3381 1991 3472 2046 sit.
3506 1994 3607 2047 So-

1933 2079 2057 2136 lent
2087 2078 2258 2151 pravi
2290 2079 2592 2135 auditores
2614 2079 2890 2135 doctores
2923 2096 3067 2136 suos
3110 2095 3234 2135 non
3265 2080 3607 2137 considam-

1934 2187 1995 2225 re
2014 2169 2179 2242 quod
2211 2174 2372 2235 sunt,
2401 2169 2509 2224 sed
2532 2169 2699 2243 quod
2722 2169 3128 2237 fuerunt.Sani
3157 2185 3298 2225 vero
3324 2168 3601 2240 doctores

1935 2265 1991 2319 et
2002 2261 2361 2317 conﬁtentur
2383 2259 2550 2332 quod
2582 2259 2841 2327 fuerunt,
2862 2263 2920 2314 et
2933 2260 3245 2331 proferunt
3257 2259 3425 2332 quod
3440 2265 3599 2325 sunt,

1936 2354 2002 2405 ut
2039 2365 2150 2404 nec
2207 2352 2551 2421 peccatores
2599 2364 2728 2403 esse
2780 2348 3184 2420 abscondant,
3231 2364 3342 2411 nec
3389 2348 3606 2417 iterum

1934 2439 2098 2501 dona
2130 2438 2289 2494 velut
2312 2438 2530 2508 ingrati
2555 2438 2870 2509 denegent.
2894 2439 3057 2494 Dicat
3092 2453 3235 2507 ergo
3256 2438 3318 2495 in
3348 2438 3474 2494 istis
3505 2442 3606 2495 Ec-

1935 2526 2135 2584 clesia.
2169 2548 2197 2577 ί(
2234 2526 2410 2596 Nigra
2441 2542 2596 2597 sum,
2631 2526 2734 2581 sed
2764 2526 3048 2582 formosa.
3088 2547 3114 2575 »
3145 2526 3322 2595 Nigra
3347 2542 3454 2598 per
3483 2542 3601 2589 me,

1934 2617 2203 2679 formosa
2226 2633 2331 2688 per
2362 2616 2615 2672 donum.
2668 2616 2845 2686 Nigra
2890 2616 2964 2671 de
2987 2616 3308 2689 praeterito,
3339 2616 3608 2673 formosa

1935 2723 2007 2764 ex
2034 2723 2104 2762 eo
2136 2706 2292 2763 facta
2322 2723 2459 2763 sum
2487 2705 2547 2771 in
2578 2705 2811 2761 futuris.
2846 2706 3164 2772 Quomodo
3193 2706 3363 2775 nigra
3383 2708 3410 2762 Ἰ
3463 2722 3613 2778 quo-

1936 2796 2121 2852 modo
2150 2795 2418 2859 formosa
2437 2795 2465 2850 ‘?
2494 2794 2674 2865 Nigra
2708 2817 2735 2844 ‹‹
2786 2794 2939 2853 sicut
2978 2793 3369 2852 tabernacula
3399 2794 3609 2865 Cedar,

1934 2885 2205 2947 formosa
2274 2884 2426 2941 sicut
2452 2883 2636 2956 pelles
2687 2882 3101 2940 Salomonis.»
3148 2886 3213 2941 Et
3237 2898 3362 2939 non
3408 2887 3497 2940 est
3518 2884 3613 2955 ju-

1937 2979 2097 3030 stum
2132 2978 2198 3030 ut
2228 2973 2444 3045 aliquis
2475 2990 2548 3029 ex
2578 2973 2876 3045 praeterita
2913 2973 3038 3029 vita
3066 2978 3368 3044 pensatur,
3399 2978 3456 3029 et
3485 2988 3610 3028 non

1936 3062 2137 3130 magis
2158 3061 2503 3119 attendatur
2519 3059 2687 3132 quod
2712 3060 2951 3126 fuit,sed
2972 3060 3141 3133 quod
3160 3061 3448 3131 est.Unda
3476 3060 3615 3117 sub-

1932 3151 2151 3222 jungit:
2172 3172 2198 3198 «
2222 3150 2404 3219 Nolite
2428 3166 2525 3206 me
2548 3149 2930 3209 considerare
2948 3149 3114 3220 quod
3130 3149 3299 3213 fusca
3320 3149 3611 3221 sim,quia

1938 3240 2304 3297 decoloravit
2334 3255 2430 3295 me
2459 3238 2566 3294 sol.
2585 3259 2614 3289 »
2648 3237 2994 3309 Aliquando
3022 3238 3085 3293 in
3104 3237 3407 3310 Scriptura
3433 3254 3607 3295 sacra

1938 3330 2027 3387 sol
2060 3330 2305 3402 ponitur
2324 3328 2549 3393 nimius
2576 3332 2723 3383 uetus
2754 3331 3125 3384 terrenorum
3149 3326 3609 3385 desideriorum.

1941 3419 2107 3476 Unde
2130 3434 2272 3488 ergo
2299 3417 2509 3474 fusca?
2529 3416 2677 3484 Quia
2698 3415 3065 3473 decolorasit
3096 3432 3191 3472 me
3210 3416 3319 3472 sol.
3340 3420 3423 3473 lta
3449 3416 3616 3475 intel-

1937 3508 2164 3577 ligitur:
2195 3506 2378 3564 Nolite
2397 3505 2782 3565 considerare
2808 3504 2975 3577 quod
3004 3505 3177 3575 nigra
3200 3505 3286 3563 fui
3312 3510 3490 3567 antea
3510 3522 3618 3578 per

1937 3597 2367 3663 inﬁdelitatem,
2388 3596 2533 3669 quia
2549 3595 2639 3651 sol
2669 3594 2935 3652 Christus
2952 3594 3026 3650 de
3044 3612 3167 3668 quo
3193 3595 3486 3668 scriptum
3500 3600 3607 3653 est:

1942 3709 1970 3739 ‹‹
1996 3686 2176 3743 Vobis
2200 3690 2403 3742 autem
2426 3684 2772 3754 timentibus
2797 3700 3018 3741 nomen
3042 3700 3249 3747 meum
3281 3685 3505 3741 orietur
3527 3683 3616 3745 sol

1936 3773 2182 3846 justitize
2215 3773 2604 3843 (Matt/mw,»
2628 3771 2993 3828 decoloravit
3016 3788 3114 3827 me
3138 3788 3244 3843 per
3264 3770 3505 3829 ﬁdenm
3527 3771 3619 3826 Fi-

1939 3864 2002 3921 lii
2030 3863 2238 3923 matris
2268 3878 2418 3919 meaa
2449 3865 2877 3934 pugnaverunt
2906 3864 3115 3916 contra
3147 3876 3264 3921 me.
3294 3882 3321 3910 »
3350 3862 3415 3915 In
3445 3860 3614 3917 omni

1944 3959 2218 4010 creatura
2246 3952 2381 4008 dum
2400 3957 2689 4009 creaturae
2709 3949 3034 4007 rationales
3066 3955 3207 4007 sunt
3226 3949 3620 4016 conditaedlu-

1944 4060 2126 4098 manu
2157 4047 2215 4098 et
2260 4042 2552 4111 angelica.
2606 4040 2826 4097 Cecidit
2868 4039 3138 4110 angelus,
3195 4040 3491 4112 persuasit
3514 4039 3619 4097 ho-

1944 4131 2110 4188 mini.
2141 4133 2318 4191 Mater
2346 4130 2508 4187 enim
2540 4129 2738 4189 omnis
2766 4132 3051 4187 creaturae
3079 4128 3420 4198 benignitas
3450 4133 3539 4185 est
3563 4125 3620 4184 et

1942 4220 2210 4295 potentia
2234 4219 2355 4276 Dei.
2385 4223 2502 4275 Nos
2533 4235 2674 4289 ergo
2702 4223 2760 4275 et
2797 4218 2998 4287 angeli
3044 4234 3119 4275 ex
3143 4235 3215 4274 eo
3246 4218 3412 4290 quod
3443 4218 3619 4276 ratio-

1946 4310 2114 4367 nales
2160 4310 2386 4365 conditi
2410 4310 2625 4377 simus,
2672 4308 2847 4381 quasi
2896 4309 3232 4382 quamdam
3275 4308 3621 4365 societatem

1946 4399 2327 4457 fraternitatis
2352 4398 2833 4471 habemus,quia
2853 4398 3051 4468 angeli
3069 4398 3148 4455 ab
3170 4398 3384 4455 eadem
3414 4403 3625 4470 poten-

1949 4489 2030 4545 tia
2056 4488 2280 4546 conditi
2307 4493 2447 4545 sunt
2501 4505 2623 4561 qua
2649 4492 2707 4544 et
2732 4504 2864 4543 nos.
2920 4488 3072 4553 Quia
3100 4493 3303 4545 tamen
3335 4488 3621 4544 cadentes

1950 4578 2148 4647 angeli
2178 4577 2446 4651 quotidie
2501 4583 2709 4634 contra
2753 4592 2866 4632 nos
2906 4576 3134 4632 bellum
3176 4581 3412 4646 gerunt,
3445 4576 3620 4641 dicit:

1956 4689 1975 4721 ι
2009 4667 2136 4724 Filii
2164 4667 2373 4724 matris
2400 4683 2547 4722 meas
2576 4670 3003 4739 pugnaverunt
3035 4670 3242 4720 contra
3273 4678 3390 4719 me.
3420 4684 3448 4715 υ
3479 4665 3623 4718 Ecce

1950 4756 2099 4811 dum
2127 4760 2402 4826 pugnant
2430 4755 2521 4809 isti
2546 4755 2788 4825 spiritus
2819 4753 3101 4817 rationes,
3128 4751 3368 4823 spiritus
3400 4749 3494 4805 isti
3517 4749 3623 4805 ﬁlii

1948 4844 2157 4901 matris
2187 4842 2335 4899 dum
2368 4847 2645 4914 pugnant
2673 4848 2881 4896 contra
2908 4840 3179 4897 animam
3230 4837 3457 4894 faciunt
3484 4853 3624 4893 eam

1951 4932 2197 4995 terrenis
2226 4931 2408 4989 rebus
2442 4929 2811 4992 incumbere,
2845 4927 3181 4984 actionibus
3213 4924 3414 4983 saeculi
3444 4942 3622 4981 vaca-

1948 5039 2032 5091 re,
2057 5039 2150 5077 res
2180 5019 2550 5077 transitorias
2572 5032 2864 5090 quaerere.
2886 5016 3049 5071 Unde
3074 5014 3421 5086 subjungit:
3457 5035 3485 5065 ιι
3520 5016 3624 5068 Ρο-

1950 5134 1978 5159 ‹‹
2020 5115 2272 5166 suerunt
2297 5125 2394 5164 me
2424 5106 2735 5164 custodem
2764 5106 2821 5161 in
2857 5104 3045 5161 vineis
3087 5105 3331 5160 vineam
3369 5119 3492 5161 non
3520 5118 3623 5160 cu-

1951 5221 1978 5249 «
2023 5196 2261 5255 stodivi.
2306 5197 2500 5254 Vinea:
2534 5195 2697 5255 enim
2749 5198 2888 5250 sunt
2933 5193 3198 5251 actiones
3230 5198 3498 5249 terrenas.
3541 5197 3624 5248 Ac

1952 5288 1999 5346 si
2031 5286 2226 5342 dicat:
2260 5287 2326 5343 In
2374 5283 2711 5349 actionibus
2760 5283 3007 5339 terrenis
3044 5281 3355 5339 custodem
3388 5296 3485 5337 me
3514 5294 3624 5350 po-

1953 5378 2219 5431 suerunt.
2256 5376 2323 5430 Et
2352 5372 2545 5446 quid?
2595 5372 2833 5429 vineam
2861 5387 3084 5439 meam,
3117 5370 3179 5425 id
3222 5374 3311 5425 est
3351 5368 3622 5425 animam

1950 5478 2173 5534 meam,
2197 5462 2379 5519 vitam
2402 5469 2626 5531 meam,
2658 5465 2923 5519 mentem
2953 5475 3153 5516 meam
3185 5457 3487 5514 custodire
3514 5473 3623 5514 ne-

1951 5554 2137 5625 glexi;
2165 5551 2328 5623 quia,
2353 5552 2500 5608 dum
2525 5550 2783 5607 exterius
2805 5550 2865 5606 in
2891 5564 3091 5606 rerum
3129 5555 3501 5605 terrenarum
3531 5563 3628 5603 ac-

1952 5643 2108 5699 tione
2138 5640 2408 5698 involuta
2425 5655 2581 5708 sum,
2608 5639 2685 5696 ab
2706 5640 2942 5695 interna
2962 5637 3238 5695 custodia
3260 5637 3436 5709 lapsa
3458 5652 3619 5707 sum,

1948 5729 2220 5805 plerique
2242 5744 2319 5789 ex
2338 5745 2410 5788 eo
2436 5745 2502 5787 se
2527 5727 2915 5789 considerant
2941 5726 3476 5803 quodjultaiplos
3508 5729 3621 5797 est,
