  <div class='ocr_page' id='page_1' title='image "/cluster/home/n/w/nwhite01/storage/ocr_20150623/115-116/uc1.31175006916467/295.png"; bbox 0 0 3968 6388; ppageno 0'>
   <div class='ocr_carea' id='block_1_1' title="bbox 416 253 521 309">
    <p class='ocr_par' dir='ltr' id='par_1_1' title="bbox 416 253 521 309">
     <span class='ocr_line' id='line_1_1' title="bbox 416 253 521 309; baseline -0.01 -1"><span class='ocrx_word' id='word_1_1' title='bbox 416 253 521 309; x_wconf 74' lang='lat'>575</span> 
     </span>
    </p>
   </div>
   <div class='ocr_carea' id='block_1_2' title="bbox 1519 233 2722 302">
    <p class='ocr_par' dir='ltr' id='par_1_2' title="bbox 1519 233 2722 302">
     <span class='ocr_line' id='line_1_2' title="bbox 1519 233 2722 302; baseline -0.008 -2"><span class='ocrx_word' id='word_1_2' title='bbox 1519 233 1880 302; x_wconf 82' lang='lat' dir='ltr'>ANGELOMI</span> <span class='ocrx_word' id='word_1_3' title='bbox 1917 233 2372 296; x_wconf 80' lang='lat' dir='ltr'>LUXOVIENSIS</span> <span class='ocrx_word' id='word_1_4' title='bbox 2410 234 2722 292; x_wconf 82' lang='lat' dir='ltr'>MONACHI</span> 
     </span>
    </p>
   </div>
   <div class='ocr_carea' id='block_1_3' title="bbox 3748 231 3859 284">
    <p class='ocr_par' dir='ltr' id='par_1_3' title="bbox 3748 231 3859 284">
     <span class='ocr_line' id='line_1_3' title="bbox 3748 231 3859 284; baseline 0.018 -2"><span class='ocrx_word' id='word_1_5' title='bbox 3748 231 3859 284; x_wconf 79' lang='lat'>5&#39;76</span> 
     </span>
    </p>
   </div>
   <div class='ocr_carea' id='block_1_4' title="bbox 419 350 3860 445">
    <p class='ocr_par' dir='ltr' id='par_1_4' title="bbox 419 350 3860 445">
     <span class='ocr_line' id='line_1_4' title="bbox 419 350 3860 445; baseline -0.007 -17"><span class='ocrx_word' id='word_1_6' title='bbox 419 387 544 428; x_wconf 92' lang='lat' dir='ltr'>non</span> <span class='ocrx_word' id='word_1_7' title='bbox 567 387 639 428; x_wconf 82' lang='lat' dir='ltr'>ex</span> <span class='ocrx_word' id='word_1_8' title='bbox 679 388 748 428; x_wconf 92' lang='lat' dir='ltr'>eo</span> <span class='ocrx_word' id='word_1_9' title='bbox 778 371 945 445; x_wconf 92' lang='lat' dir='ltr'>quod</span> <span class='ocrx_word' id='word_1_10' title='bbox 974 374 1129 426; x_wconf 78' lang='lat' dir='ltr'>sunt:</span> <span class='ocrx_word' id='word_1_11' title='bbox 1162 371 1336 425; x_wconf 83' lang='lat' dir='ltr'>Juxta</span> <span class='ocrx_word' id='word_1_12' title='bbox 1365 369 1528 442; x_wconf 89' lang='lat' dir='ltr'>ipsos</span> <span class='ocrx_word' id='word_1_13' title='bbox 1561 372 1700 423; x_wconf 90' lang='lat' dir='ltr'>sunt</span> <span class='ocrx_word' id='word_1_14' title='bbox 1729 364 2069 436; x_wconf 75' lang='lat' dir='ltr'>dignitates,</span> <span class='ocrx_word' id='word_1_15' title='bbox 2102 364 2147 416; x_wconf 82' lang='grc' dir='ltr'><strong>Α</strong></span> <span class='ocrx_word' id='word_1_16' title='bbox 2187 363 2400 425; x_wconf 73' lang='lat' dir='ltr'>xum).</span> <span class='ocrx_word' id='word_1_17' title='bbox 2440 381 2466 408; x_wconf 83' lang='lat'>»</span> <span class='ocrx_word' id='word_1_18' title='bbox 2498 360 2755 428; x_wconf 85' lang='lat' dir='ltr'>Vestigia</span> <span class='ocrx_word' id='word_1_19' title='bbox 2801 371 3053 428; x_wconf 79' lang='lat' dir='ltr'>gregum</span> <span class='ocrx_word' id='word_1_20' title='bbox 3084 357 3223 409; x_wconf 88' lang='lat' dir='ltr'>sunt</span> <span class='ocrx_word' id='word_1_21' title='bbox 3268 351 3534 445; x_wconf 82' lang='lat' dir='ltr'>actiones</span> <span class='ocrx_word' id='word_1_22' title='bbox 3583 350 3860 445; x_wconf 67' lang='lat' dir='ltr'>populo-</span> 
     </span>
    </p>
   </div>
   <div class='ocr_carea' id='block_1_5' title="bbox 414 452 2075 534">
    <p class='ocr_par' dir='ltr' id='par_1_5' title="bbox 414 452 2075 534">
     <span class='ocr_line' id='line_1_5' title="bbox 414 452 2075 534; baseline -0.008 -16"><span class='ocrx_word' id='word_1_23' title='bbox 414 461 591 533; x_wconf 84' lang='lat' dir='ltr'>juxta</span> <span class='ocrx_word' id='word_1_24' title='bbox 613 461 776 534; x_wconf 91' lang='lat' dir='ltr'>ipsos</span> <span class='ocrx_word' id='word_1_25' title='bbox 793 461 1070 516; x_wconf 89' lang='lat' dir='ltr'>interiora</span> <span class='ocrx_word' id='word_1_26' title='bbox 1093 459 1440 514; x_wconf 88' lang='lat' dir='ltr'>ministeria.</span> <span class='ocrx_word' id='word_1_27' title='bbox 1465 461 1530 514; x_wconf 90' lang='lat' dir='ltr'>Et</span> <span class='ocrx_word' id='word_1_28' title='bbox 1557 458 1706 512; x_wconf 90' lang='lat' dir='ltr'>dum</span> <span class='ocrx_word' id='word_1_29' title='bbox 1727 452 2075 512; x_wconf 91' lang='lat' dir='ltr'>custodiunt</span> 
     </span>
    </p>
   </div>
   <div class='ocr_carea' id='block_1_6' title="bbox 421 543 2071 624">
    <p class='ocr_par' dir='ltr' id='par_1_6' title="bbox 421 543 2071 624">
     <span class='ocr_line' id='line_1_6' title="bbox 421 543 2071 624; baseline -0.008 -17"><span class='ocrx_word' id='word_1_30' title='bbox 421 551 591 624; x_wconf 92' lang='lat' dir='ltr'>quod</span> <span class='ocrx_word' id='word_1_31' title='bbox 610 551 782 622; x_wconf 81' lang='lat' dir='ltr'>juxta</span> <span class='ocrx_word' id='word_1_32' title='bbox 812 565 875 604; x_wconf 93' lang='lat' dir='ltr'>se</span> <span class='ocrx_word' id='word_1_33' title='bbox 894 549 1138 618; x_wconf 86' lang='lat' dir='ltr'>habent,</span> <span class='ocrx_word' id='word_1_34' title='bbox 1163 549 1394 620; x_wconf 86' lang='lat' dir='ltr'>seipsos</span> <span class='ocrx_word' id='word_1_35' title='bbox 1417 546 1715 602; x_wconf 89' lang='lat' dir='ltr'>custodire</span> <span class='ocrx_word' id='word_1_36' title='bbox 1741 543 2071 613; x_wconf 89' lang='lat' dir='ltr'>negligunt.</span> 
     </span>
    </p>
   </div>
   <div class='ocr_carea' id='block_1_7' title="bbox 423 628 2072 708">
    <p class='ocr_par' dir='ltr' id='par_1_7' title="bbox 423 628 2072 708">
     <span class='ocr_line' id='line_1_7' title="bbox 423 628 2072 708; baseline -0.007 -14"><span class='ocrx_word' id='word_1_37' title='bbox 423 640 591 696; x_wconf 90' lang='lat' dir='ltr'>Dicat</span> <span class='ocrx_word' id='word_1_38' title='bbox 609 654 786 708; x_wconf 91' lang='lat' dir='ltr'>ergo:</span> <span class='ocrx_word' id='word_1_39' title='bbox 822 659 850 686; x_wconf 85' lang='grc'><em>‹‹</em></span> <span class='ocrx_word' id='word_1_40' title='bbox 882 637 1217 692; x_wconf 89' lang='lat' dir='ltr'>Posuerunt</span> <span class='ocrx_word' id='word_1_41' title='bbox 1266 652 1362 691; x_wconf 91' lang='lat' dir='ltr'>me</span> <span class='ocrx_word' id='word_1_42' title='bbox 1394 635 1705 691; x_wconf 84' lang='lat' dir='ltr'>custodem</span> <span class='ocrx_word' id='word_1_43' title='bbox 1753 633 1815 688; x_wconf 91' lang='lat' dir='ltr'>in</span> <span class='ocrx_word' id='word_1_44' title='bbox 1863 628 2072 697; x_wconf 90' lang='lat' dir='ltr'>vineis,</span> 
     </span>
    </p>
   </div>
   <div class='ocr_carea' id='block_1_8' title="bbox 419 721 2077 794">
    <p class='ocr_par' dir='ltr' id='par_1_8' title="bbox 419 721 2077 794">
     <span class='ocr_line' id='line_1_8' title="bbox 419 721 2077 794; baseline -0.005 -13"><span class='ocrx_word' id='word_1_45' title='bbox 419 726 661 783; x_wconf 89' lang='lat' dir='ltr'>vineam</span> <span class='ocrx_word' id='word_1_46' title='bbox 689 742 888 781; x_wconf 91' lang='lat' dir='ltr'>meam</span> <span class='ocrx_word' id='word_1_47' title='bbox 935 740 1058 781; x_wconf 92' lang='lat' dir='ltr'>non</span> <span class='ocrx_word' id='word_1_48' title='bbox 1092 725 1406 790; x_wconf 85' lang='lat' dir='ltr'>custodivi,</span> <span class='ocrx_word' id='word_1_49' title='bbox 1436 746 1463 775; x_wconf 84' lang='lat'>»</span> <span class='ocrx_word' id='word_1_50' title='bbox 1503 724 1564 779; x_wconf 91' lang='lat' dir='ltr'>id</span> <span class='ocrx_word' id='word_1_51' title='bbox 1589 729 1695 794; x_wconf 90' lang='lat' dir='ltr'>est,</span> <span class='ocrx_word' id='word_1_52' title='bbox 1737 723 1882 777; x_wconf 92' lang='lat' dir='ltr'>dum</span> <span class='ocrx_word' id='word_1_53' title='bbox 1923 721 2077 774; x_wconf 85' lang='lat' dir='ltr'>exte-</span> 
     </span>
    </p>
   </div>
   <div class='ocr_carea' id='block_1_9' title="bbox 420 808 2075 872">
    <p class='ocr_par' dir='ltr' id='par_1_9' title="bbox 420 808 2075 872">
     <span class='ocr_line' id='line_1_9' title="bbox 420 808 2075 872; baseline -0.005 0"><span class='ocrx_word' id='word_1_54' title='bbox 420 816 562 872; x_wconf 90' lang='lat' dir='ltr'>riori</span> <span class='ocrx_word' id='word_1_55' title='bbox 597 815 866 872; x_wconf 90' lang='lat' dir='ltr'>custodia</span> <span class='ocrx_word' id='word_1_56' title='bbox 915 815 976 870; x_wconf 91' lang='lat' dir='ltr'>in</span> <span class='ocrx_word' id='word_1_57' title='bbox 1003 815 1340 871; x_wconf 85' lang='lat' dir='ltr'>actionibus</span> <span class='ocrx_word' id='word_1_58' title='bbox 1386 813 1772 870; x_wconf 79' lang='lat' dir='ltr'>saecularibus</span> <span class='ocrx_word' id='word_1_59' title='bbox 1803 808 2075 867; x_wconf 87' lang='lat' dir='ltr'>deservio</span> 
     </span>
    </p>
   </div>
   <div class='ocr_carea' id='block_1_10' title="bbox 419 900 2074 960">
    <p class='ocr_par' dir='ltr' id='par_1_10' title="bbox 419 900 2074 960">
     <span class='ocr_line' id='line_1_10' title="bbox 419 900 2074 960; baseline -0.005 0"><span class='ocrx_word' id='word_1_60' title='bbox 419 904 711 960; x_wconf 87' lang='lat' dir='ltr'>interioris</span> <span class='ocrx_word' id='word_1_61' title='bbox 740 904 1023 960; x_wconf 82' lang='lat' dir='ltr'>custodiae</span> <span class='ocrx_word' id='word_1_62' title='bbox 1054 903 1514 959; x_wconf 83' lang='lat' dir='ltr'>sollicitudinem</span> <span class='ocrx_word' id='word_1_63' title='bbox 1559 902 1754 958; x_wconf 90' lang='lat' dir='ltr'>amisi.</span> <span class='ocrx_word' id='word_1_64' title='bbox 1794 900 1909 956; x_wconf 91' lang='lat' dir='ltr'>Sed</span> <span class='ocrx_word' id='word_1_65' title='bbox 1938 913 2074 954; x_wconf 90' lang='lat' dir='ltr'>ecce</span> 
     </span>
    </p>
   </div>
   <div class='ocr_carea' id='block_1_11' title="bbox 417 990 2075 1064">
    <p class='ocr_par' dir='ltr' id='par_1_11' title="bbox 417 990 2075 1064">
     <span class='ocr_line' id='line_1_11' title="bbox 417 990 2075 1064; baseline -0.004 -16"><span class='ocrx_word' id='word_1_66' title='bbox 417 993 666 1048; x_wconf 90' lang='lat' dir='ltr'>reducta</span> <span class='ocrx_word' id='word_1_67' title='bbox 693 993 897 1048; x_wconf 87' lang='lat' dir='ltr'>anima</span> <span class='ocrx_word' id='word_1_68' title='bbox 918 992 997 1048; x_wconf 90' lang='lat' dir='ltr'>ad</span> <span class='ocrx_word' id='word_1_69' title='bbox 1019 994 1274 1064; x_wconf 83' lang='lat' dir='ltr'>gratiam</span> <span class='ocrx_word' id='word_1_70' title='bbox 1300 992 1589 1050; x_wconf 87' lang='lat' dir='ltr'>Creatoris</span> <span class='ocrx_word' id='word_1_71' title='bbox 1613 991 1724 1060; x_wconf 92' lang='lat' dir='ltr'>sui,</span> <span class='ocrx_word' id='word_1_72' title='bbox 1738 991 1867 1062; x_wconf 91' lang='lat' dir='ltr'>jam</span> <span class='ocrx_word' id='word_1_73' title='bbox 1889 990 2075 1056; x_wconf 88' lang='lat' dir='ltr'>amat,</span> 
     </span>
    </p>
   </div>
   <div class='ocr_carea' id='block_1_12' title="bbox 411 1076 2074 1154">
    <p class='ocr_par' dir='ltr' id='par_1_12' title="bbox 411 1076 2074 1154">
     <span class='ocr_line' id='line_1_12' title="bbox 411 1076 2074 1154; baseline -0.004 -18"><span class='ocrx_word' id='word_1_74' title='bbox 411 1081 543 1152; x_wconf 89' lang='lat' dir='ltr'>jam</span> <span class='ocrx_word' id='word_1_75' title='bbox 588 1081 836 1154; x_wconf 88' lang='lat' dir='ltr'>requirit</span> <span class='ocrx_word' id='word_1_76' title='bbox 883 1081 988 1138; x_wconf 90' lang='lat' dir='ltr'>ubi</span> <span class='ocrx_word' id='word_1_77' title='bbox 1043 1081 1503 1154; x_wconf 82' lang='lat' dir='ltr'>Redemptorem</span> <span class='ocrx_word' id='word_1_78' title='bbox 1560 1097 1740 1137; x_wconf 91' lang='lat' dir='ltr'>suum</span> <span class='ocrx_word' id='word_1_79' title='bbox 1791 1076 2074 1134; x_wconf 88' lang='lat' dir='ltr'>inveniat.</span> 
     </span>
    </p>
   </div>
   <div class='ocr_carea' id='block_1_13' title="bbox 419 1169 917 1242">
    <p class='ocr_par' dir='ltr' id='par_1_13' title="bbox 419 1169 917 1242">
     <span class='ocr_line' id='line_1_13' title="bbox 419 1169 917 1242; baseline 0 -16"><span class='ocrx_word' id='word_1_80' title='bbox 419 1169 585 1226; x_wconf 90' lang='lat' dir='ltr'>Unde</span> <span class='ocrx_word' id='word_1_81' title='bbox 618 1171 886 1242; x_wconf 88' lang='lat' dir='ltr'>sequitur</span> <span class='ocrx_word' id='word_1_82' title='bbox 905 1189 917 1226; x_wconf 95' lang='lat'>:</span> 
     </span>
    </p>
   </div>
   <div class='ocr_carea' id='block_1_14' title="bbox 489 1258 2078 1332">
    <p class='ocr_par' dir='ltr' id='par_1_14' title="bbox 489 1258 2078 1332">
     <span class='ocr_line' id='line_1_14' title="bbox 489 1258 2078 1332; baseline -0.003 -19"><span class='ocrx_word' id='word_1_83' title='bbox 489 1278 520 1312; x_wconf 82' lang='grc'><strong>‹</strong></span> <span class='ocrx_word' id='word_1_84' title='bbox 551 1259 757 1315; x_wconf 90' lang='lat' dir='ltr'>Indica</span> <span class='ocrx_word' id='word_1_85' title='bbox 782 1259 898 1315; x_wconf 91' lang='lat' dir='ltr'>mei</span> <span class='ocrx_word' id='word_1_86' title='bbox 927 1275 1110 1332; x_wconf 90' lang='lat' dir='ltr'>quem</span> <span class='ocrx_word' id='word_1_87' title='bbox 1139 1260 1331 1330; x_wconf 82' lang='lat' dir='ltr'>diligit</span> <span class='ocrx_word' id='word_1_88' title='bbox 1379 1261 1584 1316; x_wconf 91' lang='lat' dir='ltr'>anima</span> <span class='ocrx_word' id='word_1_89' title='bbox 1609 1277 1766 1326; x_wconf 90' lang='lat' dir='ltr'>mea,</span> <span class='ocrx_word' id='word_1_90' title='bbox 1801 1258 1903 1314; x_wconf 92' lang='lat' dir='ltr'>ubi</span> <span class='ocrx_word' id='word_1_91' title='bbox 1943 1271 2078 1328; x_wconf 88' lang='lat' dir='ltr'>pas-</span> 
     </span>
    </p>
   </div>
   <div class='ocr_carea' id='block_1_15' title="bbox 417 1345 2078 1419">
    <p class='ocr_par' dir='ltr' id='par_1_15' title="bbox 417 1345 2078 1419">
     <span class='ocr_line' id='line_1_15' title="bbox 417 1345 2078 1419; baseline -0.004 -14"><span class='ocrx_word' id='word_1_92' title='bbox 417 1370 447 1399; x_wconf 86' lang='lat'><strong><em>«</em></strong></span> <span class='ocrx_word' id='word_1_93' title='bbox 479 1365 604 1419; x_wconf 89' lang='lat' dir='ltr'>cas,</span> <span class='ocrx_word' id='word_1_94' title='bbox 637 1349 741 1404; x_wconf 91' lang='lat' dir='ltr'>ubi</span> <span class='ocrx_word' id='word_1_95' title='bbox 771 1348 956 1405; x_wconf 90' lang='lat' dir='ltr'>cubes</span> <span class='ocrx_word' id='word_1_96' title='bbox 987 1349 1049 1404; x_wconf 91' lang='lat' dir='ltr'>in</span> <span class='ocrx_word' id='word_1_97' title='bbox 1090 1350 1360 1406; x_wconf 86' lang='lat' dir='ltr'>meridie.</span> <span class='ocrx_word' id='word_1_98' title='bbox 1387 1369 1417 1403; x_wconf 89' lang='grc'><strong>›</strong></span> <span class='ocrx_word' id='word_1_99' title='bbox 1451 1353 1514 1405; x_wconf 87' lang='lat' dir='ltr'>In</span> <span class='ocrx_word' id='word_1_100' title='bbox 1544 1349 1792 1406; x_wconf 87' lang='lat' dir='ltr'>meridie</span> <span class='ocrx_word' id='word_1_101' title='bbox 1840 1347 1928 1402; x_wconf 93' lang='lat' dir='ltr'>sol</span> <span class='ocrx_word' id='word_1_102' title='bbox 1969 1345 2078 1401; x_wconf 87' lang='lat' dir='ltr'>fer-</span> 
     </span>
    </p>
   </div>
   <div class='ocr_carea' id='block_1_16' title="bbox 414 1435 2077 1511">
    <p class='ocr_par' dir='ltr' id='par_1_16' title="bbox 414 1435 2077 1511">
     <span class='ocr_line' id='line_1_16' title="bbox 414 1435 2077 1511; baseline -0.002 -19"><span class='ocrx_word' id='word_1_103' title='bbox 414 1438 649 1494; x_wconf 89' lang='lat' dir='ltr'>ventior</span> <span class='ocrx_word' id='word_1_104' title='bbox 676 1443 766 1493; x_wconf 91' lang='lat' dir='ltr'>est</span> <span class='ocrx_word' id='word_1_105' title='bbox 792 1457 805 1506; x_wconf 90' lang='lat'><strong>;</strong></span> <span class='ocrx_word' id='word_1_106' title='bbox 839 1439 1036 1494; x_wconf 91' lang='lat' dir='ltr'>omnis</span> <span class='ocrx_word' id='word_1_107' title='bbox 1066 1439 1170 1511; x_wconf 91' lang='lat' dir='ltr'>qui</span> <span class='ocrx_word' id='word_1_108' title='bbox 1198 1439 1261 1494; x_wconf 91' lang='lat' dir='ltr'>in</span> <span class='ocrx_word' id='word_1_109' title='bbox 1281 1438 1400 1494; x_wconf 88' lang='lat' dir='ltr'>ﬁde</span> <span class='ocrx_word' id='word_1_110' title='bbox 1421 1439 1624 1504; x_wconf 88' lang='lat' dir='ltr'>fervet,</span> <span class='ocrx_word' id='word_1_111' title='bbox 1649 1439 1711 1494; x_wconf 92' lang='lat' dir='ltr'>in</span> <span class='ocrx_word' id='word_1_112' title='bbox 1741 1453 1947 1494; x_wconf 88' lang='lat' dir='ltr'>amore</span> <span class='ocrx_word' id='word_1_113' title='bbox 1969 1435 2077 1490; x_wconf 90' lang='lat' dir='ltr'>fer-</span> 
     </span>
    </p>
   </div>
   <div class='ocr_carea' id='block_1_17' title="bbox 413 1523 2077 1599">
    <p class='ocr_par' dir='ltr' id='par_1_17' title="bbox 413 1523 2077 1599">
     <span class='ocr_line' id='line_1_17' title="bbox 413 1523 2077 1599; baseline -0.002 -18"><span class='ocrx_word' id='word_1_114' title='bbox 413 1531 531 1581; x_wconf 90' lang='lat' dir='ltr'>vet.</span> <span class='ocrx_word' id='word_1_115' title='bbox 565 1530 673 1582; x_wconf 83' lang='lat' dir='ltr'>Iste</span> <span class='ocrx_word' id='word_1_116' title='bbox 695 1542 956 1599; x_wconf 91' lang='lat' dir='ltr'>sponsus</span> <span class='ocrx_word' id='word_1_117' title='bbox 984 1528 1088 1599; x_wconf 91' lang='lat' dir='ltr'>qui</span> <span class='ocrx_word' id='word_1_118' title='bbox 1127 1527 1331 1584; x_wconf 90' lang='lat' dir='ltr'>subter</span> <span class='ocrx_word' id='word_1_119' title='bbox 1369 1527 1678 1583; x_wconf 91' lang='lat' dir='ltr'>hinnullus</span> <span class='ocrx_word' id='word_1_120' title='bbox 1717 1531 1987 1594; x_wconf 85' lang='lat' dir='ltr'>vocatur,</span> <span class='ocrx_word' id='word_1_121' title='bbox 2015 1523 2077 1578; x_wconf 90' lang='lat' dir='ltr'>in</span> 
     </span>
    </p>
   </div>
   <div class='ocr_carea' id='block_1_18' title="bbox 418 1615 2075 1688">
    <p class='ocr_par' dir='ltr' id='par_1_18' title="bbox 418 1615 2075 1688">
     <span class='ocr_line' id='line_1_18' title="bbox 418 1615 2075 1688; baseline -0.001 -18"><span class='ocrx_word' id='word_1_122' title='bbox 418 1615 599 1671; x_wconf 90' lang='lat' dir='ltr'>corde</span> <span class='ocrx_word' id='word_1_123' title='bbox 625 1616 894 1688; x_wconf 90' lang='lat' dir='ltr'>ipsorum</span> <span class='ocrx_word' id='word_1_124' title='bbox 927 1617 1119 1688; x_wconf 86' lang='lat' dir='ltr'>pascit</span> <span class='ocrx_word' id='word_1_125' title='bbox 1148 1617 1428 1672; x_wconf 85' lang='lat' dir='ltr'>virtutum</span> <span class='ocrx_word' id='word_1_126' title='bbox 1456 1617 1768 1685; x_wconf 83' lang='lat' dir='ltr'>viriditate,</span> <span class='ocrx_word' id='word_1_127' title='bbox 1788 1617 1894 1670; x_wconf 88' lang='lat' dir='ltr'>ait:</span> <span class='ocrx_word' id='word_1_128' title='bbox 1919 1636 1946 1664; x_wconf 84' lang='lat'><strong>«</strong></span> <span class='ocrx_word' id='word_1_129' title='bbox 1982 1615 2075 1668; x_wconf 89' lang='lat' dir='ltr'>In-</span> 
     </span>
    </p>
   </div>
   <div class='ocr_carea' id='block_1_19' title="bbox 2187 440 3858 520">
    <p class='ocr_par' dir='ltr' id='par_1_19' title="bbox 2187 440 3858 520">
     <span class='ocr_line' id='line_1_19' title="bbox 2187 440 3858 520; baseline -0.005 -17"><span class='ocrx_word' id='word_1_130' title='bbox 2187 465 2341 504; x_wconf 91' lang='lat' dir='ltr'>rum.</span> <span class='ocrx_word' id='word_1_131' title='bbox 2395 450 2536 514; x_wconf 64' lang='lat' dir='ltr'>Quae</span> <span class='ocrx_word' id='word_1_132' title='bbox 2576 453 2801 520; x_wconf 91' lang='lat' dir='ltr'>quanto</span> <span class='ocrx_word' id='word_1_133' title='bbox 2852 445 3052 501; x_wconf 78' lang='lat' dir='ltr'>multae</span> <span class='ocrx_word' id='word_1_134' title='bbox 3099 447 3254 498; x_wconf 88' lang='lat' dir='ltr'>sunt.</span> <span class='ocrx_word' id='word_1_135' title='bbox 3306 446 3470 498; x_wconf 90' lang='lat' dir='ltr'>tanto</span> <span class='ocrx_word' id='word_1_136' title='bbox 3516 440 3858 512; x_wconf 67' lang='lat' dir='ltr'>impeditae,</span> 
     </span>
    </p>
   </div>
   <div class='ocr_carea' id='block_1_20' title="bbox 2185 531 3860 610">
    <p class='ocr_par' dir='ltr' id='par_1_20' title="bbox 2185 531 3860 610">
     <span class='ocr_line' id='line_1_20' title="bbox 2185 531 3860 610; baseline -0.006 -16"><span class='ocrx_word' id='word_1_137' title='bbox 2185 541 2349 594; x_wconf 88' lang='lat' dir='ltr'>tanto</span> <span class='ocrx_word' id='word_1_138' title='bbox 2378 555 2695 610; x_wconf 69' lang='lat' dir='ltr'>perversae.</span> <span class='ocrx_word' id='word_1_139' title='bbox 2730 537 2966 592; x_wconf 87' lang='lat' dir='ltr'>Dicatur</span> <span class='ocrx_word' id='word_1_140' title='bbox 2995 551 3139 604; x_wconf 90' lang='lat' dir='ltr'>ergo</span> <span class='ocrx_word' id='word_1_141' title='bbox 3170 532 3474 589; x_wconf 69' lang='lat' dir='ltr'>Ecclesiae:</span> <span class='ocrx_word' id='word_1_142' title='bbox 3525 554 3552 580; x_wconf 90' lang='lat'><strong>«</strong></span> <span class='ocrx_word' id='word_1_143' title='bbox 3591 532 3650 587; x_wconf 91' lang='lat' dir='ltr'>Si</span> <span class='ocrx_word' id='word_1_144' title='bbox 3675 531 3860 600; x_wconf 87' lang='lat' dir='ltr'>igno-</span> 
     </span>
    </p>
   </div>
   <div class='ocr_carea' id='block_1_21' title="bbox 2184 620 3860 701">
    <p class='ocr_par' dir='ltr' id='par_1_21' title="bbox 2184 620 3860 701">
     <span class='ocr_line' id='line_1_21' title="bbox 2184 620 3860 701; baseline -0.004 -19"><span class='ocrx_word' id='word_1_145' title='bbox 2184 643 2282 683; x_wconf 90' lang='lat' dir='ltr'>ras</span> <span class='ocrx_word' id='word_1_146' title='bbox 2313 633 2386 695; x_wconf 88' lang='lat' dir='ltr'>te,</span> <span class='ocrx_word' id='word_1_147' title='bbox 2416 644 2451 684; x_wconf 94' lang='grc' dir='ltr'>ο</span> <span class='ocrx_word' id='word_1_148' title='bbox 2491 628 2743 701; x_wconf 91' lang='lat' dir='ltr'>pulchra</span> <span class='ocrx_word' id='word_1_149' title='bbox 2777 627 2928 682; x_wconf 91' lang='lat' dir='ltr'>inter</span> <span class='ocrx_word' id='word_1_150' title='bbox 2976 624 3276 685; x_wconf 89' lang='lat' dir='ltr'>mulieres,</span> <span class='ocrx_word' id='word_1_151' title='bbox 3309 622 3592 692; x_wconf 82' lang='lat' dir='ltr'>egredere</span> <span class='ocrx_word' id='word_1_152' title='bbox 3637 625 3700 677; x_wconf 86' lang='lat' dir='ltr'>et</span> <span class='ocrx_word' id='word_1_153' title='bbox 3757 620 3860 675; x_wconf 90' lang='lat' dir='ltr'>abi</span> 
     </span>
    </p>
   </div>
   <div class='ocr_carea' id='block_1_22' title="bbox 2184 710 3857 788">
    <p class='ocr_par' dir='ltr' id='par_1_22' title="bbox 2184 710 3857 788">
     <span class='ocr_line' id='line_1_22' title="bbox 2184 710 3857 788; baseline -0.005 -16"><span class='ocrx_word' id='word_1_154' title='bbox 2184 721 2325 788; x_wconf 93' lang='lat' dir='ltr'>post</span> <span class='ocrx_word' id='word_1_155' title='bbox 2351 717 2600 786; x_wconf 88' lang='lat' dir='ltr'>vestigia</span> <span class='ocrx_word' id='word_1_156' title='bbox 2634 732 2884 786; x_wconf 88' lang='lat' dir='ltr'>gregum</span> <span class='ocrx_word' id='word_1_157' title='bbox 2913 719 2969 770; x_wconf 92' lang='lat' dir='ltr'>et</span> <span class='ocrx_word' id='word_1_158' title='bbox 2988 729 3172 786; x_wconf 87' lang='lat' dir='ltr'>pasce</span> <span class='ocrx_word' id='word_1_159' title='bbox 3193 710 3400 767; x_wconf 74' lang='lat' dir='ltr'>haedos</span> <span class='ocrx_word' id='word_1_160' title='bbox 3417 715 3553 766; x_wconf 90' lang='lat' dir='ltr'>tuos</span> <span class='ocrx_word' id='word_1_161' title='bbox 3567 710 3756 782; x_wconf 81' lang='lat' dir='ltr'>juxta</span> <span class='ocrx_word' id='word_1_162' title='bbox 3774 713 3857 764; x_wconf 86' lang='lat' dir='ltr'>ta-</span> 
     </span>
    </p>
   </div>
   <div class='ocr_carea' id='block_1_23' title="bbox 2183 801 3861 880">
    <p class='ocr_par' dir='ltr' id='par_1_23' title="bbox 2183 801 3861 880">
     <span class='ocr_line' id='line_1_23' title="bbox 2183 801 3861 880; baseline -0.005 -20"><span class='ocrx_word' id='word_1_163' title='bbox 2183 805 2513 862; x_wconf 87' lang='lat' dir='ltr'>bernacula</span> <span class='ocrx_word' id='word_1_164' title='bbox 2543 812 2875 880; x_wconf 88' lang='lat' dir='ltr'>pastorum.</span> <span class='ocrx_word' id='word_1_165' title='bbox 2911 826 2939 853; x_wconf 83' lang='lat'><strong>»</strong></span> <span class='ocrx_word' id='word_1_166' title='bbox 2997 806 3040 859; x_wconf 96' lang='lat' dir='ltr'>O</span> <span class='ocrx_word' id='word_1_167' title='bbox 3077 808 3136 858; x_wconf 88' lang='lat' dir='ltr'>tu</span> <span class='ocrx_word' id='word_1_168' title='bbox 3165 817 3301 874; x_wconf 77' lang='lat' dir='ltr'>quae</span> <span class='ocrx_word' id='word_1_169' title='bbox 3349 801 3514 856; x_wconf 65' lang='lat' dir='ltr'>fteda</span> <span class='ocrx_word' id='word_1_170' title='bbox 3560 815 3703 855; x_wconf 90' lang='lat' dir='ltr'>eras</span> <span class='ocrx_word' id='word_1_171' title='bbox 3751 814 3861 871; x_wconf 91' lang='lat' dir='ltr'>per</span> 
     </span>
    </p>
   </div>
   <div class='ocr_carea' id='block_1_24' title="bbox 2185 890 3863 970">
    <p class='ocr_par' dir='ltr' id='par_1_24' title="bbox 2185 890 3863 970">
     <span class='ocr_line' id='line_1_24' title="bbox 2185 890 3863 970; baseline -0.006 -16"><span class='ocrx_word' id='word_1_172' title='bbox 2185 898 2606 967; x_wconf 87' lang='lat' dir='ltr'>ignorantiam,</span> <span class='ocrx_word' id='word_1_173' title='bbox 2630 913 2736 970; x_wconf 89' lang='lat' dir='ltr'>per</span> <span class='ocrx_word' id='word_1_174' title='bbox 2755 897 2940 951; x_wconf 84' lang='lat' dir='ltr'>ﬁdem</span> <span class='ocrx_word' id='word_1_175' title='bbox 2971 895 3128 950; x_wconf 87' lang='lat' dir='ltr'>facta</span> <span class='ocrx_word' id='word_1_176' title='bbox 3157 911 3220 949; x_wconf 92' lang='lat' dir='ltr'>es</span> <span class='ocrx_word' id='word_1_177' title='bbox 3244 892 3495 966; x_wconf 88' lang='lat' dir='ltr'>pulchra</span> <span class='ocrx_word' id='word_1_178' title='bbox 3521 891 3679 946; x_wconf 86' lang='lat' dir='ltr'>inter</span> <span class='ocrx_word' id='word_1_179' title='bbox 3711 890 3863 946; x_wconf 89' lang='lat' dir='ltr'>alio-</span> 
     </span>
    </p>
   </div>
   <div class='ocr_carea' id='block_1_25' title="bbox 2185 975 3861 1053">
    <p class='ocr_par' dir='ltr' id='par_1_25' title="bbox 2185 975 3861 1053">
     <span class='ocr_line' id='line_1_25' title="bbox 2185 975 3861 1053; baseline -0.005 -9"><span class='ocrx_word' id='word_1_180' title='bbox 2185 1006 2320 1044; x_wconf 89' lang='lat' dir='ltr'>rum</span> <span class='ocrx_word' id='word_1_181' title='bbox 2348 990 2602 1044; x_wconf 89' lang='lat' dir='ltr'>animas.</span> <span class='ocrx_word' id='word_1_182' title='bbox 2637 987 2806 1053; x_wconf 91' lang='lat' dir='ltr'>Quod</span> <span class='ocrx_word' id='word_1_183' title='bbox 2835 986 3138 1042; x_wconf 88' lang='lat' dir='ltr'>evidenter</span> <span class='ocrx_word' id='word_1_184' title='bbox 3164 985 3377 1039; x_wconf 87' lang='lat' dir='ltr'>dicitur</span> <span class='ocrx_word' id='word_1_185' title='bbox 3409 982 3483 1038; x_wconf 92' lang='lat' dir='ltr'>ad</span> <span class='ocrx_word' id='word_1_186' title='bbox 3518 975 3861 1037; x_wconf 84' lang='lat' dir='ltr'>electorum</span> 
     </span>
    </p>
   </div>
   <div class='ocr_carea' id='block_1_26' title="bbox 2189 1069 3864 1147">
    <p class='ocr_par' dir='ltr' id='par_1_26' title="bbox 2189 1069 3864 1147">
     <span class='ocr_line' id='line_1_26' title="bbox 2189 1069 3864 1147; baseline -0.005 -15"><span class='ocrx_word' id='word_1_187' title='bbox 2189 1078 2528 1133; x_wconf 90' lang='lat' dir='ltr'>Ecclesiam.</span> <span class='ocrx_word' id='word_1_188' title='bbox 2564 1077 2620 1134; x_wconf 92' lang='lat' dir='ltr'>Si</span> <span class='ocrx_word' id='word_1_189' title='bbox 2649 1077 2892 1147; x_wconf 88' lang='lat' dir='ltr'>ignoras</span> <span class='ocrx_word' id='word_1_190' title='bbox 2918 1080 2991 1142; x_wconf 86' lang='lat' dir='ltr'>te,</span> <span class='ocrx_word' id='word_1_191' title='bbox 3025 1075 3086 1130; x_wconf 91' lang='lat' dir='ltr'>id</span> <span class='ocrx_word' id='word_1_192' title='bbox 3107 1073 3328 1130; x_wconf 91' lang='lat' dir='ltr'>esthoc</span> <span class='ocrx_word' id='word_1_193' title='bbox 3348 1072 3548 1144; x_wconf 92' lang='lat' dir='ltr'>ipsum</span> <span class='ocrx_word' id='word_1_194' title='bbox 3579 1070 3759 1143; x_wconf 91' lang='lat' dir='ltr'>quod</span> <span class='ocrx_word' id='word_1_195' title='bbox 3779 1069 3864 1125; x_wconf 89' lang='lat' dir='ltr'>ad</span> 
     </span>
    </p>
   </div>
   <div class='ocr_carea' id='block_1_27' title="bbox 2185 1158 3864 1235">
    <p class='ocr_par' dir='ltr' id='par_1_27' title="bbox 2185 1158 3864 1235">
     <span class='ocr_line' id='line_1_27' title="bbox 2185 1158 3864 1235; baseline -0.005 -14"><span class='ocrx_word' id='word_1_196' title='bbox 2185 1166 2513 1235; x_wconf 88' lang='lat' dir='ltr'>imaginem</span> <span class='ocrx_word' id='word_1_197' title='bbox 2544 1181 2744 1220; x_wconf 91' lang='lat' dir='ltr'>meam</span> <span class='ocrx_word' id='word_1_198' title='bbox 2777 1164 2935 1220; x_wconf 88' lang='lat' dir='ltr'>facta</span> <span class='ocrx_word' id='word_1_199' title='bbox 2964 1180 3027 1218; x_wconf 92' lang='lat' dir='ltr'>es</span> <span class='ocrx_word' id='word_1_200' title='bbox 3055 1163 3323 1232; x_wconf 91' lang='lat' dir='ltr'>ignoras,</span> <span class='ocrx_word' id='word_1_201' title='bbox 3348 1161 3652 1230; x_wconf 86' lang='lat' dir='ltr'>egredere,</span> <span class='ocrx_word' id='word_1_202' title='bbox 3688 1158 3864 1214; x_wconf 90' lang='lat' dir='ltr'>foras</span> 
     </span>
    </p>
   </div>
   <div class='ocr_carea' id='block_1_28' title="bbox 2187 1248 3862 1323">
    <p class='ocr_par' dir='ltr' id='par_1_28' title="bbox 2187 1248 3862 1323">
     <span class='ocr_line' id='line_1_28' title="bbox 2187 1248 3862 1323; baseline -0.005 -12"><span class='ocrx_word' id='word_1_203' title='bbox 2187 1257 2298 1312; x_wconf 80' lang='lat' dir='ltr'>exi.</span> <span class='ocrx_word' id='word_1_204' title='bbox 2367 1256 2421 1310; x_wconf 91' lang='lat' dir='ltr'>Si</span> <span class='ocrx_word' id='word_1_205' title='bbox 2481 1271 2624 1310; x_wconf 90' lang='lat' dir='ltr'>vero</span> <span class='ocrx_word' id='word_1_206' title='bbox 2672 1271 2796 1310; x_wconf 90' lang='lat' dir='ltr'>non</span> <span class='ocrx_word' id='word_1_207' title='bbox 2853 1253 3192 1323; x_wconf 88' lang='lat' dir='ltr'>cognoscis,</span> <span class='ocrx_word' id='word_1_208' title='bbox 3261 1249 3488 1323; x_wconf 89' lang='lat' dir='ltr'>aliquid</span> <span class='ocrx_word' id='word_1_209' title='bbox 3541 1248 3705 1304; x_wconf 87' lang='lat' dir='ltr'>facta</span> <span class='ocrx_word' id='word_1_210' title='bbox 3767 1266 3862 1316; x_wconf 90' lang='lat' dir='ltr'>es,</span> 
     </span>
    </p>
   </div>
   <div class='ocr_carea' id='block_1_29' title="bbox 2187 1340 3863 1415">
    <p class='ocr_par' dir='ltr' id='par_1_29' title="bbox 2187 1340 3863 1415">
     <span class='ocr_line' id='line_1_29' title="bbox 2187 1340 3863 1415; baseline -0.005 -15"><span class='ocrx_word' id='word_1_211' title='bbox 2187 1344 2465 1414; x_wconf 87' lang='lat' dir='ltr'>egredere</span> <span class='ocrx_word' id='word_1_212' title='bbox 2503 1349 2560 1399; x_wconf 90' lang='lat' dir='ltr'>et</span> <span class='ocrx_word' id='word_1_213' title='bbox 2597 1343 2696 1399; x_wconf 90' lang='lat' dir='ltr'>abi</span> <span class='ocrx_word' id='word_1_214' title='bbox 2746 1349 2882 1415; x_wconf 92' lang='lat' dir='ltr'>post</span> <span class='ocrx_word' id='word_1_215' title='bbox 2931 1342 3181 1413; x_wconf 89' lang='lat' dir='ltr'>vestigia</span> <span class='ocrx_word' id='word_1_216' title='bbox 3247 1354 3520 1409; x_wconf 87' lang='lat' dir='ltr'>gregum.</span> <span class='ocrx_word' id='word_1_217' title='bbox 3585 1340 3863 1410; x_wconf 84' lang='lat' dir='ltr'>Sequere</span> 
     </span>
    </p>
   </div>
   <div class='ocr_carea' id='block_1_30' title="bbox 2186 1428 3866 1506">
    <p class='ocr_par' dir='ltr' id='par_1_30' title="bbox 2186 1428 3866 1506">
     <span class='ocr_line' id='line_1_30' title="bbox 2186 1428 3866 1506; baseline -0.005 -16"><span class='ocrx_word' id='word_1_218' title='bbox 2186 1451 2308 1490; x_wconf 91' lang='lat' dir='ltr'>non</span> <span class='ocrx_word' id='word_1_219' title='bbox 2356 1433 2632 1506; x_wconf 83' lang='lat' dir='ltr'>exempla</span> <span class='ocrx_word' id='word_1_220' title='bbox 2659 1449 2816 1499; x_wconf 88' lang='lat' dir='ltr'>mea,</span> <span class='ocrx_word' id='word_1_221' title='bbox 2847 1432 2951 1487; x_wconf 93' lang='lat' dir='ltr'>sed</span> <span class='ocrx_word' id='word_1_222' title='bbox 3000 1430 3275 1502; x_wconf 83' lang='lat' dir='ltr'>exempla</span> <span class='ocrx_word' id='word_1_223' title='bbox 3303 1428 3692 1502; x_wconf 90' lang='lat' dir='ltr'>populorum.</span> <span class='ocrx_word' id='word_1_224' title='bbox 3732 1450 3762 1477; x_wconf 87' lang='lat'>«</span> <span class='ocrx_word' id='word_1_225' title='bbox 3794 1430 3866 1483; x_wconf 86' lang='lat' dir='ltr'>Et</span> 
     </span>
    </p>
   </div>
   <div class='ocr_carea' id='block_1_31' title="bbox 2186 1519 3862 1598">
    <p class='ocr_par' dir='ltr' id='par_1_31' title="bbox 2186 1519 3862 1598">
     <span class='ocr_line' id='line_1_31' title="bbox 2186 1519 3862 1598; baseline -0.006 -17"><span class='ocrx_word' id='word_1_226' title='bbox 2186 1541 2364 1598; x_wconf 90' lang='lat' dir='ltr'>pasce</span> <span class='ocrx_word' id='word_1_227' title='bbox 2394 1524 2601 1580; x_wconf 64' lang='lat' dir='ltr'>haedos</span> <span class='ocrx_word' id='word_1_228' title='bbox 2647 1529 2779 1579; x_wconf 90' lang='lat' dir='ltr'>tuos</span> <span class='ocrx_word' id='word_1_229' title='bbox 2814 1523 2987 1594; x_wconf 86' lang='lat' dir='ltr'>juxta</span> <span class='ocrx_word' id='word_1_230' title='bbox 3020 1519 3409 1577; x_wconf 89' lang='lat' dir='ltr'>tabernacula</span> <span class='ocrx_word' id='word_1_231' title='bbox 3447 1523 3795 1590; x_wconf 88' lang='lat' dir='ltr'>pastorum.</span> <span class='ocrx_word' id='word_1_232' title='bbox 3835 1541 3862 1567; x_wconf 82' lang='lat'>»</span> 
     </span>
    </p>
   </div>
   <div class='ocr_carea' id='block_1_32' title="bbox 2190 1609 3864 1675">
    <p class='ocr_par' dir='ltr' id='par_1_32' title="bbox 2190 1609 3864 1675">
     <span class='ocr_line' id='line_1_32' title="bbox 2190 1609 3864 1675; baseline -0.005 -5"><span class='ocrx_word' id='word_1_233' title='bbox 2190 1615 2349 1670; x_wconf 64' lang='lat' dir='ltr'>Haedi</span> <span class='ocrx_word' id='word_1_234' title='bbox 2370 1614 2559 1670; x_wconf 87' lang='lat' dir='ltr'>nostri</span> <span class='ocrx_word' id='word_1_235' title='bbox 2587 1619 2724 1668; x_wconf 93' lang='lat' dir='ltr'>sunt</span> <span class='ocrx_word' id='word_1_236' title='bbox 2754 1618 2954 1668; x_wconf 89' lang='lat' dir='ltr'>motus</span> <span class='ocrx_word' id='word_1_237' title='bbox 2985 1610 3274 1675; x_wconf 89' lang='lat' dir='ltr'>carnales,</span> <span class='ocrx_word' id='word_1_238' title='bbox 3293 1609 3604 1664; x_wconf 84' lang='lat' dir='ltr'>haedisunt</span> <span class='ocrx_word' id='word_1_239' title='bbox 3629 1613 3864 1663; x_wconf 67' lang='lat' dir='ltr'>nostrae</span> 
     </span>
    </p>
   </div>
   <div class='ocr_carea' id='block_1_33' title="bbox 418 1698 3862 1778">
    <p class='ocr_par' dir='ltr' id='par_1_33' title="bbox 418 1698 3862 1778">
     <span class='ocr_line' id='line_1_33' title="bbox 418 1698 3862 1778; baseline -0.003 -18"><span class='ocrx_word' id='word_1_240' title='bbox 418 1705 557 1760; x_wconf 87' lang='lat' dir='ltr'>dica</span> <span class='ocrx_word' id='word_1_241' title='bbox 585 1705 732 1760; x_wconf 90' lang='lat' dir='ltr'>mihi</span> <span class='ocrx_word' id='word_1_242' title='bbox 753 1721 937 1778; x_wconf 91' lang='lat' dir='ltr'>quem</span> <span class='ocrx_word' id='word_1_243' title='bbox 963 1705 1153 1775; x_wconf 89' lang='lat' dir='ltr'>diligit</span> <span class='ocrx_word' id='word_1_244' title='bbox 1173 1705 1378 1761; x_wconf 90' lang='lat' dir='ltr'>anima</span> <span class='ocrx_word' id='word_1_245' title='bbox 1408 1722 1566 1772; x_wconf 91' lang='lat' dir='ltr'>mea,</span> <span class='ocrx_word' id='word_1_246' title='bbox 1591 1705 1695 1760; x_wconf 90' lang='lat' dir='ltr'>ubi</span> <span class='ocrx_word' id='word_1_247' title='bbox 1721 1719 1955 1777; x_wconf 89' lang='lat' dir='ltr'>pascas,</span> <span class='ocrx_word' id='word_1_248' title='bbox 1974 1703 2080 1757; x_wconf 87' lang='lat' dir='ltr'>ubi</span> <span class='ocrx_word' id='word_1_249' title='bbox 2112 1718 2150 1770; x_wconf 80' lang='grc' dir='ltr'><strong>Β</strong></span> <span class='ocrx_word' id='word_1_250' title='bbox 2189 1705 2540 1760; x_wconf 88' lang='lat' dir='ltr'>tentationes</span> <span class='ocrx_word' id='word_1_251' title='bbox 2569 1703 2802 1759; x_wconf 68' lang='lat' dir='ltr'>illicitae.</span> <span class='ocrx_word' id='word_1_252' title='bbox 2834 1726 2861 1752; x_wconf 91' lang='lat'><strong>«</strong></span> <span class='ocrx_word' id='word_1_253' title='bbox 2896 1702 3001 1757; x_wconf 86' lang='lat' dir='ltr'>Abi</span> <span class='ocrx_word' id='word_1_254' title='bbox 3050 1705 3187 1774; x_wconf 89' lang='lat' dir='ltr'>post</span> <span class='ocrx_word' id='word_1_255' title='bbox 3214 1698 3463 1769; x_wconf 89' lang='lat' dir='ltr'>vestigia</span> <span class='ocrx_word' id='word_1_256' title='bbox 3513 1713 3803 1768; x_wconf 87' lang='lat' dir='ltr'>gregum,</span> <span class='ocrx_word' id='word_1_257' title='bbox 3831 1717 3862 1749; x_wconf 83' lang='grc'>›</span> 
     </span>
    </p>
   </div>
   <div class='ocr_carea' id='block_1_34' title="bbox 418 1791 2078 1866">
    <p class='ocr_par' dir='ltr' id='par_1_34' title="bbox 418 1791 2078 1866">
     <span class='ocr_line' id='line_1_34' title="bbox 418 1791 2078 1866; baseline -0.003 -16"><span class='ocrx_word' id='word_1_258' title='bbox 418 1793 606 1850; x_wconf 89' lang='lat' dir='ltr'>cubes</span> <span class='ocrx_word' id='word_1_259' title='bbox 635 1793 698 1849; x_wconf 90' lang='lat' dir='ltr'>in</span> <span class='ocrx_word' id='word_1_260' title='bbox 727 1793 995 1849; x_wconf 88' lang='lat' dir='ltr'>meridie.</span> <span class='ocrx_word' id='word_1_261' title='bbox 1022 1796 1215 1860; x_wconf 86' lang='lat' dir='ltr'>Quare</span> <span class='ocrx_word' id='word_1_262' title='bbox 1243 1795 1325 1850; x_wconf 91' lang='lat' dir='ltr'>sic</span> <span class='ocrx_word' id='word_1_263' title='bbox 1342 1799 1572 1866; x_wconf 84' lang='lat' dir='ltr'>quaerat</span> <span class='ocrx_word' id='word_1_264' title='bbox 1600 1793 1704 1849; x_wconf 90' lang='lat' dir='ltr'>ubi</span> <span class='ocrx_word' id='word_1_265' title='bbox 1732 1797 1958 1866; x_wconf 89' lang='lat' dir='ltr'>pascat,</span> <span class='ocrx_word' id='word_1_266' title='bbox 1975 1791 2078 1846; x_wconf 89' lang='lat' dir='ltr'>ubi</span> 
     </span>
    </p>
   </div>
   <div class='ocr_carea' id='block_1_35' title="bbox 419 1881 2080 1955">
    <p class='ocr_par' dir='ltr' id='par_1_35' title="bbox 419 1881 2080 1955">
     <span class='ocr_line' id='line_1_35' title="bbox 419 1881 2080 1955; baseline -0.001 -18"><span class='ocrx_word' id='word_1_267' title='bbox 419 1881 616 1948; x_wconf 88' lang='lat' dir='ltr'>cubet,</span> <span class='ocrx_word' id='word_1_268' title='bbox 651 1898 897 1938; x_wconf 83' lang='lat' dir='ltr'>causam</span> <span class='ocrx_word' id='word_1_269' title='bbox 924 1882 1183 1938; x_wconf 89' lang='lat' dir='ltr'>reddidit</span> <span class='ocrx_word' id='word_1_270' title='bbox 1211 1883 1613 1955; x_wconf 89' lang='lat' dir='ltr'>inquisitionis</span> <span class='ocrx_word' id='word_1_271' title='bbox 1642 1899 1786 1938; x_wconf 71' lang='lat' dir='ltr'>suae.</span> <span class='ocrx_word' id='word_1_272' title='bbox 1817 1905 1843 1930; x_wconf 89' lang='lat'><strong>«</strong></span> <span class='ocrx_word' id='word_1_273' title='bbox 1874 1885 1951 1937; x_wconf 79' lang='lat' dir='ltr'>Ne</span> <span class='ocrx_word' id='word_1_274' title='bbox 1981 1896 2080 1936; x_wconf 91' lang='lat' dir='ltr'>va-</span> 
     </span>
    </p>
   </div>
   <div class='ocr_carea' id='block_1_36' title="bbox 419 1971 2081 2044">
    <p class='ocr_par' dir='ltr' id='par_1_36' title="bbox 419 1971 2081 2044">
     <span class='ocr_line' id='line_1_36' title="bbox 419 1971 2081 2044; baseline 0.001 -20"><span class='ocrx_word' id='word_1_275' title='bbox 419 1988 452 2023; x_wconf 83' lang='grc'>‹</span> <span class='ocrx_word' id='word_1_276' title='bbox 474 1971 598 2040; x_wconf 90' lang='lat' dir='ltr'>gari</span> <span class='ocrx_word' id='word_1_277' title='bbox 614 1971 898 2044; x_wconf 83' lang='lat' dir='ltr'>incipiam</span> <span class='ocrx_word' id='word_1_278' title='bbox 920 1977 1055 2043; x_wconf 92' lang='lat' dir='ltr'>post</span> <span class='ocrx_word' id='word_1_279' title='bbox 1075 1987 1287 2043; x_wconf 89' lang='lat' dir='ltr'>greges</span> <span class='ocrx_word' id='word_1_280' title='bbox 1307 1971 1604 2027; x_wconf 85' lang='lat' dir='ltr'>sodalium</span> <span class='ocrx_word' id='word_1_281' title='bbox 1635 1976 1893 2026; x_wconf 91' lang='lat' dir='ltr'>tuorum.</span> <span class='ocrx_word' id='word_1_282' title='bbox 1920 1991 1948 2019; x_wconf 85' lang='lat'>»</span> <span class='ocrx_word' id='word_1_283' title='bbox 1983 1972 2081 2026; x_wconf 91' lang='lat' dir='ltr'>So-</span> 
     </span>
    </p>
   </div>
   <div class='ocr_carea' id='block_1_37' title="bbox 417 2059 2080 2128">
    <p class='ocr_par' dir='ltr' id='par_1_37' title="bbox 417 2059 2080 2128">
     <span class='ocr_line' id='line_1_37' title="bbox 417 2059 2080 2128; baseline -0.001 -13"><span class='ocrx_word' id='word_1_284' title='bbox 417 2059 585 2116; x_wconf 87' lang='lat' dir='ltr'>dales</span> <span class='ocrx_word' id='word_1_285' title='bbox 613 2061 713 2116; x_wconf 90' lang='lat' dir='ltr'>Dei</span> <span class='ocrx_word' id='word_1_286' title='bbox 745 2065 881 2116; x_wconf 90' lang='lat' dir='ltr'>sunt</span> <span class='ocrx_word' id='word_1_287' title='bbox 914 2061 1090 2116; x_wconf 89' lang='lat' dir='ltr'>amici</span> <span class='ocrx_word' id='word_1_288' title='bbox 1121 2060 1465 2128; x_wconf 86' lang='lat' dir='ltr'>familiares,</span> <span class='ocrx_word' id='word_1_289' title='bbox 1501 2061 1654 2117; x_wconf 90' lang='lat' dir='ltr'>sicut</span> <span class='ocrx_word' id='word_1_290' title='bbox 1699 2065 1837 2116; x_wconf 89' lang='lat' dir='ltr'>sunt</span> <span class='ocrx_word' id='word_1_291' title='bbox 1868 2075 2080 2115; x_wconf 92' lang='lat' dir='ltr'>omnes</span> 
     </span>
    </p>
   </div>
   <div class='ocr_carea' id='block_1_38' title="bbox 417 2148 2076 2223">
    <p class='ocr_par' dir='ltr' id='par_1_38' title="bbox 417 2148 2076 2223">
     <span class='ocr_line' id='line_1_38' title="bbox 417 2148 2076 2223; baseline 0 -19"><span class='ocrx_word' id='word_1_292' title='bbox 417 2148 524 2222; x_wconf 90' lang='lat' dir='ltr'>qui</span> <span class='ocrx_word' id='word_1_293' title='bbox 549 2148 704 2205; x_wconf 90' lang='lat' dir='ltr'>bene</span> <span class='ocrx_word' id='word_1_294' title='bbox 734 2150 955 2205; x_wconf 90' lang='lat' dir='ltr'>vivunt.</span> <span class='ocrx_word' id='word_1_295' title='bbox 988 2151 1099 2206; x_wconf 89' lang='lat' dir='ltr'>Sed</span> <span class='ocrx_word' id='word_1_296' title='bbox 1128 2150 1296 2205; x_wconf 89' lang='lat' dir='ltr'>mulli</span> <span class='ocrx_word' id='word_1_297' title='bbox 1327 2155 1622 2223; x_wconf 88' lang='lat' dir='ltr'>apparent</span> <span class='ocrx_word' id='word_1_298' title='bbox 1654 2149 1892 2205; x_wconf 90' lang='lat' dir='ltr'>sodales</span> <span class='ocrx_word' id='word_1_299' title='bbox 1923 2165 2076 2216; x_wconf 89' lang='lat' dir='ltr'>esse,</span> 
     </span>
    </p>
   </div>
   <div class='ocr_carea' id='block_1_39' title="bbox 419 2238 2082 2311">
    <p class='ocr_par' dir='ltr' id='par_1_39' title="bbox 419 2238 2082 2311">
     <span class='ocr_line' id='line_1_39' title="bbox 419 2238 2082 2311; baseline -0.002 -16"><span class='ocrx_word' id='word_1_300' title='bbox 419 2241 478 2295; x_wconf 86' lang='lat' dir='ltr'>et</span> <span class='ocrx_word' id='word_1_301' title='bbox 494 2253 617 2293; x_wconf 90' lang='lat' dir='ltr'>non</span> <span class='ocrx_word' id='word_1_302' title='bbox 642 2243 797 2294; x_wconf 90' lang='lat' dir='ltr'>sunt.</span> <span class='ocrx_word' id='word_1_303' title='bbox 824 2239 980 2294; x_wconf 85' lang='lat' dir='ltr'>Multi</span> <span class='ocrx_word' id='word_1_304' title='bbox 1007 2238 1164 2293; x_wconf 89' lang='lat' dir='ltr'>enim</span> <span class='ocrx_word' id='word_1_305' title='bbox 1191 2239 1466 2295; x_wconf 88' lang='lat' dir='ltr'>doctores</span> <span class='ocrx_word' id='word_1_306' title='bbox 1489 2239 1638 2294; x_wconf 90' lang='lat' dir='ltr'>dum</span> <span class='ocrx_word' id='word_1_307' title='bbox 1668 2254 1948 2311; x_wconf 87' lang='lat' dir='ltr'>perversa</span> <span class='ocrx_word' id='word_1_308' title='bbox 1976 2238 2082 2292; x_wconf 93' lang='lat' dir='ltr'>do-</span> 
     </span>
    </p>
   </div>
   <div class='ocr_carea' id='block_1_40' title="bbox 417 2326 2080 2400">
    <p class='ocr_par' dir='ltr' id='par_1_40' title="bbox 417 2326 2080 2400">
     <span class='ocr_line' id='line_1_40' title="bbox 417 2326 2080 2400; baseline -0.001 -17"><span class='ocrx_word' id='word_1_309' title='bbox 417 2326 606 2383; x_wconf 86' lang='lat' dir='ltr'>ctrina</span> <span class='ocrx_word' id='word_1_310' title='bbox 633 2327 930 2391; x_wconf 84' lang='lat' dir='ltr'>suaderet,</span> <span class='ocrx_word' id='word_1_311' title='bbox 988 2328 1227 2384; x_wconf 87' lang='lat' dir='ltr'>sodales</span> <span class='ocrx_word' id='word_1_312' title='bbox 1257 2328 1504 2400; x_wconf 85' lang='lat' dir='ltr'>quidem</span> <span class='ocrx_word' id='word_1_313' title='bbox 1551 2328 1928 2395; x_wconf 89' lang='lat' dir='ltr'>videbantur,</span> <span class='ocrx_word' id='word_1_314' title='bbox 1976 2327 2080 2381; x_wconf 90' lang='lat' dir='ltr'>sed</span> 
     </span>
    </p>
   </div>
   <div class='ocr_carea' id='block_1_41' title="bbox 415 2415 2082 2484">
    <p class='ocr_par' dir='ltr' id='par_1_41' title="bbox 415 2415 2082 2484">
     <span class='ocr_line' id='line_1_41' title="bbox 415 2415 2082 2484; baseline 0 -14"><span class='ocrx_word' id='word_1_315' title='bbox 415 2415 642 2471; x_wconf 88' lang='lat' dir='ltr'>inimici</span> <span class='ocrx_word' id='word_1_316' title='bbox 671 2416 1008 2471; x_wconf 85' lang='lat' dir='ltr'>extiterunt.</span> <span class='ocrx_word' id='word_1_317' title='bbox 1047 2418 1197 2472; x_wconf 93' lang='lat' dir='ltr'>Dum</span> <span class='ocrx_word' id='word_1_318' title='bbox 1227 2417 1436 2472; x_wconf 86' lang='lat' dir='ltr'>doctor</span> <span class='ocrx_word' id='word_1_319' title='bbox 1465 2422 1622 2472; x_wconf 90' lang='lat' dir='ltr'>esset</span> <span class='ocrx_word' id='word_1_320' title='bbox 1653 2419 1845 2484; x_wconf 86' lang='lat' dir='ltr'>Arius,</span> <span class='ocrx_word' id='word_1_321' title='bbox 1882 2415 2082 2473; x_wconf 88' lang='lat' dir='ltr'>Sabel-</span> 
     </span>
    </p>
   </div>
   <div class='ocr_carea' id='block_1_42' title="bbox 415 2504 2079 2578">
    <p class='ocr_par' dir='ltr' id='par_1_42' title="bbox 415 2504 2079 2578">
     <span class='ocr_line' id='line_1_42' title="bbox 415 2504 2079 2578; baseline -0.001 -17"><span class='ocrx_word' id='word_1_322' title='bbox 415 2504 552 2574; x_wconf 86' lang='lat' dir='ltr'>lius,</span> <span class='ocrx_word' id='word_1_323' title='bbox 584 2507 895 2561; x_wconf 80' lang='lat' dir='ltr'>Montanus</span> <span class='ocrx_word' id='word_1_324' title='bbox 924 2506 1103 2578; x_wconf 91' lang='lat' dir='ltr'>quasi</span> <span class='ocrx_word' id='word_1_325' title='bbox 1131 2505 1370 2561; x_wconf 80' lang='lat' dir='ltr'>sodales</span> <span class='ocrx_word' id='word_1_326' title='bbox 1393 2506 1771 2572; x_wconf 87' lang='lat' dir='ltr'>videbantur,</span> <span class='ocrx_word' id='word_1_327' title='bbox 1804 2506 1912 2561; x_wconf 89' lang='lat' dir='ltr'>sed</span> <span class='ocrx_word' id='word_1_328' title='bbox 1933 2505 2079 2560; x_wconf 91' lang='lat' dir='ltr'>dum</span> 
     </span>
    </p>
   </div>
   <div class='ocr_carea' id='block_1_43' title="bbox 416 2592 2083 2666">
    <p class='ocr_par' dir='ltr' id='par_1_43' title="bbox 416 2592 2083 2666">
     <span class='ocr_line' id='line_1_43' title="bbox 416 2592 2083 2666; baseline 0.001 -19"><span class='ocrx_word' id='word_1_329' title='bbox 416 2592 677 2648; x_wconf 75' lang='lat' dir='ltr'>districta</span> <span class='ocrx_word' id='word_1_330' title='bbox 700 2593 952 2648; x_wconf 89' lang='lat' dir='ltr'>discussi</span> <span class='ocrx_word' id='word_1_331' title='bbox 992 2599 1150 2662; x_wconf 89' lang='lat' dir='ltr'>sunt,</span> <span class='ocrx_word' id='word_1_332' title='bbox 1202 2594 1426 2649; x_wconf 89' lang='lat' dir='ltr'>inimici</span> <span class='ocrx_word' id='word_1_333' title='bbox 1456 2600 1883 2666; x_wconf 89' lang='lat' dir='ltr'>apparuerunt.</span> <span class='ocrx_word' id='word_1_334' title='bbox 1921 2595 2083 2649; x_wconf 91' lang='lat' dir='ltr'>Dicat</span> 
     </span>
    </p>
   </div>
   <div class='ocr_carea' id='block_1_44' title="bbox 419 2680 2081 2753">
    <p class='ocr_par' dir='ltr' id='par_1_44' title="bbox 419 2680 2081 2753">
     <span class='ocr_line' id='line_1_44' title="bbox 419 2680 2081 2753; baseline 0.001 -19"><span class='ocrx_word' id='word_1_335' title='bbox 419 2695 602 2748; x_wconf 89' lang='lat' dir='ltr'>ergo:</span> <span class='ocrx_word' id='word_1_336' title='bbox 633 2703 660 2730; x_wconf 85' lang='lat'><strong><em>«</em></strong></span> <span class='ocrx_word' id='word_1_337' title='bbox 695 2680 897 2735; x_wconf 85' lang='lat' dir='ltr'>Indica</span> <span class='ocrx_word' id='word_1_338' title='bbox 927 2681 1071 2736; x_wconf 91' lang='lat' dir='ltr'>mihi</span> <span class='ocrx_word' id='word_1_339' title='bbox 1097 2697 1281 2753; x_wconf 89' lang='lat' dir='ltr'>quem</span> <span class='ocrx_word' id='word_1_340' title='bbox 1322 2682 1510 2752; x_wconf 90' lang='lat' dir='ltr'>diligit</span> <span class='ocrx_word' id='word_1_341' title='bbox 1559 2682 1762 2738; x_wconf 90' lang='lat' dir='ltr'>anima</span> <span class='ocrx_word' id='word_1_342' title='bbox 1791 2699 1948 2748; x_wconf 89' lang='lat' dir='ltr'>mea,</span> <span class='ocrx_word' id='word_1_343' title='bbox 1977 2682 2081 2737; x_wconf 93' lang='lat' dir='ltr'>ubi</span> 
     </span>
    </p>
   </div>
   <div class='ocr_carea' id='block_1_45' title="bbox 418 2767 2081 2842">
    <p class='ocr_par' dir='ltr' id='par_1_45' title="bbox 418 2767 2081 2842">
     <span class='ocr_line' id='line_1_45' title="bbox 418 2767 2081 2842; baseline 0.001 -19"><span class='ocrx_word' id='word_1_344' title='bbox 418 2783 656 2840; x_wconf 86' lang='lat' dir='ltr'>pascas,</span> <span class='ocrx_word' id='word_1_345' title='bbox 686 2767 788 2822; x_wconf 93' lang='lat' dir='ltr'>ubi</span> <span class='ocrx_word' id='word_1_346' title='bbox 818 2769 1003 2824; x_wconf 92' lang='lat' dir='ltr'>cubes</span> <span class='ocrx_word' id='word_1_347' title='bbox 1030 2769 1090 2824; x_wconf 94' lang='lat' dir='ltr'>in</span> <span class='ocrx_word' id='word_1_348' title='bbox 1135 2769 1402 2837; x_wconf 90' lang='lat' dir='ltr'>meridie,</span> <span class='ocrx_word' id='word_1_349' title='bbox 1429 2786 1504 2826; x_wconf 88' lang='lat' dir='ltr'>ne</span> <span class='ocrx_word' id='word_1_350' title='bbox 1555 2771 1766 2839; x_wconf 88' lang='lat' dir='ltr'>vagari</span> <span class='ocrx_word' id='word_1_351' title='bbox 1795 2771 2081 2842; x_wconf 90' lang='lat' dir='ltr'>incipiam</span> 
     </span>
    </p>
   </div>
   <div class='ocr_carea' id='block_1_46' title="bbox 417 2857 2083 2928">
    <p class='ocr_par' dir='ltr' id='par_1_46' title="bbox 417 2857 2083 2928">
     <span class='ocr_line' id='line_1_46' title="bbox 417 2857 2083 2928; baseline 0.001 -16"><span class='ocrx_word' id='word_1_352' title='bbox 417 2860 557 2928; x_wconf 89' lang='lat' dir='ltr'>post</span> <span class='ocrx_word' id='word_1_353' title='bbox 583 2871 792 2925; x_wconf 85' lang='lat' dir='ltr'>greges</span> <span class='ocrx_word' id='word_1_354' title='bbox 823 2857 1120 2914; x_wconf 87' lang='lat' dir='ltr'>sodalium</span> <span class='ocrx_word' id='word_1_355' title='bbox 1143 2863 1404 2914; x_wconf 90' lang='lat' dir='ltr'>tuorum.</span> <span class='ocrx_word' id='word_1_356' title='bbox 1427 2881 1454 2909; x_wconf 86' lang='grc'><strong>››</strong></span> <span class='ocrx_word' id='word_1_357' title='bbox 1487 2864 1566 2914; x_wconf 81' lang='lat' dir='ltr'>Ac</span> <span class='ocrx_word' id='word_1_358' title='bbox 1586 2860 1632 2914; x_wconf 90' lang='lat' dir='ltr'>si</span> <span class='ocrx_word' id='word_1_359' title='bbox 1649 2859 1845 2915; x_wconf 90' lang='lat' dir='ltr'>dicat:</span> <span class='ocrx_word' id='word_1_360' title='bbox 1883 2859 2083 2915; x_wconf 90' lang='lat' dir='ltr'>Indica</span> 
     </span>
    </p>
   </div>
   <div class='ocr_carea' id='block_1_47' title="bbox 417 2944 2080 3020">
    <p class='ocr_par' dir='ltr' id='par_1_47' title="bbox 417 2944 2080 3020">
     <span class='ocr_line' id='line_1_47' title="bbox 417 2944 2080 3020; baseline 0.002 -20"><span class='ocrx_word' id='word_1_361' title='bbox 417 2944 481 3000; x_wconf 92' lang='lat' dir='ltr'>in</span> <span class='ocrx_word' id='word_1_362' title='bbox 511 2960 772 3017; x_wconf 90' lang='lat' dir='ltr'>quorum</span> <span class='ocrx_word' id='word_1_363' title='bbox 799 2945 1080 3002; x_wconf 88' lang='lat' dir='ltr'>cordibus</span> <span class='ocrx_word' id='word_1_364' title='bbox 1102 2947 1385 3002; x_wconf 89' lang='lat' dir='ltr'>veraciter</span> <span class='ocrx_word' id='word_1_365' title='bbox 1406 2948 1850 3020; x_wconf 88' lang='lat' dir='ltr'>requiescat,ne</span> <span class='ocrx_word' id='word_1_366' title='bbox 1877 2949 2080 3018; x_wconf 89' lang='lat' dir='ltr'>vagari</span> 
     </span>
    </p>
   </div>
   <div class='ocr_carea' id='block_1_48' title="bbox 415 3033 2150 3114">
    <p class='ocr_par' dir='ltr' id='par_1_48' title="bbox 415 3033 2150 3114">
     <span class='ocr_line' id='line_1_48' title="bbox 415 3033 2150 3114; baseline 0.002 -26"><span class='ocrx_word' id='word_1_367' title='bbox 415 3033 702 3105; x_wconf 80' lang='lat' dir='ltr'>incipiam</span> <span class='ocrx_word' id='word_1_368' title='bbox 721 3039 860 3107; x_wconf 89' lang='lat' dir='ltr'>post</span> <span class='ocrx_word' id='word_1_369' title='bbox 885 3050 1096 3104; x_wconf 89' lang='lat' dir='ltr'>greges</span> <span class='ocrx_word' id='word_1_370' title='bbox 1127 3053 1337 3092; x_wconf 88' lang='lat' dir='ltr'>eorum</span> <span class='ocrx_word' id='word_1_371' title='bbox 1367 3037 1471 3109; x_wconf 92' lang='lat' dir='ltr'>qui</span> <span class='ocrx_word' id='word_1_372' title='bbox 1503 3037 1741 3093; x_wconf 90' lang='lat' dir='ltr'>sodales</span> <span class='ocrx_word' id='word_1_373' title='bbox 1767 3038 1850 3092; x_wconf 92' lang='lat' dir='ltr'>tui</span> <span class='ocrx_word' id='word_1_374' title='bbox 1880 3038 2081 3092; x_wconf 91' lang='lat' dir='ltr'>viden-</span> <span class='ocrx_word' id='word_1_375' title='bbox 2111 3063 2150 3114; x_wconf 74' lang='grc' dir='ltr'>ο</span> 
     </span>
    </p>
   </div>
   <div class='ocr_carea' id='block_1_49' title="bbox 415 3122 2075 3196">
    <p class='ocr_par' dir='ltr' id='par_1_49' title="bbox 415 3122 2075 3196">
     <span class='ocr_line' id='line_1_49' title="bbox 415 3122 2075 3196; baseline 0.003 -19"><span class='ocrx_word' id='word_1_376' title='bbox 415 3126 534 3192; x_wconf 90' lang='lat' dir='ltr'>tur,</span> <span class='ocrx_word' id='word_1_377' title='bbox 554 3122 615 3177; x_wconf 88' lang='lat' dir='ltr'>id</span> <span class='ocrx_word' id='word_1_378' title='bbox 644 3127 732 3178; x_wconf 91' lang='lat' dir='ltr'>est</span> <span class='ocrx_word' id='word_1_379' title='bbox 756 3123 861 3196; x_wconf 86' lang='lat' dir='ltr'>qui</span> <span class='ocrx_word' id='word_1_380' title='bbox 889 3123 1211 3180; x_wconf 85' lang='lat' dir='ltr'>familiares</span> <span class='ocrx_word' id='word_1_381' title='bbox 1231 3125 1315 3181; x_wconf 91' lang='lat' dir='ltr'>tui</span> <span class='ocrx_word' id='word_1_382' title='bbox 1335 3126 1678 3196; x_wconf 88' lang='lat' dir='ltr'>creduntur,</span> <span class='ocrx_word' id='word_1_383' title='bbox 1698 3132 1754 3182; x_wconf 89' lang='lat' dir='ltr'>et</span> <span class='ocrx_word' id='word_1_384' title='bbox 1774 3142 1896 3182; x_wconf 90' lang='lat' dir='ltr'>non</span> <span class='ocrx_word' id='word_1_385' title='bbox 1921 3133 2075 3182; x_wconf 88' lang='lat' dir='ltr'>sunt.</span> 
     </span>
    </p>
   </div>
   <div class='ocr_carea' id='block_1_50' title="bbox 416 3212 2082 3283">
    <p class='ocr_par' dir='ltr' id='par_1_50' title="bbox 416 3212 2082 3283">
     <span class='ocr_line' id='line_1_50' title="bbox 416 3212 2082 3283; baseline 0.002 -17"><span class='ocrx_word' id='word_1_386' title='bbox 416 3212 637 3267; x_wconf 88' lang='lat' dir='ltr'>Omnes</span> <span class='ocrx_word' id='word_1_387' title='bbox 684 3213 1042 3283; x_wconf 88' lang='lat' dir='ltr'>sacerdotes,</span> <span class='ocrx_word' id='word_1_388' title='bbox 1089 3231 1301 3270; x_wconf 89' lang='lat' dir='ltr'>omnes</span> <span class='ocrx_word' id='word_1_389' title='bbox 1351 3215 1626 3270; x_wconf 92' lang='lat' dir='ltr'>doctores</span> <span class='ocrx_word' id='word_1_390' title='bbox 1678 3215 1915 3271; x_wconf 88' lang='lat' dir='ltr'>sodales</span> <span class='ocrx_word' id='word_1_391' title='bbox 1943 3220 2082 3270; x_wconf 92' lang='lat' dir='ltr'>sunt</span> 
     </span>
    </p>
   </div>
   <div class='ocr_carea' id='block_1_51' title="bbox 413 3301 2075 3376">
    <p class='ocr_par' dir='ltr' id='par_1_51' title="bbox 413 3301 2075 3376">
     <span class='ocr_line' id='line_1_51' title="bbox 413 3301 2075 3376; baseline 0.002 -21"><span class='ocrx_word' id='word_1_392' title='bbox 413 3305 712 3370; x_wconf 88' lang='lat' dir='ltr'>quantum</span> <span class='ocrx_word' id='word_1_393' title='bbox 761 3301 840 3356; x_wconf 90' lang='lat' dir='ltr'>ad</span> <span class='ocrx_word' id='word_1_394' title='bbox 865 3302 1164 3373; x_wconf 87' lang='lat' dir='ltr'>speciem;</span> <span class='ocrx_word' id='word_1_395' title='bbox 1217 3309 1517 3376; x_wconf 90' lang='lat' dir='ltr'>quantum</span> <span class='ocrx_word' id='word_1_396' title='bbox 1557 3320 1700 3360; x_wconf 89' lang='lat' dir='ltr'>vero</span> <span class='ocrx_word' id='word_1_397' title='bbox 1745 3304 1822 3360; x_wconf 89' lang='lat' dir='ltr'>ad</span> <span class='ocrx_word' id='word_1_398' title='bbox 1871 3304 2075 3370; x_wconf 90' lang='lat' dir='ltr'>vitam,</span> 
     </span>
    </p>
   </div>
   <div class='ocr_carea' id='block_1_52' title="bbox 415 3388 2080 3461">
    <p class='ocr_par' dir='ltr' id='par_1_52' title="bbox 415 3388 2080 3461">
     <span class='ocr_line' id='line_1_52' title="bbox 415 3388 2080 3461; baseline 0.003 -17"><span class='ocrx_word' id='word_1_399' title='bbox 415 3388 588 3444; x_wconf 90' lang='lat' dir='ltr'>multi</span> <span class='ocrx_word' id='word_1_400' title='bbox 616 3405 738 3444; x_wconf 94' lang='lat' dir='ltr'>non</span> <span class='ocrx_word' id='word_1_401' title='bbox 770 3396 908 3444; x_wconf 92' lang='lat' dir='ltr'>sunt</span> <span class='ocrx_word' id='word_1_402' title='bbox 934 3392 1190 3461; x_wconf 87' lang='lat' dir='ltr'>sodales,</span> <span class='ocrx_word' id='word_1_403' title='bbox 1222 3393 1327 3448; x_wconf 90' lang='lat' dir='ltr'>sed</span> <span class='ocrx_word' id='word_1_404' title='bbox 1355 3393 1686 3449; x_wconf 86' lang='lat' dir='ltr'>adversarii</span> <span class='ocrx_word' id='word_1_405' title='bbox 1736 3399 1893 3448; x_wconf 92' lang='lat' dir='ltr'>sunt.</span> <span class='ocrx_word' id='word_1_406' title='bbox 1924 3393 2080 3449; x_wconf 82' lang='lat' dir='ltr'>Multi</span> 
     </span>
    </p>
   </div>
   <div class='ocr_carea' id='block_1_53' title="bbox 415 3471 2080 3549">
    <p class='ocr_par' dir='ltr' id='par_1_53' title="bbox 415 3471 2080 3549">
     <span class='ocr_line' id='line_1_53' title="bbox 415 3471 2080 3549; baseline 0.002 -21"><span class='ocrx_word' id='word_1_407' title='bbox 415 3471 578 3528; x_wconf 83' lang='lat' dir='ltr'>enim</span> <span class='ocrx_word' id='word_1_408' title='bbox 608 3472 839 3543; x_wconf 88' lang='lat' dir='ltr'>parvuli</span> <span class='ocrx_word' id='word_1_409' title='bbox 865 3473 1017 3529; x_wconf 90' lang='lat' dir='ltr'>inter</span> <span class='ocrx_word' id='word_1_410' title='bbox 1038 3476 1360 3531; x_wconf 89' lang='lat' dir='ltr'>Ecclesiam</span> <span class='ocrx_word' id='word_1_411' title='bbox 1378 3477 1582 3532; x_wconf 87' lang='lat' dir='ltr'>fideles</span> <span class='ocrx_word' id='word_1_412' title='bbox 1605 3483 1898 3549; x_wconf 89' lang='lat' dir='ltr'>appetunt</span> <span class='ocrx_word' id='word_1_413' title='bbox 1927 3478 2080 3532; x_wconf 88' lang='lat' dir='ltr'>bene</span> 
     </span>
    </p>
   </div>
   <div class='ocr_carea' id='block_1_54' title="bbox 416 3561 2083 3633">
    <p class='ocr_par' dir='ltr' id='par_1_54' title="bbox 416 3561 2083 3633">
     <span class='ocr_line' id='line_1_54' title="bbox 416 3561 2083 3633; baseline 0.005 -19"><span class='ocrx_word' id='word_1_414' title='bbox 416 3561 633 3626; x_wconf 86' lang='lat' dir='ltr'>vivere,</span> <span class='ocrx_word' id='word_1_415' title='bbox 666 3566 723 3616; x_wconf 89' lang='lat' dir='ltr'>et</span> <span class='ocrx_word' id='word_1_416' title='bbox 748 3561 959 3618; x_wconf 91' lang='lat' dir='ltr'>volunt</span> <span class='ocrx_word' id='word_1_417' title='bbox 1001 3564 1182 3619; x_wconf 82' lang='lat' dir='ltr'>vitam</span> <span class='ocrx_word' id='word_1_418' title='bbox 1211 3565 1582 3621; x_wconf 82' lang='lat' dir='ltr'>rectitudinis</span> <span class='ocrx_word' id='word_1_419' title='bbox 1616 3574 1836 3633; x_wconf 85' lang='lat' dir='ltr'>tenere,</span> <span class='ocrx_word' id='word_1_420' title='bbox 1889 3567 2083 3623; x_wconf 90' lang='lat' dir='ltr'>consi-</span> 
     </span>
    </p>
   </div>
   <div class='ocr_carea' id='block_1_55' title="bbox 415 3648 2084 3727">
    <p class='ocr_par' dir='ltr' id='par_1_55' title="bbox 415 3648 2084 3727">
     <span class='ocr_line' id='line_1_55' title="bbox 415 3648 2084 3727; baseline 0.005 -23"><span class='ocrx_word' id='word_1_421' title='bbox 415 3648 632 3705; x_wconf 87' lang='lat' dir='ltr'>derant</span> <span class='ocrx_word' id='word_1_422' title='bbox 659 3650 843 3706; x_wconf 88' lang='lat' dir='ltr'>vitam</span> <span class='ocrx_word' id='word_1_423' title='bbox 866 3653 1247 3708; x_wconf 91' lang='lat' dir='ltr'>sacerdotum</span> <span class='ocrx_word' id='word_1_424' title='bbox 1277 3654 1382 3726; x_wconf 91' lang='lat' dir='ltr'>qui</span> <span class='ocrx_word' id='word_1_425' title='bbox 1410 3655 1493 3708; x_wconf 90' lang='lat' dir='ltr'>eis</span> <span class='ocrx_word' id='word_1_426' title='bbox 1527 3657 1824 3727; x_wconf 69' lang='lat' dir='ltr'>praepositi</span> <span class='ocrx_word' id='word_1_427' title='bbox 1863 3661 2084 3721; x_wconf 91' lang='lat' dir='ltr'>sunt,et</span> 
     </span>
    </p>
   </div>
   <div class='ocr_carea' id='block_1_56' title="bbox 415 3737 2081 3816">
    <p class='ocr_par' dir='ltr' id='par_1_56' title="bbox 415 3737 2081 3816">
     <span class='ocr_line' id='line_1_56' title="bbox 415 3737 2081 3816; baseline 0.004 -22"><span class='ocrx_word' id='word_1_428' title='bbox 415 3737 564 3794; x_wconf 91' lang='lat' dir='ltr'>dum</span> <span class='ocrx_word' id='word_1_429' title='bbox 591 3738 746 3794; x_wconf 90' lang='lat' dir='ltr'>bene</span> <span class='ocrx_word' id='word_1_430' title='bbox 776 3739 887 3812; x_wconf 92' lang='lat' dir='ltr'>ipsi</span> <span class='ocrx_word' id='word_1_431' title='bbox 949 3741 1290 3798; x_wconf 82' lang='lat' dir='ltr'>sacerdotes</span> <span class='ocrx_word' id='word_1_432' title='bbox 1336 3759 1458 3798; x_wconf 90' lang='lat' dir='ltr'>non</span> <span class='ocrx_word' id='word_1_433' title='bbox 1509 3743 1735 3810; x_wconf 87' lang='lat' dir='ltr'>vivunt,</span> <span class='ocrx_word' id='word_1_434' title='bbox 1772 3745 1830 3799; x_wconf 90' lang='lat' dir='ltr'>hi</span> <span class='ocrx_word' id='word_1_435' title='bbox 1861 3745 1966 3816; x_wconf 91' lang='lat' dir='ltr'>qui</span> <span class='ocrx_word' id='word_1_436' title='bbox 1998 3761 2081 3800; x_wconf 89' lang='lat' dir='ltr'>se-</span> 
     </span>
    </p>
   </div>
   <div class='ocr_carea' id='block_1_57' title="bbox 414 3828 2082 3900">
    <p class='ocr_par' dir='ltr' id='par_1_57' title="bbox 414 3828 2082 3900">
     <span class='ocr_line' id='line_1_57' title="bbox 414 3828 2082 3900; baseline 0.005 -18"><span class='ocrx_word' id='word_1_437' title='bbox 414 3832 702 3900; x_wconf 90' lang='lat' dir='ltr'>quuntur,</span> <span class='ocrx_word' id='word_1_438' title='bbox 761 3828 821 3884; x_wconf 90' lang='lat' dir='ltr'>in</span> <span class='ocrx_word' id='word_1_439' title='bbox 861 3846 1123 3886; x_wconf 87' lang='lat' dir='ltr'>errorem</span> <span class='ocrx_word' id='word_1_440' title='bbox 1176 3831 1544 3887; x_wconf 90' lang='lat' dir='ltr'>dilabuntur.</span> <span class='ocrx_word' id='word_1_441' title='bbox 1595 3833 1759 3887; x_wconf 88' lang='lat' dir='ltr'>Unde</span> <span class='ocrx_word' id='word_1_442' title='bbox 1821 3833 2082 3890; x_wconf 86' lang='lat' dir='ltr'>Ecclesia</span> 
     </span>
    </p>
   </div>
   <div class='ocr_carea' id='block_1_58' title="bbox 415 3915 2081 3990">
    <p class='ocr_par' dir='ltr' id='par_1_58' title="bbox 415 3915 2081 3990">
     <span class='ocr_line' id='line_1_58' title="bbox 415 3915 2081 3990; baseline 0.005 -21"><span class='ocrx_word' id='word_1_443' title='bbox 415 3915 591 3986; x_wconf 88' lang='lat' dir='ltr'>quasi</span> <span class='ocrx_word' id='word_1_444' title='bbox 609 3916 670 3970; x_wconf 91' lang='lat' dir='ltr'>in</span> <span class='ocrx_word' id='word_1_445' title='bbox 696 3916 922 3972; x_wconf 90' lang='lat' dir='ltr'>eisdem</span> <span class='ocrx_word' id='word_1_446' title='bbox 943 3919 1206 3990; x_wconf 89' lang='lat' dir='ltr'>parvulis</span> <span class='ocrx_word' id='word_1_447' title='bbox 1225 3925 1280 3975; x_wconf 88' lang='lat' dir='ltr'>et</span> <span class='ocrx_word' id='word_1_448' title='bbox 1307 3919 1588 3975; x_wconf 88' lang='lat' dir='ltr'>ﬁdelibus</span> <span class='ocrx_word' id='word_1_449' title='bbox 1619 3921 1792 3976; x_wconf 88' lang='lat' dir='ltr'>dicit:</span> <span class='ocrx_word' id='word_1_450' title='bbox 1834 3946 1850 3970; x_wconf 82' lang='grc' dir='ltr'>ι</span> <span class='ocrx_word' id='word_1_451' title='bbox 1879 3923 2081 3978; x_wconf 89' lang='lat' dir='ltr'>Indica</span> 
     </span>
    </p>
   </div>
   <div class='ocr_carea' id='block_1_59' title="bbox 415 4002 2069 4080">
    <p class='ocr_par' dir='ltr' id='par_1_59' title="bbox 415 4002 2069 4080">
     <span class='ocr_line' id='line_1_59' title="bbox 415 4002 2069 4080; baseline 0.005 -24"><span class='ocrx_word' id='word_1_452' title='bbox 415 4002 565 4058; x_wconf 89' lang='lat' dir='ltr'>mihi</span> <span class='ocrx_word' id='word_1_453' title='bbox 591 4019 775 4076; x_wconf 89' lang='lat' dir='ltr'>quem</span> <span class='ocrx_word' id='word_1_454' title='bbox 805 4005 994 4074; x_wconf 87' lang='lat' dir='ltr'>diligit</span> <span class='ocrx_word' id='word_1_455' title='bbox 1013 4008 1216 4062; x_wconf 89' lang='lat' dir='ltr'>anima</span> <span class='ocrx_word' id='word_1_456' title='bbox 1245 4024 1402 4076; x_wconf 89' lang='lat' dir='ltr'>mea,</span> <span class='ocrx_word' id='word_1_457' title='bbox 1435 4009 1538 4062; x_wconf 90' lang='lat' dir='ltr'>ubi</span> <span class='ocrx_word' id='word_1_458' title='bbox 1569 4025 1803 4080; x_wconf 89' lang='lat' dir='ltr'>pascas,</span> <span class='ocrx_word' id='word_1_459' title='bbox 1841 4010 1944 4064; x_wconf 88' lang='lat' dir='ltr'>ubi</span> <span class='ocrx_word' id='word_1_460' title='bbox 1977 4027 2069 4065; x_wconf 54' lang='lat' dir='ltr'>cu.</span> 
     </span>
    </p>
   </div>
   <div class='ocr_carea' id='block_1_60' title="bbox 415 4089 2078 4156">
    <p class='ocr_par' dir='ltr' id='par_1_60' title="bbox 415 4089 2078 4156">
     <span class='ocr_line' id='line_1_60' title="bbox 415 4089 2078 4156; baseline 0.007 -12"><span class='ocrx_word' id='word_1_461' title='bbox 415 4089 524 4145; x_wconf 89' lang='lat' dir='ltr'>bes</span> <span class='ocrx_word' id='word_1_462' title='bbox 553 4090 615 4144; x_wconf 90' lang='lat' dir='ltr'>in</span> <span class='ocrx_word' id='word_1_463' title='bbox 664 4092 933 4156; x_wconf 90' lang='lat' dir='ltr'>meridie,</span> <span class='ocrx_word' id='word_1_464' title='bbox 966 4117 994 4143; x_wconf 85' lang='lat'><em>»</em></span> <span class='ocrx_word' id='word_1_465' title='bbox 1025 4095 1086 4149; x_wconf 88' lang='lat' dir='ltr'>id</span> <span class='ocrx_word' id='word_1_466' title='bbox 1114 4100 1204 4150; x_wconf 89' lang='lat' dir='ltr'>est</span> <span class='ocrx_word' id='word_1_467' title='bbox 1250 4096 1436 4152; x_wconf 89' lang='lat' dir='ltr'>vitam</span> <span class='ocrx_word' id='word_1_468' title='bbox 1485 4098 1586 4152; x_wconf 88' lang='lat' dir='ltr'>tibi</span> <span class='ocrx_word' id='word_1_469' title='bbox 1629 4099 1930 4154; x_wconf 81' lang='lat' dir='ltr'>veraciter</span> <span class='ocrx_word' id='word_1_470' title='bbox 1961 4115 2078 4155; x_wconf 92' lang='lat' dir='ltr'>ser-</span> 
     </span>
    </p>
   </div>
   <div class='ocr_carea' id='block_1_61' title="bbox 415 4177 2078 4259">
    <p class='ocr_par' dir='ltr' id='par_1_61' title="bbox 415 4177 2078 4259">
     <span class='ocr_line' id='line_1_61' title="bbox 415 4177 2078 4259; baseline 0.007 -25"><span class='ocrx_word' id='word_1_471' title='bbox 415 4177 703 4234; x_wconf 89' lang='lat' dir='ltr'>vientium</span> <span class='ocrx_word' id='word_1_472' title='bbox 737 4180 882 4236; x_wconf 82' lang='lat' dir='ltr'>mihi</span> <span class='ocrx_word' id='word_1_473' title='bbox 900 4181 1119 4245; x_wconf 89' lang='lat' dir='ltr'>indica,</span> <span class='ocrx_word' id='word_1_474' title='bbox 1143 4189 1209 4238; x_wconf 93' lang='lat' dir='ltr'>ut</span> <span class='ocrx_word' id='word_1_475' title='bbox 1230 4185 1415 4239; x_wconf 89' lang='lat' dir='ltr'>sciam</span> <span class='ocrx_word' id='word_1_476' title='bbox 1436 4187 1535 4242; x_wconf 91' lang='lat' dir='ltr'>ubi</span> <span class='ocrx_word' id='word_1_477' title='bbox 1567 4187 1763 4259; x_wconf 91' lang='lat' dir='ltr'>pascis</span> <span class='ocrx_word' id='word_1_478' title='bbox 1790 4188 2078 4245; x_wconf 85' lang='lat' dir='ltr'>viriditate</span> 
     </span>
    </p>
   </div>
   <div class='ocr_carea' id='block_1_62' title="bbox 415 4266 2078 4346">
    <p class='ocr_par' dir='ltr' id='par_1_62' title="bbox 415 4266 2078 4346">
     <span class='ocr_line' id='line_1_62' title="bbox 415 4266 2078 4346; baseline 0.007 -24"><span class='ocrx_word' id='word_1_479' title='bbox 415 4266 724 4333; x_wconf 91' lang='lat' dir='ltr'>virtutum,</span> <span class='ocrx_word' id='word_1_480' title='bbox 760 4272 826 4323; x_wconf 92' lang='lat' dir='ltr'>ut</span> <span class='ocrx_word' id='word_1_481' title='bbox 845 4269 1030 4324; x_wconf 89' lang='lat' dir='ltr'>sciam</span> <span class='ocrx_word' id='word_1_482' title='bbox 1061 4271 1164 4326; x_wconf 89' lang='lat' dir='ltr'>ubi</span> <span class='ocrx_word' id='word_1_483' title='bbox 1182 4273 1364 4328; x_wconf 86' lang='lat' dir='ltr'>cubes</span> <span class='ocrx_word' id='word_1_484' title='bbox 1391 4274 1452 4330; x_wconf 90' lang='lat' dir='ltr'>in</span> <span class='ocrx_word' id='word_1_485' title='bbox 1484 4276 1750 4346; x_wconf 90' lang='lat' dir='ltr'>meridie,</span> <span class='ocrx_word' id='word_1_486' title='bbox 1784 4277 1842 4332; x_wconf 91' lang='lat' dir='ltr'>id</span> <span class='ocrx_word' id='word_1_487' title='bbox 1875 4284 1962 4333; x_wconf 91' lang='lat' dir='ltr'>est</span> <span class='ocrx_word' id='word_1_488' title='bbox 1992 4295 2078 4333; x_wconf 83' lang='lat' dir='ltr'>re-</span> 
     </span>
    </p>
   </div>
   <div class='ocr_carea' id='block_1_63' title="bbox 416 4349 2076 4430">
    <p class='ocr_par' dir='ltr' id='par_1_63' title="bbox 416 4349 2076 4430">
     <span class='ocr_line' id='line_1_63' title="bbox 416 4349 2076 4430; baseline 0.009 -27"><span class='ocrx_word' id='word_1_489' title='bbox 416 4349 675 4422; x_wconf 91' lang='lat' dir='ltr'>quiescis</span> <span class='ocrx_word' id='word_1_490' title='bbox 706 4352 768 4406; x_wconf 90' lang='lat' dir='ltr'>in</span> <span class='ocrx_word' id='word_1_491' title='bbox 800 4352 1027 4408; x_wconf 87' lang='lat' dir='ltr'>fervore</span> <span class='ocrx_word' id='word_1_492' title='bbox 1052 4355 1378 4423; x_wconf 87' lang='lat' dir='ltr'>charitatis,</span> <span class='ocrx_word' id='word_1_493' title='bbox 1399 4375 1474 4414; x_wconf 91' lang='lat' dir='ltr'>ne</span> <span class='ocrx_word' id='word_1_494' title='bbox 1498 4361 1645 4415; x_wconf 91' lang='lat' dir='ltr'>dum</span> <span class='ocrx_word' id='word_1_495' title='bbox 1669 4378 1878 4430; x_wconf 86' lang='lat' dir='ltr'>greges</span> <span class='ocrx_word' id='word_1_496' title='bbox 1902 4363 2076 4418; x_wconf 81' lang='lat' dir='ltr'>soda-</span> 
     </span>
    </p>
   </div>
   <div class='ocr_carea' id='block_1_64' title="bbox 414 4437 2075 4520">
    <p class='ocr_par' dir='ltr' id='par_1_64' title="bbox 414 4437 2075 4520">
     <span class='ocr_line' id='line_1_64' title="bbox 414 4437 2075 4520; baseline 0.007 -26"><span class='ocrx_word' id='word_1_497' title='bbox 414 4437 564 4494; x_wconf 90' lang='lat' dir='ltr'>lium</span> <span class='ocrx_word' id='word_1_498' title='bbox 582 4443 822 4496; x_wconf 89' lang='lat' dir='ltr'>tuorum</span> <span class='ocrx_word' id='word_1_499' title='bbox 838 4442 1083 4514; x_wconf 89' lang='lat' dir='ltr'>aspicio,</span> <span class='ocrx_word' id='word_1_500' title='bbox 1101 4443 1234 4516; x_wconf 90' lang='lat' dir='ltr'>ipsa</span> <span class='ocrx_word' id='word_1_501' title='bbox 1252 4447 1458 4515; x_wconf 88' lang='lat' dir='ltr'>vagari</span> <span class='ocrx_word' id='word_1_502' title='bbox 1478 4449 1784 4520; x_wconf 86' lang='lat' dir='ltr'>incipiam,</span> <span class='ocrx_word' id='word_1_503' title='bbox 1803 4451 2075 4505; x_wconf 89' lang='lat' dir='ltr'>nesciens</span> 
     </span>
    </p>
   </div>
   <div class='ocr_carea' id='block_1_65' title="bbox 413 4527 2076 4606">
    <p class='ocr_par' dir='ltr' id='par_1_65' title="bbox 413 4527 2076 4606">
     <span class='ocr_line' id='line_1_65' title="bbox 413 4527 2076 4606; baseline 0.007 -25"><span class='ocrx_word' id='word_1_504' title='bbox 413 4527 588 4598; x_wconf 92' lang='lat' dir='ltr'>cujus</span> <span class='ocrx_word' id='word_1_505' title='bbox 639 4529 832 4586; x_wconf 89' lang='lat' dir='ltr'>verbis</span> <span class='ocrx_word' id='word_1_506' title='bbox 883 4531 1124 4588; x_wconf 89' lang='lat' dir='ltr'>credere</span> <span class='ocrx_word' id='word_1_507' title='bbox 1170 4533 1447 4604; x_wconf 90' lang='lat' dir='ltr'>debeam,</span> <span class='ocrx_word' id='word_1_508' title='bbox 1503 4538 1674 4605; x_wconf 85' lang='lat' dir='ltr'>cujus</span> <span class='ocrx_word' id='word_1_509' title='bbox 1731 4539 2076 4606; x_wconf 88' lang='lat' dir='ltr'>magisterio</span> 
     </span>
    </p>
   </div>
   <div class='ocr_carea' id='block_1_66' title="bbox 413 4615 2078 4698">
    <p class='ocr_par' dir='ltr' id='par_1_66' title="bbox 413 4615 2078 4698">
     <span class='ocr_line' id='line_1_66' title="bbox 413 4615 2078 4698; baseline 0.006 -28"><span class='ocrx_word' id='word_1_510' title='bbox 413 4615 498 4671; x_wconf 88' lang='lat' dir='ltr'>uti</span> <span class='ocrx_word' id='word_1_511' title='bbox 528 4615 804 4675; x_wconf 89' lang='lat' dir='ltr'>debeam.</span> <span class='ocrx_word' id='word_1_512' title='bbox 827 4622 972 4676; x_wconf 87' lang='lat' dir='ltr'>Ecce</span> <span class='ocrx_word' id='word_1_513' title='bbox 1005 4621 1188 4678; x_wconf 89' lang='lat' dir='ltr'>verba</span> <span class='ocrx_word' id='word_1_514' title='bbox 1205 4625 1408 4695; x_wconf 91' lang='lat' dir='ltr'>sponsi</span> <span class='ocrx_word' id='word_1_515' title='bbox 1431 4625 1768 4681; x_wconf 89' lang='lat' dir='ltr'>redduntur</span> <span class='ocrx_word' id='word_1_516' title='bbox 1788 4625 1867 4681; x_wconf 90' lang='lat' dir='ltr'>ad</span> <span class='ocrx_word' id='word_1_517' title='bbox 1898 4642 2078 4698; x_wconf 90' lang='lat' dir='ltr'>spon-</span> 
     </span>
    </p>
   </div>
   <div class='ocr_carea' id='block_1_67' title="bbox 414 4721 567 4761">
    <p class='ocr_par' dir='ltr' id='par_1_67' title="bbox 414 4721 567 4761">
     <span class='ocr_line' id='line_1_67' title="bbox 414 4721 567 4761; baseline 0.02 -3"><span class='ocrx_word' id='word_1_518' title='bbox 414 4721 567 4761; x_wconf 86' lang='lat' dir='ltr'>sam.</span> 
     </span>
    </p>
   </div>
   <div class='ocr_carea' id='block_1_68' title="bbox 484 4795 2080 4873">
    <p class='ocr_par' dir='ltr' id='par_1_68' title="bbox 484 4795 2080 4873">
     <span class='ocr_line' id='line_1_68' title="bbox 484 4795 2080 4873; baseline 0.007 -25"><span class='ocrx_word' id='word_1_519' title='bbox 484 4813 515 4847; x_wconf 86' lang='grc'>‹</span> <span class='ocrx_word' id='word_1_520' title='bbox 555 4795 612 4850; x_wconf 92' lang='lat' dir='ltr'>Si</span> <span class='ocrx_word' id='word_1_521' title='bbox 639 4796 882 4866; x_wconf 90' lang='lat' dir='ltr'>ignoras</span> <span class='ocrx_word' id='word_1_522' title='bbox 915 4803 991 4866; x_wconf 91' lang='lat' dir='ltr'>te,</span> <span class='ocrx_word' id='word_1_523' title='bbox 1015 4816 1051 4856; x_wconf 92' lang='grc' dir='ltr'><strong>ο</strong></span> <span class='ocrx_word' id='word_1_524' title='bbox 1079 4800 1333 4873; x_wconf 90' lang='lat' dir='ltr'>pulchra</span> <span class='ocrx_word' id='word_1_525' title='bbox 1353 4801 1505 4858; x_wconf 90' lang='lat' dir='ltr'>inter</span> <span class='ocrx_word' id='word_1_526' title='bbox 1525 4802 1806 4858; x_wconf 89' lang='lat' dir='ltr'>mulieres</span> <span class='ocrx_word' id='word_1_527' title='bbox 1839 4803 2080 4872; x_wconf 89' lang='lat' dir='ltr'>egrede-</span> 
     </span>
    </p>
   </div>
   <div class='ocr_carea' id='block_1_69' title="bbox 413 4886 2078 4964">
    <p class='ocr_par' dir='ltr' id='par_1_69' title="bbox 413 4886 2078 4964">
     <span class='ocr_line' id='line_1_69' title="bbox 413 4886 2078 4964; baseline 0.007 -27"><span class='ocrx_word' id='word_1_528' title='bbox 413 4905 442 4932; x_wconf 84' lang='lat'><strong><em>«</em></strong></span> <span class='ocrx_word' id='word_1_529' title='bbox 482 4899 565 4949; x_wconf 92' lang='lat' dir='ltr'>re,</span> <span class='ocrx_word' id='word_1_530' title='bbox 591 4886 765 4942; x_wconf 90' lang='lat' dir='ltr'>etabi</span> <span class='ocrx_word' id='word_1_531' title='bbox 789 4894 925 4959; x_wconf 91' lang='lat' dir='ltr'>post</span> <span class='ocrx_word' id='word_1_532' title='bbox 951 4890 1202 4960; x_wconf 90' lang='lat' dir='ltr'>vestigia</span> <span class='ocrx_word' id='word_1_533' title='bbox 1234 4907 1486 4962; x_wconf 91' lang='lat' dir='ltr'>gregum</span> <span class='ocrx_word' id='word_1_534' title='bbox 1517 4897 1779 4954; x_wconf 91' lang='lat' dir='ltr'>tuorum,</span> <span class='ocrx_word' id='word_1_535' title='bbox 1815 4897 1871 4946; x_wconf 93' lang='lat' dir='ltr'>et</span> <span class='ocrx_word' id='word_1_536' title='bbox 1899 4907 2078 4964; x_wconf 90' lang='lat' dir='ltr'>pasce</span> 
     </span>
    </p>
   </div>
   <div class='ocr_carea' id='block_1_70' title="bbox 418 4971 2079 5050">
    <p class='ocr_par' dir='ltr' id='par_1_70' title="bbox 418 4971 2079 5050">
     <span class='ocr_line' id='line_1_70' title="bbox 418 4971 2079 5050; baseline 0.008 -28"><span class='ocrx_word' id='word_1_537' title='bbox 418 4989 439 5020; x_wconf 76' lang='grc' dir='ltr'>ι</span> <span class='ocrx_word' id='word_1_538' title='bbox 482 4971 690 5027; x_wconf 75' lang='lat' dir='ltr'>hzedos</span> <span class='ocrx_word' id='word_1_539' title='bbox 718 4980 852 5030; x_wconf 90' lang='lat' dir='ltr'>tuos</span> <span class='ocrx_word' id='word_1_540' title='bbox 868 4977 1032 5047; x_wconf 89' lang='lat' dir='ltr'>justa</span> <span class='ocrx_word' id='word_1_541' title='bbox 1051 4979 1438 5034; x_wconf 89' lang='lat' dir='ltr'>tabernacula</span> <span class='ocrx_word' id='word_1_542' title='bbox 1462 4984 1844 5050; x_wconf 78' lang='lat' dir='ltr'>pastorum.»</span> <span class='ocrx_word' id='word_1_543' title='bbox 1873 4982 2079 5037; x_wconf 89' lang='lat' dir='ltr'>Omnis</span> 
     </span>
    </p>
   </div>
   <div class='ocr_carea' id='block_1_71' title="bbox 413 5057 2076 5142">
    <p class='ocr_par' dir='ltr' id='par_1_71' title="bbox 413 5057 2076 5142">
     <span class='ocr_line' id='line_1_71' title="bbox 413 5057 2076 5142; baseline 0.01 -32"><span class='ocrx_word' id='word_1_544' title='bbox 413 5057 619 5113; x_wconf 89' lang='lat' dir='ltr'>anima</span> <span class='ocrx_word' id='word_1_545' title='bbox 647 5061 789 5115; x_wconf 88' lang='lat' dir='ltr'>nihil</span> <span class='ocrx_word' id='word_1_546' title='bbox 805 5063 983 5120; x_wconf 90' lang='lat' dir='ltr'>debet</span> <span class='ocrx_word' id='word_1_547' title='bbox 1001 5067 1261 5137; x_wconf 89' lang='lat' dir='ltr'>amplius</span> <span class='ocrx_word' id='word_1_548' title='bbox 1289 5083 1498 5123; x_wconf 90' lang='lat' dir='ltr'>curare</span> <span class='ocrx_word' id='word_1_549' title='bbox 1512 5083 1698 5138; x_wconf 88' lang='lat' dir='ltr'>quam</span> <span class='ocrx_word' id='word_1_550' title='bbox 1720 5073 1784 5124; x_wconf 91' lang='lat' dir='ltr'>ut</span> <span class='ocrx_word' id='word_1_551' title='bbox 1814 5069 2076 5142; x_wconf 89' lang='lat' dir='ltr'>seipsam</span> 
     </span>
    </p>
   </div>
   <div class='ocr_carea' id='block_1_72' title="bbox 415 5146 2080 5228">
    <p class='ocr_par' dir='ltr' id='par_1_72' title="bbox 415 5146 2080 5228">
     <span class='ocr_line' id='line_1_72' title="bbox 415 5146 2080 5228; baseline 0.01 -30"><span class='ocrx_word' id='word_1_552' title='bbox 415 5146 579 5200; x_wconf 88' lang='lat' dir='ltr'>sciat.</span> <span class='ocrx_word' id='word_1_553' title='bbox 607 5147 715 5211; x_wconf 88' lang='lat' dir='ltr'>Qui</span> <span class='ocrx_word' id='word_1_554' title='bbox 737 5149 895 5203; x_wconf 88' lang='lat' dir='ltr'>enim</span> <span class='ocrx_word' id='word_1_555' title='bbox 925 5153 1188 5222; x_wconf 87' lang='lat' dir='ltr'>seipsum</span> <span class='ocrx_word' id='word_1_556' title='bbox 1217 5155 1639 5224; x_wconf 62' lang='lat' dir='ltr'>scit,cognovit</span> <span class='ocrx_word' id='word_1_557' title='bbox 1667 5156 1812 5228; x_wconf 88' lang='lat' dir='ltr'>quia</span> <span class='ocrx_word' id='word_1_558' title='bbox 1837 5158 1917 5213; x_wconf 90' lang='lat' dir='ltr'>ad</span> <span class='ocrx_word' id='word_1_559' title='bbox 1935 5160 2080 5215; x_wconf 87' lang='lat' dir='ltr'>ima-</span> 
     </span>
    </p>
   </div>
   <div class='ocr_carea' id='block_1_73' title="bbox 414 5234 2076 5313">
    <p class='ocr_par' dir='ltr' id='par_1_73' title="bbox 414 5234 2076 5313">
     <span class='ocr_line' id='line_1_73' title="bbox 414 5234 2076 5313; baseline 0.01 -25"><span class='ocrx_word' id='word_1_560' title='bbox 414 5234 616 5304; x_wconf 90' lang='lat' dir='ltr'>ginem</span> <span class='ocrx_word' id='word_1_561' title='bbox 651 5236 749 5291; x_wconf 91' lang='lat' dir='ltr'>Dei</span> <span class='ocrx_word' id='word_1_562' title='bbox 779 5237 971 5294; x_wconf 86' lang='lat' dir='ltr'>factus</span> <span class='ocrx_word' id='word_1_563' title='bbox 1001 5245 1109 5296; x_wconf 90' lang='lat' dir='ltr'>est.</span> <span class='ocrx_word' id='word_1_564' title='bbox 1147 5242 1204 5296; x_wconf 91' lang='lat' dir='ltr'>Si</span> <span class='ocrx_word' id='word_1_565' title='bbox 1248 5242 1327 5297; x_wconf 87' lang='lat' dir='ltr'>ad</span> <span class='ocrx_word' id='word_1_566' title='bbox 1371 5243 1699 5313; x_wconf 88' lang='lat' dir='ltr'>imaginem</span> <span class='ocrx_word' id='word_1_567' title='bbox 1745 5247 1845 5302; x_wconf 92' lang='lat' dir='ltr'>Dei</span> <span class='ocrx_word' id='word_1_568' title='bbox 1885 5247 2076 5304; x_wconf 85' lang='lat' dir='ltr'>factus</span> 
     </span>
    </p>
   </div>
   <div class='ocr_carea' id='block_1_74' title="bbox 414 5327 2073 5410">
    <p class='ocr_par' dir='ltr' id='par_1_74' title="bbox 414 5327 2073 5410">
     <span class='ocr_line' id='line_1_74' title="bbox 414 5327 2073 5410; baseline 0.008 -31"><span class='ocrx_word' id='word_1_569' title='bbox 414 5331 521 5395; x_wconf 89' lang='lat' dir='ltr'>est,</span> <span class='ocrx_word' id='word_1_570' title='bbox 550 5341 674 5382; x_wconf 89' lang='lat' dir='ltr'>non</span> <span class='ocrx_word' id='word_1_571' title='bbox 705 5327 884 5384; x_wconf 89' lang='lat' dir='ltr'>debet</span> <span class='ocrx_word' id='word_1_572' title='bbox 927 5329 1380 5387; x_wconf 90' lang='lat' dir='ltr'>similitudinem</span> <span class='ocrx_word' id='word_1_573' title='bbox 1421 5333 1834 5403; x_wconf 88' lang='lat' dir='ltr'>jumentorum</span> <span class='ocrx_word' id='word_1_574' title='bbox 1881 5338 2073 5410; x_wconf 90' lang='lat' dir='ltr'>sequi,</span> 
     </span>
    </p>
   </div>
   <div class='ocr_carea' id='block_1_75' title="bbox 416 5412 2071 5494">
    <p class='ocr_par' dir='ltr' id='par_1_75' title="bbox 416 5412 2071 5494">
     <span class='ocr_line' id='line_1_75' title="bbox 416 5412 2071 5494; baseline 0.01 -29"><span class='ocrx_word' id='word_1_575' title='bbox 416 5412 540 5468; x_wconf 90' lang='lat' dir='ltr'>sive</span> <span class='ocrx_word' id='word_1_576' title='bbox 565 5414 626 5470; x_wconf 89' lang='lat' dir='ltr'>in</span> <span class='ocrx_word' id='word_1_577' title='bbox 655 5415 914 5484; x_wconf 85' lang='lat' dir='ltr'>luxuria,</span> <span class='ocrx_word' id='word_1_578' title='bbox 945 5418 1068 5473; x_wconf 91' lang='lat' dir='ltr'>sive</span> <span class='ocrx_word' id='word_1_579' title='bbox 1099 5418 1160 5472; x_wconf 89' lang='lat' dir='ltr'>in</span> <span class='ocrx_word' id='word_1_580' title='bbox 1191 5421 1458 5491; x_wconf 89' lang='lat' dir='ltr'>appetitu</span> <span class='ocrx_word' id='word_1_581' title='bbox 1508 5425 1784 5494; x_wconf 71' lang='lat' dir='ltr'>praesenti</span> <span class='ocrx_word' id='word_1_582' title='bbox 1813 5425 2071 5482; x_wconf 89' lang='lat' dir='ltr'>devolvi.</span> 
     </span>
    </p>
   </div>
   <div class='ocr_carea' id='block_1_76' title="bbox 416 5499 2074 5574">
    <p class='ocr_par' dir='ltr' id='par_1_76' title="bbox 416 5499 2074 5574">
     <span class='ocr_line' id='line_1_76' title="bbox 416 5499 2074 5574; baseline 0.01 -20"><span class='ocrx_word' id='word_1_583' title='bbox 416 5499 497 5554; x_wconf 90' lang='lat' dir='ltr'>De</span> <span class='ocrx_word' id='word_1_584' title='bbox 525 5518 648 5574; x_wconf 90' lang='lat' dir='ltr'>qua</span> <span class='ocrx_word' id='word_1_585' title='bbox 671 5503 1011 5573; x_wconf 86' lang='lat' dir='ltr'>ignorantia</span> <span class='ocrx_word' id='word_1_586' title='bbox 1056 5505 1196 5562; x_wconf 88' lang='lat' dir='ltr'>alibi</span> <span class='ocrx_word' id='word_1_587' title='bbox 1242 5508 1490 5566; x_wconf 89' lang='lat' dir='ltr'>dicitur:</span> <span class='ocrx_word' id='word_1_588' title='bbox 1544 5513 1791 5568; x_wconf 83' lang='lat' dir='ltr'>«Homo</span> <span class='ocrx_word' id='word_1_589' title='bbox 1850 5531 1990 5569; x_wconf 91' lang='lat' dir='ltr'>cum</span> <span class='ocrx_word' id='word_1_590' title='bbox 2012 5515 2074 5570; x_wconf 90' lang='lat' dir='ltr'>in</span> 
     </span>
    </p>
   </div>
   <div class='ocr_carea' id='block_1_77' title="bbox 414 5587 2075 5673">
    <p class='ocr_par' dir='ltr' id='par_1_77' title="bbox 414 5587 2075 5673">
     <span class='ocr_line' id='line_1_77' title="bbox 414 5587 2075 5673; baseline 0.01 -31"><span class='ocrx_word' id='word_1_591' title='bbox 414 5587 644 5673; x_wconf 88' lang='lat' dir='ltr'>honore</span> <span class='ocrx_word' id='word_1_592' title='bbox 659 5599 833 5658; x_wconf 88' lang='lat' dir='ltr'>esset,</span> <span class='ocrx_word' id='word_1_593' title='bbox 855 5609 979 5649; x_wconf 90' lang='lat' dir='ltr'>non</span> <span class='ocrx_word' id='word_1_594' title='bbox 1009 5594 1310 5667; x_wconf 83' lang='lat' dir='ltr'>intellexit,</span> <span class='ocrx_word' id='word_1_595' title='bbox 1327 5609 1710 5672; x_wconf 88' lang='lat' dir='ltr'>comparatus</span> <span class='ocrx_word' id='word_1_596' title='bbox 1727 5607 1815 5657; x_wconf 90' lang='lat' dir='ltr'>est</span> <span class='ocrx_word' id='word_1_597' title='bbox 1837 5603 2075 5673; x_wconf 91' lang='lat' dir='ltr'>jumen-</span> 
     </span>
    </p>
   </div>
   <div class='ocr_carea' id='block_1_78' title="bbox 415 5672 2065 5761">
    <p class='ocr_par' dir='ltr' id='par_1_78' title="bbox 415 5672 2065 5761">
     <span class='ocr_line' id='line_1_78' title="bbox 415 5672 2065 5761; baseline 0.012 -34"><span class='ocrx_word' id='word_1_598' title='bbox 415 5672 490 5728; x_wconf 88' lang='lat' dir='ltr'>tis</span> <span class='ocrx_word' id='word_1_599' title='bbox 517 5675 956 5750; x_wconf 85' lang='lat' dir='ltr'>insipientibus,</span> <span class='ocrx_word' id='word_1_600' title='bbox 997 5686 1056 5739; x_wconf 91' lang='lat' dir='ltr'>et</span> <span class='ocrx_word' id='word_1_601' title='bbox 1099 5683 1304 5742; x_wconf 90' lang='lat' dir='ltr'>similis</span> <span class='ocrx_word' id='word_1_602' title='bbox 1357 5685 1549 5745; x_wconf 85' lang='lat' dir='ltr'>factus</span> <span class='ocrx_word' id='word_1_603' title='bbox 1591 5694 1680 5746; x_wconf 91' lang='lat' dir='ltr'>est</span> <span class='ocrx_word' id='word_1_604' title='bbox 1714 5672 1847 5746; x_wconf 81' lang='lat' dir='ltr'>illis</span> <span class='ocrx_word' id='word_1_605' title='bbox 1877 5689 2065 5761; x_wconf 83' lang='lat' dir='ltr'>(Psal.</span> 
     </span>
    </p>
   </div>
   <div class='ocr_carea' id='block_1_79' title="bbox 2186 1788 3862 1864">
    <p class='ocr_par' dir='ltr' id='par_1_79' title="bbox 2186 1788 3862 1864">
     <span class='ocr_line' id='line_1_79' title="bbox 2186 1788 3862 1864; baseline -0.005 -15"><span class='ocrx_word' id='word_1_606' title='bbox 2186 1794 2248 1850; x_wconf 92' lang='lat' dir='ltr'>id</span> <span class='ocrx_word' id='word_1_607' title='bbox 2273 1799 2365 1849; x_wconf 92' lang='lat' dir='ltr'>est</span> <span class='ocrx_word' id='word_1_608' title='bbox 2392 1793 2632 1848; x_wconf 90' lang='lat' dir='ltr'>discede</span> <span class='ocrx_word' id='word_1_609' title='bbox 2657 1798 2794 1864; x_wconf 91' lang='lat' dir='ltr'>post</span> <span class='ocrx_word' id='word_1_610' title='bbox 2820 1790 3097 1864; x_wconf 81' lang='lat' dir='ltr'>exempla</span> <span class='ocrx_word' id='word_1_611' title='bbox 3118 1788 3505 1862; x_wconf 89' lang='lat' dir='ltr'>populorum.</span> <span class='ocrx_word' id='word_1_612' title='bbox 3527 1810 3554 1837; x_wconf 86' lang='lat'><strong><em>«</em></strong></span> <span class='ocrx_word' id='word_1_613' title='bbox 3580 1790 3647 1842; x_wconf 90' lang='lat' dir='ltr'>Et</span> <span class='ocrx_word' id='word_1_614' title='bbox 3667 1803 3862 1858; x_wconf 87' lang='lat' dir='ltr'>pasce</span> 
     </span>
    </p>
   </div>
   <div class='ocr_carea' id='block_1_80' title="bbox 2186 1876 3863 1946">
    <p class='ocr_par' dir='ltr' id='par_1_80' title="bbox 2186 1876 3863 1946">
     <span class='ocr_line' id='line_1_80' title="bbox 2186 1876 3863 1946; baseline -0.005 -8"><span class='ocrx_word' id='word_1_615' title='bbox 2186 1883 2394 1938; x_wconf 75' lang='lat' dir='ltr'>hthOS</span> <span class='ocrx_word' id='word_1_616' title='bbox 2426 1887 2578 1946; x_wconf 88' lang='lat' dir='ltr'>tuos,</span> <span class='ocrx_word' id='word_1_617' title='bbox 2604 1905 2631 1931; x_wconf 88' lang='grc'>››</span> <span class='ocrx_word' id='word_1_618' title='bbox 2662 1882 2719 1936; x_wconf 91' lang='lat' dir='ltr'>id</span> <span class='ocrx_word' id='word_1_619' title='bbox 2744 1886 2831 1936; x_wconf 91' lang='lat' dir='ltr'>est</span> <span class='ocrx_word' id='word_1_620' title='bbox 2850 1880 3007 1935; x_wconf 92' lang='lat' dir='ltr'>nutri</span> <span class='ocrx_word' id='word_1_621' title='bbox 3033 1884 3234 1934; x_wconf 92' lang='lat' dir='ltr'>motus</span> <span class='ocrx_word' id='word_1_622' title='bbox 3257 1876 3550 1940; x_wconf 88' lang='lat' dir='ltr'>carnales,</span> <span class='ocrx_word' id='word_1_623' title='bbox 3569 1892 3694 1931; x_wconf 92' lang='lat' dir='ltr'>non</span> <span class='ocrx_word' id='word_1_624' title='bbox 3723 1877 3863 1946; x_wconf 89' lang='lat' dir='ltr'>jam</span> 
     </span>
    </p>
   </div>
   <div class='ocr_carea' id='block_1_81' title="bbox 2189 1965 3863 2042">
    <p class='ocr_par' dir='ltr' id='par_1_81' title="bbox 2189 1965 3863 2042">
     <span class='ocr_line' id='line_1_81' title="bbox 2189 1965 3863 2042; baseline -0.005 -16"><span class='ocrx_word' id='word_1_625' title='bbox 2189 1989 2404 2027; x_wconf 91' lang='lat' dir='ltr'>sensus</span> <span class='ocrx_word' id='word_1_626' title='bbox 2463 1970 2817 2042; x_wconf 89' lang='lat' dir='ltr'>spirituales,</span> <span class='ocrx_word' id='word_1_627' title='bbox 2880 1969 2988 2024; x_wconf 91' lang='lat' dir='ltr'>sed</span> <span class='ocrx_word' id='word_1_628' title='bbox 3029 1973 3230 2023; x_wconf 83' lang='lat' dir='ltr'>motus</span> <span class='ocrx_word' id='word_1_629' title='bbox 3288 1965 3581 2021; x_wconf 89' lang='lat' dir='ltr'>carnales.</span> <span class='ocrx_word' id='word_1_630' title='bbox 3643 1965 3863 2020; x_wconf 78' lang='lat' dir='ltr'>Abires</span> 
     </span>
    </p>
   </div>
   <div class='ocr_carea' id='block_1_82' title="bbox 2183 2057 3860 2132">
    <p class='ocr_par' dir='ltr' id='par_1_82' title="bbox 2183 2057 3860 2132">
     <span class='ocr_line' id='line_1_82' title="bbox 2183 2057 3860 2132; baseline -0.004 -16"><span class='ocrx_word' id='word_1_631' title='bbox 2183 2062 2356 2132; x_wconf 85' lang='lat' dir='ltr'>juxta</span> <span class='ocrx_word' id='word_1_632' title='bbox 2388 2059 2775 2116; x_wconf 89' lang='lat' dir='ltr'>tabernacula</span> <span class='ocrx_word' id='word_1_633' title='bbox 2820 2064 3157 2131; x_wconf 86' lang='lat' dir='ltr'>pastorum,</span> <span class='ocrx_word' id='word_1_634' title='bbox 3191 2057 3313 2111; x_wconf 89' lang='lat' dir='ltr'>sive</span> <span class='ocrx_word' id='word_1_635' title='bbox 3345 2071 3536 2124; x_wconf 90' lang='lat' dir='ltr'>agnos</span> <span class='ocrx_word' id='word_1_636' title='bbox 3576 2070 3860 2127; x_wconf 89' lang='lat' dir='ltr'>pascere,</span> 
     </span>
    </p>
   </div>
   <div class='ocr_carea' id='block_1_83' title="bbox 2187 2144 3863 2216">
    <p class='ocr_par' dir='ltr' id='par_1_83' title="bbox 2187 2144 3863 2216">
     <span class='ocr_line' id='line_1_83' title="bbox 2187 2144 3863 2216; baseline -0.005 -9"><span class='ocrx_word' id='word_1_637' title='bbox 2187 2152 2250 2207; x_wconf 92' lang='lat' dir='ltr'>id</span> <span class='ocrx_word' id='word_1_638' title='bbox 2279 2156 2370 2206; x_wconf 91' lang='lat' dir='ltr'>est</span> <span class='ocrx_word' id='word_1_639' title='bbox 2400 2151 2459 2204; x_wconf 92' lang='lat' dir='ltr'>in</span> <span class='ocrx_word' id='word_1_640' title='bbox 2489 2149 2775 2204; x_wconf 84' lang='lat' dir='ltr'>doctrinis</span> <span class='ocrx_word' id='word_1_641' title='bbox 2827 2148 3274 2216; x_wconf 88' lang='lat' dir='ltr'>magistrorum,</span> <span class='ocrx_word' id='word_1_642' title='bbox 3308 2144 3368 2200; x_wconf 91' lang='lat' dir='ltr'>in</span> <span class='ocrx_word' id='word_1_643' title='bbox 3393 2144 3678 2199; x_wconf 89' lang='lat' dir='ltr'>doctrinis</span> <span class='ocrx_word' id='word_1_644' title='bbox 3704 2160 3863 2216; x_wconf 79' lang='lat' dir='ltr'>apo-</span> 
     </span>
    </p>
   </div>
   <div class='ocr_carea' id='block_1_84' title="bbox 2189 2233 3863 2309">
    <p class='ocr_par' dir='ltr' id='par_1_84' title="bbox 2189 2233 3863 2309">
     <span class='ocr_line' id='line_1_84' title="bbox 2189 2233 3863 2309; baseline -0.004 -14"><span class='ocrx_word' id='word_1_645' title='bbox 2189 2240 2501 2309; x_wconf 89' lang='lat' dir='ltr'>stolorum,</span> <span class='ocrx_word' id='word_1_646' title='bbox 2533 2238 2592 2292; x_wconf 91' lang='lat' dir='ltr'>in</span> <span class='ocrx_word' id='word_1_647' title='bbox 2645 2237 2932 2292; x_wconf 89' lang='lat' dir='ltr'>doctrinis</span> <span class='ocrx_word' id='word_1_648' title='bbox 2980 2235 3434 2308; x_wconf 90' lang='lat' dir='ltr'>prophetarum.</span> <span class='ocrx_word' id='word_1_649' title='bbox 3481 2233 3612 2287; x_wconf 92' lang='lat' dir='ltr'>Sive</span> <span class='ocrx_word' id='word_1_650' title='bbox 3642 2233 3863 2288; x_wconf 77' lang='lat' dir='ltr'>haedos</span> 
     </span>
    </p>
   </div>
   <div class='ocr_carea' id='block_1_85' title="bbox 2189 2321 3863 2401">
    <p class='ocr_par' dir='ltr' id='par_1_85' title="bbox 2189 2321 3863 2401">
     <span class='ocr_line' id='line_1_85' title="bbox 2189 2321 3863 2401; baseline -0.005 -18"><span class='ocrx_word' id='word_1_651' title='bbox 2189 2329 2386 2401; x_wconf 90' lang='lat' dir='ltr'>pascis</span> <span class='ocrx_word' id='word_1_652' title='bbox 2412 2329 2586 2399; x_wconf 83' lang='lat' dir='ltr'>juxta</span> <span class='ocrx_word' id='word_1_653' title='bbox 2617 2325 3014 2382; x_wconf 84' lang='lat' dir='ltr'>tabernacula</span> <span class='ocrx_word' id='word_1_654' title='bbox 3050 2330 3363 2397; x_wconf 90' lang='lat' dir='ltr'>pastorum</span> <span class='ocrx_word' id='word_1_655' title='bbox 3392 2337 3598 2394; x_wconf 89' lang='lat' dir='ltr'>pasce,</span> <span class='ocrx_word' id='word_1_656' title='bbox 3645 2326 3712 2375; x_wconf 93' lang='lat' dir='ltr'>ut</span> <span class='ocrx_word' id='word_1_657' title='bbox 3737 2321 3863 2375; x_wconf 81' lang='lat' dir='ltr'>ﬁde</span> 
     </span>
    </p>
   </div>
   <div class='ocr_carea' id='block_1_86' title="bbox 2189 2410 3860 2486">
    <p class='ocr_par' dir='ltr' id='par_1_86' title="bbox 2189 2410 3860 2486">
     <span class='ocr_line' id='line_1_86' title="bbox 2189 2410 3860 2486; baseline -0.004 -14"><span class='ocrx_word' id='word_1_658' title='bbox 2189 2417 2416 2473; x_wconf 89' lang='lat' dir='ltr'>voceris</span> <span class='ocrx_word' id='word_1_659' title='bbox 2448 2416 2781 2472; x_wconf 87' lang='lat' dir='ltr'>Christiana</span> <span class='ocrx_word' id='word_1_660' title='bbox 2814 2420 2870 2470; x_wconf 89' lang='lat' dir='ltr'>et</span> <span class='ocrx_word' id='word_1_661' title='bbox 2901 2429 3023 2468; x_wconf 91' lang='lat' dir='ltr'>non</span> <span class='ocrx_word' id='word_1_662' title='bbox 3057 2411 3362 2486; x_wconf 86' lang='lat' dir='ltr'>Operibus,</span> <span class='ocrx_word' id='word_1_663' title='bbox 3406 2410 3550 2483; x_wconf 88' lang='lat' dir='ltr'>quia</span> <span class='ocrx_word' id='word_1_664' title='bbox 3579 2411 3738 2465; x_wconf 88' lang='lat' dir='ltr'>intra</span> <span class='ocrx_word' id='word_1_665' title='bbox 3771 2411 3860 2465; x_wconf 81' lang='lat' dir='ltr'>vi-</span> 
     </span>
    </p>
   </div>
   <div class='ocr_carea' id='block_1_87' title="bbox 2189 2503 3863 2577">
    <p class='ocr_par' dir='ltr' id='par_1_87' title="bbox 2189 2503 3863 2577">
     <span class='ocr_line' id='line_1_87' title="bbox 2189 2503 3863 2577; baseline -0.005 -15"><span class='ocrx_word' id='word_1_666' title='bbox 2189 2507 2348 2562; x_wconf 89' lang='lat' dir='ltr'>deris</span> <span class='ocrx_word' id='word_1_667' title='bbox 2381 2523 2513 2561; x_wconf 91' lang='lat' dir='ltr'>esse</span> <span class='ocrx_word' id='word_1_668' title='bbox 2537 2521 2642 2577; x_wconf 89' lang='lat' dir='ltr'>per</span> <span class='ocrx_word' id='word_1_669' title='bbox 2671 2504 2876 2573; x_wconf 73' lang='lat' dir='ltr'>(idem,</span> <span class='ocrx_word' id='word_1_670' title='bbox 2904 2508 2960 2559; x_wconf 93' lang='lat' dir='ltr'>et</span> <span class='ocrx_word' id='word_1_671' title='bbox 2990 2519 3112 2558; x_wconf 90' lang='lat' dir='ltr'>non</span> <span class='ocrx_word' id='word_1_672' title='bbox 3147 2503 3309 2570; x_wconf 88' lang='lat' dir='ltr'>intra</span> <span class='ocrx_word' id='word_1_673' title='bbox 3336 2517 3445 2574; x_wconf 90' lang='lat' dir='ltr'>per</span> <span class='ocrx_word' id='word_1_674' title='bbox 3471 2516 3678 2573; x_wconf 90' lang='lat' dir='ltr'>opera.</span> <span class='ocrx_word' id='word_1_675' title='bbox 3708 2503 3863 2555; x_wconf 90' lang='lat' dir='ltr'>Ecce</span> 
     </span>
    </p>
   </div>
   <div class='ocr_carea' id='block_1_88' title="bbox 2190 2589 3858 2668">
    <p class='ocr_par' dir='ltr' id='par_1_88' title="bbox 2190 2589 3858 2668">
     <span class='ocr_line' id='line_1_88' title="bbox 2190 2589 3858 2668; baseline -0.003 -17"><span class='ocrx_word' id='word_1_676' title='bbox 2190 2597 2527 2668; x_wconf 91' lang='lat' dir='ltr'>increpasti,</span> <span class='ocrx_word' id='word_1_677' title='bbox 2563 2610 2699 2650; x_wconf 76' lang='lat' dir='ltr'>ecce</span> <span class='ocrx_word' id='word_1_678' title='bbox 2728 2592 3106 2662; x_wconf 89' lang='lat' dir='ltr'>redarguisti.</span> <span class='ocrx_word' id='word_1_679' title='bbox 3141 2591 3295 2657; x_wconf 86' lang='lat' dir='ltr'>Quid</span> <span class='ocrx_word' id='word_1_680' title='bbox 3335 2591 3494 2646; x_wconf 89' lang='lat' dir='ltr'>enim</span> <span class='ocrx_word' id='word_1_681' title='bbox 3525 2605 3648 2645; x_wconf 92' lang='lat' dir='ltr'>non</span> <span class='ocrx_word' id='word_1_682' title='bbox 3679 2589 3858 2646; x_wconf 86' lang='lat' dir='ltr'>dicis.</span> 
     </span>
    </p>
   </div>
   <div class='ocr_carea' id='block_1_89' title="bbox 2192 2679 3860 2755">
    <p class='ocr_par' dir='ltr' id='par_1_89' title="bbox 2192 2679 3860 2755">
     <span class='ocr_line' id='line_1_89' title="bbox 2192 2679 3860 2755; baseline -0.004 -14"><span class='ocrx_word' id='word_1_683' title='bbox 2192 2686 2342 2753; x_wconf 90' lang='lat' dir='ltr'>Quid</span> <span class='ocrx_word' id='word_1_684' title='bbox 2369 2691 2431 2740; x_wconf 89' lang='lat' dir='ltr'>tu</span> <span class='ocrx_word' id='word_1_685' title='bbox 2451 2685 2709 2753; x_wconf 85' lang='lat' dir='ltr'>benigne</span> <span class='ocrx_word' id='word_1_686' title='bbox 2737 2683 2798 2738; x_wconf 92' lang='lat' dir='ltr'>in</span> <span class='ocrx_word' id='word_1_687' title='bbox 2824 2699 2896 2738; x_wconf 91' lang='lat' dir='ltr'>ea</span> <span class='ocrx_word' id='word_1_688' title='bbox 2916 2687 3199 2755; x_wconf 90' lang='lat' dir='ltr'>operatus</span> <span class='ocrx_word' id='word_1_689' title='bbox 3221 2681 3326 2736; x_wconf 86' lang='lat' dir='ltr'>es?</span> <span class='ocrx_word' id='word_1_690' title='bbox 3348 2680 3449 2735; x_wconf 93' lang='lat' dir='ltr'>Dic</span> <span class='ocrx_word' id='word_1_691' title='bbox 3480 2679 3677 2753; x_wconf 88' lang='lat' dir='ltr'>plane.</span> <span class='ocrx_word' id='word_1_692' title='bbox 3699 2683 3860 2736; x_wconf 83' lang='lat' dir='ltr'>Nam</span> 
     </span>
    </p>
   </div>
   <div class='ocr_carea' id='block_1_90' title="bbox 2192 2778 2494 2847">
    <p class='ocr_par' dir='ltr' id='par_1_90' title="bbox 2192 2778 2494 2847">
     <span class='ocr_line' id='line_1_90' title="bbox 2192 2778 2494 2847; baseline 0 -17"><span class='ocrx_word' id='word_1_693' title='bbox 2192 2778 2458 2847; x_wconf 88' lang='lat' dir='ltr'>sequitur</span> <span class='ocrx_word' id='word_1_694' title='bbox 2481 2791 2494 2830; x_wconf 90' lang='lat'>:</span> 
     </span>
    </p>
   </div>
   <div class='ocr_carea' id='block_1_91' title="bbox 2263 2857 3860 2935">
    <p class='ocr_par' dir='ltr' id='par_1_91' title="bbox 2263 2857 3860 2935">
     <span class='ocr_line' id='line_1_91' title="bbox 2263 2857 3860 2935; baseline -0.003 -16"><span class='ocrx_word' id='word_1_695' title='bbox 2263 2886 2290 2912; x_wconf 94' lang='grc'>‹‹</span> <span class='ocrx_word' id='word_1_696' title='bbox 2323 2863 2616 2935; x_wconf 87' lang='lat' dir='ltr'>Equitatui</span> <span class='ocrx_word' id='word_1_697' title='bbox 2641 2878 2778 2917; x_wconf 94' lang='lat' dir='ltr'>meo</span> <span class='ocrx_word' id='word_1_698' title='bbox 2812 2861 2872 2917; x_wconf 90' lang='lat' dir='ltr'>in</span> <span class='ocrx_word' id='word_1_699' title='bbox 2895 2861 3171 2916; x_wconf 87' lang='lat' dir='ltr'>curribus</span> <span class='ocrx_word' id='word_1_700' title='bbox 3203 2858 3526 2916; x_wconf 84' lang='lat' dir='ltr'>Pharaonis</span> <span class='ocrx_word' id='word_1_701' title='bbox 3549 2857 3860 2914; x_wconf 87' lang='lat' dir='ltr'>assimila-</span> 
     </span>
    </p>
   </div>
   <div class='ocr_carea' id='block_1_92' title="bbox 2191 2945 3860 3020">
    <p class='ocr_par' dir='ltr' id='par_1_92' title="bbox 2191 2945 3860 3020">
     <span class='ocr_line' id='line_1_92' title="bbox 2191 2945 3860 3020; baseline -0.001 -18"><span class='ocrx_word' id='word_1_702' title='bbox 2191 2975 2220 3002; x_wconf 86' lang='grc'>‹‹</span> <span class='ocrx_word' id='word_1_703' title='bbox 2261 2952 2318 3007; x_wconf 89' lang='lat' dir='ltr'>vi</span> <span class='ocrx_word' id='word_1_704' title='bbox 2345 2957 2421 3017; x_wconf 89' lang='lat' dir='ltr'>te,</span> <span class='ocrx_word' id='word_1_705' title='bbox 2445 2951 2641 3006; x_wconf 88' lang='lat' dir='ltr'>amica</span> <span class='ocrx_word' id='word_1_706' title='bbox 2677 2967 2832 3014; x_wconf 85' lang='lat' dir='ltr'>mea.</span> <span class='ocrx_word' id='word_1_707' title='bbox 2861 2969 2890 3001; x_wconf 83' lang='grc'>›</span> <span class='ocrx_word' id='word_1_708' title='bbox 2925 2951 3144 3006; x_wconf 92' lang='lat' dir='ltr'>Omnes</span> <span class='ocrx_word' id='word_1_709' title='bbox 3188 2946 3294 3020; x_wconf 92' lang='lat' dir='ltr'>qui</span> <span class='ocrx_word' id='word_1_710' title='bbox 3321 2945 3592 3015; x_wconf 67' lang='lat' dir='ltr'>luxuriae,</span> <span class='ocrx_word' id='word_1_711' title='bbox 3624 2946 3730 3018; x_wconf 92' lang='lat' dir='ltr'>qui</span> <span class='ocrx_word' id='word_1_712' title='bbox 3761 2963 3860 3001; x_wconf 90' lang='lat' dir='ltr'>su-</span> 
     </span>
    </p>
   </div>
   <div class='ocr_carea' id='block_1_93' title="bbox 2191 3034 3857 3113">
    <p class='ocr_par' dir='ltr' id='par_1_93' title="bbox 2191 3034 3857 3113">
     <span class='ocr_line' id='line_1_93' title="bbox 2191 3034 3857 3113; baseline -0.004 -17"><span class='ocrx_word' id='word_1_713' title='bbox 2191 3040 2434 3113; x_wconf 58' lang='lat' dir='ltr'>perbire,</span> <span class='ocrx_word' id='word_1_714' title='bbox 2467 3040 2567 3111; x_wconf 92' lang='lat' dir='ltr'>qui</span> <span class='ocrx_word' id='word_1_715' title='bbox 2602 3039 2884 3106; x_wconf 69' lang='lat' dir='ltr'>avaritiae,</span> <span class='ocrx_word' id='word_1_716' title='bbox 2917 3038 3021 3109; x_wconf 94' lang='lat' dir='ltr'>qui</span> <span class='ocrx_word' id='word_1_717' title='bbox 3050 3036 3307 3105; x_wconf 69' lang='lat' dir='ltr'>invidiae,</span> <span class='ocrx_word' id='word_1_718' title='bbox 3332 3037 3434 3108; x_wconf 90' lang='lat' dir='ltr'>qui</span> <span class='ocrx_word' id='word_1_719' title='bbox 3466 3034 3717 3090; x_wconf 63' lang='lat' dir='ltr'>fallaciae</span> <span class='ocrx_word' id='word_1_720' title='bbox 3749 3035 3857 3090; x_wconf 83' lang='lat' dir='ltr'>de-</span> 
     </span>
    </p>
   </div>
   <div class='ocr_carea' id='block_1_94' title="bbox 2192 3123 3861 3195">
    <p class='ocr_par' dir='ltr' id='par_1_94' title="bbox 2192 3123 3861 3195">
     <span class='ocr_line' id='line_1_94' title="bbox 2192 3123 3861 3195; baseline -0.002 -13"><span class='ocrx_word' id='word_1_721' title='bbox 2192 3130 2474 3195; x_wconf 90' lang='lat' dir='ltr'>serviunt,</span> <span class='ocrx_word' id='word_1_722' title='bbox 2508 3128 2708 3183; x_wconf 91' lang='lat' dir='ltr'>adhuc</span> <span class='ocrx_word' id='word_1_723' title='bbox 2755 3126 2872 3182; x_wconf 90' lang='lat' dir='ltr'>sub</span> <span class='ocrx_word' id='word_1_724' title='bbox 2905 3143 3083 3182; x_wconf 89' lang='lat' dir='ltr'>curru</span> <span class='ocrx_word' id='word_1_725' title='bbox 3111 3124 3434 3180; x_wconf 88' lang='lat' dir='ltr'>Pharaonis</span> <span class='ocrx_word' id='word_1_726' title='bbox 3475 3127 3635 3192; x_wconf 91' lang='lat' dir='ltr'>sunt,</span> <span class='ocrx_word' id='word_1_727' title='bbox 3677 3123 3738 3178; x_wconf 91' lang='lat' dir='ltr'>id</span> <span class='ocrx_word' id='word_1_728' title='bbox 3769 3129 3861 3179; x_wconf 90' lang='lat' dir='ltr'>est</span> 
     </span>
    </p>
   </div>
   <div class='ocr_carea' id='block_1_95' title="bbox 2191 3212 3860 3286">
    <p class='ocr_par' dir='ltr' id='par_1_95' title="bbox 2191 3212 3860 3286">
     <span class='ocr_line' id='line_1_95' title="bbox 2191 3212 3860 3286; baseline -0.004 -14"><span class='ocrx_word' id='word_1_729' title='bbox 2191 3217 2303 3272; x_wconf 92' lang='lat' dir='ltr'>sub</span> <span class='ocrx_word' id='word_1_730' title='bbox 2334 3216 2622 3285; x_wconf 89' lang='lat' dir='ltr'>regimine</span> <span class='ocrx_word' id='word_1_731' title='bbox 2650 3214 2898 3279; x_wconf 88' lang='lat' dir='ltr'>diaboli,</span> <span class='ocrx_word' id='word_1_732' title='bbox 2923 3214 3027 3285; x_wconf 94' lang='lat' dir='ltr'>qui</span> <span class='ocrx_word' id='word_1_733' title='bbox 3048 3213 3224 3286; x_wconf 91' lang='lat' dir='ltr'>quasi</span> <span class='ocrx_word' id='word_1_734' title='bbox 3256 3213 3368 3266; x_wconf 83' lang='lat' dir='ltr'>sul)</span> <span class='ocrx_word' id='word_1_735' title='bbox 3401 3227 3577 3266; x_wconf 90' lang='lat' dir='ltr'>curru</span> <span class='ocrx_word' id='word_1_736' title='bbox 3601 3212 3860 3267; x_wconf 88' lang='lat' dir='ltr'>Pharao-</span> 
     </span>
    </p>
   </div>
   <div class='ocr_carea' id='block_1_96' title="bbox 2191 3300 3856 3374">
    <p class='ocr_par' dir='ltr' id='par_1_96' title="bbox 2191 3300 3856 3374">
     <span class='ocr_line' id='line_1_96' title="bbox 2191 3300 3856 3374; baseline -0.002 -14"><span class='ocrx_word' id='word_1_737' title='bbox 2191 3306 2282 3360; x_wconf 91' lang='lat' dir='ltr'>nis</span> <span class='ocrx_word' id='word_1_738' title='bbox 2313 3311 2472 3360; x_wconf 93' lang='lat' dir='ltr'>sunt.</span> <span class='ocrx_word' id='word_1_739' title='bbox 2492 3304 2698 3360; x_wconf 88' lang='lat' dir='ltr'>Omnis</span> <span class='ocrx_word' id='word_1_740' title='bbox 2719 3319 2861 3358; x_wconf 87' lang='lat' dir='ltr'>vero</span> <span class='ocrx_word' id='word_1_741' title='bbox 2883 3303 2987 3374; x_wconf 93' lang='lat' dir='ltr'>qui</span> <span class='ocrx_word' id='word_1_742' title='bbox 3019 3303 3079 3357; x_wconf 90' lang='lat' dir='ltr'>in</span> <span class='ocrx_word' id='word_1_743' title='bbox 3101 3300 3452 3367; x_wconf 90' lang='lat' dir='ltr'>humilitate,</span> <span class='ocrx_word' id='word_1_744' title='bbox 3476 3301 3537 3355; x_wconf 92' lang='lat' dir='ltr'>in</span> <span class='ocrx_word' id='word_1_745' title='bbox 3562 3301 3856 3368; x_wconf 85' lang='lat' dir='ltr'>castitate,</span> 
     </span>
    </p>
   </div>
   <div class='ocr_carea' id='block_1_97' title="bbox 2189 3389 3859 3461">
    <p class='ocr_par' dir='ltr' id='par_1_97' title="bbox 2189 3389 3859 3461">
     <span class='ocr_line' id='line_1_97' title="bbox 2189 3389 3859 3461; baseline -0.004 -12"><span class='ocrx_word' id='word_1_746' title='bbox 2189 3395 2250 3450; x_wconf 91' lang='lat' dir='ltr'>in</span> <span class='ocrx_word' id='word_1_747' title='bbox 2273 3394 2566 3461; x_wconf 90' lang='lat' dir='ltr'>doctrina,</span> <span class='ocrx_word' id='word_1_748' title='bbox 2588 3393 2650 3446; x_wconf 92' lang='lat' dir='ltr'>in</span> <span class='ocrx_word' id='word_1_749' title='bbox 2681 3391 2968 3446; x_wconf 88' lang='lat' dir='ltr'>cha‘ritate</span> <span class='ocrx_word' id='word_1_750' title='bbox 2995 3390 3177 3446; x_wconf 89' lang='lat' dir='ltr'>fervet</span> <span class='ocrx_word' id='word_1_751' title='bbox 3217 3390 3346 3461; x_wconf 89' lang='lat' dir='ltr'>jam</span> <span class='ocrx_word' id='word_1_752' title='bbox 3378 3405 3570 3461; x_wconf 91' lang='lat' dir='ltr'>equus</span> <span class='ocrx_word' id='word_1_753' title='bbox 3608 3389 3859 3444; x_wconf 79' lang='lat' dir='ltr'>effectus</span> 
     </span>
    </p>
   </div>
   <div class='ocr_carea' id='block_1_98' title="bbox 2191 3478 3854 3550">
    <p class='ocr_par' dir='ltr' id='par_1_98' title="bbox 2191 3478 3854 3550">
     <span class='ocr_line' id='line_1_98' title="bbox 2191 3478 3854 3550; baseline -0.003 -12"><span class='ocrx_word' id='word_1_754' title='bbox 2191 3489 2278 3538; x_wconf 87' lang='lat' dir='ltr'>est</span> <span class='ocrx_word' id='word_1_755' title='bbox 2308 3481 2602 3537; x_wconf 88' lang='lat' dir='ltr'>Creatoris</span> <span class='ocrx_word' id='word_1_756' title='bbox 2636 3479 2843 3545; x_wconf 87' lang='lat' dir='ltr'>nostri,</span> <span class='ocrx_word' id='word_1_757' title='bbox 2865 3480 2992 3550; x_wconf 90' lang='lat' dir='ltr'>jam</span> <span class='ocrx_word' id='word_1_758' title='bbox 3019 3479 3080 3534; x_wconf 90' lang='lat' dir='ltr'>in</span> <span class='ocrx_word' id='word_1_759' title='bbox 3124 3495 3304 3534; x_wconf 90' lang='lat' dir='ltr'>curru</span> <span class='ocrx_word' id='word_1_760' title='bbox 3333 3478 3431 3534; x_wconf 90' lang='lat' dir='ltr'>Dei</span> <span class='ocrx_word' id='word_1_761' title='bbox 3482 3479 3709 3550; x_wconf 89' lang='lat' dir='ltr'>positus</span> <span class='ocrx_word' id='word_1_762' title='bbox 3743 3484 3854 3544; x_wconf 90' lang='lat' dir='ltr'>est,</span> 
     </span>
    </p>
   </div>
   <div class='ocr_carea' id='block_1_99' title="bbox 2184 3567 3858 3642">
    <p class='ocr_par' dir='ltr' id='par_1_99' title="bbox 2184 3567 3858 3642">
     <span class='ocr_line' id='line_1_99' title="bbox 2184 3567 3858 3642; baseline -0.002 -17"><span class='ocrx_word' id='word_1_763' title='bbox 2184 3571 2315 3642; x_wconf 90' lang='lat' dir='ltr'>jam</span> <span class='ocrx_word' id='word_1_764' title='bbox 2342 3585 2641 3625; x_wconf 90' lang='lat' dir='ltr'>sessorem</span> <span class='ocrx_word' id='word_1_765' title='bbox 2663 3570 2847 3622; x_wconf 89' lang='lat' dir='ltr'>Deum</span> <span class='ocrx_word' id='word_1_766' title='bbox 2865 3568 3065 3623; x_wconf 90' lang='lat' dir='ltr'>habet.</span> <span class='ocrx_word' id='word_1_767' title='bbox 3087 3567 3253 3622; x_wconf 89' lang='lat' dir='ltr'>Unde</span> <span class='ocrx_word' id='word_1_768' title='bbox 3277 3567 3519 3622; x_wconf 91' lang='lat' dir='ltr'>cuidam</span> <span class='ocrx_word' id='word_1_769' title='bbox 3541 3568 3633 3622; x_wconf 91' lang='lat' dir='ltr'>cui</span> <span class='ocrx_word' id='word_1_770' title='bbox 3659 3569 3858 3622; x_wconf 82' lang='lat' dir='ltr'>Domi-</span> 
     </span>
    </p>
   </div>
   <div class='ocr_carea' id='block_1_100' title="bbox 2191 3657 3858 3730">
    <p class='ocr_par' dir='ltr' id='par_1_100' title="bbox 2191 3657 3858 3730">
     <span class='ocr_line' id='line_1_100' title="bbox 2191 3657 3858 3730; baseline -0.001 -17"><span class='ocrx_word' id='word_1_771' title='bbox 2191 3676 2304 3714; x_wconf 89' lang='lat' dir='ltr'>nus</span> <span class='ocrx_word' id='word_1_772' title='bbox 2327 3657 2687 3730; x_wconf 64' lang='lat' dir='ltr'>praesidebat</span> <span class='ocrx_word' id='word_1_773' title='bbox 2707 3657 2953 3711; x_wconf 91' lang='lat' dir='ltr'>dicitur:</span> <span class='ocrx_word' id='word_1_774' title='bbox 2984 3680 3010 3704; x_wconf 84' lang='grc'>‹‹</span> <span class='ocrx_word' id='word_1_775' title='bbox 3042 3657 3268 3711; x_wconf 90' lang='lat' dir='ltr'>Durum</span> <span class='ocrx_word' id='word_1_776' title='bbox 3290 3661 3379 3710; x_wconf 92' lang='lat' dir='ltr'>est</span> <span class='ocrx_word' id='word_1_777' title='bbox 3403 3657 3505 3711; x_wconf 94' lang='lat' dir='ltr'>tibi</span> <span class='ocrx_word' id='word_1_778' title='bbox 3527 3661 3735 3711; x_wconf 86' lang='lat' dir='ltr'>contra</span> <span class='ocrx_word' id='word_1_779' title='bbox 3760 3657 3858 3712; x_wconf 89' lang='lat' dir='ltr'>sti-</span> 
     </span>
    </p>
   </div>
   <div class='ocr_carea' id='block_1_101' title="bbox 2190 3745 3855 3816">
    <p class='ocr_par' dir='ltr' id='par_1_101' title="bbox 2190 3745 3855 3816">
     <span class='ocr_line' id='line_1_101' title="bbox 2190 3745 3855 3816; baseline -0.001 -14"><span class='ocrx_word' id='word_1_780' title='bbox 2190 3747 2424 3802; x_wconf 90' lang='lat' dir='ltr'>mulum</span> <span class='ocrx_word' id='word_1_781' title='bbox 2456 3746 2762 3801; x_wconf 90' lang='lat' dir='ltr'>calcitrare</span> <span class='ocrx_word' id='word_1_782' title='bbox 2792 3747 2942 3816; x_wconf 79' lang='lat' dir='ltr'>(Act.</span> <span class='ocrx_word' id='word_1_783' title='bbox 2972 3748 3074 3811; x_wconf 86' lang='lat' dir='ltr'>1x).</span> <span class='ocrx_word' id='word_1_784' title='bbox 3133 3769 3159 3794; x_wconf 91' lang='grc'>››</span> <span class='ocrx_word' id='word_1_785' title='bbox 3190 3753 3271 3800; x_wconf 84' lang='lat' dir='ltr'>Ae</span> <span class='ocrx_word' id='word_1_786' title='bbox 3301 3745 3350 3800; x_wconf 90' lang='lat' dir='ltr'>si</span> <span class='ocrx_word' id='word_1_787' title='bbox 3392 3745 3644 3800; x_wconf 87' lang='lat' dir='ltr'>diceret:</span> <span class='ocrx_word' id='word_1_788' title='bbox 3694 3749 3855 3801; x_wconf 90' lang='lat' dir='ltr'>Meus</span> 
     </span>
    </p>
   </div>
   <div class='ocr_carea' id='block_1_102' title="bbox 2190 3834 3852 3909">
    <p class='ocr_par' dir='ltr' id='par_1_102' title="bbox 2190 3834 3852 3909">
     <span class='ocr_line' id='line_1_102' title="bbox 2190 3834 3852 3909; baseline 0.001 -19"><span class='ocrx_word' id='word_1_789' title='bbox 2190 3853 2382 3909; x_wconf 88' lang='lat' dir='ltr'>equus</span> <span class='ocrx_word' id='word_1_790' title='bbox 2413 3853 2495 3902; x_wconf 92' lang='lat' dir='ltr'>es,</span> <span class='ocrx_word' id='word_1_791' title='bbox 2523 3836 2652 3905; x_wconf 87' lang='lat' dir='ltr'>jam</span> <span class='ocrx_word' id='word_1_792' title='bbox 2683 3834 2878 3889; x_wconf 90' lang='lat' dir='ltr'>calces</span> <span class='ocrx_word' id='word_1_793' title='bbox 2909 3839 3117 3889; x_wconf 89' lang='lat' dir='ltr'>contra</span> <span class='ocrx_word' id='word_1_794' title='bbox 3143 3852 3240 3890; x_wconf 91' lang='lat' dir='ltr'>me</span> <span class='ocrx_word' id='word_1_795' title='bbox 3254 3839 3484 3906; x_wconf 89' lang='lat' dir='ltr'>jactare</span> <span class='ocrx_word' id='word_1_796' title='bbox 3511 3851 3633 3890; x_wconf 91' lang='lat' dir='ltr'>non</span> <span class='ocrx_word' id='word_1_797' title='bbox 3659 3842 3852 3908; x_wconf 86' lang='lat' dir='ltr'>potes,</span> 
     </span>
    </p>
   </div>
   <div class='ocr_carea' id='block_1_103' title="bbox 2184 3923 3850 3997">
    <p class='ocr_par' dir='ltr' id='par_1_103' title="bbox 2184 3923 3850 3997">
     <span class='ocr_line' id='line_1_103' title="bbox 2184 3923 3850 3997; baseline 0 -17"><span class='ocrx_word' id='word_1_798' title='bbox 2184 3927 2314 3997; x_wconf 92' lang='lat' dir='ltr'>jam</span> <span class='ocrx_word' id='word_1_799' title='bbox 2346 3924 2450 3980; x_wconf 91' lang='lat' dir='ltr'>tibi</span> <span class='ocrx_word' id='word_1_800' title='bbox 2479 3940 2590 3994; x_wconf 90' lang='lat' dir='ltr'>ego</span> <span class='ocrx_word' id='word_1_801' title='bbox 2620 3924 2930 3996; x_wconf 80' lang='lat' dir='ltr'>praesideo.</span> <span class='ocrx_word' id='word_1_802' title='bbox 2966 3925 3043 3978; x_wconf 92' lang='lat' dir='ltr'>De</span> <span class='ocrx_word' id='word_1_803' title='bbox 3070 3923 3192 3979; x_wconf 91' lang='lat' dir='ltr'>istis</span> <span class='ocrx_word' id='word_1_804' title='bbox 3219 3925 3391 3996; x_wconf 92' lang='lat' dir='ltr'>equis</span> <span class='ocrx_word' id='word_1_805' title='bbox 3431 3924 3573 3979; x_wconf 90' lang='lat' dir='ltr'>alibi</span> <span class='ocrx_word' id='word_1_806' title='bbox 3597 3925 3850 3981; x_wconf 87' lang='lat' dir='ltr'>dicitur:</span> 
     </span>
    </p>
   </div>
   <div class='ocr_carea' id='block_1_104' title="bbox 2192 4013 3856 4086">
    <p class='ocr_par' dir='ltr' id='par_1_104' title="bbox 2192 4013 3856 4086">
     <span class='ocr_line' id='line_1_104' title="bbox 2192 4013 3856 4086; baseline 0.004 -23"><span class='ocrx_word' id='word_1_807' title='bbox 2192 4038 2218 4063; x_wconf 85' lang='grc'>‹‹</span> <span class='ocrx_word' id='word_1_808' title='bbox 2254 4014 2451 4070; x_wconf 88' lang='lat' dir='ltr'>Misisti</span> <span class='ocrx_word' id='word_1_809' title='bbox 2487 4013 2546 4067; x_wconf 90' lang='lat' dir='ltr'>in</span> <span class='ocrx_word' id='word_1_810' title='bbox 2577 4029 2740 4068; x_wconf 90' lang='lat' dir='ltr'>mare</span> <span class='ocrx_word' id='word_1_811' title='bbox 2762 4029 2953 4084; x_wconf 92' lang='lat' dir='ltr'>equos</span> <span class='ocrx_word' id='word_1_812' title='bbox 2981 4017 3134 4079; x_wconf 89' lang='lat' dir='ltr'>tuos,</span> <span class='ocrx_word' id='word_1_813' title='bbox 3157 4013 3465 4069; x_wconf 90' lang='lat' dir='ltr'>turbantes</span> <span class='ocrx_word' id='word_1_814' title='bbox 3489 4029 3681 4086; x_wconf 89' lang='lat' dir='ltr'>aquas</span> <span class='ocrx_word' id='word_1_815' title='bbox 3702 4015 3856 4069; x_wconf 90' lang='lat' dir='ltr'>mul-</span> 
     </span>
    </p>
   </div>
   <div class='ocr_carea' id='block_1_105' title="bbox 2191 4101 3854 4174">
    <p class='ocr_par' dir='ltr' id='par_1_105' title="bbox 2191 4101 3854 4174">
     <span class='ocr_line' id='line_1_105' title="bbox 2191 4101 3854 4174; baseline -0.001 -15"><span class='ocrx_word' id='word_1_816' title='bbox 2191 4109 2279 4159; x_wconf 86' lang='lat' dir='ltr'>tas</span> <span class='ocrx_word' id='word_1_817' title='bbox 2314 4103 2566 4168; x_wconf 72' lang='lat' dir='ltr'>(Eabae.</span> <span class='ocrx_word' id='word_1_818' title='bbox 2598 4102 2698 4171; x_wconf 87' lang='grc' dir='ltr'>ιιι).</span> <span class='ocrx_word' id='word_1_819' title='bbox 2733 4123 2760 4150; x_wconf 92' lang='grc'><strong>››</strong></span> <span class='ocrx_word' id='word_1_820' title='bbox 2810 4101 3000 4156; x_wconf 83' lang='lat' dir='ltr'>Habet</span> <span class='ocrx_word' id='word_1_821' title='bbox 3027 4116 3171 4170; x_wconf 90' lang='lat' dir='ltr'>ergo</span> <span class='ocrx_word' id='word_1_822' title='bbox 3217 4117 3460 4156; x_wconf 90' lang='lat' dir='ltr'>currum</span> <span class='ocrx_word' id='word_1_823' title='bbox 3507 4104 3681 4172; x_wconf 89' lang='lat' dir='ltr'>Deus,</span> <span class='ocrx_word' id='word_1_824' title='bbox 3708 4103 3854 4174; x_wconf 89' lang='lat' dir='ltr'>quia</span> 
     </span>
    </p>
   </div>
   <div class='ocr_carea' id='block_1_106' title="bbox 2189 4187 3850 4261">
    <p class='ocr_par' dir='ltr' id='par_1_106' title="bbox 2189 4187 3850 4261">
     <span class='ocr_line' id='line_1_106' title="bbox 2189 4187 3850 4261; baseline -0.001 -16"><span class='ocrx_word' id='word_1_825' title='bbox 2189 4188 2512 4246; x_wconf 89' lang='lat' dir='ltr'>animabus</span> <span class='ocrx_word' id='word_1_826' title='bbox 2544 4188 2764 4243; x_wconf 90' lang='lat' dir='ltr'>sanctis</span> <span class='ocrx_word' id='word_1_827' title='bbox 2793 4187 3092 4260; x_wconf 85' lang='lat' dir='ltr'>praesidet,</span> <span class='ocrx_word' id='word_1_828' title='bbox 3125 4193 3182 4243; x_wconf 88' lang='lat' dir='ltr'>et</span> <span class='ocrx_word' id='word_1_829' title='bbox 3211 4205 3318 4261; x_wconf 92' lang='lat' dir='ltr'>per</span> <span class='ocrx_word' id='word_1_830' title='bbox 3347 4188 3582 4244; x_wconf 90' lang='lat' dir='ltr'>animas</span> <span class='ocrx_word' id='word_1_831' title='bbox 3609 4196 3850 4246; x_wconf 88' lang='lat' dir='ltr'>sanctas</span> 
     </span>
    </p>
   </div>
   <div class='ocr_carea' id='block_1_107' title="bbox 2190 4275 3851 4350">
    <p class='ocr_par' dir='ltr' id='par_1_107' title="bbox 2190 4275 3851 4350">
     <span class='ocr_line' id='line_1_107' title="bbox 2190 4275 3851 4350; baseline 0.001 -17"><span class='ocrx_word' id='word_1_832' title='bbox 2190 4279 2662 4349; x_wconf 88' lang='lat' dir='ltr'>circumquaque</span> <span class='ocrx_word' id='word_1_833' title='bbox 2691 4275 2988 4332; x_wconf 89' lang='lat' dir='ltr'>discurrit.</span> <span class='ocrx_word' id='word_1_834' title='bbox 3006 4276 3170 4332; x_wconf 92' lang='lat' dir='ltr'>Unde</span> <span class='ocrx_word' id='word_1_835' title='bbox 3198 4277 3486 4350; x_wconf 89' lang='lat' dir='ltr'>scriptum</span> <span class='ocrx_word' id='word_1_836' title='bbox 3515 4282 3632 4333; x_wconf 89' lang='lat' dir='ltr'>est:</span> <span class='ocrx_word' id='word_1_837' title='bbox 3660 4301 3688 4326; x_wconf 89' lang='lat'><strong>«</strong></span> <span class='ocrx_word' id='word_1_838' title='bbox 3713 4281 3851 4334; x_wconf 89' lang='lat' dir='ltr'>Cur-</span> 
     </span>
    </p>
   </div>
   <div class='ocr_carea' id='block_1_108' title="bbox 2188 4364 3849 4438">
    <p class='ocr_par' dir='ltr' id='par_1_108' title="bbox 2188 4364 3849 4438">
     <span class='ocr_line' id='line_1_108' title="bbox 2188 4364 3849 4438; baseline 0 -16"><span class='ocrx_word' id='word_1_839' title='bbox 2188 4385 2290 4422; x_wconf 89' lang='lat' dir='ltr'>rus</span> <span class='ocrx_word' id='word_1_840' title='bbox 2321 4367 2418 4422; x_wconf 87' lang='lat' dir='ltr'>Dei</span> <span class='ocrx_word' id='word_1_841' title='bbox 2449 4365 2657 4421; x_wconf 90' lang='lat' dir='ltr'>decem</span> <span class='ocrx_word' id='word_1_842' title='bbox 2688 4364 2852 4420; x_wconf 90' lang='lat' dir='ltr'>milia</span> <span class='ocrx_word' id='word_1_843' title='bbox 2879 4367 3063 4435; x_wconf 78' lang='lat' dir='ltr'>(Psal.</span> <span class='ocrx_word' id='word_1_844' title='bbox 3095 4367 3290 4435; x_wconf 84' lang='lat' dir='ltr'>van),</span> <span class='ocrx_word' id='word_1_845' title='bbox 3326 4389 3354 4415; x_wconf 85' lang='lat'>»</span> <span class='ocrx_word' id='word_1_846' title='bbox 3385 4370 3440 4421; x_wconf 89' lang='lat' dir='ltr'>et</span> <span class='ocrx_word' id='word_1_847' title='bbox 3463 4366 3714 4438; x_wconf 91' lang='lat' dir='ltr'>reliqua.</span> <span class='ocrx_word' id='word_1_848' title='bbox 3743 4370 3849 4423; x_wconf 85' lang='lat' dir='ltr'>Ha-</span> 
     </span>
    </p>
   </div>
   <div class='ocr_carea' id='block_1_109' title="bbox 2190 4455 3847 4527">
    <p class='ocr_par' dir='ltr' id='par_1_109' title="bbox 2190 4455 3847 4527">
     <span class='ocr_line' id='line_1_109' title="bbox 2190 4455 3847 4527; baseline -0.001 -15"><span class='ocrx_word' id='word_1_849' title='bbox 2190 4458 2289 4512; x_wconf 86' lang='lat' dir='ltr'>bet</span> <span class='ocrx_word' id='word_1_850' title='bbox 2320 4463 2516 4511; x_wconf 91' lang='lat' dir='ltr'>tamen</span> <span class='ocrx_word' id='word_1_851' title='bbox 2539 4471 2748 4509; x_wconf 90' lang='lat' dir='ltr'>currus</span> <span class='ocrx_word' id='word_1_852' title='bbox 2771 4455 3130 4527; x_wconf 88' lang='lat' dir='ltr'>Pharao,qui</span> <span class='ocrx_word' id='word_1_853' title='bbox 3163 4460 3360 4510; x_wconf 86' lang='lat' dir='ltr'>tamen</span> <span class='ocrx_word' id='word_1_854' title='bbox 3384 4471 3594 4510; x_wconf 91' lang='lat' dir='ltr'>currus</span> <span class='ocrx_word' id='word_1_855' title='bbox 3613 4456 3675 4510; x_wconf 92' lang='lat' dir='ltr'>in</span> <span class='ocrx_word' id='word_1_856' title='bbox 3699 4457 3847 4512; x_wconf 85' lang='lat' dir='ltr'>mari</span> 
     </span>
    </p>
   </div>
   <div class='ocr_carea' id='block_1_110' title="bbox 2191 4542 3847 4616">
    <p class='ocr_par' dir='ltr' id='par_1_110' title="bbox 2191 4542 3847 4616">
     <span class='ocr_line' id='line_1_110' title="bbox 2191 4542 3847 4616; baseline 0 -17"><span class='ocrx_word' id='word_1_857' title='bbox 2191 4543 2389 4599; x_wconf 80' lang='lat' dir='ltr'>Rubro</span> <span class='ocrx_word' id='word_1_858' title='bbox 2423 4543 2718 4598; x_wconf 88' lang='lat' dir='ltr'>submersi</span> <span class='ocrx_word' id='word_1_859' title='bbox 2749 4547 2907 4597; x_wconf 91' lang='lat' dir='ltr'>sunt.</span> <span class='ocrx_word' id='word_1_860' title='bbox 2943 4542 3089 4598; x_wconf 89' lang='lat' dir='ltr'>Dicit</span> <span class='ocrx_word' id='word_1_861' title='bbox 3117 4557 3260 4611; x_wconf 88' lang='lat' dir='ltr'>ergo</span> <span class='ocrx_word' id='word_1_862' title='bbox 3292 4559 3581 4614; x_wconf 87' lang='lat' dir='ltr'>sponsus:</span> <span class='ocrx_word' id='word_1_863' title='bbox 3617 4565 3642 4591; x_wconf 87' lang='grc'>‹‹</span> <span class='ocrx_word' id='word_1_864' title='bbox 3670 4546 3847 4616; x_wconf 89' lang='lat' dir='ltr'>Equi-</span> 
     </span>
    </p>
   </div>
   <div class='ocr_carea' id='block_1_111' title="bbox 2192 4631 3846 4689">
    <p class='ocr_par' dir='ltr' id='par_1_111' title="bbox 2192 4631 3846 4689">
     <span class='ocr_line' id='line_1_111' title="bbox 2192 4631 3846 4689; baseline -0.003 -2"><span class='ocrx_word' id='word_1_865' title='bbox 2192 4633 2339 4688; x_wconf 88' lang='lat' dir='ltr'>tatui</span> <span class='ocrx_word' id='word_1_866' title='bbox 2377 4648 2514 4687; x_wconf 92' lang='lat' dir='ltr'>meo</span> <span class='ocrx_word' id='word_1_867' title='bbox 2544 4632 2604 4686; x_wconf 90' lang='lat' dir='ltr'>in</span> <span class='ocrx_word' id='word_1_868' title='bbox 2649 4631 2923 4686; x_wconf 88' lang='lat' dir='ltr'>curribus</span> <span class='ocrx_word' id='word_1_869' title='bbox 2970 4631 3299 4686; x_wconf 86' lang='lat' dir='ltr'>Pharaonis</span> <span class='ocrx_word' id='word_1_870' title='bbox 3331 4631 3659 4687; x_wconf 90' lang='lat' dir='ltr'>assimilavi</span> <span class='ocrx_word' id='word_1_871' title='bbox 3707 4638 3782 4689; x_wconf 90' lang='lat' dir='ltr'>te.</span> <span class='ocrx_word' id='word_1_872' title='bbox 3819 4658 3846 4683; x_wconf 81' lang='grc'><strong>››</strong></span> 
     </span>
    </p>
   </div>
   <div class='ocr_carea' id='block_1_112' title="bbox 2189 4719 3845 4791">
    <p class='ocr_par' dir='ltr' id='par_1_112' title="bbox 2189 4719 3845 4791">
     <span class='ocr_line' id='line_1_112' title="bbox 2189 4719 3845 4791; baseline 0.002 -17"><span class='ocrx_word' id='word_1_873' title='bbox 2189 4722 2340 4774; x_wconf 91' lang='lat' dir='ltr'>Dum</span> <span class='ocrx_word' id='word_1_874' title='bbox 2364 4720 2562 4775; x_wconf 90' lang='lat' dir='ltr'>adhuc</span> <span class='ocrx_word' id='word_1_875' title='bbox 2579 4719 2862 4791; x_wconf 89' lang='lat' dir='ltr'>operibus</span> <span class='ocrx_word' id='word_1_876' title='bbox 2882 4720 3271 4774; x_wconf 66' lang='lat' dir='ltr'>diemoniacis</span> <span class='ocrx_word' id='word_1_877' title='bbox 3289 4719 3640 4787; x_wconf 88' lang='lat' dir='ltr'>deservires,</span> <span class='ocrx_word' id='word_1_878' title='bbox 3658 4737 3770 4790; x_wconf 88' lang='lat' dir='ltr'>ego</span> <span class='ocrx_word' id='word_1_879' title='bbox 3795 4728 3845 4777; x_wconf 90' lang='lat' dir='ltr'>te</span> 
     </span>
    </p>
   </div>
   <div class='ocr_carea' id='block_1_113' title="bbox 2188 4807 3848 4882">
    <p class='ocr_par' dir='ltr' id='par_1_113' title="bbox 2188 4807 3848 4882">
     <span class='ocr_line' id='line_1_113' title="bbox 2188 4807 3848 4882; baseline 0.002 -20"><span class='ocrx_word' id='word_1_880' title='bbox 2188 4807 2476 4880; x_wconf 90' lang='lat' dir='ltr'>equitatui</span> <span class='ocrx_word' id='word_1_881' title='bbox 2526 4824 2660 4862; x_wconf 90' lang='lat' dir='ltr'>meo</span> <span class='ocrx_word' id='word_1_882' title='bbox 2711 4807 3079 4862; x_wconf 90' lang='lat' dir='ltr'>assimilavi:</span> <span class='ocrx_word' id='word_1_883' title='bbox 3122 4808 3265 4879; x_wconf 92' lang='lat' dir='ltr'>quia</span> <span class='ocrx_word' id='word_1_884' title='bbox 3291 4809 3514 4863; x_wconf 91' lang='lat' dir='ltr'>attendi</span> <span class='ocrx_word' id='word_1_885' title='bbox 3543 4809 3712 4880; x_wconf 91' lang='lat' dir='ltr'>quod</span> <span class='ocrx_word' id='word_1_886' title='bbox 3741 4827 3848 4882; x_wconf 89' lang='lat' dir='ltr'>per</span> 
     </span>
    </p>
   </div>
   <div class='ocr_carea' id='block_1_114' title="bbox 2187 4895 3846 4968">
    <p class='ocr_par' dir='ltr' id='par_1_114' title="bbox 2187 4895 3846 4968">
     <span class='ocr_line' id='line_1_114' title="bbox 2187 4895 3846 4968; baseline 0.003 -18"><span class='ocrx_word' id='word_1_887' title='bbox 2187 4895 2772 4968; x_wconf 63' lang='lat' dir='ltr'>praedestinationem</span> <span class='ocrx_word' id='word_1_888' title='bbox 2816 4896 2877 4949; x_wconf 91' lang='lat' dir='ltr'>in</span> <span class='ocrx_word' id='word_1_889' title='bbox 2909 4900 2961 4950; x_wconf 88' lang='lat' dir='ltr'>te</span> <span class='ocrx_word' id='word_1_890' title='bbox 3006 4895 3266 4962; x_wconf 85' lang='lat' dir='ltr'>fecerim,</span> <span class='ocrx_word' id='word_1_891' title='bbox 3299 4902 3356 4952; x_wconf 87' lang='lat' dir='ltr'>et</span> <span class='ocrx_word' id='word_1_892' title='bbox 3398 4897 3570 4968; x_wconf 89' lang='lat' dir='ltr'>equis</span> <span class='ocrx_word' id='word_1_893' title='bbox 3617 4899 3762 4953; x_wconf 90' lang='lat' dir='ltr'>meis</span> <span class='ocrx_word' id='word_1_894' title='bbox 3795 4907 3846 4955; x_wconf 92' lang='lat' dir='ltr'>te</span> 
     </span>
    </p>
   </div>
   <div class='ocr_carea' id='block_1_115' title="bbox 2189 4982 3845 5056">
    <p class='ocr_par' dir='ltr' id='par_1_115' title="bbox 2189 4982 3845 5056">
     <span class='ocr_line' id='line_1_115' title="bbox 2189 4982 3845 5056; baseline 0.002 -18"><span class='ocrx_word' id='word_1_895' title='bbox 2189 4984 2555 5055; x_wconf 88' lang='lat' dir='ltr'>comparavi.</span> <span class='ocrx_word' id='word_1_896' title='bbox 2579 4983 2686 5038; x_wconf 92' lang='lat' dir='ltr'>Ubi</span> <span class='ocrx_word' id='word_1_897' title='bbox 2710 4982 3150 5038; x_wconf 89' lang='lat' dir='ltr'>consideranda</span> <span class='ocrx_word' id='word_1_898' title='bbox 3171 4988 3310 5038; x_wconf 88' lang='lat' dir='ltr'>sunt</span> <span class='ocrx_word' id='word_1_899' title='bbox 3329 4985 3430 5038; x_wconf 90' lang='lat' dir='ltr'>Dei</span> <span class='ocrx_word' id='word_1_900' title='bbox 3447 4985 3680 5040; x_wconf 89' lang='lat' dir='ltr'>occulta</span> <span class='ocrx_word' id='word_1_901' title='bbox 3692 4987 3845 5056; x_wconf 92' lang='lat' dir='ltr'>judi-</span> 
     </span>
    </p>
   </div>
   <div class='ocr_carea' id='block_1_116' title="bbox 2188 5070 3846 5146">
    <p class='ocr_par' dir='ltr' id='par_1_116' title="bbox 2188 5070 3846 5146">
     <span class='ocr_line' id='line_1_116' title="bbox 2188 5070 3846 5146; baseline 0.001 -19"><span class='ocrx_word' id='word_1_902' title='bbox 2188 5073 2298 5136; x_wconf 90' lang='lat' dir='ltr'>cia,</span> <span class='ocrx_word' id='word_1_903' title='bbox 2330 5087 2518 5143; x_wconf 92' lang='lat' dir='ltr'>quam</span> <span class='ocrx_word' id='word_1_904' title='bbox 2542 5071 2711 5126; x_wconf 89' lang='lat' dir='ltr'>multi</span> <span class='ocrx_word' id='word_1_905' title='bbox 2738 5070 3017 5125; x_wconf 88' lang='lat' dir='ltr'>videntur</span> <span class='ocrx_word' id='word_1_906' title='bbox 3055 5087 3162 5142; x_wconf 88' lang='lat' dir='ltr'>per</span> <span class='ocrx_word' id='word_1_907' title='bbox 3193 5072 3711 5143; x_wconf 72' lang='lat' dir='ltr'>praedicationem,</span> <span class='ocrx_word' id='word_1_908' title='bbox 3745 5092 3846 5146; x_wconf 90' lang='lat' dir='ltr'>per</span> 
     </span>
    </p>
   </div>
   <div class='ocr_carea' id='block_1_117' title="bbox 2188 5159 3847 5236">
    <p class='ocr_par' dir='ltr' id='par_1_117' title="bbox 2188 5159 3847 5236">
     <span class='ocr_line' id='line_1_117' title="bbox 2188 5159 3847 5236; baseline 0.002 -21"><span class='ocrx_word' id='word_1_909' title='bbox 2188 5161 2567 5232; x_wconf 84' lang='lat' dir='ltr'>sapientiam,</span> <span class='ocrx_word' id='word_1_910' title='bbox 2619 5175 2725 5231; x_wconf 89' lang='lat' dir='ltr'>per</span> <span class='ocrx_word' id='word_1_911' title='bbox 2773 5159 3128 5225; x_wconf 89' lang='lat' dir='ltr'>castitatem,</span> <span class='ocrx_word' id='word_1_912' title='bbox 3175 5175 3283 5232; x_wconf 90' lang='lat' dir='ltr'>per</span> <span class='ocrx_word' id='word_1_913' title='bbox 3322 5160 3684 5230; x_wconf 84' lang='lat' dir='ltr'>largitatem,</span> <span class='ocrx_word' id='word_1_914' title='bbox 3743 5182 3847 5236; x_wconf 85' lang='lat' dir='ltr'>per</span> 
     </span>
    </p>
   </div>
   <div class='ocr_carea' id='block_1_118' title="bbox 2185 5248 3848 5319">
    <p class='ocr_par' dir='ltr' id='par_1_118' title="bbox 2185 5248 3848 5319">
     <span class='ocr_line' id='line_1_118' title="bbox 2185 5248 3848 5319; baseline 0.002 -14"><span class='ocrx_word' id='word_1_915' title='bbox 2185 5249 2726 5319; x_wconf 88' lang='lat' dir='ltr'>longanimitatem,</span> <span class='ocrx_word' id='word_1_916' title='bbox 2770 5248 2909 5319; x_wconf 91' lang='lat' dir='ltr'>equi</span> <span class='ocrx_word' id='word_1_917' title='bbox 2955 5249 3054 5303; x_wconf 90' lang='lat' dir='ltr'>Dei</span> <span class='ocrx_word' id='word_1_918' title='bbox 3089 5265 3240 5316; x_wconf 89' lang='lat' dir='ltr'>esse,</span> <span class='ocrx_word' id='word_1_919' title='bbox 3277 5255 3332 5305; x_wconf 92' lang='lat' dir='ltr'>et</span> <span class='ocrx_word' id='word_1_920' title='bbox 3379 5255 3583 5306; x_wconf 90' lang='lat' dir='ltr'>tamen</span> <span class='ocrx_word' id='word_1_921' title='bbox 3616 5253 3848 5308; x_wconf 87' lang='lat' dir='ltr'>occulto</span> 
     </span>
    </p>
   </div>
   <div class='ocr_carea' id='block_1_119' title="bbox 2189 5336 3847 5409">
    <p class='ocr_par' dir='ltr' id='par_1_119' title="bbox 2189 5336 3847 5409">
     <span class='ocr_line' id='line_1_119' title="bbox 2189 5336 3847 5409; baseline 0.002 -16"><span class='ocrx_word' id='word_1_922' title='bbox 2189 5338 2288 5394; x_wconf 88' lang='lat' dir='ltr'>Dei</span> <span class='ocrx_word' id='word_1_923' title='bbox 2315 5338 2545 5408; x_wconf 90' lang='lat' dir='ltr'>judicio</span> <span class='ocrx_word' id='word_1_924' title='bbox 2573 5337 2743 5409; x_wconf 91' lang='lat' dir='ltr'>equis</span> <span class='ocrx_word' id='word_1_925' title='bbox 2771 5336 3097 5391; x_wconf 88' lang='lat' dir='ltr'>Pharaonis</span> <span class='ocrx_word' id='word_1_926' title='bbox 3124 5338 3552 5394; x_wconf 88' lang='lat' dir='ltr'>assimilantur.</span> <span class='ocrx_word' id='word_1_927' title='bbox 3586 5343 3651 5395; x_wconf 89' lang='lat' dir='ltr'>Et</span> <span class='ocrx_word' id='word_1_928' title='bbox 3678 5343 3847 5397; x_wconf 87' lang='lat' dir='ltr'>multi</span> 
     </span>
    </p>
   </div>
   <div class='ocr_carea' id='block_1_120' title="bbox 2186 5425 3848 5501">
    <p class='ocr_par' dir='ltr' id='par_1_120' title="bbox 2186 5425 3848 5501">
     <span class='ocr_line' id='line_1_120' title="bbox 2186 5425 3848 5501; baseline 0.003 -20"><span class='ocrx_word' id='word_1_929' title='bbox 2186 5427 2462 5482; x_wconf 89' lang='lat' dir='ltr'>videntur</span> <span class='ocrx_word' id='word_1_930' title='bbox 2481 5442 2589 5498; x_wconf 89' lang='lat' dir='ltr'>per</span> <span class='ocrx_word' id='word_1_931' title='bbox 2619 5425 2954 5493; x_wconf 89' lang='lat' dir='ltr'>avaritiam,</span> <span class='ocrx_word' id='word_1_932' title='bbox 3006 5441 3113 5496; x_wconf 89' lang='lat' dir='ltr'>per</span> <span class='ocrx_word' id='word_1_933' title='bbox 3152 5428 3522 5497; x_wconf 89' lang='lat' dir='ltr'>superbiam,</span> <span class='ocrx_word' id='word_1_934' title='bbox 3567 5446 3676 5501; x_wconf 89' lang='lat' dir='ltr'>per</span> <span class='ocrx_word' id='word_1_935' title='bbox 3705 5431 3848 5486; x_wconf 83' lang='lat' dir='ltr'>invi-</span> 
     </span>
    </p>
   </div>
   <div class='ocr_carea' id='block_1_121' title="bbox 2184 5515 3846 5586">
    <p class='ocr_par' dir='ltr' id='par_1_121' title="bbox 2184 5515 3846 5586">
     <span class='ocr_line' id='line_1_121' title="bbox 2184 5515 3846 5586; baseline 0.003 -17"><span class='ocrx_word' id='word_1_936' title='bbox 2184 5515 2370 5584; x_wconf 91' lang='lat' dir='ltr'>diam,</span> <span class='ocrx_word' id='word_1_937' title='bbox 2399 5531 2506 5586; x_wconf 89' lang='lat' dir='ltr'>per</span> <span class='ocrx_word' id='word_1_938' title='bbox 2530 5515 2830 5570; x_wconf 82' lang='lat' dir='ltr'>luxuriam</span> <span class='ocrx_word' id='word_1_939' title='bbox 2862 5515 2998 5584; x_wconf 91' lang='lat' dir='ltr'>equi</span> <span class='ocrx_word' id='word_1_940' title='bbox 3029 5515 3354 5571; x_wconf 87' lang='lat' dir='ltr'>Pharaonis</span> <span class='ocrx_word' id='word_1_941' title='bbox 3385 5533 3538 5585; x_wconf 91' lang='lat' dir='ltr'>esse,</span> <span class='ocrx_word' id='word_1_942' title='bbox 3568 5524 3623 5573; x_wconf 90' lang='lat' dir='ltr'>et</span> <span class='ocrx_word' id='word_1_943' title='bbox 3648 5524 3846 5575; x_wconf 86' lang='lat' dir='ltr'>tamen</span> 
     </span>
    </p>
   </div>
   <div class='ocr_carea' id='block_1_122' title="bbox 2183 5603 3849 5678">
    <p class='ocr_par' dir='ltr' id='par_1_122' title="bbox 2183 5603 3849 5678">
     <span class='ocr_line' id='line_1_122' title="bbox 2183 5603 3849 5678; baseline 0.005 -21"><span class='ocrx_word' id='word_1_944' title='bbox 2183 5603 2416 5659; x_wconf 88' lang='lat' dir='ltr'>occulto</span> <span class='ocrx_word' id='word_1_945' title='bbox 2445 5605 2544 5658; x_wconf 90' lang='lat' dir='ltr'>Dei</span> <span class='ocrx_word' id='word_1_946' title='bbox 2565 5603 2792 5674; x_wconf 89' lang='lat' dir='ltr'>judicio</span> <span class='ocrx_word' id='word_1_947' title='bbox 2823 5603 2994 5676; x_wconf 87' lang='lat' dir='ltr'>equis</span> <span class='ocrx_word' id='word_1_948' title='bbox 3019 5603 3122 5658; x_wconf 91' lang='lat' dir='ltr'>Dei</span> <span class='ocrx_word' id='word_1_949' title='bbox 3162 5605 3594 5671; x_wconf 87' lang='lat' dir='ltr'>assimilantur,</span> <span class='ocrx_word' id='word_1_950' title='bbox 3623 5608 3769 5678; x_wconf 91' lang='lat' dir='ltr'>quia</span> <span class='ocrx_word' id='word_1_951' title='bbox 3795 5615 3849 5665; x_wconf 90' lang='lat' dir='ltr'>et</span> 
     </span>
    </p>
   </div>
   <div class='ocr_carea' id='block_1_123' title="bbox 2176 5691 3849 5761">
    <p class='ocr_par' dir='ltr' id='par_1_123' title="bbox 2176 5691 3849 5761">
     <span class='ocr_line' id='line_1_123' title="bbox 2176 5691 3849 5761; baseline 0.004 -14"><span class='ocrx_word' id='word_1_952' title='bbox 2176 5691 2314 5748; x_wconf 87' lang='lat' dir='ltr'>illos</span> <span class='ocrx_word' id='word_1_953' title='bbox 2342 5693 2503 5748; x_wconf 91' lang='lat' dir='ltr'>videt</span> <span class='ocrx_word' id='word_1_954' title='bbox 2521 5693 2596 5748; x_wconf 91' lang='lat' dir='ltr'>de</span> <span class='ocrx_word' id='word_1_955' title='bbox 2621 5691 2785 5748; x_wconf 91' lang='lat' dir='ltr'>bono</span> <span class='ocrx_word' id='word_1_956' title='bbox 2815 5691 2895 5749; x_wconf 89' lang='lat' dir='ltr'>ad</span> <span class='ocrx_word' id='word_1_957' title='bbox 2925 5692 3090 5749; x_wconf 88' lang='lat' dir='ltr'>mala</span> <span class='ocrx_word' id='word_1_958' title='bbox 3113 5694 3399 5761; x_wconf 88' lang='lat' dir='ltr'>converti,</span> <span class='ocrx_word' id='word_1_959' title='bbox 3427 5699 3483 5752; x_wconf 91' lang='lat' dir='ltr'>et</span> <span class='ocrx_word' id='word_1_960' title='bbox 3511 5696 3658 5752; x_wconf 88' lang='lat' dir='ltr'>istos</span> <span class='ocrx_word' id='word_1_961' title='bbox 3689 5699 3849 5754; x_wconf 89' lang='lat' dir='ltr'>videt</span> 
     </span>
    </p>
   </div>
  </div>
