3968 6398
105 299 209 350 577

1337 283 1592 342 ENABB.
1620 281 1687 336 IN
1719 276 2025 334 CANTICA
2053 277 2325 336 CANTIC.

3445 283 3548 338 578

106 417 182 473 de
215 413 384 472 malo
413 411 492 469 ad
521 411 753 466 bonum
787 411 1012 467 reduci.
1047 411 1382 468 Sicutenim
1410 425 1517 483 per
1546 403 1776 480 prade-
1816 404 1856 456 Α
1895 403 2179 459 castitatis
2203 405 2445 474 rubore,
2476 407 2534 460 et
2564 403 2939 460 verecundia
2969 403 3231 460 candore
3257 403 3550 460 decoran-

109 504 498 562 stinationem
529 499 700 555 multi
729 500 832 572 qui
864 500 1001 573 equi
1023 500 1296 555 videntur
1331 498 1450 565 Dei,
1477 495 1614 568 equi
1641 496 1782 547 sunt

109 593 449 650 Pharaonis
475 605 581 661 per
605 589 930 661 reprobam
961 589 1142 644 vitam
1173 605 1309 660 qua
1342 587 1609 659 sequitur
1640 597 1776 637 eos:

107 685 189 741 ita
216 688 276 738 et
325 697 433 754 per
460 679 743 753 pietatem
783 678 955 734 multi
993 679 1096 751 qui
1121 678 1262 750 equi
1293 674 1619 732 Pharaonis
1649 686 1778 726 esse

108 773 412 839 videntur,
434 785 542 842 per
566 773 836 824 sanctam
853 769 1034 824 vitam
1056 784 1241 840 quam
1275 767 1333 822 in
1367 766 1484 820 ﬁne
1519 779 1630 818 suo
1655 777 1777 815 ser-

109 856 306 914 vaturi
331 859 487 918 sunt,
521 853 692 926 equis
722 854 816 909 Dei
849 853 1277 908 assimilantur.
1320 852 1485 907 Unde
1539 845 1773 903 blandi-

111 953 204 1003 tur
229 951 289 1002 et
319 945 494 1000 dicit:
521 966 549 994 «
585 942 885 1015 Equitatui
917 959 1054 998 meo
1084 942 1143 997 in
1194 941 1471 998 curribus
1519 939 1779 993 Pharao-

110 1037 200 1092 nis
233 1033 571 1091 assimilavi
599 1037 673 1101 te,
707 1033 904 1088 amica
933 1049 1089 1098 mea,
1127 1053 1154 1080 ››
1178 1031 1236 1087 id
1265 1039 1351 1086 est
1385 1036 1441 1085 tu
1475 1028 1675 1084 adhuc
1716 1026 1774 1081 in

112 1123 388 1180 curribus
444 1120 772 1177 Pharaonis
825 1119 972 1175 vitiis
1020 1119 1427 1187 deserviclias,
1474 1116 1590 1171 sub
1621 1113 1775 1170 vitiis

113 1212 424 1273 currebas,
451 1209 557 1266 sed
587 1225 700 1279 ego
730 1207 955 1265 attendi
995 1209 1144 1281 quid
1173 1225 1280 1280 per
1308 1203 1779 1280 pradestinatio-

114 1317 253 1356 nem
284 1299 361 1356 de
397 1305 449 1356 te
473 1299 602 1355 feci.
640 1298 935 1371 Equitatui
966 1314 1104 1353 meo
1131 1296 1464 1353 assimilavi
1498 1293 1643 1358 te,id
1667 1297 1772 1358 est,

113 1389 312 1445 electis
342 1389 493 1444 meis
520 1387 775 1444 similem
808 1392 862 1442 te
909 1387 1154 1442 attendi.
1192 1389 1336 1442 Ecce
1388 1385 1630 1440 tandem
1673 1381 1775 1436 ad-

115 1478 291 1535 vertis
324 1477 649 1549 magniﬁce
689 1477 910 1543 Caesar,
943 1493 1126 1549 quam
1159 1475 1220 1531 in
1265 1475 1513 1543 isagoge
1547 1471 1775 1546 prafati

115 1585 324 1624 sumus
348 1568 517 1640 quod
549 1566 630 1622 nil
658 1566 1036 1622 historialiter
1063 1567 1123 1621 in
1145 1567 1260 1621 hoc
1285 1563 1590 1620 volumine
1613 1577 1776 1633 repe-

114 1659 276 1726 ritur,
311 1658 418 1712 sed
451 1657 658 1712 omnia
684 1655 1107 1725 allegoriarum
1161 1654 1554 1710 allusionibus
1609 1650 1773 1707 redo-

112 1747 250 1817 lent,
286 1751 342 1802 et
401 1746 746 1801 dramatum
795 1743 1274 1806 decursionibus,
1333 1741 1774 1813 moraliumque
1808 1761 1847 1814 Β

115 1836 512 1892 suavitatibus
544 1836 819 1905 ﬂagrant.
855 1835 1140 1900 Quocirca
1173 1833 1447 1902 suadere,
1480 1833 1601 1888 imo
1633 1847 1772 1901 sug-

115 1942 336 1996 gerere,
397 1913 1042 1998 quanquam’temere,
1102 1923 1462 1980 excellentia
1495 1920 1774 1976 culminis

113 2017 286 2071 vestri
317 2019 561 2087 ex0pto,
605 2019 670 2070 ut
713 2014 859 2088 quia
905 2030 1195 2084 magnam
1251 2012 1502 2068 solertia
1535 2011 1772 2084 sapien-

113 2105 249 2160 tiam
280 2110 516 2169 nactus,
551 2108 608 2159 et
638 2103 1054 2159 defensionem
1087 2102 1520 2173 tuitionemque
1551 2105 1772 2156 sancta

116 2193 380 2249 Ecclesiae
414 2193 715 2265 indeptus,
749 2197 816 2248 ut
853 2207 976 2248 non
1009 2191 1206 2248 solum
1228 2207 1536 2248 armorum
1566 2190 1774 2246 suifra-

116 2284 208 2352 gio
230 2282 291 2337 in
322 2281 640 2355 procinctu
664 2281 960 2337 bellorum
995 2281 1368 2342 constitutus,
1395 2279 1600 2335 cuneis
1643 2295 1775 2353 pro-

118 2390 313 2428 cerum
344 2372 628 2439 vallatus,
653 2377 710 2427 et
757 2372 968 2427 turmis
1000 2370 1252 2426 militum
1279 2369 1670 2442 constipatus,
1696 2369 1774 2424 ab

117 2461 560 2518 incursionibus
590 2466 929 2517 exterarum
964 2461 1236 2530 gentium
1293 2459 1774 2514 adversariorum

118 2555 414 2623 protegas,
449 2566 658 2605 verum
692 2566 875 2605 sacra
934 2549 1220 2605 doctrina
1275 2554 1332 2604 et
1375 2547 1775 2617 intelligentia

119 2640 454 2696 divinarum
509 2639 954 2712 Scripturarum
984 2639 1239 2694 devotus
1271 2643 1327 2694 et
1373 2638 1617 2694 sedulus
1647 2654 1776 2710 per-

120 2730 308 2796 sistas,
342 2735 405 2785 ut
427 2729 710 2785 eamdem
752 2734 1025 2785 sanctam
1055 2728 1378 2783 Ecclesiam
1406 2728 1465 2783 in
1492 2727 1776 2799 subjectis

121 2819 193 2874 ab
234 2821 607 2876 internarum
661 2817 936 2874 videlicet
993 2817 1396 2888 malignorum
1459 2817 1773 2890 spirituum

123 2910 412 2965 ancilibus
449 2907 910 2977 Evangeliorum
940 2908 1230 2974 munitus,
1283 2907 1498 2977 gladiis
1547 2905 1778 2962 divina-

125 3015 251 3054 rum
279 2999 725 3072 Scripturarum
740 2996 1318 3068 accinctus,spiculis
1346 2997 1775 3052 sententiarum

123 3094 383 3157 ornatus,
433 3087 760 3143 defendere
791 3087 1032 3159 possis:
1062 3088 1165 3159 qui
1200 3103 1438 3160 semper
1481 3102 1603 3166 non
1644 3101 1774 3140 cor-
1807 3117 1847 3168 Ο

121 3192 281 3248 pora,
303 3177 406 3232 sed
449 3177 689 3232 animas
727 3175 998 3231 ﬁdelium
1051 3177 1432 3244 exstinguere
1475 3178 1773 3247 quarunt.

124 3266 277 3322 Unde
309 3270 517 3322 Petrus
538 3266 830 3331 hortatur,
863 3265 1071 3320 dicens
1107 3283 1173 3321 :«
1206 3265 1471 3335 Vigilate,
1504 3264 1648 3338 quia
1676 3263 1778 3319 ad-

123 3356 412 3411 versarius
441 3360 637 3411 vester
658 3354 937 3410 diabolus
972 3361 1264 3428 tanquam
1286 3355 1379 3410 leo
1404 3354 1644 3424 rugiens
1666 3353 1777 3409 cir-

125 3444 258 3514 cuit,
289 3461 574 3518 quarens
603 3461 784 3517 quem
812 3445 1073 3511 devoret,
1107 3444 1203 3499 cui
1227 3444 1476 3499 resistite
1508 3444 1686 3499 fortes
1717 3442 1780 3498 in

120 3534 230 3588 ﬁde
258 3537 312 3605 (I
336 3537 509 3592 Petr.
528 3537 644 3605 v).»
678 3537 741 3590 Et
763 3539 827 3590 ut
855 3535 1042 3590 hostis
1071 3534 1322 3590 insidias
1351 3534 1582 3606 antiqui
1610 3549 1780 3589 cave-

121 3638 196 3689 re,
229 3629 283 3679 et
311 3624 442 3680 aliis
471 3624 799 3696 pradicare
826 3629 1029 3680 vestra
1057 3623 1340 3680 nobilitas
1363 3623 1536 3680 docte
1559 3623 1778 3694 valeat,

122 3711 290 3783 hujus
319 3713 670 3776 voluminis,
719 3713 1097 3786 aliorumque
1144 3713 1437 3769 librorum
1465 3713 1780 3785 expositio-

123 3801 288 3857 nibus
311 3804 554 3860 studere
578 3803 860 3871 congruis
905 3809 1039 3876 post
1068 3804 1522 3876 dispositionem
1546 3803 1779 3877 imperii

121 3889 272 3947 horis
293 3899 640 3963 satagas,ut
663 3893 872 3948 merito
904 3893 1098 3949 dicere
1128 3893 1576 3964 gratulabunda
1637 3911 1779 3966 que-

124 3984 373 4054 at,quod
412 3984 546 4039 istic
577 3983 829 4052 legitur:
861 3983 1192 4040 Introduxit
1216 4001 1312 4040 me
1342 4001 1445 4039 rex
1474 3984 1533 4039 in
1567 3984 1778 4040 cellam

124 4070 422 4138 vinariam,
465 4072 771 4128 ordinavit
797 4073 858 4128 in
892 4089 987 4127 me
1021 4073 1394 4129 charitatem.
1429 4093 1456 4125 ›
1499 4076 1562 4128 Et
1590 4072 1776 4129 illud:

127 4179 152 4205 «
186 4160 379 4217 Indica
410 4161 586 4228 mihi,
611 4160 716 4216 ubi
763 4177 1002 4234 pascas,
1043 4161 1145 4217 ubi
1185 4163 1368 4218 cubes
1401 4162 1460 4217 in
1509 4161 1778 4231 meridie,

128 4263 196 4303 ne
225 4251 422 4321 vagari
444 4251 733 4323 incipiam
763 4256 900 4323 post
924 4268 1133 4323 greges
1162 4251 1460 4307 soladium
1482 4257 1778 4317 tuorum,»

131 4341 187 4391 ut
215 4337 336 4410 ipse
369 4356 657 4413 sponsus,
690 4341 979 4396 Dominus
1032 4340 1253 4396 scilicet
1281 4340 1385 4412 qui
1415 4339 1619 4396 subter
1647 4340 1780 4395 hin-

1891 495 2003 553 tur,
2037 498 2095 549 et
2116 493 2178 550 in
2207 493 2354 550 facie
2385 498 2522 549 sunt
2541 493 2807 566 corporis
2833 511 2846 548 :
2871 493 3014 549 nihil
3031 494 3250 548 mirum
3270 493 3320 548 si
3340 509 3552 550 eorum

1889 597 2163 654 persona
2193 583 2297 656 qui
2327 582 2541 639 faciem
2577 582 2849 638 Ecclesia
2881 587 3174 639 exornant
3197 597 3552 655 comparen-

1889 675 2004 728 tur.
2041 671 2204 728 Unde
2229 673 2288 728 in
2308 673 2476 744 genis
2506 672 2780 729 Ecclesia
2801 677 2943 728 sunt
2965 675 3161 728 Patres
3182 671 3555 746 antiqui,qui

1890 760 1950 816 in
1975 761 2110 834 ipsa
2138 763 2385 818 honoris
2419 763 2568 818 facie
2595 763 2772 836 primi
2803 763 3136 818 consistunt
3185 767 3363 835 atque
3395 779 3552 818 mar-

1891 851 2025 922 tyrii
2051 852 2266 908 decore
2289 851 2526 908 rubent.
2553 852 2785 909 Turturi
2812 868 2952 908 vero
3005 851 3263 908 Ecclesia
3309 857 3554 925 propter

1887 941 2237 998 varietatem
2261 942 2638 998 diversorum
2667 942 2994 1010 bonorum,
3041 942 3163 998 sive
3215 942 3550 998 castitatem

1861 1037 2276 1103 comparatur
2307 1032 2606 1088 virtutum.
2643 1035 2786 1098 Qua
2837 1033 2964 1088 avis
2996 1032 3125 1089 sola
3153 1048 3276 1105 pra
3321 1033 3550 1089 cateris

1891 1121 2106 1176 avibus
2131 1126 2363 1178 remota
2389 1138 2424 1178 a
2456 1122 2789 1195 frequentia
2825 1122 3145 1178 hominum
3173 1122 3361 1192 diligit
3383 1123 3551 1180 inco-

1887 1209 2006 1268 lere
2035 1211 2169 1268 loca
2204 1217 2450 1278 secreta,
2494 1217 2551 1268 et
2578 1211 2662 1267 ibi
2710 1212 3013 1268 constituit
3059 1211 3293 1282 nidum,
3334 1211 3554 1270 educat

1889 1299 2087 1373 pullos
2112 1301 2212 1357 ubi
2233 1303 2420 1358 hostis
2450 1302 2579 1373 ejus
2610 1306 2713 1357 aut
2739 1317 3074 1374 nunquam,
3107 1307 3211 1357 aut
3248 1301 3350 1357 vix
3368 1300 3552 1360 habet

1889 1406 2221 1448 accessum.
2258 1392 2349 1448 Sic
2380 1391 2664 1448 nimirum
2697 1391 2887 1446 sancti
2930 1391 3155 1456 Patres,
3209 1389 3293 1446 sic
3346 1391 3552 1449 anima

1890 1485 2098 1536 sancta
2128 1486 2184 1536 et
2201 1479 2414 1547 ﬁdelis,
2443 1497 2578 1554 qua
2596 1479 2793 1536 amica
2817 1478 3206 1552 appellatura
3229 1478 3415 1536 verbo
3427 1480 3549 1544 Dei,

1891 1585 2013 1641 quo
2048 1570 2252 1642 utique
2285 1569 2571 1640 fugiendo
2616 1569 3039 1642 malorumque
3092 1568 3392 1625 consortia
3434 1585 3553 1624 res-

1889 1660 2157 1731 puendo,
2189 1660 2488 1733 quidquid
2536 1660 2865 1732 pretiosum
2893 1659 2956 1715 in
2986 1659 3264 1732 prasenti
3294 1659 3554 1715 cernitur

1887 1749 2032 1816 vita,
2059 1765 2128 1805 eo
2159 1748 2345 1806 modo
2359 1749 2741 1819 cognoscitur
2761 1749 3064 1805 caelestem
3083 1747 3279 1804 facere
3293 1748 3550 1822 prolem,

1885 1837 2170 1895 doctrina
2204 1856 2327 1895 sua
2373 1855 2652 1895 sermone
2696 1838 2961 1908 genitam
2993 1842 3052 1893 et
3110 1838 3243 1894 vita
3274 1837 3553 1910 exemplo

1886 1928 2171 1984 nutritam
2224 1927 2568 1985 transmittit
2596 1927 2675 1983 ad
2699 1927 2940 1983 coelum.
2975 1930 3124 1983 Nam
3150 1930 3364 1995 turtur,
3399 1927 3556 1984 sicut

1886 2018 1945 2073 in
1973 2018 2320 2091 prafatione
2352 2017 2825 2090 pralibavimus,
2851 2020 3028 2072 tanta
3055 2015 3339 2072 castitatis
3367 2015 3446 2071 ab
3468 2015 3552 2070 eis

1888 2107 1991 2180 qui
2016 2111 2265 2163 naturas
2296 2106 2497 2163 avium
2527 2106 2972 2178 descripserunt
2993 2108 3292 2174 narratur,
3315 2109 3378 2161 ut
3406 2121 3556 2178 pra-

1889 2201 1975 2253 ter
2003 2213 2194 2252 unum
2227 2196 2360 2267 conj
2374 2211 2551 2266 ugem
2576 2194 2822 2251 nesciat.
2858 2197 2938 2250 De
2966 2193 3190 2265 quibus
3212 2193 3266 2248 si
3290 2193 3437 2250 alter
3459 2209 3554 2250 ca-

1888 2303 1958 2340 su
1988 2285 2258 2341 defectus
2290 2285 2419 2353 erit,
2448 2283 2615 2340 alteri
2630 2283 2760 2354 jam
2777 2298 3096 2356 nunquam
3129 2281 3246 2340 alia
3275 2283 3552 2352 societur,

1887 2374 1993 2431 sed
2013 2375 2075 2430 in
2107 2374 2274 2431 omni
2304 2374 2422 2430 vita
2445 2373 2762 2446 proprium
2791 2372 3114 2443 conjugem
3131 2371 3419 2428 amissum
3448 2373 3554 2428 de-

1889 2465 2213 2521 siderando
2244 2463 2510 2537 requirit.
2539 2462 2645 2518 Cui
2666 2478 2774 2536 per
2803 2461 3092 2518 castitatis
3109 2461 3555 2518 etverecundia

1887 2553 2192 2620 decorem,
2226 2553 2488 2609 Ecclesia
2514 2553 2576 2608 in
2608 2567 2900 2622 genarum
2940 2550 3382 2624 pulchritudine
3410 2567 3557 2608 con-

1889 2659 2034 2714 grue
2065 2648 2474 2716 comparatur.
2509 2641 2602 2696 Ait
2626 2641 2784 2696 enim
2815 2657 2828 2694 :
2866 2663 2891 2690 ‹‹
2919 2640 3186 2696 Pulchra
3219 2644 3359 2696 sunt
3387 2655 3557 2710 gena

1890 2738 2003 2788 tua
2037 2732 2187 2787 sicut
2227 2731 2490 2787 turturis.
2528 2753 2555 2780 »
2583 2734 2664 2786 Ac
2695 2729 2742 2785 si
2773 2746 2810 2786 a
2830 2729 3060 2785 Christo
3085 2729 3560 2786 dicaturzTanta

1888 2826 1943 2878 te
1975 2822 2256 2877 varietate
2292 2821 2574 2876 virtutum
2605 2818 2906 2886 decoravi,
2936 2823 3000 2875 ut
3029 2820 3360 2876 castitatem
3417 2835 3558 2893 pro-

1888 2911 2086 2967 missa
2118 2911 2264 2967 mihi
2293 2910 2434 2966 ﬁdei
2463 2909 2633 2966 nulla
2661 2923 2990 2982 pravorum
3011 2908 3329 2966 doctorum
3347 2908 3560 2966 seduc-

1888 3001 2048 3057 tione
2080 3015 2521 3071 corrumperes.
2549 3001 2681 3054 Hac
2712 2997 2960 3070 quidem
2999 2997 3340 3054 secundum
3371 2997 3558 3054 histo-

1887 3089 1990 3144 ria
2022 3088 2297 3144 ordinem
2330 3087 2490 3142 dicta
2523 3092 2685 3150 sunt,
2719 3085 2826 3140 sed
2849 3085 3185 3141 secundum
3208 3087 3559 3159 opinionem

1892 3179 2234 3251 aliquorum
2267 3176 2608 3250 pracelsior
2643 3191 2855 3231 sensus
2879 3174 2939 3229 in
2967 3174 3080 3230 hac
3107 3175 3557 3248 comparatione

1889 3269 2069 3326 latere
2102 3267 2337 3324 dicitur.
2367 3271 2514 3323 Nam
2541 3265 2911 3339 quibusdam
2933 3264 3169 3320 videtur
3186 3265 3342 3320 illius
3371 3268 3560 3320 turtu-

1889 3357 1970 3414 ris
2001 3356 2465 3431 pulchritudinis
2508 3371 2694 3426 genas
2737 3353 3005 3410 Ecclesiae
3061 3353 3422 3427 comparari,
3480 3352 3557 3410 de

1891 3463 2016 3520 qua
2043 3447 2105 3502 in
2140 3445 2378 3502 Psalmo
2407 3444 2654 3500 dicitur:
2680 3466 2708 3495 «
2743 3443 2970 3500 Etenim
2993 3459 3204 3516 passer
3228 3442 3456 3499 invenit
3483 3442 3559 3499 si-

1890 3536 1954 3592 bi
1983 3536 2258 3602 domum,
2292 3542 2348 3590 et
2369 3539 2561 3591 turtur
2599 3534 2812 3590 nidum
2846 3533 2962 3589 sibi
2990 3533 3095 3588 ubi
3150 3537 3402 3606 reponat
3430 3531 3557 3606 pul-

1891 3625 1982 3681 los
2013 3642 2156 3681 suos
2189 3625 2380 3692 (Psal.
2441 3625 2702 3694 Lxxxm).
2754 3642 2784 3676 ›
2827 3622 2934 3678 Ubi
2992 3621 3248 3693 ﬁguram
3308 3621 3560 3694 Spiritus

1892 3714 2080 3772 sancti
2107 3715 2166 3769 in
2197 3729 2463 3787 passere,
2497 3718 2554 3769 et
2581 3711 2982 3768 immaculata
3013 3711 3211 3768 carnis
3232 3716 3559 3783 assumpta

1893 3806 1954 3862 in
1987 3809 2212 3861 turture
2259 3803 2655 3866 nominatam.
2704 3817 2885 3856 nemo
2939 3801 3179 3873 sapiens
3236 3799 3556 3868 ignorabit.

1892 3898 2053 3951 Tunc
2079 3893 2352 3948 videlicet
2385 3891 2642 3947 Ecclesia
2687 3890 2747 3945 in
2777 3889 2942 3960 genis
2990 3906 3128 3961 qua
3173 3887 3458 3944 omnibus
3497 3887 3557 3943 in

1890 3981 2214 4058 propatulo
2246 3986 2407 4053 sunt,
2440 3997 2475 4037 a
2500 3980 2676 4036 bonis
2724 3984 2781 4034 et
2810 3977 2985 4034 malis
3015 3977 3094 4035 ab
3151 3981 3406 4050 utroque
3435 3976 3562 4050 pul-

1892 4073 2038 4128 chra
2066 4071 2370 4138 laudatur,
2393 4069 2643 4144 quando
2684 4066 2981 4140 assumpti
3029 4066 3293 4123 hominis
3345 4065 3561 4123 Christi

1891 4177 1999 4235 per
2027 4159 2311 4216 castitatis
2341 4159 2610 4215 maxima
2654 4158 2818 4214 bono
2863 4156 3470 4230 quantulumcunque
3499 4155 3560 4210 in

1893 4248 2282 4306 similitudine
2338 4247 2602 4304 traxerit.
2633 4250 2796 4304 Tunc
2852 4246 3324 4320 pulcherrimum
3370 4249 3560 4301 totum

1896 4341 2167 4399 Ecclesiae
2200 4357 2420 4414 corpus
2445 4341 2728 4410 cernitur,
2754 4346 2824 4396 ut
2854 4357 2994 4396 cum
3025 4338 3401 4397 verecundas
3460 4353 3560 4407 ge-

132 4428 302 4526 mitus
327 4429 687 4526 appellatur,
735 4445 842 4502 per
885 4430 1226 4486 custodiam
1281 4429 1362 4485 tui
1404 4429 1781 4502 aliorumque
1821 4473 1862 4526 υ
1895 4448 2116 4488 narum
2163 4436 2448 4504 aspectus
2500 4448 2608 4505 per
2643 4430 2942 4504 pudicitiae
2975 4430 3225 4500 gloriam
3253 4428 3332 4485 ab
3362 4428 3562 4501 impiis

131 4515 492 4585 vigilantiam
523 4525 578 4576 et
606 4519 1061 4591 intelligentiam
1113 4537 1424 4576 sacrarum
1459 4520 1784 4592 Scriptura-

131 4620 254 4660 rum
287 4623 531 4680 pascere
564 4609 1025 4682 quodaminodo
1050 4609 1342 4665 viriditate
1383 4609 1442 4664 in
1474 4609 1646 4665 vobis
1673 4609 1780 4665 vir-

133 4696 339 4762 tutum,
361 4703 418 4754 et
446 4699 671 4754 cubare
693 4698 753 4754 in
783 4699 1013 4756 fervore
1039 4699 1343 4755 charitatis
1373 4699 1783 4770 dignetur.Se-

130 4783 350 4853 quitur:

199 4875 519 4933 «Pulchra
571 4881 711 4934 sunt
765 4894 929 4949 gena
987 4882 1102 4934 tua
1147 4883 1210 4934 ut
1260 4878 1521 4935 turturis.
1575 4901 1602 4928 »
1643 4881 1786 4936 Post

136 4963 329 5020 oscula
356 4972 564 5023 sancta
587 4973 886 5041 suscepta,
906 4972 1041 5040 post
1071 4985 1316 5024 omnem
1337 4967 1603 5024 latitiam
1627 4973 1783 5024 retro

135 5047 586 5123 dinumeratam,
617 5063 751 5130 post
781 5073 1055 5131 pugnam
1073 5057 1500 5124 praedictorum
1519 5057 1784 5114 ﬁliorum

136 5142 350 5211 matris,
377 5152 514 5218 post
539 5147 910 5216 agnitionem
924 5148 1037 5212 sui,
1061 5152 1447 5221 postcuram,
1471 5147 1670 5220 qualis
1689 5148 1784 5204 vel

137 5241 170 5283 a
189 5245 304 5300 quo
331 5241 526 5292 creata
556 5237 649 5304 sit,
679 5243 816 5310 post
844 5237 1126 5294 virtutem
1153 5237 1443 5310 equitatui
1471 5236 1782 5293 Dominico

138 5329 561 5396 comparatam,
579 5343 698 5383 vox
721 5327 932 5384 Christi
960 5326 1226 5400 loquitur
1249 5327 1328 5383 ad
1356 5326 1785 5383 Ecclesiam.Et

139 5419 288 5464 nunc
317 5411 480 5471 initia
510 5416 971 5488 pulchritudinis
1001 5434 1122 5490 pra
1155 5417 1378 5473 caeteris
1424 5416 1716 5473 membris
1745 5432 1783 5473 a

142 5497 296 5562 Senis
320 5501 446 5572 ejus
472 5505 638 5561 nosci
666 5505 980 5562 docemur.
1011 5508 1078 5562 Et
1109 5507 1200 5562 hae
1253 5523 1365 5580 pro
1407 5522 1635 5577 magna
1666 5510 1784 5563 tur-

147 5586 249 5670 turi
273 5600 722 5666 comparantur,
747 5601 812 5652 ut
833 5613 940 5670 per
959 5596 1283 5668 aenigmata
1305 5595 1435 5666 ejus
1463 5597 1524 5651 in
1553 5600 1784 5668 pertur-

145 5669 366 5734 batione
407 5685 604 5741 saeculi
658 5669 843 5742 istius
874 5687 1245 5743 tumultuosa
1293 5685 1783 5760 prolongandam

145 5761 477 5826 ostenderet.
515 5770 650 5828 Haec
694 5787 838 5844 ergo
875 5772 1262 5846 pulchritudo
1307 5787 1605 5844 genarum
1650 5787 1785 5844 (Ιυδθ

1896 4521 2252 4579 admiratur.
2287 4525 2448 4578 Tunc
2480 4522 2639 4578 enim
2663 4537 2902 4592 magna
2924 4521 3156 4577 virtutis
3182 4519 3260 4575 ab
3290 4519 3564 4575 hostibus

1896 4613 2021 4668 suis
2052 4612 2292 4669 castitas
2320 4611 2632 4685 probatur,
2663 4627 2802 4667 cum
2829 4627 2966 4666 eam
2988 4610 3417 4682 impugnantes
3444 4607 3565 4662 vin-

1897 4718 2028 4758 cere
2059 4717 2183 4757 non
2215 4705 2522 4773 poterunt.
2551 4703 2699 4756 Nam
2741 4699 2895 4754 sicut
2924 4698 3200 4754 membra
3229 4713 3366 4769 qua
3425 4700 3566 4750 sunt

1894 4791 1955 4846 in
2006 4790 2221 4862 capite,
2281 4789 2330 4844 si
2369 4787 2624 4862 pulchra
2675 4787 2913 4852 fuerint,
2970 4791 3322 4842 caterorum
3374 4800 3564 4840 mem-

1894 4881 2146 4938 brorum
2173 4896 2306 4952 qua
2338 4876 2600 4933 vestibus
2631 4881 3032 4947 conteguntur
3089 4873 3416 4929 foeditatem
3467 4890 3565 4929 ex-

1895 4972 2114 5028 cusant
2140 4968 2251 5024 :ita
2281 4973 2337 5024 et
2367 4967 2466 5023 illa
2495 4983 2631 5039 qua
2673 4981 2782 5038 per
2807 4962 3241 5021 sacerdotalem
3271 4961 3565 5019 honorem

1896 5058 2174 5114 membra
2213 5056 2424 5130 capitis
2469 5053 2746 5112 Ecclesia
2800 5069 2930 5110 esse
2981 5056 3335 5120 noscuntur,
3369 5051 3564 5126 plebis

1895 5146 2270 5217 negligentia
2299 5145 2630 5202 faditatem
2654 5158 2768 5199 sua
2795 5143 3065 5200 castitate
3097 5142 3405 5199 decorant.
3439 5145 3506 5198 Et
3533 5159 3564 5197 e

1895 5234 2195 5292 contrario
2248 5234 2332 5290 nil
2374 5239 2498 5290 tam
2528 5233 2820 5303 deforme,
2855 5236 2975 5290 tam
3009 5232 3312 5304 abjectum
3361 5231 3422 5286 in
3463 5233 3566 5286 Ec-

1893 5324 2085 5382 clesia
2111 5339 2386 5396 corpore,
2433 5322 2544 5378 nisi
2597 5338 2738 5378 cum
2777 5322 2838 5377 in
2871 5320 3230 5395 supradictis
3277 5318 3566 5375 membris

1892 5412 2243 5486 turpissima
2269 5411 2393 5468 vita
2418 5410 2512 5467 vel
2542 5411 2707 5468 fama
2733 5410 3014 5467 cernitur.
3068 5411 3134 5465 Et
3180 5407 3326 5480 quia
3356 5412 3566 5464 sancta

1895 5501 2160 5558 Ecclesia
2190 5501 2250 5556 in
2292 5501 2418 5556 suis
2452 5498 2817 5573 prasulibus
2865 5504 2921 5555 et
2949 5497 3300 5555 doctoribus
3333 5497 3568 5555 castita-

1895 5597 1949 5648 te
1976 5596 2034 5648 et
2085 5590 2373 5646 varietate
2419 5589 2733 5654 virtutum,
2790 5587 3057 5659 turturis,
3096 5587 3160 5644 id
3213 5591 3302 5644 est
3355 5587 3567 5645 Christi

1900 5679 2234 5751 imaginem
2273 5679 2560 5747 imitatur,
2589 5677 2932 5736 necessario
2979 5676 3058 5734 ab
3117 5676 3250 5752 ipso
3286 5676 3570 5735 laudatur

1909 5769 2200 5828 dicendo:
2235 5771 2491 5836 «Quam
2539 5767 2806 5843 pulchra
2868 5771 3012 5825 sunt
3055 5783 3225 5842 gena
3269 5772 3385 5826 tua
3416 5768 3573 5826 sicut
