3968 6386
392 323 499 381 3‘79

1499 292 1858 372 ANGELOMI
1900 285 2354 366 L‘UXOVIENSIS
2395 305 2710 367 MDNACHI

3713 305 3817 364 580

392 446 655 504 turturis.
692 467 720 496 »
753 441 1056 518 Sequitur:
1092 441 1371 497 «Collum
1401 443 1572 496 tuum
1596 437 1749 494 sicut
1776 433 2042 492 monilia.
2076 425 2121 488 Α
2165 436 2278 498 tur,
2309 438 2364 490 et
2419 433 2658 490 dicunt:
2711 437 2830 489 Deo
2881 435 3080 488 autem
3141 431 3361 486 gratias
3415 428 3521 503 qui
3579 445 3820 504 semper

392 556 424 591 ‹
455 535 790 593 Murenulas
811 549 1025 590 aureas
1055 531 1343 586 faciemus
1375 529 1482 585 tibi
1509 525 1935 584 vermiculatus
1961 539 2049 577 ar-

393 650 422 677 ‹‹
453 630 648 697 gento.
685 647 713 674 »
743 625 806 677 In
865 616 1016 677 collo
1069 619 1344 675 videntur
1410 615 1664 679 laudari,
1723 614 1827 690 qui
1864 612 2049 668 verbo

392 711 797 770 aediﬁcationis
821 713 1066 766 caeteros
1090 708 1391 764 instruunt
1420 706 1497 764 ad
1523 705 1774 762 salutem
1806 702 1909 775 qui
1939 701 2052 774 spi-

390 801 662 860 ritualem
720 799 920 856 cibum
973 797 1266 854 sermonis
1319 797 1397 852 ad
1457 793 1733 851 membra
1784 789 2052 864 corporis

393 890 620 960 Christi,
639 889 859 962 quibus
890 887 1212 944 credulitas
1240 885 1368 942 sola
1400 883 1764 953 suffragatur
1783 895 2048 954 quocun-

389 996 505 1054 que
531 977 980 1052 interpretando
1009 975 1438 1041 transmittunt,
1459 973 1562 1048 qui
1583 989 1690 1046 per
1715 969 2050 1026 doctrinam

389 1085 633 1125 auream
665 1073 722 1123 et
749 1084 857 1140 per
882 1063 1227 1142 exemplum
1256 1065 1392 1120 vitae
1423 1078 1765 1133 gemmeum
1789 1061 1848 1116 in
1865 1058 2054 1114 Eccle-

391 1155 492 1212 siae
525 1155 676 1212 collo
701 1153 1118 1212 Ostenduntur.
1160 1151 1352 1210 Monili
1373 1167 1641 1224 namque
1675 1161 2054 1218 gemmarum

387 1251 636 1303 ornatus
665 1241 1180 1316 dignoscitur.$ed
1204 1248 1268 1298 ut
1289 1239 1594 1314 pulchrior
1620 1240 1945 1294 ﬁatearum
1963 1253 2053 1291 as-

388 1337 598 1407 pectus
630 1334 760 1390 auri
793 1333 1105 1388 materiam
1124 1331 1526 1386 necessariam
1543 1328 1898 1399 habent,per
1919 1341 2052 1397 quae

389 1439 669 1479 connexae
702 1423 763 1478 in
794 1438 904 1476 suo
930 1423 1246 1478 teneantur
1294 1419 1448 1474 loco.
1482 1417 1604 1472 Hoc
1628 1421 1685 1472 et
1719 1418 1919 1489 ipsum
1951 1430 2054 1469 na-

391 1517 534 1567 turae
555 1514 771 1567 nostrae
789 1511 1118 1580 ingenium,
1147 1508 1314 1582 quod
1337 1508 1393 1563 in
1425 1503 1872 1562 similitudinem
1887 1519 2052 1573 gem-

391 1617 506 1656 mre
552 1595 627 1655 de
659 1589 900 1672 lapideo
931 1597 1110 1655 corde
1142 1597 1450 1663 exciditur,
1491 1594 1898 1651 necessarium
1951 1592 2054 1648 ba-

389 1689 489 1744 bet
521 1686 1036 1760 fulgentissimum
1070 1687 1257 1743 sancti
1308 1685 1556 1758 Spiritus
1602 1683 2048 1754 adjumcntum,

391 1793 498 1850 per
527 1794 708 1850 quem
741 1778 884 1832 Novi
917 1781 970 1832 et
1021 1775 1236 1831 Veteris
1266 1772 1625 1831 Testamentl
1679 1772 1863 1826 verba
1903 1771 2050 1839 legis
2081 1785 2120 1852 Β

390 1862 628 1933 divinae,
664 1883 800 1938 quae
830 1865 1372 1938 pronuntiaverunt
1401 1862 1496 1918 vel
1525 1861 1915 1916 ostenderunt
1930 1857 2051 1914 Sal-

389 1959 658 2010 vatorem
680 1949 888 2009 mundi
915 1953 1316 2022 venisse,cum
1340 1954 1612 2006 catenata
1629 1948 1800 2022 quasi
1821 1961 1944 2002 una
1959 1963 2052 2002 ve-

387 2044 574 2099 ritatis
599 2043 874 2099 catenula
903 2057 1100 2097 sermo
1127 2039 1690 2112 efl‘ectus,gemmeis
1709 2038 2051 2094 animarum

387 2138 725 2190 transactus
740 2132 1042 2189 mentibus
1071 2149 1177 2206 per
1198 2130 1581 2188 concordiam
1603 2129 1764 2198 ﬁdei,
1783 2143 1890 2201 per
1907 2143 2051 2184 una-

385 2223 670 2280 nimitatis
695 2239 939 2280 sensum
977 2222 1243 2278 Ecclesiae
1277 2220 1498 2277 collum
1527 2220 1794 2276 decorat.
1825 2217 2050 2290 thuia

387 2312 575 2369 sancti
592 2305 996 2386 doctores,qui
1015 2328 1122 2385 per
1140 2309 1358 2366 collum
1377 2305 2048 2378 designantur,verbum

385 2399 846 2476 praedicationis,
879 2401 1070 2457 ornati
1097 2399 1412 2455 virtutibus
1441 2398 1572 2453 aliis
1606 2395 2046 2463 administrant,

385 2495 442 2547 et
469 2507 604 2566 quas
635 2487 852 2546 docent
898 2489 1083 2545 verbo
1129 2489 1414 2562 operibus
1439 2489 1869 2558 exsequuntur.
1905 2486 2047 2549 Quaa

385 2597 571 2654 opera
601 2577 926 2635 monilibus
958 2579 1394 2650 exprimuntur,
1423 2580 1478 2631 et
1507 2576 1875 2646 Seripturam
1913 2572 2049 2627 utri-

385 2687 576 2745 usque
609 2668 988 2738 Testamenti,
1019 2685 1151 2740 quae
1183 2665 1516 2723 murenulis
1550 2664 1747 2720 aureis
1769 2663 2050 2732 designa-

385 2764 501 2830 tur,
522 2757 793 2813 videlicet
814 2757 958 2830 quia
1009 2773 1156 2812 auro
1187 2754 1584 2828 spiritualium
1623 2768 1909 2808 sensuum
1941 2750 2048 2806 ful-

387 2852 483 2918 get
511 2846 777 2915 interius,
810 2849 866 2901 et
895 2850 1143 2914 argento
1175 2843 1432 2899 caelestis
1463 2841 1683 2916 eloquii
1720 2841 1865 2895 nitet
1889 2843 2044 2894 exte-

385 2935 509 2991 rius
544 2933 888 3008 praedicant,
915 2939 1069 2990 recte
1099 2933 1159 2988 in
1190 2933 1274 2987 eis
1297 2930 1557 2986 Ecclesia
1586 2925 1867 2986 laudatur
1895 2928 2044 2984 dum

384 3024 630 3080 dicitur:
665 3047 692 3072 ‹‹
727 3022 956 3080 Collum
991 3027 1158 3077 tuum
1183 3022 1335 3076 sicut
1363 3019 1629 3075 monilia.
1654 3015 1988 3075 Murenulas
2013 3039 2040 3066 »

383 3112 476 3168 vel
515 3109 819 3168 catenulas
844 3136 870 3162 «
900 3128 1114 3168 aureas
1143 3111 1432 3167 faciemus
1464 3109 1589 3178 tibi,
1618 3105 2040 3163 vermiculatas

382 3207 650 3271 argento,
681 3223 708 3252 »
737 3202 882 3276 quia
909 3199 1072 3256 dona
1106 3197 1384 3272 snperius
1414 3196 1700 3271 praedicta
1731 3196 2042 3252 sanetido-

379 3295 570 3347 ctores
595 3290 818 3346 habere
843 3305 965 3346 non
998 3288 1385 3362 possuntnisi
1411 3287 1490 3344 ab
1517 3288 1650 3359 ipso
1681 3285 2036 3359 percipiant,

379 3379 440 3434 in
469 3393 591 3451 quo
624 3385 762 3434 sunt
787 3395 1000 3434 omnes
1045 3376 1310 3434 thesauri
1342 3375 1644 3451 sapientiae
1694 3381 1748 3430 et
1781 3375 2040 3430 scientiae

377 3467 738 3524 absconditi.
775 3467 1078 3540 Sequitur:

453 3579 481 3604 «
515 3557 666 3611 Dum
699 3560 854 3611 esset
874 3573 976 3612 rex
1007 3556 1067 3610 in
1085 3554 1366 3612 accubitu
1393 3569 1503 3609 suo
1527 3554 1756 3610 nardus
1777 3567 1912 3608 mea
1941 3551 2040 3608 de-

380 3668 406 3694 ‹‹
439 3644 524 3700 dit
547 3644 794 3701 odorem
827 3661 1025 3700 suum.
1052 3667 1079 3694 ››
1114 3643 1343 3700 Nardus
1374 3647 1463 3698 est
1491 3642 1682 3700 frutex
1707 3643 2039 3700 aromatica

379 3736 564 3804 gravi,
599 3739 664 3791 ut
693 3737 878 3804 aiunt,
908 3741 964 3791 et
993 3751 1196 3790 crassa
1239 3733 1460 3797 radice,
1485 3731 1590 3788 sed
1627 3733 1792 3790 brevi
1845 3749 1914 3787 ac
1945 3732 2034 3786 ni-

377 3841 484 3893 gra
536 3826 852 3898 fragilique
906 3823 1186 3899 quamvis
1218 3823 1458 3896 pinguis
1487 3824 1599 3878 situ
1629 3822 1931 3878 redolente
1972 3825 2036 3876 ut

377 3931 755 3988 cypressum,
786 3931 1001 3988 aspero
1028 3929 1266 3986 sapore,
1288 3912 1430 3968 folio
1461 3929 1672 3984 parvo,
1699 3911 2030 3982 densoque;

375 4005 549 4075 cujus
573 4004 894 4060 cacumina
922 4003 984 4058 in
1034 4001 1245 4058 aristas
1300 4017 1360 4056 se
1414 4003 1724 4074 spargunt,
1773 3999 2032 4070 ideoque

375 4092 618 4162 gemina
646 4088 785 4148 dote
816 4091 1199 4165 pigmentarii
1219 4088 1396 4146 nardi
1428 4089 1627 4162 spicas
1659 4105 1731 4146 ac
1762 4087 1905 4144 folia
1934 4102 2030 4142 ce-

372 4181 627 4238 lebrant.
663 4183 730 4236 Et
757 4180 872 4236 hoc
903 4184 991 4236 est
1036 4179 1203 4252 quod
1234 4179 1314 4236 ait
1371 4181 1600 4236 Marcus
1627 4197 1641 4236 :
1675 4198 1706 4233 ‹
1737 4175 2033 4247 Unguenti

375 4269 548 4327 nardi
603 4269 814 4344 spicati
874 4269 1120 4343 pretiosi
1176 4270 1388 4344 (Marc.
1456 4270 1596 4341 11v).
1669 4291 1696 4318 ››
1756 4265 2033 4323 Videlicet

374 4359 517 4433 quia
539 4357 688 4416 illud
713 4353 1090 4430 unguentum
1119 4347 1285 4432 qiiod
1311 4358 1502 4416 attulit
1542 4355 1722 4415 Maria
1753 4353 2026 4422 Domino,

371 4465 496 4505 non
527 4449 722 4506 solum
789 4448 865 4506 de
919 4448 1118 4505 radice
1174 4449 1509 4505 confectum
1563 4446 1758 4514 nardi,
1811 4461 2021 4502 verum

373 4538 574 4610 etiam,
605 4555 728 4612 quo
751 4538 1065 4612 pretiosius
1109 4543 1284 4606 esset,
1327 4537 1632 4610 spicarum
1673 4547 1917 4607 quoque
1970 4539 2028 4590 et

371 4627 652 4684 foliorum
682 4629 811 4701 ejus
846 4627 1199 4700 adjectione,
1232 4626 1434 4683 odoris
1464 4641 1534 4680 ac
1586 4623 1812 4680 virtutis
1868 4621 2024 4678 illius

369 4722 496 4775 erat
529 4717 912 4776 accumulata
968 4717 1178 4788 gratia.
1212 4717 1434 4771 Ferunt
1476 4712 1654 4770 etiam
1713 4712 1788 4768 de
1832 4710 2025 4768 nardo

367 4805 712 4878 physiologi
739 4805 904 4879 quod
936 4803 1265 4878 principale
1295 4801 1371 4858 sit
1412 4803 1816 4870 unguentum,
1865 4799 2024 4857 unde

367 4897 578 4953 merito
610 4896 813 4954 unctio
845 4893 1056 4968 capitis
1085 4899 1140 4950 et
1166 4891 1395 4968 pedum
1422 4889 1658 4946 Domini
1683 4888 1887 4946 oblata
1913 4893 2018 4946 est.

369 4988 519 5042 Sunt
546 4983 793 5059 quidem
833 4984 964 5055 ejus
993 4981 1185 5039 multa
1215 4995 1454 5052 genera,
1497 4979 1604 5036 sed
1654 4981 1860 5035 omnia
1890 4979 2021 5036 her-

363 5073 478 5142 bae,
512 5078 726 5145 prater
757 5072 1026 5128 Indicum
1054 5071 1221 5146 quod
1244 5069 1563 5146 pretiosius
1616 5074 1723 5127 est.
1775 5070 2020 5142 Mystice

367 5166 568 5220 autem
599 5160 838 5217 devotio
881 5161 1006 5216 haec
1053 5160 1248 5217 Mariae
1307 5159 1559 5215 Domino
1616 5159 2016 5216 ministrantis

364 5251 551 5308 ﬁdem
573 5267 642 5308 ac
662 5250 946 5325 pietatem
977 5248 1254 5320 designat
1304 5247 1570 5305 Ecclesiae
1602 5255 1844 5317 sanctae,
1895 5265 2017 5323 quo

362 5340 628 5415 loquitur
655 5340 751 5397 hic
779 5340 842 5396 in
873 5339 1096 5396 amoris
1126 5338 1378 5406 cantico,
1415 5335 1619 5395 dicens
1645 5356 1659 5395 :
1692 5359 1722 5394 ‹
1751 5341 1897 5395 Cum
1924 5355 2017 5395 es-

365 5438 453 5488 set
472 5449 574 5490 rex
610 5432 672 5488 in
701 5429 982 5489 accubitu
1005 5445 1136 5498 suo,
1163 5428 1391 5486 nardus
1421 5446 1560 5486 mea
1584 5429 1749 5486 dedit
1767 5431 2018 5488 odorem

364 5538 564 5580 suum.
597 5546 624 5574 »
648 5523 790 5590 Quae
820 5519 1107 5578 nimirum
1153 5519 1341 5576 verba
1367 5525 1424 5577 et
1453 5521 1637 5579 semel
1663 5523 1838 5594 juxta
1863 5523 2017 5579 litte-

361 5626 495 5667 ram
548 5611 835 5668 manibus
879 5609 1068 5667 Mariae
1119 5609 1454 5683 complevit,
1518 5617 1576 5669 et
1629 5611 1894 5686 quotidie
1954 5613 2016 5669 in

361 5699 645 5756 omnibus
676 5702 800 5756 suis
830 5698 1120 5755 membris
1164 5700 1540 5774 spiritualiter
1593 5701 1841 5775 implere
1891 5717 2018 5758 non

359 5787 598 5848 desinit.
645 5791 789 5857 Quae
837 5793 1028 5846 totum
1063 5789 1286 5848 diffusa
1333 5807 1442 5864 per
1489 5789 1699 5849 orbem
1755 5789 2013 5861 glorian-

2166 523 2491 596 triumphat
2520 540 2630 580 nos
2661 525 2722 579 in
2755 523 2922 579 omni
2950 523 3106 585 loco,
3140 545 3166 570 ‹‹
3200 522 3344 594 quia
3376 519 3584 576 Christi
3616 519 3816 575 bonus

2161 611 2312 666 odor
2339 629 2548 668 sumus
2597 617 2789 669 Deo.»
2843 615 2982 678 Quae
3025 627 3165 668 cum
3219 609 3549 682 potentiam
3603 607 3817 664 divinas

2158 700 2388 756 virtutis
2419 703 2547 772 ejus
2588 718 2722 774 quae
2750 701 2830 757 illi
2881 717 3001 756 una
3055 715 3194 756 cum
3246 701 3412 754 Patre
3459 701 3572 762 est,
3632 697 3818 765 digna

2160 793 2486 847 reverentia
2537 794 2870 858 conﬁtetur,
2904 789 3112 846 laudat
3165 793 3220 845 et
3273 787 3577 860 praedicat,
3637 791 3820 858 caput

2162 878 2424 951 profecto
2458 877 2613 935 illius
2646 885 2955 950 unguento
3003 877 3308 952 perfundit
3349 877 3630 949 pretioso.
3671 879 3817 932 Cum

2160 985 2302 1023 vero
2361 974 2684 1042 assumptae
2727 969 3014 1042 mysteria
3080 967 3473 1024 humanitatis
3519 982 3688 1038 aeque
3729 966 3816 1022 di-

2163 1074 2281 1129 gna
2310 1061 2642 1116 reverentia
2673 1059 2938 1133 suscipit,
2969 1060 3029 1115 in
3082 1057 3266 1132 pedes
3325 1057 3529 1131 utique
3584 1057 3820 1114 Domini

2164 1153 2538 1217 unguentum
2571 1149 2743 1204 nardi
2766 1149 3069 1222 pisticum,
3103 1148 3164 1204 id
3191 1151 3278 1202 est
3307 1146 3481 1202 fidele
3514 1163 3585 1202 ac
3605 1163 3820 1203 verum

2163 1237 2468 1309 perfudit:
2519 1239 2663 1311 quia
2706 1237 2869 1294 illam
2917 1238 3047 1309 ejus
3100 1243 3381 1292 naturam
3427 1252 3550 1310 qua
3596 1241 3820 1292 terram

2163 1327 2527 1397 contingere,
2595 1329 2708 1384 hoc
2775 1333 2861 1384 est
2918 1328 3073 1383 inter
3137 1326 3413 1382 homines
3476 1325 3824 1382 conversari

2161 1417 2443 1480 di_~natus
2484 1423 2591 1485 est,
2623 1419 2766 1491 quia
2815 1418 3238 1490 praedicatione
3284 1415 3694 1488 commendat,
3755 1434 3825 1472 ac

2163 1506 2394 1562 devotis
2417 1511 2734 1563 veneratur
2774 1506 3104 1580 obsequiis.
3165 1505 3330 1562 Unde
3375 1505 3688 1562 accubitus
3739 1523 3826 1561 se-

2161 1593 2404 1668 pultura
2433 1596 2642 1651 Christi
2684 1596 3048 1666 intelligitur,
3099 1611 3453 1670 quanquam
3507 1597 3648 1652 tunc
3709 1595 3827 1651 dis-

2163 1680 2466 1736 cubuisset
2511 1680 2570 1736 in
2619 1679 2803 1736 domo
2838 1679 3094 1736 Simonis
3125 1679 3368 1752 leprosi.
3411 1677 3644 1736 Nardus
3681 1697 3826 1736 vero

2164 1770 2310 1842 ipsae
2343 1767 2619 1826 mulieres
2649 1787 2782 1844 quae
2803 1770 3000 1844 primo
3035 1767 3300 1826 diluculo
3331 1763 3412 1826 ad
3463 1786 3827 1826 monumen-

2164 1865 2289 1914 tum
2317 1876 2453 1914 cum
2477 1859 2850 1915 aromatihus
2882 1863 3191 1928 venerunt,
3218 1863 3282 1914 ut
3311 1864 3603 1930 ungerent
3624 1859 3824 1916 Chris-

2163 1953 2311 2015 tum,
2345 1953 2401 2004 et
2437 1948 2664 2004 famam
2723 1948 2880 2004 illius
2927 1947 3376 2003 resurrectionis
3433 1947 3822 2004 credentibus

2160 2037 2560 2108 divulgarent.
2593 2037 2758 2093 Unde
2809 2037 2894 2092 eis
2921 2032 3148 2092 dictum
3180 2043 3294 2092 est:
3341 2059 3369 2086 ‹‹
3402 2034 3502 2106 lte,
3551 2037 3820 2092 nuntiate

2159 2127 2440 2184 fratribus
2469 2125 2635 2194 meis,
2665 2128 2808 2200 quia
2831 2127 3114 2200 praecedit
3139 2144 3248 2182 vos
3281 2127 3342 2182 in
3388 2126 3716 2197 Galilaeam,
3739 2126 3820 2182 ibi

2160 2235 2297 2272 eum
2365 2216 2637 2272 videbitis
2693 2218 2927 2288 (Matth.
2983 2217 3206 2288 xxvni).
3261 2239 3288 2266 »
3347 2214 3462 2272 Seu
3508 2215 3819 2271 accubitus

2161 2305 2368 2361 Christi
2418 2305 2724 2362 beatitudo
2753 2309 2845 2361 est
2889 2305 3095 2360 secreti
3136 2303 3412 2360 caelestis.
3465 2304 3556 2361 Ait
3607 2304 3815 2360 enim:

2160 2419 2186 2445 «
2221 2397 2368 2451 Cum
2391 2402 2545 2451 esset
2577 2412 2678 2450 rex
2705 2396 2766 2450 in
2799 2395 3079 2451 accubitu
3111 2411 3242 2466 suo,
3272 2394 3500 2450 nardus
3551 2411 3690 2450 mea
3721 2394 3819 2450 de-

2160 2505 2188 2536 «
2221 2483 2305 2539 dit
2333 2485 2580 2540 odorem
2605 2501 2820 2540 suum:
2852 2503 2881 2536 »
2923 2483 3066 2556 quia
3089 2483 3360 2538 videlicet
3406 2482 3638 2538 Christo
3679 2499 3818 2551 rege

2155 2575 2484 2646 quiescenti
2513 2577 2566 2628 in
2599 2573 2966 2629 beatitudine
2997 2573 3204 2628 secreti
3259 2571 3538 2639 cmlestis,
3583 2573 3813 2627 nardus

2153 2662 2258 2718 dat
2285 2662 2536 2718 odorem
2579 2679 2778 2730 suum,
2829 2663 2890 2718 id
2929 2666 3020 2718 est
3073 2662 3314 2716 virtutes
3356 2665 3704 2718 sanctorum
3759 2663 3816 2716 in

2154 2753 2430 2824 Ecclesia,
2482 2769 2718 2823 magnae
2749 2751 2926 2808 nobis
2978 2752 3236 2821 gratiam
3275 2749 3587 2806 suavitatis
3620 2751 3815 2807 admi-

2152 2843 2422 2898 nistrant.
2461 2842 2557 2896 Vel
2617 2843 2796 2897 etiam
2851 2841 3160 2897 accubitus
3213 2841 3368 2911 regis
3417 2843 3626 2895 sancta
3665 2840 3816 2897 elec-

2153 2937 2348 2987 torum
2408 2931 2752 3001 intelligitur
2812 2929 3089 2987 Eeclesia.
3158 2934 3221 2986 ln
3273 2946 3345 2985 ea
3393 2931 3660 2984 Christus
3727 2947 3816 2986 re-

2151 3021 2351 3093 quiem
2384 3019 2492 3076 sibi
2527 3021 2771 3086 invenit,
2801 3022 2952 3076 sicut
2981 3037 3087 3094 per
3125 3017 3485 3093 Prophetam
3547 3019 3677 3092 ipse
3729 3019 3812 3076 lo-

2151 3110 2388 3181 quitur:
2425 3132 2452 3160 «
2515 3114 2642 3164 Haec
2680 3111 2916 3184 requies
2967 3126 3102 3165 mea
3155 3109 3215 3164 in
3269 3107 3557 3164 saeculum
3612 3108 3812 3164 saeculi

2153 3200 2336 3269 (Psal.
2397 3201 2613 3271 cum).
2679 3221 2706 3250 »ι
2753 3200 2984 3256 Nai-dus
3047 3197 3314 3254 Ecclesiae
3368 3197 3584 3253 dicitur
3631 3214 3809 3270 prop-

2153 3293 2236 3343 ter
2291 3289 2540 3344 odorem
2617 3289 2946 3344 virtutum.
3027 3288 3193 3343 Unde
3269 3285 3582 3361 apostolus
3661 3287 3804 3342 ait:

2149 3397 2180 3429 ‹
2211 3379 2424 3434 Christi
2447 3377 2646 3433 bonus
2671 3376 2821 3432 odor
2858 3394 3072 3432 sumus
3104 3377 3222 3431 Deo
3274 3375 3335 3431 in
3365 3375 3531 3432 omni
3559 3373 3694 3430 loco
3725 3377 3816 3448 (ΙΙ

2149 3467 2286 3522 Cor.
2325 3471 2474 3540 11).»
2524 3469 2715 3532 Quam
2769 3465 3098 3522 Eeclesiam
3146 3481 3286 3521 cum
3333 3463 3549 3520 viderit
3590 3464 3805 3521 diabo-

2145 3555 2238 3610 lus
2268 3555 2808 3612 innumerabilibus
2853 3554 3292 3610 charismatum
3351 3552 3677 3609 monilibus
3709 3571 3804 3609 or—

2145 3651 2348 3702 natam
2378 3645 2574 3708 ditari,
2607 3648 2663 3700 et
2709 3645 2989 3700 omnium
3045 3641 3315 3698 dulcium
3375 3641 3806 3700 blandimentis

2145 3735 2453 3806 piamentis
2495 3735 2625 3789 vitze
2661 3733 3018 3805 contemptis
3056 3733 3132 3788 ad
3159 3749 3342 3788 unam
3369 3731 3533 3788 illam
3567 3737 3801 3788 :eternae

2142 3824 2358 3896 quietis
2420 3823 2799 3878 dulcedinem
2860 3823 3267 3890 festinantem,
3327 3819 3800 3878 innumerabiles

2142 3911 2617 3967 amaritudinum
2645 3911 3069 3982 immissiones,
3103 3899 3362 3984 tam'per
3381 3927 3442 3966 se
3470 3926 3660 3984 quam
3696 3928 3805 3985 per

2140 4001 2424 4058 satallites
2457 4018 2598 4057 suos
2643 4017 2751 4074 per
2799 4005 3109 4058 momenta
3157 4001 3438 4058 immittit.
3483 4002 3597 4058 Sed
3657 4003 3804 4076 quia

2139 4091 2294 4147 Deus
2320 4091 2680 4164 Redemptor
2707 4091 2771 4146 in
2825 4091 3023 4148 medio
3066 4091 3198 4162 ejus
3229 4095 3317 4147 est
3365 4107 3624 4165 semper,
3675 4108 3801 4148 non

2139 4185 2557 4237 commovetur
2583 4179 2656 4235 de
2678 4179 2928 4250 vestigio
2959 4179 3236 4252 veritatis,
3263 4195 3458 4253 neque
3489 4179 3803 4253 perturba-

2139 4274 2234 4326 tur
2264 4274 2504 4342 prOpter
2534 4285 2720 4341 super
2768 4286 2830 4324 se
2884 4269 3239 4325 irruentium
3295 4269 3555 4341 impetus
3584 4269 3801 4342 impio-

2149 4375 2306 4426 rum,
2329 4358 2473 4431 quia
2503 4363 2559 4414 et
2587 4358 2790 4414 'omnia
2820 4363 2877 4414 et
2918 4358 2976 4413 in
3007 4357 3290 4414 omnibus
3329 4357 3612 4414 Christus.
3648 4362 3800 4416 Nam

2152 4449 2204 4502 si
2233 4464 2443 4503 amara
2475 4464 2584 4520 pro
2631 4448 2845 4504 Christi
2871 4447 3202 4504 inferantur
3227 4463 3454 4513 amore,
3492 4444 3798 4504 indulces-

2145 4543 2287 4593 cunt
2313 4555 2442 4594 rore
2465 4537 2588 4610 spei
2612 4538 2818 4594 futurae
2845 4542 2903 4594 et
2936 4536 3147 4594 ltetitiae
3202 4538 3595 4611 sempiternae.
3654 4538 3797 4596 ideo

2145 4626 2411 4700 sequitur
2439 4645 2452 4683 :

2206 4829 2234 4856 «
2265 4805 2610 4874 Fasciculus
2643 4806 2902 4877 myrrhae
2937 4805 3189 4862 dilectus
3240 4823 3412 4863 meus
3443 4805 3610 4874 mihi,
3639 4805 3796 4864 inter

2131 4914 2163 4950 α
2194 4895 2383 4950 ubera
2404 4911 2542 4950 mea
2595 4896 3090 4951 commorabitur.
3120 4917 3148 4946 »
3189 4899 3532 4952 Perseverat
3581 4901 3794 4952 sancta

2131 4985 2409 5053 Ecclesia,
2443 4985 2536 5040 vel
2567 4987 2771 5040 anima
2809 4984 3002 5040 ﬁdelis
3031 4986 3092 5040 in
3123 4983 3303 5041 laude
3341 4985 3436 5041 sui
3467 4987 3788 5054 Creatoris,

2127 5090 2310 5148 quem
2333 5074 2909 5148 perpenditpassum
2925 5074 2985 5130 in
2999 5071 3397 5131 amaritudine
3416 5091 3536 5130 suae
3555 5075 3791 5147 passio-

2125 5163 2412 5220 nis.Unde
2444 5179 2682 5236 semper
2705 5162 2938 5219 habens
2959 5162 3019 5219 in
3032 5163 3326 5220 memoria
3355 5163 3790 5220 recordationis

2125 5270 2313 5327 quam
2343 5255 2687 5328 propinqua
2707 5253 3098 5309 estuberibus
3124 5256 3403 5328 pectoris,
3437 5257 3493 5310 et
3526 5252 3790 5327 qualiter

2125 5359 2346 5417 passus
2377 5347 2466 5398 est
2485 5359 2596 5415 pro
2626 5343 2758 5414 ipsa
2787 5342 2847 5398 in
2880 5341 3132 5412 gloriam
3165 5361 3284 5398 suae
3323 5342 3785 5416 redemptionis,

2125 5431 2285 5489 dicit:
2311 5454 2339 5481 «
2360 5431 2704 5488 Fasciculus
2727 5431 2982 5504 myrrha:
3005 5431 3256 5488 dilectus
3273 5449 3442 5488 meus
3459 5432 3789 5500 mibi,inter

2126 5527 2317 5578 ubera
2333 5537 2471 5577 mea
2489 5521 3018 5578 commorabitur.»
3035 5523 3118 5578 Ac
3145 5523 3192 5577 si
3224 5521 3502 5578 dixisset:
3524 5523 3678 5578 Mors
3698 5521 3789 5578 di-

2123 5609 2258 5668 lecti
2287 5611 2405 5668 mei
2436 5622 2562 5684 qua
2582 5627 2624 5666 n
2677 5627 2788 5683 pro
2819 5610 3007 5667 salute
3056 5628 3191 5668 mea
3221 5611 3422 5678 subiit,
3457 5626 3697 5683 semper
3722 5611 3787 5668 in

2122 5717 2260 5757 mea
2276 5702 2568 5756 memoria
2580 5717 2712 5755 com
2722 5700 3154 5770 morabitur,ad
3173 5701 3566 5757 imitationem
3579 5706 3636 5756 et
3656 5700 3788 5772 glo-

2122 5791 2278 5849 riam
2307 5789 2766 5848 1audationis.Et
2792 5791 2936 5864 quia
2953 5791 3328 5862 gaudetcum
3355 5807 3635 5864 passum,
3649 5791 3784 5862 glo-
