3968 6396
123 287 226 345 581

1345 283 1602 360 ῈΝΑΗῊ.
1643 285 1710 360 tu
1751 283 2054 360 emrtua
2094 288 2365 364 cinae.

3464 303 3572 373 835

120 415 316 472 riatur
359 419 542 475 etiam
593 435 733 477 eum
790 425 1186 481 'resurrexisse
1243 441 1281 483 a
1337 427 1608 498 mortuis,
1638 433 1796 486 recte
1825 431 1874 498 Α
1912 429 2003 485 sui
2029 447 2352 496 recessum,
2381 435 2676 508 tanquam
2707 435 2862 493 intra
2895 436 3084 494 ubera
3113 441 3224 495 sua
3269 437 3570 500 dicentem

120 507 259 578 subj
271 509 444 564 unxit
473 526 487 564 :

191 619 220 646 «
269 599 483 654 Botrus
507 600 677 672 cypri
703 599 956 660 dilectus
985 619 1158 660 meus
1186 607 1354 676 mihi,
1382 608 1444 664 in
1473 607 1664 664 vineis
1693 613 1798 664 En-

119 707 146 735 ‹‹
192 683 406 756 gaddi.
435 707 464 738 »
501 691 655 746 Bene
687 691 805 748 ait:
835 715 863 742 «
895 692 1110 750 Botrus
1145 697 1314 770 cypri
1345 697 1595 754 dilectus
1628 705 1798 754 meus

114 775 293 848 mihi,
325 799 354 827 ››
390 793 464 833 ac
495 779 543 834 si
576 785 780 852 aperte
835 782 1164 842 exclamet:
1200 785 1312 851 Qui
1343 785 1451 842 fuit
1477 786 1797 843 fasciculus

115 863 387 938 myrrha
417 867 481 923 in
513 869 933 938 amaritudine,
967 877 1023 929 et
1051 873 1281 932 tristitia
1329 876 1796 949 passionis,ipse

115 960 207 1010 est
233 954 448 1012 botrus
478 957 651 1032 cypri
673 958 736 1014 in
767 959 1086 1017 dulcedine
1110 963 1558 1020 resurrectionis
1583 965 1598 1032 ς
1630 981 1794 1038 myr-

113 1043 227 1100 rha
275 1039 602 1114 tristitiam,
652 1047 866 1105 vinum
925 1048 1193 1108 laetitiam
1255 1051 1600 1123 signiﬁcat:
1650 1053 1797 1127 quia

114 1133 392 1192 videlicet
447 1135 716 1193 Christus
767 1154 841 1194 ex
891 1140 1112 1196 Judais
1163 1143 1498 1199 secundum
1551 1156 1796 1200 carnem

111 1224 378 1296 genitus,
413 1229 596 1299 atque
652 1227 731 1283 ab
790 1227 936 1302 ipsis
994 1229 1056 1286 in
1111 1229 1340 1301 lignum
1395 1233 1586 1288 crucis
1632 1231 1797 1288 velut

109 1315 324 1370 botrus
355 1329 710 1388 suspensus,
737 1319 845 1374 sed
875 1319 1046 1376 tertia
1070 1319 1166 1376 die
1186 1325 1325 1394 post
1353 1321 1612 1378 torcular
1631 1338 1793 1378 mor-

109 1405 209 1474 tis,
233 1401 506 1461 latitiam
528 1408 985 1464 resurrectionis
1014 1409 1138 1465 suis
1168 1411 1429 1466 ostendit
1456 1411 1788 1485 discipulis.

112 1495 178 1548 Et
205 1494 360 1548 bene
395 1515 423 1542 «
452 1495 515 1550 in
549 1495 740 1550 vineis
777 1497 1073 1566 Engaddi,
1108 1521 1134 1548 »
1167 1505 1415 1572 propter
1458 1501 1790 1556 charisma;

110 1587 241 1637 tum
275 1582 463 1649 dona,
496 1586 632 1656 qua
683 1591 822 1657 post
867 1588 1368 1666 resurrectionem
1419 1589 1674 1659 largitus
1706 1593 1793 1646 est

106 1673 172 1728 in
220 1671 529 1746 baptismo
579 1675 998 1750 participibus.
1030 1677 1304 1746 Engaddi
1335 1693 1603 1752 namque
1648 1681 1790 1750 fons

1907 520 1968 574 in
1993 521 2311 591 Evangelia
2337 542 2348 578 :
2381 544 2409 577 ‹
2441 522 2564 594 Ego
2619 531 2676 582 et
2726 528 2900 583 Pater
2928 527 3260 596 veniemus,
3291 535 3348 587 et
3399 531 3572 590 man:

1909 610 2143 690 sionem
2196 613 2358 685 apud
2409 629 2548 670 eum
2602 613 2892 672 faciemus
2941 613 3141 684 (fecit.
3196 621 3338 692 xiv).
3373 622 3404 674 ὣ
3455 619 3570 679 S'eu

1905 699 2086 755 etiam
2137 701 2198 756 in
2243 701 2433 759 ubera
2490 718 2600 761 sua
2631 705 2891 762 Ecclesia
2918 707 3281 765 commorari
3309 701 3566 782 laetatur,

1903 788 2056 844 inter
2084 787 2218 845 illos
2247 793 2458 864 procul
2481 790 2670 850 dubio
2701 795 2856 852 viros
2879 797 2982 870 qui
3003 807 3114 870 pro
3138 790 3435 870 atate,vel
3455 803 3569 874 pro

1904 878 2296 950 possibilitate
2325 881 2476 938 lacte
2507 883 2792 940 doctrina
2819 901 2942 942 sua
2969 882 3566 962 spiritualiparvulos'

1904 970 2189 1026 nutriunt.
2229 973 2307 1028 De
2337 973 2558 1044 quibus
2589 975 2716 1047 ipse
2743 975 3033 1032 Dominus
3063 977 3205 1035 dicit
3231 995 3244 1034 :
3271 995 3298 1030 ά
3331 980 3389 1035 Si
3420 977 3570 1036 duo:

1904 1057 2020 1114 bus
2047 1058 2144 1114 vel
2172 1060 2360 1116 tribus
2400 1065 2746 1121 convenerit
2775 1073 2958 1140 super
2999 1071 3241 1139 terram,
3268 1061 3568 1142 quidquid

1902 1147 2177 1220 petierint
2204 1150 2266 1206 in
2311 1153 2556 1208 nomine
2587 1156 2724 1209 meo
2753 1153 2855 1211 ﬂet
2889 1156 2994 1211 eis.
3029 1179 3056 1206 »
3088 1160 3187 1214 Et:
3223 1178 3250 1206 α
3282 1157 3392 1214 Ubi
3421 1167 3568 1215 con:

1905 1239 2133 1310 gregati
2163 1239 2383 1298 fuerint
2413 1243 2535 1299 duo
2567 1241 2661 1299 vel
2685 1248 2801 1300 tres
2830 1245 2892 1301 in
2922 1247 3166 1304 nomine
3194 1257 3482 1322 meo,ego
3503 1247 3566 1308 in

1901 1327 2104 1384 medio
2135 1346 2343 1386 eorum
2389 1349 2524 1389 sum
2572 1335 2769 1406 (Matt.
2806 1337 2990 1407 me).
3023 1357 3052 1386 »
3086 1338 3352 1402 Quorum
3408 1339 3566 1396 unus

1903 1435 1976 1474 ex
2005 1419 2290 1478 uberibus
2323 1423 2446 1479 suis
2478 1423 2854 1480 auditoribus
2875 1413 3116 1484 dicebat
3143 1445 3156 1482 :
3193 1447 3221 1480 ς
3256 1431 3368 1484 Lac
3393 1430 3564 1486 vobis

1902 1513 2114 1581 potum
2139 1502 2277 1568 dedi
2308 1527 2431 1568 non
2455 1522 2659 1570 escam
2682 1517 2740 1584 (Ι
2760 1515 2896 1572 Cor.
2921 1514 3024 1580 1n).
3054 1537 3080 1566 »
3104 1519 3365 1573 Possunt
3385 1517 3566 1574 etiam

1904 1597 1953 1652 si
2001 1600 2097 1654 cui
2154 1600 2446 1674 placuerit
2497 1603 2619 1659 duo
2677 1600 2866 1661 ubera
2923 1605 3195 1662 Ecclesia
3243 1605 3481 1680 Moyses
3511 1595 3569 1664 et

1902 1683 2056 1743 Elias
2077 1689 2343 1762 intelligi,
2378 1689 2438 1748 in
2466 1707 2728 1766 quorum
2762 1685 2962 1751 medio
2996 1690 3454 1766 transﬁguratus
3501 1697 3565 1754 iit

107 1763 308 1861 medi,“
316 1763 413 1819 vel
445 1766 657 1861 ocutas
685 1766 844 1861 haedi
873 1767 1105 1861 dicitur,
1125 1767 1396 1861 videlicet
1413 1767 1787 1861 baptismum
1817 1789 1860 1861 Β
1901 1783 2103 1834 monte
2126 1781 2320 1850 Jesus,
2352 1763 2604 1838 dilectus
2639 1781 2912 1840 Ecclesia
2943 1785 3002 1840 in
3056 1763 3256 1843 futura
3309 1784 3564 1857 gloriam

108 1853 487 1926 signiﬁcans,
521 1854 626 1910 ubi
673 1871 745 1910 ex
792 1855 982 1912 hadis
1032 1857 1174 1927 agni
1225 1855 1582 1916 efﬁciuntur.
1615 1859 1788 1924 Quod

106 1949 316 1998 autem
350 1943 562 2000 oculus
594 1943 754 2001 haedi
772 1945 1218 2019 interpretatur,
1248 1947 1452 2021 ipsum
1485 1949 1784 2006 Christum

104 2034 325 2104 innuit,
357 2035 462 2107 qui
495 2039 582 2090 est
609 2035 714 2092 lux
768 2037 1042 2093 omnium
1099 2043 1486 2110 peccatorum
1538 2040 1783 2095 venien-

102 2124 258 2180 tium
293 2124 372 2180 ad
403 2139 486 2180 se.
543 2115 689 2182 Ecce
739 2125 1047 2182 brevitatis
1088 2144 1276 2186 causa
1335 2129 1454 2186 ista
1483 2129 1783 2186 succincte

101 2212 272 2269 dicta
321 2219 480 2279 sunt,
510 2219 578 2270 ut
621 2214 804 2271 menti
833 2215 1069 2272 lectoris
1119 2218 1238 2273 mei
1279 2218 1452 2274 citius
1481 2217 1782 2274 inculcen-

101 2309 220 2358 tur.
257 2301 376 2360 Sed
421 2305 567 2378 quia
614 2310 826 2362 sancta
887 2306 1148 2362 Ecclesia
1192 2307 1255 2362 in
1307 2307 1598 2364 membris
1659 2309 1781 2363 suis

101 2394 467 2466 mysterium
511 2395 813 2468 passionis
863 2397 1074 2452 Christi
1105 2397 1330 2454 imitari
1357 2397 1682 2461 desiderat,
1717 2403 1782 2454 ut

101 2485 183 2538 ad
228 2483 488 2554 gloriam
515 2486 967 2542 resurrectionis
999 2503 1137 2542 cum
1194 2487 1424 2546 Christo
1471 2489 1781 2560 perveniat

99 2579 158 2630 et
188 2589 314 2630 non
356 2589 497 2630 cum
544 2573 733 2632 hadis
787 2575 866 2633 ad
913 2577 1236 2645 sinistram,
1267 2579 1373 2634 sed
1401 2595 1538 2634 cum
1565 2577 1778 2634 ovibus

99 2665 412 2734 segregari
434 2671 736 2722 mereatur
767 2667 845 2722 ad
867 2667 1198 2740 dexteram,
1218 2669 1494 2724 dicamus
1519 2667 1772 2741 plenius.

99 2755 374 2829 Denique
420 2773 560 2812 cum
593 2757 862 2826 dixisset,
897 2779 924 2806 «
959 2756 1280 2814 fasciculus
1312 2759 1575 2833 myrrhae
1602 2757 1778 2813 dilec-

97 2851 196 2901 tus
227 2863 424 2914 meus,
463 2869 492 2897 »
525 2845 756 2903 addidit
783 2845 930 2904 mihi
957 2866 970 2904 :
996 2847 1282 2904 intellexit
1308 2865 1420 2922 pro
1445 2865 1556 2904 sua
1587 2849 1774 2905 salute

94 2937 285 2992 fuisse
322 2955 598 3010 passum,
647 2955 878 3012 suaque
929 2955 1041 3014 pro
1095 2939 1283 3010 gloria
1313 2939 1704 2996 resurrexisse
1739 2956 1776 2996 a

93 3027 378 3084 mortuis.
432 3027 529 3084 Ait
571 3025 837 3102 namque
873 3045 885 3082 :
925 3028 1261 3084 Fasciculus
1287 3029 1548 3102 myrrha
1597 3027 1774 3084 dilec-

95 3123 193 3171 tus
224 3117 396 3184 mihi,
429 3117 584 3174 inter
629 3117 816 3174 ubera
847 3135 984 3175 mea
1033 3119 1528 3176 commorabitur.
1563 3139 1592 3169 »
1625 3122 1768 3190 Myr-

91 3207 206 3263 rha
229 3207 532 3281 siquidem
565 3223 778 3266 amara
802 3207 1238 3282 interpretatur,
1267 3225 1404 3282 qua
1425 3209 1486 3264 in
1513 3224 1574 3262 se
1607 3209 1767 3264 salu-

91 3301 291 3352 tarem
325 3295 628 3367 signiﬁcat
647 3295 1050 3371 disciplinam,
1084 3314 1269 3372 quam
1316 3297 1378 3352 in
1410 3297 1640 3354 Christo
1669 3313 1768 3352 su-

91 3386 285 3459 scepit
313 3386 600 3458 Ecclesia,
628 3403 764 3460 qua
795 3404 905 3460 pro
937 3387 1069 3459 ejus
1111 3387 1357 3442 nomine
1409 3386 1469 3442 in
1518 3385 1770 3442 diversis

91 3476 388 3532 membris
409 3477 683 3533 diversas
713 3483 1148 3534 tormentorum
1176 3475 1609 3532 amaritudines
1635 3475 1770 3531 tole-

89 3567 310 3636 rando,
358 3565 682 3624 fasciculus
737 3568 1000 3641 myrrha
1059 3567 1312 3623 eﬂicitur
1367 3571 1425 3642 et
1478 3566 1766 3624 Christus.

87 3657 288 3712 Arbor
315 3673 462 3728 ergo
493 3656 778 3730 myrrha,
807 3657 881 3713 de
935 3675 1058 3731 qua
1085 3657 1291 3713 multis
1319 3657 1768 3712 inﬁrmitatibus

89 3747 370 3820 corporis
413 3747 762 3821 profuturus
823 3747 1085 3818 gignitur
1141 3763 1378 3816 succus,
1411 3745 1618 3801 similis
1677 3749 1769 3801 est

90 3837 282 3905 salici,
333 3837 742 3894 subtilissimis
793 3837 1199 3912 contortisque
1250 3836 1496 3908 virgulis
1544 3835 1604 3890 in
1633 3852 1764 3892 mo-

87 3927 242 3983 dum
287 3927 740 3995 fasciculorum,
769 3927 1150 3983 ramusculos
1202 3927 1280 3984 ab
1329 3927 1414 3982 eis
1451 3926 1556 4000 qui
1586 3925 1764 3982 arbo-

86 4035 227 4074 rum
281 4023 536 4076 naturas
595 4019 1060 4093 descripserunt,
1116 4017 1380 4092 proferre
1459 4017 1762 4074 asseritur.

85 4107 226 4164 Hac
253 4107 438 4180 igitur
478 4109 767 4183 praedicta
811 4109 1092 4178 Ecclesia,
1123 4106 1216 4163 vel
1249 4111 1456 4163 sancta
1481 4107 1766 4180 qualibet

85 4199 296 4256 anima
326 4198 430 4256 ubi
462 4215 570 4274 per
599 4204 834 4255 aeterna
865 4198 1000 4255 vita
1053 4197 1329 4254 auditum
1377 4196 1761 4252 dulcedinem

84 4281 302 4359 gustus
351 4289 600 4364 suscipit
646 4289 708 4346 in
766 4289 972 4366 sponsi
1020 4288 1330 4344 adventu:
1365 4286 1758 4342 multimodas

83 4385 140 4434 et
165 4397 411 4436 amaras
435 4381 750 4454 passiones
775 4378 972 4435 illatas
996 4393 1120 4434 non
1145 4377 1342 4447 sentit,
1367 4377 1482 4432 hoc
1515 4382 1603 4432 est
1632 4392 1759 4432 car-

82 4485 274 4540 ceres,
308 4470 539 4540 exsilia,
589 4469 1082 4542 proscriptiones,
1123 4483 1325 4522 rerum
1369 4465 1756 4538 prasentium

82 4561 444 4632 nuditatem,
476 4559 726 4633 famem,
759 4559 938 4628 sitim,
971 4556 1230 4628 vincula,
1251 4555 1446 4612 cades
1478 4556 1755 4628 injustas,

80 4652 478 4726 improperia,
511 4651 800 4726 pericula,
833 4648 1174 4721 naufragia,
1201 4645 1426 4703 imbres
1458 4645 1754 4721 lapidum,

80 4742 626 4816 pracipitationem
701 4735 1008 4815 profundi,
1066 4738 1494 4810 variarumque
1544 4753 1756 4811 poena-

78 4851 220 4891 rum
251 4833 499 4892 aculeos
547 4839 604 4891 et
646 4832 766 4890 alia
812 4830 1022 4888 multa.
1055 4831 1205 4886 Cum
1247 4830 1374 4886 hac
1429 4829 1757 4902 susceperit

79 4930 332 4998 propter
383 4928 638 4981 mortem
696 4923 790 4980 sui
845 4920 1276 4994 Redemptoris,
1333 4937 1473 4976 cum
1530 4936 1756 4991 magna

77 5016 288 5072 latitia
317 5015 460 5072 dicit
495 5031 509 5071 :
543 5036 571 5064 «
603 5012 946 5070 Fasciculus
991 5009 1253 5084 myrrha
1283 5009 1532 5066 dilectus
1581 5027 1752 5066 meus

75 5107 252 5165 mihi.
289 5129 319 5158 »
351 5108 501 5163 Cum
553 5121 697 5176 ergo
740 5104 820 5162 ad
864 5101 1084 5160 multas
1141 5099 1517 5157 inﬁrmitates
1543 5117 1580 5158 a
1627 5100 1754 5155 dia-

73 5197 223 5255 bolo
257 5197 513 5255 inﬂictas
535 5195 865 5266 sanandas,
888 5193 1108 5250 multas
1135 5209 1172 5250 a
1198 5193 1316 5248 Deo
1345 5189 1748 5264 correptiones

72 5285 374 5360 patienter
403 5281 729 5357 pertulerit,
758 5279 854 5338 vel
883 5279 1168 5348 diversas,
1213 5282 1278 5334 ut
1307 5292 1491 5350 supra
1519 5276 1747 5332 dictum

74 5379 185 5444 est,
222 5390 335 5449 pro
368 5373 502 5445 ejus
541 5371 788 5428 nomine
836 5370 1056 5440 illatas,
1089 5367 1366 5440 gaudens
1399 5365 1748 5422 sustinuerit

72 5465 413 5539 passiones,
443 5461 768 5520 fasciculus
811 5461 1074 5534 myrrha
1123 5459 1253 5530 ejus
1298 5455 1549 5513 efﬁcitur
1579 5455 1743 5512 Chri-

75 5561 222 5622 stus,
255 5555 335 5612 ad
366 5569 604 5610 ommes
651 5551 932 5608 vitiorum
963 5549 1210 5630 morbos
1239 5547 1313 5603 de
1349 5547 1398 5619 ej
1411 5564 1478 5602 us
1505 5551 1743 5618 pectore

73 5645 482 5718 expellendos.
525 5646 689 5701 Tunc
715 5641 844 5714 jam
877 5639 1144 5698 mundus
1197 5642 1422 5695 etcum
1467 5637 1745 5693 orationi-

73 5736 190 5792 bus
238 5741 510 5811 paratus,
562 5732 891 5808 hospitium
943 5730 1213 5786 divinum
1273 5737 1378 5796 est,
1433 5731 1497 5785 ut
1541 5726 1740 5801 ipsum

70 5828 198 5902 jam
223 5831 350 5887 tam
375 5839 612 5897 magna
635 5822 858 5882 ﬁducia
897 5821 1196 5880 Christum
1219 5819 1426 5878 invitet
1451 5819 1514 5876 in
1543 5819 1741 5876 cordis

1899 1865 2086 1940 ipsius
2135 1870 2408 1926 Ecclesia
2457 1885 2872 1929 commoraSSe
2918 1871 3246 1948 probaturi
3297 1875 3562 1950 quorum

1897 1957 2044 2013 alter
2070 1959 2436 2032 premissum
2469 1950 2749 2033 ostendit,
2783 1957 2929 2020 alter
2965 1963 3093 2034 jam
3147 1964 3386 2020 venisse
3415 1965 3564 2039 pra:

1895 2045 2114 2104 dicax-it
2131 2049 2189 2104 in
2211 2049 2712 2118 signiﬁcationem
2733 2051 2990 2108 duorum
3014 2053 3556 2116 Testamentorum;

1897 2137 2058 2192 Unde
2089 2137 2307 2194 dicitur
2339 2157 2352 2194 :
2399 2137 2462 2196 In
2495 2141 2696 2198 medio
2753 2141 3016 2197 duorum
3049 2143 3403 2200 animalium
3455 2155 3558 2201 eoi“-

1893 2227 2216 2292 guosceris.
2251 2231 2388 2294 Qua
2435 2229 2558 2286 duo
2605 2231 2982 2287 Testamenta
3047 2229 3234 2288 ubera
3289 2225 3427 2290 sunt
3457 2236 3559 2292 Ee-

1892 2314 2103 2370 clesia.
2135 2315 2398 2382 Quorum
2449 2319 2512 2374 in
2557 2318 2758 2375 medio
2807 2321 3068 2376 Christus
3123 2318 3552 2382 commeratur.

1893 2405 1957 2458 Et
1982 2405 2128 2476 quia
2157 2405 2458 2475 legislator
2483 2409 2734 2482 Moyses,
2761 2413 2818 2465 et
2838 2408 3091 2466 eximius
3120 2409 3555 2484 prophetarum

1895 2493 2067 2560 tilias,
2103 2497 2574 2554 sermocinanles
2603 2493 2844 2554 fuerunt
2873 2496 2945 2554 dc
2979 2517 3226 2556 excessu
3247 2499 3554 2575 passionis

1887 2581 2067 2650 illius,
2102 2590 2418 2660 propterea
2477 2585 2745 2660 sequitur
2777 2605 2789 2643 :
2821 2589 3031 2645 Botrus
3077 2583 3255 2664 Cypri
3302 2587 3552 2646 dilectus

1889 2689 2059 2728 meus
2086 2675 2253 2743 mihi,
2284 2675 2344 2731 in
2375 2676 2562 2732 vineis
2591 2678 2880 2747 Engaddi.
2916 2700 2943 2727 ››
2976 2679 3089 2734 Pro
3131 2677 3412 2735 omnibus
3443 2684 3554 2735 ter-

1887 2761 1986 2830 ris,
2025 2767 2085 2820 ut
2129 2763 2332 2825 fertur.
2372 2765 2570 2822 insula
2623 2768 2855 2840 Cyprus
2910 2767 3076 2823 mirae
3117 2765 3552 2840 magnitudinis

1883 2848 2090 2908 botros
2123 2871 2378 2912 uvarum
2426 2857 2668 2926 gignere
2721 2858 3170 2931 comprobatur.
3201 2859 3383 2932 Cujus
3425 2877 3553 2918 ma-

1883 2941 2212 3010 gnitudinis
2241 2943 2335 3000 illc
2367 2945 2600 3016 botrus,
2651 2945 2756 3020 qui
2785 2963 2821 3002 a
2851 2947 3092 3004 duobus
3118 2942 3442 3019 juvenibds
3473 2951 3549 3008 de

1883 3035 2038 3084 terra
2083 3034 2564 3096 repromissionis
2616 3035 2675 3090 in
2733 3035 3035 3091 desertum
3067 3037 3332 3109 perlatus
3365 3037 3548 3095 fuisse

1880 3117 2112 3190 legitur,
2145 3125 2201 3176 et
2229 3122 2333 3194 qui
2363 3123 2716 3178 omnimodo
2744 3124 3004 3192 ﬁguram
3033 3127 3328 3198 assumpti
3349 3127 3545 3183 homi-

1880 3209 1972 3263 nis
2003 3210 2210 3266 Christi
2245 3211 2656 3284 Redemptoris
2686 3213 2867 3268 nostri
2917 3213 3194 3282 signabat
3226 3231 3238 3268 :
3267 3231 3403 3288 qua
3435 3217 3544 3272 titi-

1878 3315 1997 3370 que
2024 3315 2133 3372 pro
2164 3297 2316 3369 loco,
2343 3301 2437 3358 vel
2466 3307 2754 3373 tempore,
2773 3301 2868 3358 vel
2890 3319 3094 3371 causa,
3119 3319 3258 3360 esca
3288 3309 3344 3360 et
3363 3311 3543 3378 potus

1878 3388 2149 3444 Ecclesia
2181 3389 2372 3446 factus
2403 3397 2487 3448 est
2531 3407 2638 3466 per
2694 3391 2961 3466 corporis
2990 3392 3084 3448 sui
3141 3395 3196 3449 et
3227 3394 3542 3466 sanguinis

1881 3485 2350 3537 sacramentum.
2392 3481 2646 3556 Cyprius
2696 3498 2836 3538 vero
2883 3484 3131 3540 tristitia
3185 3478 3278 3541 vel
3321 3501 3545 3542 maror

1877 3567 2316 3643 interpretatur.
2351 3571 2622 3644 Engaddi
2650 3573 2801 3628 sicut
2830 3571 3056 3629 dictum
3087 3577 3174 3630 est
3197 3570 3337 3645 fons
3361 3573 3538 3632 haedi.

1879 3661 1975 3713 Est
2023 3677 2166 3731 ergo
2196 3661 2403 3717 botrus
2445 3662 2622 3736 Cypri
2653 3663 2862 3719 amica
2911 3680 3034 3718 sua
3067 3663 3358 3733 Ecclesia,
3391 3657 3541 3722 dum

1875 3750 2294 3820 peccatoribus
2327 3752 2644 3824 tristitiam,
2678 3751 2771 3808 vel
2810 3769 3128 3808 maerorem
3175 3753 3540 3827 poenitentia

1874 3836 1937 3892 in
1969 3841 2270 3896 mentibus
2293 3842 2568 3909 seminat,
2599 3845 2662 3896 ut
2682 3857 2786 3897 eos
2809 3841 2887 3896 ad
2913 3839 3074 3898 illam
3104 3839 3540 3900 beatitudinem

1875 3927 2174 3998 sublimet,
2208 3930 2282 3986 de
2313 3947 2436 4004 qua
2468 3931 2594 4003 ipse
2624 3931 2685 3984 in
2713 3929 3034 4000 Evangelio
3079 3929 3226 3987 dixit
3258 3947 3271 3986 :
3305 3953 3332 3980 «
3373 3932 3537 3988 Beati

1871 4018 1976 4090 qui
2006 4015 2214 4088 lugent
2242 4036 2426 4092 nunc,
2457 4020 2601 4093 quia
2631 4019 2746 4094 ipsi
2789 4008 3262 4077 consolabuntur
3293 4021 3532 4093 (Matth.

1871 4109 1948 4178 ν).
1978 4131 2006 4157 ››
2040 4109 2152 4174 Qui
2183 4113 2247 4164 ut
2277 4109 2372 4164 ille
2403 4126 2587 4183 quem
2637 4109 2900 4165 diximus
2935 4125 2971 4165 a
2999 4109 3241 4166 duobus
3268 4109 3533 4186 populis,

1867 4197 2074 4253 Judao
2121 4197 2341 4254 scilicet
2367 4203 2768 4272 persecutore,
2803 4204 2858 4257 et
2886 4203 3161 4258 Romano
3214 4201 3398 4259 milite
3426 4201 3536 4258 im-

1867 4293 2136 4359 perante,
2166 4306 2202 4346 a
2231 4289 2535 4362 phalange
2565 4289 2626 4346 in
2675 4290 2868 4347 crucis
2916 4289 3255 4366 patibulum
3302 4293 3536 4351 levatus

1867 4382 1974 4432 est.
2007 4378 2117 4446 Qui
2150 4395 2344 4454 usque
2374 4377 2553 4436 hodie
2590 4396 2700 4454 per
2746 4380 3042 4440 tristitiam
3090 4398 3532 4459 maeroremque

1864 4467 2048 4524 vitam
2082 4469 2487 4526 conferentem
2543 4475 2830 4526 aternam
2882 4469 3154 4528 Ecclesia
3209 4475 3432 4543 genuit,
3469 4477 3533 4531 ut

1865 4558 2220 4629 praedictum
2264 4563 2372 4622 est,
2415 4559 2477 4616 in
2507 4561 2590 4616 eis
2635 4560 2738 4634 qui
2768 4566 2909 4634 post
2933 4561 3286 4618 innumeras
3316 4579 3534 4634 conge-

1862 4647 1979 4703 ries
2011 4649 2330 4706 criminum
2374 4651 2436 4706 in
2477 4650 2674 4706 sinum
2736 4649 3011 4707 Ecclesia
3059 4657 3526 4724 congregantur.

1865 4737 2079 4794 Cibum
2111 4755 2252 4796 vero
2283 4737 2613 4812 spiritalem
2639 4743 2696 4794 et
2723 4744 2935 4812 potum
2964 4739 3175 4796 botrus
3203 4741 3526 4814 pradictus

1861 4825 1923 4882 in
1948 4844 2011 4882 se
2041 4826 2422 4884 credentibus
2451 4827 2718 4902 quotidie
2765 4825 3203 4900 subministrat,
3235 4827 3330 4884 his
3373 4828 3527 4886 dun-

1864 4920 2028 4974 taxat
2047 4917 2150 4990 qui
2181 4919 2623 4987 congregantur
2651 4915 2712 4971 in
2741 4915 2927 4972 vineis
2958 4913 3252 4987 Engaddi,
3285 4917 3389 4974 ubi
3437 4914 3529 4976 est

1862 5005 1996 5061 fons
2025 5007 2202 5076 haedi,
2225 5007 2330 5080 qui
2377 5011 2464 5062 est
2511 5005 2878 5061 sacrosancti
2931 5000 3312 5078 baptismatis
3361 5007 3521 5080 fons,

1860 5098 1962 5153 ubi
1993 5098 2150 5154 haedi
2181 5096 2556 5153 descendunt
2602 5095 2706 5170 qui
2755 5100 2924 5152 erant
2953 5095 3287 5170 deputandi
3315 5116 3351 5156 a
3380 5101 3522 5158 sini-

1861 5189 1995 5243 stris
2018 5191 2152 5244 ante
2186 5185 2448 5244 tribunal
2463 5185 2704 5258 judicis,
2736 5189 2958 5244 aeterno
2988 5185 3113 5257 igni
3145 5188 3440 5258 tradendi,
3465 5194 3524 5246 et

1859 5276 2194 5334 ascendunt
2221 5275 2362 5347 agni
2412 5274 2803 5344 immaculati,
2837 5275 3007 5350 quia
3031 5277 3255 5335 dextris
3297 5278 3520 5350 judicis

1856 5372 2296 5438 congregemur
2323 5371 2546 5422 aterno
2601 5381 2788 5436 regno
2838 5365 3130 5424 donandi.
3161 5367 3400 5428 Certum
3427 5373 3518 5428 est

1855 5474 2018 5527 ergo,
2046 5463 2113 5514 ut
2137 5456 2292 5512 sicut
2317 5471 2440 5511 una
2465 5471 2612 5524 gens
2662 5455 2870 5511 Judaa
2899 5471 3006 5528 per
3059 5455 3332 5516 notitiam
3363 5455 3514 5529 legis

1853 5548 2070 5604 divina
2099 5546 2277 5602 vinea
2317 5543 2551 5600 Domini
2603 5547 3011 5617 nuncupatur,
3043 5543 3125 5603 ita
3155 5549 3212 5602 et
3262 5539 3515 5606 diversa

1853 5643 2057 5708 gentes
2107 5637 2182 5692 ad
2232 5634 2414 5691 ﬁdem
2467 5634 2677 5690 Christi
2729 5632 2991 5691 advecta
3049 5653 3156 5710 per
3217 5630 3517 5716 apostolo-

1849 5744 1986 5784 rum
2015 5725 2313 5782 culturam
2339 5729 2396 5780 et
2424 5723 2741 5781 doctorum
2785 5723 3144 5796 doctrinam,
3177 5723 3380 5784 multa
3429 5728 3512 5785 vi-

1848 5835 1978 5876 nea
2009 5815 2407 5890 appellantur.
2443 5817 2506 5872 In
2535 5829 2797 5888 quarum
2827 5815 3049 5886 medio,
3082 5819 3149 5876 ut
3175 5811 3403 5876 dictum
3423 5820 3514 5876 est
