3968 6388
426 283 530 338 583

1528 267 1886 326 ANGELOMI
1926 264 2400 321 LUXOVIENSIS
2438 261 2751 321 MONACHI

3754 261 3860 315 584

427 400 620 460 sancti
647 395 1032 471 baptismatis
1063 393 1196 450 fons
1227 396 1316 448 est
1347 408 1542 465 aqua,
1576 391 1654 447 ad
1683 406 1868 463 quem
1924 388 2084 444 hadi
2113 392 2162 442 A
2193 389 2305 446 tior
2332 389 2650 445 invenitur.
2673 385 2839 444 Oculi
2865 402 3008 456 ergo
3026 385 3210 441 duces
3232 385 3410 441 totius
3427 383 3700 456 corporis
3729 399 3861 438 esse

427 489 777 556 adveniunt,
796 493 861 543 ut
884 485 1024 556 agni
1053 483 1404 540 efﬁciantur.
1429 484 1570 548 Qua
1598 481 1784 536 vinea
1812 478 2084 548 Engaddi

427 596 554 638 non
580 579 807 644 vinum,
835 575 941 631 sed
980 574 1265 630 balsama
1307 572 1582 642 gignunt.
1619 569 1890 640 Engaddi
1921 569 2084 624 vicus

428 674 522 726 est
549 680 934 741 pramagnus
963 663 1024 718 in
1061 666 1217 718 terra
1261 661 1488 726 Judaa,
1516 660 1689 731 juxta
1737 674 1904 714 mare
1942 660 2086 714 Mor-

427 762 619 816 tuum.
644 758 784 820 Qua
835 759 993 809 terra
1031 751 1291 821 ﬁguram
1337 753 1493 806 tenet
1537 754 1705 806 terra
1732 747 2082 812 viventium,

429 847 532 903 ubi
583 847 725 900 sunt
771 841 958 898 vinea
983 839 1264 906 balsami,
1304 839 1460 895 intra
1514 838 1802 894 terminos
1851 839 2086 892 tantum

427 935 570 992 olim
615 931 826 1002 viginti
863 931 1147 1002 jugerum
1193 933 1381 986 erant.
1428 928 1829 1000 Posteaquam
1873 924 2087 981 eadem

425 1023 667 1094 regione
719 1019 975 1076 Romani
1026 1018 1194 1092 potiti
1244 1022 1403 1087 sunt,
1435 1017 1620 1073 etiam
1675 1016 1737 1072 in
1784 1012 2087 1070 latissimis

427 1110 678 1168 collibus
708 1112 1046 1182 propagata
1073 1112 1179 1174 est,
1210 1106 1388 1178 stirpe
1433 1104 1642 1160 similis
1671 1103 1795 1172 viti,
1825 1102 1980 1158 foliis
2009 1101 2085 1156 si-

425 1201 584 1259 milis
611 1203 784 1268 ruta,
808 1197 916 1254 sed
966 1194 1361 1252 albidioribus
1401 1209 1758 1266 semperque
1790 1189 2086 1246 manenti-

425 1290 568 1348 bus.
598 1287 789 1345 Arbor
819 1290 1022 1342 autem
1048 1284 1421 1350 balsamum,
1453 1283 1686 1353 lignum
1712 1279 2085 1338 chirobalsa-

427 1396 624 1448 mum,
653 1377 717 1435 id
742 1380 831 1433 est
858 1373 1240 1431 ramusculus
1270 1373 1399 1444 ejus
1439 1372 1675 1441 dicitur,
1711 1371 1939 1426 fructus
1968 1368 2088 1423 sive

431 1483 639 1527 semen
701 1463 1260 1538 carpobalsamum,
1310 1478 1524 1518 succus
1595 1459 2087 1534 opobalsamum.

434 1557 609 1624 Quod
647 1555 783 1612 ideo
810 1571 945 1610 cum
1001 1552 1333 1624 adjectione
1380 1550 1769 1621 signiﬁcatur,
1802 1565 1872 1604 eo
1922 1545 2091 1620 quod

432 1663 756 1722 percussus
778 1644 982 1701 ferreis
1013 1641 1253 1713 ungulis
1279 1646 1477 1698 cortex
1497 1639 1643 1709 ligni
1661 1656 1768 1712 pcr
1798 1652 2091 1694 cavernas

2191 478 2546 551 probantur,
2582 479 2709 532 sine
2763 475 2986 547 quibus
3031 479 3134 530 aut
3180 490 3300 530 non
3354 479 3548 546 potest
3578 472 3860 526 incedere

2192 583 2432 640 corpus,
2448 572 2554 622 aut
2569 566 2668 622 vix
2688 564 3053 621 offendendo
3076 563 3317 619 incedit.
3339 564 3403 619 In
3419 563 3644 636 quibus
3667 563 3862 617 sancti

2193 657 2468 712 doctores
2493 655 2901 724 intelliguntur
2933 653 3223 727 spirituali
3262 653 3394 708 visu
3423 651 3696 708 caelestia
3725 667 3864 706 con-

2193 744 2572 818 templantes,
2601 743 2706 817 qui
2735 747 2973 815 propter
3004 741 3444 815 simplicitatem
3473 746 3530 797 et
3574 741 3864 796 innocen-

2194 835 2339 890 tiam
2371 833 2668 889 columba
2714 835 3165 904 comparantur.
3202 834 3452 888 Possunt
3471 830 3654 886 etiam
3682 835 3742 884 et
3771 846 3866 884 sa-

2197 922 2466 978 cerdotes
2489 926 2650 978 recto
2679 920 2889 977 ordine
2920 919 3186 990 intelligi,
3217 919 3441 992 quibus
3472 923 3868 975 sacrosancta

2195 1011 2483 1085 mysteria
2508 1011 2832 1068 commissa
2854 1015 3011 1076 sunt,
3030 1009 3090 1065 in
3111 1025 3374 1082 quorum
3389 1007 3509 1064 ﬁde
3539 1008 3870 1063 decoratur

2196 1101 2475 1168 Ecclesia,
2504 1100 2564 1155 in
2587 1115 2848 1173 quorum
2878 1099 3001 1154 vita
3028 1097 3420 1154 immaculata
3444 1096 3869 1170 frequentibus

2194 1190 2477 1246 laudibus
2509 1189 2887 1244 sublimatur.
2913 1188 3165 1244 Pulchra
3187 1204 3454 1260 namque
3477 1192 3564 1243 est
3593 1186 3872 1242 mundis-

2197 1282 2418 1335 simam
2448 1280 2569 1334 Deo
2598 1277 2912 1334 scientiam
2938 1277 3300 1340 exhibendo,
3324 1276 3576 1349 pulchra
3603 1275 3872 1331 inimicis

2197 1373 2254 1424 et
2281 1367 2489 1424 alienis
2523 1383 2559 1422 a
2587 1366 2707 1422 ﬁde
2736 1365 2947 1422 Christi
2988 1364 3570 1439 irreprehensibilem
3617 1380 3872 1420 conver-

2198 1456 2492 1512 sationem
2523 1454 2941 1512 monstrando.
2965 1454 3300 1510 Adducitur
3320 1458 3377 1510 et
3405 1454 3574 1509 tertia
3604 1451 3872 1525 pulchri-

2199 1545 2421 1602 tudinis
2463 1545 2596 1600 laus
2645 1545 2706 1600 in
2754 1544 3032 1600 acumine
3061 1543 3396 1599 oculorum.
3431 1541 3869 1600 Columbarum

2201 1635 2362 1690 enim
2392 1639 2631 1704 natura,
2656 1651 2838 1706 super
2868 1633 2966 1689 illa
2996 1649 3132 1705 qua
3155 1632 3440 1699 diximus,
3463 1637 3521 1688 et
3543 1633 3660 1688 hcc
3686 1647 3872 1704 pecu-

433 1721 636 1794 eximii
655 1733 860 1790 odoris
877 1737 1109 1802 guttam
1129 1729 1394 1787 distillat.
1416 1733 1685 1786 Caverna
1706 1728 1866 1784 enim
1889 1728 2090 1783 Graco
2129 1743 2172 1796 3
2201 1725 2345 1780 liare
2374 1724 2596 1779 habere
2629 1724 2940 1796 probatur,
2971 1728 3038 1779 ut
3066 1722 3254 1778 hostis
3277 1721 3602 1778 adventum
3634 1725 3775 1792 post
3803 1737 3870 1775 se

434 1840 712 1882 sermone
738 1823 830 1898 ἀρὴ
877 1821 1111 1878 dicitur.
1142 1820 1322 1891 Cujus
1351 1823 1579 1889 guttam
1611 1817 1953 1874 adulterant
1983 1813 2090 1870 ad-

433 1914 615 1970 misto
658 1910 920 1983 Cyprino
956 1910 1088 1965 oleo
1130 1907 1223 1965 vel
1254 1907 1448 1964 melle.
1482 1907 1764 1962 Balsama
1812 1910 2011 1962 autem
2045 1903 2094 1959 si

433 2018 591 2077 pura
618 2000 857 2070 fuerint,
889 2003 1121 2054 tantam
1148 1998 1271 2053 vim
1310 1996 1556 2064 habent,
1592 2001 1656 2052 ut
1686 1995 1731 2051 si
1764 1993 1854 2050 sol
1879 2009 2094 2050 excan-

433 2090 648 2156 duerit,
681 2088 957 2146 sustineri
979 2087 1041 2144 in
1089 2103 1275 2143 manu
1303 2103 1426 2142 non
1475 2086 1730 2159 possint.
1765 2087 1843 2140 De
1872 2083 2096 2156 quibus

431 2177 619 2234 vineis
669 2177 842 2234 multi
889 2192 1060 2247 reges
1115 2175 1710 2248 transplantaverunt
1767 2171 2098 2229 arbuscula

432 2266 691 2324 balsami
715 2267 776 2322 in
806 2265 956 2335 aliis,
989 2265 1136 2322 locis
1163 2265 1257 2320 vel
1289 2265 1477 2328 terris,
1511 2264 1678 2337 quod
1708 2269 1765 2320 et
1789 2266 2097 2318 Romanos

432 2355 642 2413 fecisse
669 2356 906 2426 legitur,
935 2359 991 2411 et
1022 2354 1261 2427 penitus
1310 2353 1580 2410 radicare
1627 2357 1732 2408 aut
1771 2352 1966 2407 vivere
1991 2366 2096 2405 ne-

433 2443 775 2517 quiverunt.
797 2442 962 2500 Unde
984 2442 1210 2498 factum
1239 2446 1347 2513 est,
1371 2442 1522 2496 sicut
1552 2456 1738 2513 supra
1765 2439 2096 2508 innuimus,

434 2539 502 2590 ut
529 2534 592 2589 in
620 2531 834 2590 eodem
865 2531 960 2588 vel
1000 2531 1134 2587 loco
1163 2531 1259 2586 vel
1303 2531 1366 2586 in
1413 2530 1644 2586 eisdem
1695 2528 1921 2584 ﬁnibus
1972 2542 2100 2583 ma-

437 2635 627 2690 gnum
648 2619 917 2675 studium
935 2617 1322 2674 adhiberetur
1343 2633 1379 2672 a
1399 2616 1644 2686 regibus
1674 2615 1736 2671 in
1755 2613 2098 2688 plantandis

435 2707 624 2765 vineis
672 2707 1047 2778 gignentium
1094 2705 1391 2762 balsama.
1422 2709 1489 2761 Et
1536 2722 1672 2778 qua
1701 2705 1774 2760 sit
1799 2719 2004 2772 causa,
2036 2706 2101 2758 ut

437 2796 502 2852 in
525 2795 691 2852 nullo
721 2794 941 2868 cespite
972 2795 1331 2868 proveniant
1357 2795 1544 2850 vinea
1599 2793 1713 2849 nisi
1742 2793 1803 2848 in
1837 2792 1966 2849 sola
1993 2795 2101 2847 En-

439 2883 626 2957 gaddi
653 2900 851 2957 opera
879 2884 1136 2956 pretium
1169 2889 1260 2940 est
1302 2882 1647 2953 intelligere.
1680 2885 1851 2952 Reor,
1881 2886 1947 2936 ut
1975 2880 2101 2954 qui-

439 2974 585 3030 dam
607 2973 690 3029 ait
707 2973 1046 3041 doctorum,
1065 2973 1226 3029 hunc
1253 2988 1503 3029 succum
1522 2972 1741 3028 harum
1762 2972 2098 3040 vinearum,

2201 1813 2276 1869 de
2324 1812 2523 1883 longe,
2553 1817 2690 1868 ante
2734 1829 2796 1868 se
2840 1813 2900 1868 in
2934 1827 3097 1884 aqua
3146 1809 3506 1884 speculetur,
3534 1809 3870 1865 adventum

2203 1901 2424 1958 scilicet
2451 1901 2769 1974 accipitris,
2802 1918 2878 1956 ne
2905 1900 3102 1974 pullos
3131 1915 3340 1973 rapere
3372 1899 3564 1972 possit
3594 1898 3872 1954 conside-

2202 1994 2313 2046 rat.
2345 1989 2435 2047 Sic
2472 1989 2754 2045 nimirum
2810 1988 3003 2046 sancti
3051 1988 3326 2044 doctores
3381 1986 3765 2060 simplicitate
3815 1991 3874 2042 et

2203 2079 2543 2135 innocentia
2602 2078 2857 2152 praditi,
2887 2079 2971 2135 sic
3032 2077 3376 2134 sacerdotes
3425 2075 3699 2133 Ecclesia
3731 2092 3874 2132 acu-

2206 2170 2365 2225 mine
2412 2185 2535 2223 sua
2585 2167 3110 2241 contemplationis
3157 2167 3418 2224 ccelestia
3456 2165 3874 2238 contemplan-

2205 2262 2318 2314 tur.
2371 2259 2560 2329 Super
2601 2257 2828 2314 ﬂuenta
2879 2256 3321 2330 Scripturarum
3352 2255 3704 2311 meditando
3727 2255 3877 2310 resi-

2205 2347 2366 2411 dent,
2409 2352 2467 2402 et
2509 2345 2760 2402 insidias
2808 2346 3053 2409 diaboli,
3085 2345 3189 2418 qui
3229 2345 3466 2401 animas
3497 2343 3874 2400 credentium

2206 2451 2417 2508 rapere
2443 2434 2700 2503 festinat,
2734 2434 3204 2491 commonitione
3233 2449 3585 2491 sermonum
3615 2433 3737 2488 suis
3770 2449 3877 2488 au-

2207 2523 2503 2580 ditoribus
2535 2530 2600 2580 ut
2643 2529 2896 2581 caveant
2947 2524 3338 2597 pronuntiare
3378 2528 3679 2593 satagunt,
3710 2523 3874 2578 ideo-

2207 2629 2324 2686 que
2370 2613 2433 2668 in
2489 2613 2707 2669 talibus
2763 2611 3150 2686 pulchritudo
3201 2612 3479 2668 Ecclesia
3530 2611 3609 2668 ab
3642 2628 3876 2684 sponsa

2205 2700 2506 2757 laudatur.
2560 2702 2725 2757 Unde
2781 2700 3099 2774 pulchram
3157 2705 3216 2756 et
3272 2700 3587 2773 pulchram
3638 2701 3873 2772 repetit,

2207 2791 2353 2862 quia
2381 2789 2538 2846 hanc
2563 2790 2623 2846 in
2655 2790 2739 2847 eis
2765 2795 2821 2846 et
2850 2789 3277 2863 pradicatione
3305 2795 3361 2846 et
3388 2789 3621 2846 actione
3663 2789 3878 2845 lauda-

2208 2879 2392 2936 bilem
2422 2879 2588 2935 vidit.
2625 2880 2902 2954 Sequitur
2933 2899 2946 2936 :

2283 2993 2310 3019 α
2345 2971 2489 3025 Ecce
2513 2974 2576 3026 tu
2598 2969 2845 3042 pulcher
2875 2986 2958 3036 es,
2989 2971 3199 3026 dilecte
3228 2968 3332 3039 mi,
3357 2973 3414 3024 et
3440 2968 3727 3034 decorus;
3760 2966 3876 3023 lec-

439 3063 618 3118 unius
663 3062 805 3118 ﬁdei
846 3061 1289 3118 confessionem
1341 3061 1587 3132 intelligi
1616 3065 1832 3134 typum
1878 3065 2098 3150 tenere,
2131 3095 2172 3150 Ο
2211 3081 2239 3108 ‹‹
2282 3058 2443 3150 tulus
2463 3063 2667 3114 noster
2688 3058 3144 3150 ﬂoridus.»_»V:'ox
3166 3057 3436 3113 Ecclesia
3454 3056 3532 3112 ad
3551 3057 3870 3121 Christum,

437 3152 502 3209 in
521 3169 644 3225 qua
675 3167 813 3224 spes
847 3151 1116 3207 consistit
1142 3151 1434 3223 ﬁdelium,
1466 3151 1524 3207 in
1555 3167 1682 3224 qua
1713 3149 1953 3220 singula
1983 3165 2102 3204 me-

438 3240 710 3298 dicinalis
758 3240 909 3297 odor
956 3241 1156 3296 bonus
1202 3240 1434 3307 Christi,
1467 3241 1655 3296 vitam
1704 3239 1957 3295 mortuis
1979 3238 2102 3293 ani-

437 3329 662 3386 mabus
693 3328 950 3384 reddens
982 3328 1318 3398 germinare
1344 3328 1656 3402 probatur.
1689 3328 1770 3383 De
1813 3343 1938 3400 qua
1963 3342 2102 3382 con-

441 3417 696 3474 fessione
721 3433 1099 3490 quacunque
1123 3434 1270 3488 gens
1297 3418 1394 3474 vel
1423 3418 1626 3475 anima
1655 3417 1831 3474 malis
1864 3416 2100 3472 cultori-

439 3506 580 3574 bus,
599 3506 696 3562 vel
715 3505 1004 3562 hareticis
1025 3506 1308 3580 decerpta
1329 3506 1421 3562 vel
1458 3505 1896 3579 transplantata
1927 3504 2102 3560 fuerit

442 3595 677 3652 arescit.
709 3595 881 3661 Quod
901 3595 1103 3652 multis
1134 3595 1458 3652 animabus
1489 3595 1762 3651 evenisse
1788 3593 2098 3667 probatur,

440 3700 566 3757 qua
608 3701 670 3740 se
714 3683 793 3740 ab
837 3699 963 3740 una
1011 3683 1329 3740 verissima
1379 3684 1670 3755 praedicta
1724 3681 2101 3738 confessione

439 3773 581 3831 ﬁdei
617 3773 834 3830 evulsa
867 3779 925 3829 et
952 3773 1226 3829 arefacta
1277 3773 1567 3841 gehenna
1611 3771 1907 3844 pabulum
1954 3785 2104 3843 pra-

438 3864 718 3921 buerant.
754 3867 901 3920 Nam
927 3863 1078 3919 sicut
1107 3877 1329 3934 corpus
1363 3861 1488 3917 sine
1541 3877 1681 3917 esca
1711 3865 1766 3916 et
1791 3863 1938 3932 potu
1965 3859 2102 3914 sub-

442 3953 648 4011 sistere
692 3969 818 4009 non
868 3957 1083 4025 potest,
1122 3952 1204 4008 ita
1250 3951 1528 4006 Ecclesia
1575 3965 1724 4006 voce
1767 3949 2104 4005 declaratur

443 4043 572 4098 sine
612 4042 789 4098 botro
838 4041 944 4114 qui
985 4045 1074 4096 est
1119 4039 1407 4107 Christus,
1437 4045 1661 4096 aeterna
1703 4039 1824 4096 vita
1849 4039 1924 4094 de
1951 4038 2101 4094 calo

442 4131 836 4199 descendens,
859 4131 1058 4185 vivere
1098 4145 1221 4185 non
1244 4144 1442 4201 posse,
1474 4129 1622 4202 quia
1662 4129 1726 4186 in
1767 4129 1932 4185 nulla
1984 4128 2103 4185 alia

443 4224 602 4277 terra
626 4219 1130 4290 repromissionis,
1161 4218 1223 4273 in
1272 4218 1436 4277 nulla
1485 4219 1603 4276 alia
1653 4219 1833 4276 vinea
1874 4217 1988 4274 nisi
2040 4218 2102 4272 in

443 4308 632 4365 vineis
663 4307 940 4378 Eugaddi
986 4307 1066 4363 ab
1112 4307 1510 4366 esurientibus
1557 4313 1613 4365 et
1642 4308 1977 4366 sitientibus
2004 4308 2101 4379 ju-

445 4397 602 4453 stitia
629 4395 946 4467 invenitur,
970 4395 1030 4454 id
1061 4400 1152 4452 est
1201 4396 1262 4452 in
1293 4397 1459 4453 nulla
1491 4397 1953 4468 congregatione
1983 4396 2104 4451 ha-

444 4486 784 4553 reticorum,
812 4485 873 4541 in
903 4484 1070 4541 nulla
1101 4489 1262 4542 secta
1290 4486 1815 4559 philosophorum,
1847 4487 1908 4541 in
1937 4484 2104 4542 nulla

445 4575 790 4634 adulatione
821 4575 1366 4643 schismaticorum,
1393 4575 1498 4634 ubi
1529 4576 1581 4630 si
1631 4574 2104 4647 transplantatus

444 4665 620 4722 fuerit
670 4665 907 4738 aliquis,
953 4665 1239 4738 deceptus
1283 4665 1688 4738 perversitatis
1740 4680 1863 4723 sua
1917 4663 2104 4728 fama,

444 4755 674 4828 deperit
693 4755 1005 4812 arefactus.
1027 4756 1165 4810 Hac
1185 4755 1451 4828 profecto
1482 4753 1818 4824 intelligens
1845 4751 2108 4808 Ecclesia

445 4847 526 4902 ait
558 4865 571 4902 :
607 4865 636 4899 ‹
680 4849 888 4902 Botrus
927 4845 1125 4918 Cypri,
1154 4844 1403 4900 dilectus
1430 4860 1604 4903 meus
1630 4843 1800 4910 mihi,
1828 4841 1891 4896 in
1920 4839 2106 4897 vineis

444 4934 739 5005 Engaddi.
777 4957 806 4985 »
837 4934 1114 5007 Sequitur
1141 4953 1154 4989 :

521 5044 549 5071 κ
571 5025 718 5078 Ecce
735 5027 800 5078 tu
819 5023 1072 5094 pulchra
1088 5039 1174 5094 es,
1192 5021 1390 5077 amica
1411 5035 1566 5086 mea,
1583 5034 1719 5075 ecce
1741 5025 1803 5074 tu
1823 5019 2102 5092 pulchra:

450 5131 478 5158 «
512 5108 668 5166 oculi
684 5111 767 5164 tui
786 5109 1230 5165 columbarum.
1249 5129 1278 5157 ››
1305 5112 1436 5163 Post
1456 5122 1748 5177 genarum
1775 5114 1831 5164 et
1850 5108 1984 5164 colli
2010 5110 2107 5164 de-

449 5214 655 5255 coram
685 5213 922 5270 sponsa
947 5198 1143 5252 vicem
1172 5195 1482 5253 reddendo
1511 5195 1822 5254 oculorum
1849 5197 2108 5270 pulchri-

450 5287 596 5344 tudo
623 5286 906 5343 laudatur
932 5285 992 5340 in
1015 5284 1331 5340 doctorum
1361 5283 1733 5356 simplicitate
1759 5303 2027 5356 suorum,
2052 5290 2108 5341 et

450 5375 752 5448 geminato
800 5373 1104 5448 praeconio
1146 5373 1465 5429 absconso.
1499 5376 1564 5430 Et
1611 5375 1791 5435 totius
1842 5379 2107 5448 corporis

449 5466 854 5539 pulchritudo,
883 5470 940 5520 et
965 5463 1220 5530 lumina,
1255 5462 1676 5520 columbarum
1725 5465 1916 5521 oculis
1949 5482 2110 5521 com.

450 5559 764 5626 parantur.
797 5557 864 5609 Et
890 5552 973 5607 illi
993 5557 1421 5624 comparantur
1447 5559 1752 5623 creatura,
1775 5571 1911 5628 qua
1941 5571 2110 5611 man-

452 5642 787 5709 suetudine,
816 5640 1196 5713 fecunditate,
1247 5644 1524 5700 acumine
1576 5644 1756 5712 visus,
1802 5645 2108 5700 velocitate

451 5745 816 5804 pennarum,
840 5730 1124 5788 omnibus
1139 5731 1374 5804 aligeris
1391 5733 1802 5790 animantibus
1824 5738 2111 5805 praestan-

2209 3151 2292 3204 Ac
2319 3148 2364 3203 si
2388 3147 2548 3204 dicat
2571 3165 2584 3204 :
2609 3151 2694 3205 Tu
2716 3147 2881 3204 solus
2902 3148 3152 3221 pulcher
3171 3164 3255 3214 es,
3276 3162 3388 3216 ego
3421 3163 3492 3202 ex
3517 3151 3572 3201 te
3593 3146 3870 3220 pulchra.

2209 3238 2280 3293 Et
2311 3237 2455 3309 quia
2501 3237 2771 3307 intelligit
2796 3253 2919 3292 non
2947 3238 3073 3293 suis
3127 3236 3350 3292 meritis
3367 3235 3781 3307 justiﬁcatam,
3818 3241 3876 3290 et

2207 3326 2717 3399 pulchritudinem
2749 3326 3032 3382 virtutum
3082 3325 3162 3382 ab
3210 3326 3342 3398 ipso
3383 3324 3706 3397 accepisse,
3739 3341 3873 3379 suc-

2209 3432 2391 3471 censa
2421 3416 2480 3471 in
2511 3416 2642 3487 ejus
2687 3431 2914 3482 amore,
2937 3415 3147 3471 laudat
3177 3415 3306 3486 ejus
3336 3412 3869 3486 pulchritudinem.

2209 3507 2337 3560 Non
2368 3509 2563 3576 potest
2593 3503 2809 3576 aliquis
2856 3504 3197 3576 cujuspiam
3245 3517 3428 3575 quem
3475 3500 3666 3571 diligit
3694 3501 3871 3556 mini-

2209 3610 2325 3663 me,
2359 3593 2638 3648 decorem
2677 3593 2946 3657 laudare,
2983 3609 3092 3648 nec
3124 3596 3318 3664 potest
3355 3607 3495 3647 eum
3545 3591 3717 3660 cujus
3748 3607 3876 3646 mo-

2207 3684 2374 3738 ribus
2405 3698 2526 3738 non
2558 3683 2888 3738 concordat
2912 3682 3180 3753 diligere,
3215 3683 3369 3736 sicut
3424 3679 3742 3752 Apostolus
3771 3680 3876 3735 do-

2211 3778 2302 3829 cet
2329 3773 2536 3828 dicens
2564 3790 2576 3826 :
2604 3795 2632 3821 ‹‹
2662 3777 2865 3839 Nemo,
2894 3772 3104 3844 inquit,
3130 3771 3384 3844 loquens
3407 3771 3469 3826 in
3505 3770 3723 3842 Spiritu
3748 3770 3870 3837 Dei,

2210 3862 2352 3918 dicit
2412 3863 2737 3917 anathema
2793 3863 2952 3918 Jesu.
3012 3864 3080 3917 Et
3125 3861 3327 3917 nullus
3376 3860 3518 3916 dicit
3549 3859 3872 3915 Dominum

2207 3956 2431 4021 Jesum,
2477 3951 2594 4007 nisi
2645 3951 2707 4007 in
2751 3952 2969 4025 Spiritu
3023 3957 3231 4007 sancto
3273 3951 3332 4022 (Ι
3358 3951 3499 4006 Cor.
3541 3950 3662 4020 xu).
3695 3968 3725 4002 ›
3779 3949 3874 4006 Ille

2210 4056 2352 4110 ergo
2404 4040 2913 4113 pulchritudinem
2947 4040 3330 4113 speciemque
3378 4037 3573 4094 dilecti
3621 4038 3743 4094 Filii
3773 4039 3875 4093 Dei

2211 4134 2266 4186 et
2293 4130 2494 4185 videre
2521 4135 2715 4202 potest
2756 4134 2814 4185 et
2838 4129 3145 4187 laudando
3176 4127 3474 4194 extollere,
3504 4127 3608 4200 qui
3651 4129 3875 4182 sanctis

2211 4218 2494 4291 operibus
2539 4219 2815 4291 spiritum
2863 4219 2992 4288 ejus
3032 4218 3092 4273 in
3141 4233 3251 4273 sua
3290 4217 3594 4273 retinuerit
3650 4222 3878 4288 mente,

2211 4308 2470 4381 ideoque
2502 4308 2781 4380 prasenti
2807 4307 2964 4374 loco,
2993 4307 3258 4363 Ecclesia
3287 4306 3470 4378 plena
3498 4305 3710 4378 spiritu
3730 4306 3880 4361 veri-

2215 4397 2370 4467 tatis,
2399 4398 2550 4453 sicut
2568 4397 2694 4470 ipse
2727 4413 2988 4470 sponsus
3011 4397 3289 4469 superius
3321 4395 3596 4462 ostendit,
3631 4394 3876 4450 dicens:

2217 4491 2363 4543 Ecce
2414 4491 2477 4542 tu
2500 4487 2754 4560 pulchra
2809 4504 2893 4554 es,
2923 4486 3121 4543 amica
3145 4502 3303 4551 mea,
3337 4508 3364 4535 »
3397 4485 3492 4541 ille
3519 4485 3624 4557 qui
3653 4483 3714 4540 in
3747 4502 3879 4558 spe-

2215 4577 2367 4632 ciem
2395 4575 2693 4632 columba
2719 4576 2781 4631 in
2805 4577 3068 4632 Jordane
3103 4575 3178 4631 de
3219 4575 3370 4631 calo
3411 4589 3590 4646 super
3642 4590 3884 4630 assum-

2213 4670 2385 4738 ptum
2414 4664 2724 4722 homincm
2754 4665 3080 4732 descendit,
3111 4670 3166 4720 et
3208 4663 3718 4736 pulchritudinem
3747 4681 3882 4720 cor-

2212 4754 2376 4827 poris
2406 4755 2534 4824 ejus
2568 4754 2692 4810 sine
2735 4761 3003 4827 peccato,
3035 4761 3093 4810 et
3141 4754 3421 4810 decorem
3470 4768 3624 4808 vera
3658 4754 3878 4809 anima

2216 4843 2344 4898 sine
2375 4842 2693 4899 mendacio
2722 4849 2780 4899 et
2806 4844 2945 4899 dolo
2976 4858 3338 4912 agnoscens,
3363 4841 3670 4913 reciproca
3698 4843 3882 4912 gemi-

2213 4937 2476 5003 nataque
2524 4932 2689 4988 effert
2737 4931 2916 4988 laude
2949 4931 3246 4987 dicendo:
3282 4954 3308 4981 ‹‹
3339 4933 3484 4985 Ecce
3515 4934 3579 4984 tu
3628 4931 3881 5002 pulcher

2215 5038 2299 5084 es,
2351 5021 2561 5078 dilecte
2609 5022 2714 5088 mi,
2744 5027 2801 5078 et
2829 5023 3085 5078 decorus
3114 5020 3366 5077 lectulus
3396 5024 3599 5076 noster
3627 5019 3879 5076 ﬂoridus

2217 5109 2454 5180 (Ephes.
2478 5110 2558 5181 v).
2584 5131 2612 5159 ››
2637 5111 2920 5175 Quamvis
2947 5109 3169 5165 scilicet
3195 5109 3415 5164 decora
3435 5108 3615 5163 facies
3641 5108 3734 5162 vel
3755 5123 3885 5180 pre-

2216 5199 2366 5254 tiosa
2399 5198 2582 5254 vestis
2630 5200 2957 5270 pretiosum
2987 5197 3265 5254 ostendat
3309 5212 3548 5269 sponsa
3585 5212 3881 5268 sponsum

2215 5286 2425 5360 procul
2455 5287 2740 5358 positum,
2787 5294 2990 5347 tamen
3039 5303 3231 5359 usque
3265 5286 3344 5342 ad
3389 5284 3586 5341 lectuli
3630 5286 3885 5356 conjun-

2217 5377 2474 5432 ctionem
2497 5382 2849 5432 catcrorum
2869 5376 3284 5431 membrorum
3307 5375 3589 5429 decorem
3615 5374 3879 5443 ignorat.

2220 5466 2333 5522 Sed
2367 5466 2468 5521 ubi
2499 5465 2798 5522 celebrata
2829 5465 3007 5521 fuerit
3033 5465 3242 5535 legalis
3272 5463 3640 5534 conjunctio,
3673 5467 3733 5518 et
3761 5463 3886 5518 duo

2217 5555 2407 5610 effecti
2435 5555 2652 5611 fuerint
2681 5571 2823 5610 caro
2854 5571 2977 5613 una
3005 5554 3344 5610 secundum
3377 5553 3737 5607 sententiam
3765 5551 3887 5625 pri-

2217 5643 2301 5698 mi
2323 5643 2606 5711 hominis,
2634 5643 2800 5716 quod
2854 5647 3298 5699 sacramentum
3350 5639 3638 5709 magister
3665 5639 3888 5695 Paulus

2218 5733 2282 5788 in
2309 5733 2537 5791 Christo
2575 5737 2632 5789 et
2658 5733 2721 5788 in
2747 5732 3009 5789 Ecclesia
3049 5731 3349 5805 perlatum
3397 5729 3653 5786 asseruit
3679 5747 3694 5785 :
3717 5729 3805 5786 ita
3835 5733 3893 5785 et
