3968 6408
138 299 251 351 585

1368 300 1622 356 ENARR.
1667 301 1732 355 IN
1773 296 2080 356 CANTICA
2119 301 2390 358 CANTIC.

3493 321 3597 376 586

137 417 436 492 pradicta
483 417 683 475 amica
724 434 918 492 usque
959 419 1036 476 ad
1069 420 1390 494 sepultura
1421 422 1585 479 diem
1617 421 1823 478 dilexit
1850 422 1899 476 A
1929 424 2207 481 membra
2234 430 2426 497 sanet,
2458 443 2694 486 vermes
2741 429 3012 488 ulcerum
3063 439 3255 505 necet,
3283 440 3342 494 et
3386 454 3424 496 a
3460 456 3596 498 mu-

134 508 394 581 quidem
441 507 846 565 desiderando
887 509 1017 580 ejus
1043 509 1390 582 adventum,
1422 511 1620 567 visum
1651 527 1821 568 oscu-

136 599 458 673 latumque
481 599 775 670 laudavit,
807 599 914 655 sed
944 604 1145 657 tamen
1177 601 1376 657 omnis
1403 617 1596 673 amor,
1629 602 1820 658 omni-

1929 529 2168 571 scarum
2193 515 2415 572 aculeis
2444 524 2738 590 peruncta
2785 537 3040 594 corpora
3083 523 3384 584 defendat.
3415 530 3597 602 Cujus

1927 603 2160 660 arboris
2188 604 2354 676 ligno
2380 623 2520 664 cum
2550 624 2714 682 aqua
2741 610 2879 667 viva
2908 617 2966 668 et
3003 612 3291 672 fasciculo
3318 617 3591 693 hyssopi,

133 705 294 756 sque
325 689 556 762 species
584 689 818 746 decoris
847 688 899 760 ej
911 707 978 744 us
1006 705 1042 746 a
1068 694 1338 763 tempore
1366 692 1818 748 resurrectionis
1927 707 2108 749 cocco
2134 693 2376 766 alligato
2402 696 2463 752 in
2491 714 2638 754 vase
2680 698 2861 767 ﬁctili,
2891 708 3278 774 peccatorum
3303 688 3596 766 emunda-

133 795 342 852 usque
387 779 466 836 ad
518 780 908 836 constitutum
958 780 1302 852 terminum,
1335 781 1414 837 ad
1460 781 1816 839 effusionem

133 866 458 936 sanguinis
500 883 612 940 pro
656 867 787 938 ejus
831 869 1076 924 nomine
1125 869 1471 942 pervenisse
1502 869 1813 942 probatur.

133 952 384 1007 Lectum
410 967 677 1025 namque
703 951 1010 1022 ﬂoridum,
1036 952 1098 1009 id
1119 957 1211 1009 est
1236 970 1519 1027 sparsum
1539 954 1810 1025 ﬂoribus,

131 1040 242 1096 ubi
275 1041 406 1112 ejus
436 1041 965 1115 pulchritudinem,
995 1043 1398 1117 decoremque
1425 1044 1488 1101 in
1525 1045 1812 1102 omnibus

133 1130 435 1187 membris
465 1132 730 1202 agnovit,
763 1133 1111 1205 sepulcrum
1141 1133 1375 1190 Domini
1403 1149 1512 1207 per
1531 1134 1815 1205 anigma—

128 1222 198 1274 ta
221 1219 303 1275 ab
329 1219 590 1276 Ecclesia
604 1220 951 1292 intelligitur
971 1222 1220 1291 dictum,
1238 1223 1342 1279 ubi
1357 1223 1523 1296 quod
1540 1239 1813 1296 assump-

129 1312 298 1365 serat
327 1325 550 1383 corpus
582 1310 848 1366 Verbum
897 1312 1110 1380 Patris,
1141 1311 1464 1369 recubasse
1495 1311 1808 1385 probatur.

132 1398 409 1456 Floridus
439 1403 642 1457 autem
671 1400 861 1457 lectus
883 1402 1050 1473 justa
1080 1401 1311 1459 ratione
1333 1402 1717 1476 pradicatur,
1748 1403 1810 1459 in

127 1504 262 1562 quo
307 1493 583 1546 aromata
609 1489 703 1546 vel
757 1489 888 1546 aloe
946 1507 1084 1564 qua
1131 1491 1206 1548 de
1255 1491 1460 1548 multis
1493 1491 1810 1566 speciebus

127 1577 467 1635 herbarum
519 1579 712 1636 succis
777 1579 874 1636 vel
919 1580 1169 1637 ﬂoribus
1219 1586 1345 1637 arte
1408 1581 1810 1654 pigmentaria

127 1668 496 1741 composita,
531 1685 671 1725 cum
703 1669 915 1726 Christi
965 1685 1216 1743 corpore
1262 1669 1609 1728 intromissa
1647 1675 1805 1742 sunt,

1926 780 2006 837 tio
2031 796 2139 854 per
2165 785 2575 855 aspersionem
2607 786 2677 842 in.
2694 788 2883 844 Veteri
2913 789 3300 850 Testamento
3332 795 3595 854 celebra-

1924 873 2038 926 tur.
2069 872 2243 938 Quod
2293 889 2454 930 nunc
2506 875 2568 931 in
2623 877 2866 935 veritate
2919 895 3027 952 per
3057 884 3454 957 sacerdotem,
3484 902 3594 960 per

1923 959 2297 1033 baptismum
2329 968 2386 1020 et
2406 981 2514 1036 per
2542 968 2902 1037 sanguinem
2934 970 3163 1041 Christi,
3187 974 3293 1046 qui
3317 959 3503 1032 unius
3526 977 3594 1032 ﬁ-

1906 1049 2020 1107 dei
2049 1050 2461 1110 multitudines
2480 1071 2589 1128 per
2612 1055 2836 1114 fascem
2854 1058 3292 1134 circumplexas
3320 1081 3358 1122 a
3381 1064 3591 1122 diabo-

1920 1138 1962 1194 li
1991 1139 2367 1198 infestatione
2407 1143 2757 1214 defendens,
2791 1152 3015 1205 aterna
3063 1155 3121 1207 et
3162 1151 3224 1208 in
3275 1155 3590 1228 temporali

1921 1233 2309 1301 peccatorum
2339 1231 2696 1290 remissione
2743 1234 3030 1292 celebrari
3059 1239 3331 1298 docetur.
3364 1245 3589 1300 Domus

1925 1317 2194 1375 videlicet
2225 1319 2346 1376 Filii
2377 1321 2478 1377 Dei
2506 1326 2564 1378 et
2607 1323 2906 1392 Ecclesia,
2931 1329 3349 1387 conventicula
3377 1331 3590 1405 populi

1921 1406 2256 1476 Christiani,
2272 1408 2377 1465 ubi
2401 1410 2688 1482 pradicta
2709 1413 3045 1488 redemptio
3067 1417 3414 1476 animarum
3437 1421 3589 1478 cele-

1917 1490 2147 1562 bratur,
2175 1494 2238 1551 in
2263 1499 2387 1554 toto
2415 1498 2647 1556 mundo
2677 1516 2806 1557 esse
2828 1508 3179 1562 noscuntur.
3201 1508 3344 1572 Qua
3368 1507 3589 1564 domus

1917 1581 1994 1638 de
2035 1582 2402 1653 doctoribus,
2443 1588 2567 1645 imo
2622 1606 2659 1646 a
2705 1591 3072 1662 doctoribus,
3106 1610 3317 1652 eorum
3367 1597 3592 1654 scilicet

1917 1670 2206 1730 doctrina
2251 1675 2626 1734 ferramentis
2669 1678 2887 1736 dolatis
2925 1681 3208 1740 fabricari
3234 1685 3588 1758 probantur,

125 1757 360 1830 quibus
390 1773 461 1814 eo
489 1763 839 1829 resurgente
873 1759 1222 1832 sepulcrum
1261 1765 1350 1817 est
1375 1776 1712 1835 aspersum.
1742 1766 1806 1819 In
1837 1784 1879 1840 Β
1915 1759 1977 1816 in
2007 1777 2272 1834 quorum
2292 1767 2596 1823 mentibus
2616 1769 2908 1826 Dominus
2927 1757 3268 1829 inhabitare
3281 1774 3585 1846 dignatur.

125 1847 310 1918 cujus
338 1846 612 1904 doctrina
643 1847 922 1912 Ecclesia.
954 1848 1017 1904 id
1070 1853 1159 1905 est
1205 1847 1476 1905 ﬁdelium
1507 1849 1704 1918 turba,
1735 1850 1804 1906 li-

122 1935 426 1992 bertatem
455 1936 701 2010 invenit,
733 1936 795 1993 in
825 1941 1016 1994 morte
1049 1938 1252 2007 vitam,
1286 1939 1350 1995 in
1385 1939 1696 2012 sepultura
1727 1940 1804 1997 si-

122 2023 404 2096 lentium,
435 2025 498 2081 in
520 2025 687 2082 duris
723 2025 1040 2083 laboribus
1069 2028 1362 2101 requiem,
1390 2045 1546 2101 quos
1575 2029 1803 2088 damo-

121 2130 280 2170 num
328 2113 538 2185 ﬂagris
590 2122 725 2172 acta
781 2115 1129 2173 exsolvebat
1176 2117 1462 2190 quotidie,
1498 2117 1600 2174 ubi
1628 2135 1804 2176 verus

119 2202 316 2260 homo
346 2219 455 2277 per
480 2204 880 2261 inclusionem
915 2205 1203 2278 corporis,
1234 2205 1347 2263 sub
1372 2206 1702 2280 impiorum
1730 2209 1805 2265 si-

121 2293 390 2364 gnaculo
433 2298 822 2351 conversatus
864 2295 1271 2366 cognoscitur,
1311 2301 1368 2353 et
1414 2313 1592 2353 verus
1645 2300 1802 2354 Deus

121 2382 445 2453 designato
489 2383 765 2456 sepulcro
793 2385 1168 2455 resurgendo
1199 2399 1502 2454 egressus.
1538 2385 1647 2442 Ubi
1685 2386 1799 2444 sub

121 2472 430 2530 vocabulo
481 2471 679 2529 lectuli
709 2472 834 2529 Filii
874 2473 975 2530 Dei
1023 2477 1080 2530 et
1133 2473 1406 2531 Ecclesia
1453 2475 1797 2546 conjunctio

121 2561 452 2631 celebrata,
486 2563 592 2619 ubi
623 2580 762 2620 cum
793 2579 864 2620 eo
899 2563 1158 2622 Ecclesia
1187 2563 1603 2621 delectabilem
1635 2582 1797 2623 som-

117 2667 276 2708 num
304 2652 612 2726 passionis
637 2657 694 2710 et
714 2653 1007 2725 gaudium
1032 2658 1268 2711 aterna
1290 2654 1654 2725 vigilationis
1675 2672 1798 2712 me—

115 2742 242 2799 ruit
261 2743 552 2813 invenire,
585 2743 883 2801 clamante
909 2743 1199 2818 Apostolo
1216 2745 1295 2802 ad
1317 2746 1367 2816 ej
1378 2762 1448 2800 us
1473 2745 1753 2804 membra
1777 2764 1791 2803 :

117 2856 149 2883 ‹‹
177 2834 234 2889 Si
283 2833 505 2890 mortui
547 2833 686 2890 estis
736 2851 876 2890 cum
922 2835 1173 2902 Christo,
1205 2852 1343 2909 qua
1383 2852 1624 2892 sursum
1657 2840 1798 2893 sunt

114 2924 394 2998 quarite,
425 2923 530 2981 ubi
585 2924 850 2982 Christus
898 2929 991 2982 est
1044 2925 1108 2981 in
1164 2925 1409 2984 dextera
1457 2927 1560 2984 Dei
1607 2927 1794 2985 Patris

114 3015 346 3084 (Colos.
377 3014 485 3087 ιιι).
512 3037 540 3064 ››
580 3013 673 3070 Ad
717 3014 891 3086 cujus
928 3015 1426 3072 resurrectionem
1473 3020 1532 3073 et
1559 3021 1793 3074 mentes

1918 1852 2057 1922 Ipsa
2081 1851 2329 1910 cedrina
2363 1855 2530 1926 ligna
2557 1855 2951 1930 imputribilia
2988 1861 3456 1934 pradicatorum
3486 1864 3592 1922 do-

1914 1955 2158 1997 morum
2205 1941 2636 2014 intelliguntur,
2667 1963 2806 2019 qua
2835 1963 2947 2004 nec
2975 1949 3340 2008 stultissimis
3380 1955 3589 2026 nequi-

1914 2029 2134 2088 tiarum
2165 2033 2598 2104 cogitationum
2639 2039 3197 2109 suggestionibusa
3228 2057 3338 2098 suo
3371 2044 3589 2100 sancti-

1914 2120 2049 2176 tatis
2092 2120 2309 2178 robore
2351 2123 2702 2197 depereunt,
2735 2132 2793 2182 et
2823 2143 3062 2201 semper
3087 2133 3393 2188 transacta
3441 2131 3588 2188 obli-

1911 2208 2222 2280 viscentes,
2255 2211 2336 2268 ad
2385 2229 2458 2269 ea
2504 2229 2642 2286 qua
2694 2216 2995 2273 anteriora
3023 2221 3164 2274 sunt
3206 2218 3370 2276 bona
3397 2237 3578 2294 opere

1914 2298 2044 2355 sine
2072 2299 2516 2358 intermissione
2541 2302 2702 2360 velut
2730 2304 2888 2360 cedri
2907 2307 3175 2380 quotidie
3203 2315 3495 2378 crescunt,
3518 2309 3584 2366 id

1913 2393 2002 2444 est
2028 2388 2501 2464 multiplicantur
2547 2399 2894 2451 sanctorum
2925 2395 3220 2454 fructibus
3249 2404 3312 2454 in
3343 2400 3581 2472 adjuto-

1912 2477 2071 2534 rium
2098 2483 2444 2537 sanctarum
2471 2481 2652 2538 lucris
2683 2483 3047 2555 animarum,
3076 2503 3339 2560 quorum
3362 2506 3581 2547 succus

1913 2569 2208 2625 sermonis
2246 2569 2342 2626 vel
2372 2571 2801 2630 consolationis
2851 2575 2930 2631 ab
2961 2575 3183 2632 aculeis
3231 2577 3581 2637 daemonum

1910 2657 2146 2714 animas
2171 2657 2458 2730 defendit,
2483 2665 2540 2716 et
2570 2661 2828 2718 inﬂictas
2853 2662 2983 2734 jam
3014 2664 3164 2722 olim
3193 2666 3578 2726 sordidorum

1906 2745 2245 2805 facinorum
2300 2751 2766 2808 consuetudines
2809 2753 3130 2811 vulnerum
3171 2761 3363 2821 sanat,
3394 2762 3451 2815 et
3478 2775 3580 2815 ne-

1905 2837 2342 2910 quissimarum
2390 2841 2824 2911 cogitationum
2880 2859 3114 2900 vermes
3163 2845 3467 2904 interimit.
3509 2851 3574 2904 In

1904 2927 2129 3000 quibus
2144 2928 2326 2999 digne
2343 2929 2422 2985 ad
2436 2929 2892 2988 delectationem
2911 2932 3336 3004 habitantium,
3351 2935 3574 2993 domus

1902 3021 2060 3074 recte
2087 3016 2370 3074 ﬁdelibus
2410 3021 2762 3092 cypressina
2789 3019 3101 3094 laquearia
3140 3023 3325 3080 afﬁxa
3354 3024 3579 3098 depen-

112 3104 442 3160 hominum
474 3103 553 3160 ad
582 3103 985 3161 habitandum
1015 3104 1256 3178 Spiritui
1295 3110 1525 3177 sancto,
1555 3110 1614 3163 et
1639 3110 1795 3163 tecta
1829 3144 1874 3203 ϐ
1901 3105 2072 3203 dunt.
2099 3107 2375 3203 Cypressi
2403 3123 2672 3182 namque
2701 3109 2936 3179 lignum
2957 3126 3149 3166 manu
3175 3112 3417 3168 artiﬁcis
3434 3130 3576 3170 run-

112 3193 663 3264 congregationum
712 3193 1087 3250 credentium
1144 3194 1413 3268 quotidie
1449 3210 1794 3269 praparan-

111 3289 233 3351 tur,
267 3283 449 3340 etiam
481 3283 784 3340 visibiliter
811 3299 1000 3357 quam
1048 3283 1524 3341 innumerabiles
1567 3284 1792 3341 domus

112 3373 221 3429 Dei
252 3377 310 3429 et
343 3372 616 3429 Ecclesia
647 3373 774 3429 sine
804 3374 1139 3430 cessatione
1171 3374 1339 3430 omni
1371 3379 1638 3447 tempore
1669 3391 1794 3431 am-

111 3462 402 3537 pliantur,
436 3467 495 3519 et
544 3462 620 3518 de
647 3462 870 3536 quibus
903 3468 1005 3520 aut
1034 3479 1070 3520 a
1099 3463 1383 3536 qualibus
1414 3463 1679 3520 materiis
1712 3464 1795 3521 ta-

111 3553 446 3620 bricentur,
481 3556 587 3608 aut
639 3568 828 3625 quam
876 3552 1177 3610 durabilia
1225 3552 1345 3610 sint
1399 3552 1494 3609 vel
1549 3552 1791 3624 decora,

113 3640 324 3698 docuit
363 3639 642 3697 dicendo.

191 3755 219 3782 ‹‹
237 3732 429 3803 Tigna
454 3731 781 3788 domorum
807 3735 1153 3788 nostrarum
1185 3731 1449 3795 cedrina,
1483 3731 1795 3806 laquearia

114 3844 146 3871 ‹‹
173 3819 592 3893 cypressina.»
621 3820 738 3878 Sed
769 3819 1084 3877 sciendum
1113 3824 1202 3877 est
1229 3821 1374 3894 quia
1403 3821 1658 3894 quidam
1689 3821 1794 3878 do-

114 3916 356 3968 ctorum
401 3911 618 3967 lectum
639 3910 926 3982 ﬂoridum
956 3925 1172 3984 pacem
1196 3909 1535 3982 intelligunt
1570 3915 1793 3967 sancta

115 4000 394 4057 Ecclesiae
425 3999 488 4056 in
513 4016 657 4073 qua,
684 4015 896 4056 secura
924 4015 962 4056 a
990 3999 1252 4056 tumultu
1280 3999 1563 4056 vitiorum
1602 4005 1660 4056 et
1683 3999 1792 4056 do-

112 4091 355 4149 minatu
374 4089 785 4162 malignorum
808 4090 1150 4164 spirituum,
1170 4090 1232 4146 in
1258 4091 1488 4148 Christo
1517 4090 1790 4164 quiescit,

112 4186 174 4239 et
200 4180 498 4238 virtutitus
531 4180 756 4237 sanctis
781 4180 1065 4252 ﬁorescit,
1085 4183 1141 4236 et
1156 4179 1449 4253 spirituali
1478 4181 1625 4236 ﬂore
1641 4179 1795 4236 mul-

114 4271 440 4345 tiplicatur.
476 4269 591 4328 Sed
635 4285 769 4338 nos,
803 4274 870 4326 ut
898 4268 1216 4342 capimus,
1251 4269 1626 4342 superiorem
1657 4285 1793 4326 sen-

114 4378 257 4418 sum
283 4377 710 4434 exsequamur.
747 4360 1101 4434 Sepulcrum
1127 4359 1364 4416 Domini
1388 4358 1676 4416 lectulum
1705 4359 1794 4416 in-

112 4451 461 4522 telligimus,
494 4450 599 4506 ubi
629 4465 772 4507 caro
802 4449 994 4524 ipsius
1011 4465 1125 4524 per
1154 4465 1435 4522 soporem
1460 4449 1670 4505 mortis
1691 4465 1794 4505 ve-

112 4539 206 4598 lut
231 4539 296 4596 in
320 4539 540 4598 lectulo
565 4539 810 4613 quievit,
831 4538 1002 4612 quod
1025 4554 1164 4596 vere
1192 4537 1395 4596 ﬂoruit
1413 4553 1522 4612 per
1538 4537 1794 4610 gloriam

112 4631 594 4690 resurrectionis.
632 4631 724 4688 Ait
773 4630 937 4688 enim
991 4629 1232 4688 divinus
1281 4645 1516 4687 sermo:
1562 4630 1797 4702 «Tigna

115 4722 448 4779 domorum
473 4724 821 4780 nostrarum
847 4719 1114 4794 cedrina,
1136 4720 1443 4794 laquearia
1470 4723 1677 4778 nostra
1698 4738 1798 4794 cy-

115 4811 415 4886 pressina.
443 4833 470 4862 »
497 4811 683 4882 Tigna
707 4815 766 4868 et
791 4810 1106 4884 laquearia
1150 4810 1426 4868 doctores
1474 4814 1617 4867 sunt
1645 4810 1796 4868 forte

115 4907 174 4958 et
205 4900 540 4974 auditores,
568 4901 690 4958 sive
731 4900 918 4958 corda
964 4899 1291 4957 electorum
1327 4904 1575 4973 propter
1600 4899 1798 4956 muni-

114 5007 263 5049 men
305 4995 365 5048 et
407 4991 712 5060 decorem,
747 4990 995 5048 cedrina
1041 4993 1099 5047 et
1149 4989 1522 5064 cypressina,
1549 4993 1798 5064 propter

115 5081 375 5138 eximias
405 5080 653 5138 virtuta
683 5081 936 5138 odorem
956 5079 1136 5137 bona
1165 5079 1302 5136 vita
1322 5083 1381 5135 et
1403 5079 1800 5152 incorruptio-

114 5187 270 5227 num
296 5169 460 5238 dicit,
491 5169 554 5227 in
583 5170 808 5244 quibus
839 5168 1108 5226 Christus
1138 5166 1460 5241 requiescit
1487 5165 1648 5224 velut
1679 5166 1796 5223 sub

114 5263 379 5317 tecto.Et
403 5263 469 5318 ut
493 5259 870 5318 manifestius
893 5261 1113 5332 pateat,
1147 5257 1425 5315 dicamus
1454 5255 1571 5313 sub
1601 5271 1797 5313 exem-

115 5351 260 5426 plo:
322 5355 547 5409 Natura
599 5350 922 5408 cedrorum
981 5365 1220 5422 semper
1276 5361 1542 5405 crescere
1589 5345 1796 5416 fertur,

116 5457 230 5499 nec
263 5440 596 5515 aliquando
627 5440 840 5499 sinitur
887 5440 970 5497 ire
1007 5439 1070 5496 in
1101 5441 1427 5508 senectam,
1461 5435 1800 5494 secundum

117 5531 266 5588 illud
295 5531 791 5604 Psalmographi:
839 5533 1092 5587 «Justus
1125 5532 1191 5585 ut
1212 5526 1423 5601 palma
1455 5525 1710 5597 tlorebit,
1744 5528 1803 5584 et

121 5622 276 5678 sicut
314 5621 533 5679 cedrus
590 5619 800 5678 Libani
842 5617 1337 5692 multiplicabitur
1381 5617 1569 5687 (Psal.
1600 5619 1738 5683 XCI).
1771 5637 1800 5666 ››

124 5713 393 5776 Quarum
453 5711 748 5768 arborum
801 5725 1040 5777 succus,
1077 5708 1251 5779 juxta
1301 5705 1620 5780 opiniones
1677 5720 1802 5760 me-

123 5799 422 5870 dicorum,
454 5802 640 5857 tanta
686 5798 919 5855 virtutis
951 5800 1060 5867 est,
1093 5801 1157 5853 ut
1203 5795 1440 5854 diversa
1476 5809 1802 5868 corporum

414 5890 672 5945 Punon.
713 5902 821 5942 αν

1909 3195 2178 3252 cinatum
2212 3196 2501 3253 decorum
2531 3202 2775 3270 praestat
2804 3202 3118 3271 aspectum
3137 3203 3196 3256 et
3215 3199 3467 3256 odorem
3482 3201 3578 3273 ju-

1902 3284 2345 3342 cundissimum
2375 3285 2574 3343 reddit
2591 3286 2642 3343 ei
2668 3287 2748 3343 ad
2770 3287 2993 3344 multas
3017 3289 3334 3361 passiones
3357 3305 3572 3364 corpo-

1898 3375 2002 3444 ris,
2035 3375 2349 3432 medicina
2375 3376 2656 3434 virtutem
2685 3377 2748 3434 in
2802 3394 2864 3433 se
2909 3379 3213 3436 continere
3258 3380 3569 3454 probatur.

1902 3467 2045 3533 Qua
2075 3467 2430 3538 castitatem,
2463 3467 2836 3540 pudicitiam,
2879 3469 3309 3539 obedientiam,
3334 3471 3576 3528 humili-

1899 3560 2107 3626 tatem,
2120 3555 2470 3613 charitatem
2493 3561 2550 3613 et
2561 3557 3036 3615 misericordiam
3049 3601 3062 3626 ,
3079 3561 3573 3618 conversantium

1901 3644 2246 3702 auditorum
2277 3645 2561 3709 formam,
2588 3647 3002 3705 venerantium
3047 3651 3431 3707 sacerdotum
3462 3652 3572 3708 ho-

1900 3749 2114 3791 norem
2166 3737 2502 3808 exprimere
2553 3735 2984 3807 intelliguntur,
3025 3739 3132 3811 qui
3189 3739 3270 3795 ad
3316 3739 3572 3796 verbum

1901 3822 2219 3880 doctorum
2265 3822 2672 3880 indesinenter
2701 3825 3066 3897 dependent,
3097 3826 3203 3899 qui
3221 3827 3286 3882 in
3315 3827 3570 3884 modum

1902 3929 2156 3970 camera
2213 3912 2290 3969 de
2350 3913 2527 3984 justis
2582 3913 2892 3969 laboribus
2947 3914 3202 3972 solando
3252 3915 3568 3973 doctorum

1901 4002 2212 4075 prasentis
2260 4000 2567 4074 temporis,
2606 4002 2893 4074 pradicta
2939 4002 3248 4076 laquearia
3297 4010 3573 4063 conserta

1902 4091 2082 4160 tignis
2107 4091 2434 4148 domorum
2463 4097 2759 4149 exornant
2786 4096 2844 4149 et
2865 4097 3192 4164 contegunt
3209 4095 3568 4152 nuditatem.

1902 4183 2228 4238 Doctorum
2257 4181 2420 4238 enim
2451 4182 2640 4254 gloria
2669 4183 2840 4256 plebs
2864 4189 2978 4255 est,
3006 4184 3273 4243 similiter
3301 4190 3358 4243 et
3381 4185 3574 4260 plebis

1902 4274 1991 4326 est
2019 4269 2212 4340 gloria
2237 4270 2518 4327 stabilitio
2557 4271 2737 4329 ﬁrma
2782 4273 3139 4331 doctorum:
3175 4292 3316 4332 cum
3345 4275 3428 4332 illi
3461 4275 3577 4349 spi-

1901 4358 2140 4416 ritualia
2167 4359 2331 4416 dona
2361 4358 2542 4432 plebi,
2571 4364 2630 4416 et
2656 4360 2828 4434 plebs
2866 4363 3132 4420 carnalia
3179 4380 3436 4422 munera
3462 4365 3576 4422 illis

1902 4449 2183 4523 impertit,
2212 4448 2486 4520 gloriosa
2517 4449 2738 4507 domus
2787 4452 3018 4510 Christo
3065 4459 3356 4526 parantur
3396 4454 3576 4512 ﬂores

1906 4538 2216 4610 sapientia
2265 4538 2546 4608 calestis,
2595 4543 2654 4596 et
2707 4539 2830 4596 lilia
2882 4541 3206 4611 integritati
3245 4558 3354 4615 per
3401 4559 3577 4600 suam

1903 4627 2320 4702 paenitentiam
2372 4627 2453 4684 ad
2505 4643 2798 4700 magnam
2835 4629 3280 4700 jucunditatem
3329 4630 3578 4687 honoris

1904 4718 2037 4792 ipse
2077 4717 2368 4775 Dominus
2413 4717 2841 4789 pradictarum
2888 4717 3212 4774 domorum
3261 4717 3575 4790 impendit.

1906 4807 2074 4865 Unde
2103 4806 2392 4880 sequitur.

2579 4894 2808 4951 CAPUT
2848 4893 2914 4948 II.

1979 5007 2008 5036 ς
2034 4987 2156 5055 Ego
2201 4983 2314 5040 ﬂos
2360 4981 2580 5055 campi,
2615 4985 2672 5039 et
2717 4981 2908 5038 lilium
2953 4981 3337 5039 convallium.
3360 5006 3388 5034 ››
3419 4987 3502 5041 Ac
3533 4983 3582 5040 si

1906 5077 2110 5146 aperte
2126 5072 2380 5129 dicatur:
2397 5075 2519 5144 Ego
2531 5070 2718 5128 decus
2733 5071 2946 5128 mundi
2960 5076 3017 5128 et
3032 5071 3224 5144 gloria
3235 5073 3579 5131 humilium.

1908 5164 2274 5234 Quanquam
2297 5164 2352 5217 et
2372 5159 2643 5217 infernus
2664 5176 2736 5216 ex
2768 5159 3075 5232 superﬂuo
3104 5162 3294 5235 possit
3308 5162 3581 5234 intelligi,

1906 5250 2080 5309 etubi
2094 5248 2360 5306 Christus
2372 5249 2452 5306 ad
2468 5249 2810 5323 eripiendos
2827 5249 3203 5323 patriarchas
3219 5250 3585 5308 descendere

1906 5340 2190 5412 dignatus
2210 5341 2318 5408 est,
2342 5338 2494 5396 sicut
2521 5339 2774 5413 quidam
2803 5339 3163 5410 intelligunt.
3191 5339 3308 5398 Sed
3326 5355 3462 5409 nos,
3488 5339 3584 5396 his

1907 5427 2233 5506 pralibatis
2253 5444 2330 5485 ne
2347 5428 2760 5502 quorumdam
2777 5444 3024 5484 sensum
3044 5428 3358 5502 ignorasse
3379 5443 3590 5486 causa-

1909 5517 2415 5591 remur,dicamus
2434 5517 2677 5575 uberius
2694 5518 2854 5576 beati
2872 5518 3173 5575 Ambrosii
3189 5519 3350 5577 dicta
3364 5535 3591 5593 ponen-

1910 5614 2015 5668 tes.
2053 5612 2204 5666 Ante
2233 5625 2432 5678 suam,
2455 5608 2674 5682 inquit,
2706 5609 3208 5682 incarnationem,
3234 5610 3506 5668 Salvator
3529 5610 3592 5668 in

1914 5699 2111 5769 angeli
2137 5715 2399 5772 persona
2428 5699 2786 5772 patriarchis
2819 5704 2876 5755 et
2911 5699 3222 5773 prophetis
3257 5701 3588 5774 loquendo,

1915 5790 2080 5849 solus
2110 5790 2208 5848 cui
2236 5789 2440 5848 nullus
2469 5789 2682 5847 similis
2714 5790 2867 5848 inter
2894 5789 3166 5862 angelos,
3194 5792 3466 5863 thronos,
3487 5791 3592 5849 do-

3245 5885 3308 5937 19
