3968 6388
387 306 495 362 587

1499 288 1859 356 ANGELUII
1898 284 2351 352 LUXMNSIS
2388 289 2707 356 HONACHI

3723 294 3832 355 388

384 411 2043 497 minationesqueomnibusadmirandus,singularisﬂos
2074 415 2124 468 Α
2162 427 2299 472 mea
2344 415 2495 472 inter
2533 416 2706 485 tilias,
2728 439 2755 468 ››
2805 430 2929 474 non
2957 417 3457 491 Vituperatiouem
3494 416 3836 488 justorum,

385 516 448 573 in
476 518 601 573 toto
626 513 916 569 scelerum
946 522 1162 583 οδωρο
1183 522 1513 565 coruscans
1536 510 2046 582 probatur.Quam

386 609 623 679 partem
645 600 847 659 odoris
864 600 1086 657 notitiae
1105 612 1231 654 suae
1253 602 1434 672 prout
1458 603 1738 671 poterant
1762 596 2050 653 sustinere

386 692 741 769 patriarchas
768 690 864 747 vel
889 689 1218 764 prophetae,
1239 692 1295 743 et
1316 687 1584 744 mundus
1618 688 1747 761 ipse
1767 684 2052 743 mortales

390 796 628 857 semper
646 780 961 838 admonuit
973 777 1270 835 docendo.
1292 777 1498 834 Omnis
1520 777 1787 847 scientia,
1803 791 1907 849 per
1923 788 2055 847 pro.

388 875 620 948 phetas,
650 878 758 945 per
782 871 1093 941 signorum
1113 868 1361 924 virtutes
1389 866 1805 923 interﬁciendo
1832 865 2053 937 impios

386 979 496 1037 per
518 973 711 1035 aquas
757 959 984 1023 diluvii,
1016 957 1113 1013 vel
1159 956 1497 1014 Sodomitas
1542 964 1649 1029 per
1697 956 1920 1025 ignem,
1949 966 2055 1025 per

386 1051 554 1126 quod
582 1049 929 1123 insipientes
968 1044 1365 1117 intelligerent
1394 1045 1775 1118 sapientiam,
1803 1047 1861 1099 et
1894 1040 2054 1098 stulti

389 1139 633 1215 superbi
650 1138 983 1212 aliquando
1005 1140 1285 1209 saperent
1306 1148 1486 1207 super
1499 1146 1560 1190 se
1581 1131 1942 1190 commorari
1957 1147 2053 1187 ex-

389 1229 700 1287 celsiorem
721 1226 1011 1299 judicem,
1020 1225 1249 1296 justam
1275 1223 1678 1279 exsolventem
1703 1221 2048 1276 vindictam.

390 1317 503 1375 Ubi
528 1332 668 1374 vero
705 1327 815 1390 per
866 1312 1295 1371 incarnationis
1342 1316 1789 1367 sacramentum
1836 1311 1953 1365 huc
1992 1308 2053 1364 in

388 1405 729 1464 convallem
785 1403 1216 1475 lacrymarum,
1248 1401 1401 1456 inter
1432 1400 1637 1473 spinas
1669 1404 1726 1455 et
1751 1399 2054 1455 consortia

388 1498 776 1570 peccatorum
804 1491 1134 1561 descendit,
1162 1489 1353 1546 lilium
1399 1492 1673 1545 effectum
1719 1498 1781 1544 se
1811 1503 1939 1542 esse
1972 1492 2052 1543 te—

393 1588 604 1642 statur.
625 1584 689 1638 In
722 1592 846 1654 qua
875 1579 1144 1636 convalle
1165 1579 1312 1653 quid
1341 1580 1505 1635 aliud
1526 1579 1638 1634 nisi
1662 1577 2055 1650 spurcissima

390 1673 598 1743 religio
649 1670 961 1739 idolatriae,
1013 1668 1274 1740 invidiae,
1333 1668 1650 1737 furtorum,
1698 1664 2053 1723 homicidio-

390 1758 1032 1835 rumque,aruspioina3
1049 1755 1557 1827 auguriorum,vel
1569 1756 2049 1821 fornicationum,
2083 1768 2129 1822 Β

388 1851 485 1909 vel
508 1849 882 1921 magicaer
911 1846 1130 1904 artium
1152 1846 1590 1916 grassabantur
1622 1845 1935 1917 spinarum
1959 1842 2055 1898 sil;

389 1940 527 1998 vae?
583 1943 648 1995 in
700 1946 963 2010 quorum
1016 1935 1216 1991 medio
1268 1935 1553 1991 doctrinm
1612 1933 1949 2004 ﬂagrantia,
2000 1936 2057 1987 et

389 2027 648 2102 exempli
667 2026 932 2084 candore
947 2025 1212 2082 Christus
1229 2030 1526 2095 ostensus,
1545 2024 1913 2080 credentium
1930 2028 2053 2079 tur-

387 2121 535 2177 bam
563 2116 831 2192 quotidie
858 2115 1091 2172 liberat.
1123 2114 1257 2171 Tria
1292 2114 1471 2185 igitur
1501 2114 1561 2169 in
1589 2129 1651 2168 se
1678 2106 2053 2169 delectabilia

389 2214 447 2267 et
472 2207 653 2265 nimis
684 2205 874 2264 oculis
903 2208 1093 2275 grata,
1126 2202 1231 2258 lilii
1258 2208 1476 2259 natura
1508 2202 1808 2258 continere
1832 2202 2051 2274 proba-

390 2304 504 2367 tur,
523 2296 585 2353 id
603 2301 691 2352 est
714 2293 1064 2363 candorem,
1086 2292 1356 2358 odorem,
1385 2306 1642 2364 quisque
1659 2290 1872 2347 adusta
1898 2291 2050 2361 igni-

386 2388 505 2445 bus
534 2384 920 2442 medicinam.
945 2385 1089 2449 Quae
1110 2382 1222 2438 tria
1248 2381 1610 2437 admiranda
1632 2381 1807 2436 simili
1822 2381 2051 2436 ratione

388 2478 452 2534 in
481 2477 639 2533 hanc
669 2473 1008 2532 convallem
1027 2470 1243 2528 mundi
1272 2471 1560 2526 Dominus
1582 2476 1935 2543 apportasse
1959 2485 2052 2525 co-

391 2566 720 2638 gnoscitur,
746 2564 863 2620 hoc
906 2567 995 2619 est
1036 2560 1424 2617 abolitionem
1455 2561 1705 2632 peccati.
1733 2560 2052 2615 abstersio‘

389 2666 533 2713 nem
578 2652 898 2721 mendacii,
928 2649 1216 2720 refrigerii
1252 2653 1792 2722 temperamentum
1824 2650 2053 2718 ignium

392 2742 764 2813 genitalium,
795 2741 871 2796 de
917 2754 1042 2813 quo
1097 2739 1361 2794 nascitur
1410 2750 1582 2793 amor
1628 2738 2053 2793 conservandae

389 2829 763 2901 virginitatis.
800 2831 866 2885 Et
892 2829 1243 2901 quicunque
1283 2842 1319 2882 a
1369 2825 1585 2882 talibus
1617 2836 1678 2881 se
1723 2830 2057 2898 temperant

390 2920 457 2977 in
483 2922 738 2991 utroque
773 2924 923 2973 sexu
952 2915 1199 2986 gloriosi
1228 2915 1521 2988 assumpti
1552 2914 1812 2970 hominis
1842 2921 1898 2970 et
1926 2915 2057 2970 bea-

392 3009 469 3061 tae
519 3004 712 3061 larius
760 3004 1010 3075 Virginis
1061 3004 1475 3060 accenduntur
1514 3002 1822 3075 Exemplis.
1860 2998 1923 3058 Et
1972 3003 2056 3059 sic

2161 505 2265 575 qui
2313 513 2452 562 sunt
2504 508 2774 564 Ecclesiae
2824 508 3119 575 membra,
3153 507 3258 563 sed
3306 507 3839 564 laudem-demon-

2161 598 2406 665 strat,ut
2424 612 2537 653 nos
2565 598 2807 654 doceret
2828 598 3083 653 nimium
3106 613 3236 652 esse
3266 594 3594 667 laudabile,
3626 598 3729 670 pie
3752 599 3839 653 in-

2161 688 2248 739 ter
2270 684 2489 758 impios
2518 686 2732 751 vivere;
2760 691 2817 742 et
2835 698 3258 760 perversorum
3284 686 3345 740 in
3375 685 3543 741 nullo
3575 686 3838 758 spinosa

2162 774 2617 831 conversatione
2646 777 2879 843 attrahi,
2914 776 3064 831 inter
3101 790 3257 847 quos
3298 774 3497 845 justus
3524 776 3706 847 quasi
3731 775 3837 830 lux

2160 858 2223 915 in
2253 862 2509 918 tenebris
2561 864 2942 937 resplendere
2993 863 3303 936 probatur.
3338 865 3418 919 Ac
3468 864 3516 919 si
3557 862 3839 919 Ecclesiae

2161 949 2426 1007 dicatur:
2469 955 2552 1008 Tu
2602 954 2874 1026 requiem
2915 953 3157 1025 quieris,
3191 951 3295 1007 sed
3346 952 3592 1008 laudem
3631 951 3837 1008 lectuli

2162 1039 2497 1105 recordare,
2530 1042 2697 1114 quod
2746 1042 3060 1098 candidior
3104 1041 3557 1097 tribulationum
3605 1040 3840 1097 aculeis

2162 1127 2455 1193 etiicieris.
2488 1135 2546 1186 et
2577 1132 2839 1202 majores
2874 1131 3101 1187 fructus
3150 1129 3593 1203 praedicationis
3644 1142 3844 1202 quam

2160 1217 2374 1290 quietis
2404 1220 2696 1293 acquires.
2730 1222 2797 1276 Et
2826 1220 2979 1275 bene
3011 1220 3127 1275 ait:
3180 1238 3207 1269 ‹‹
3236 1220 3395 1276 Sicut
3441 1219 3635 1275 lilium
3680 1218 3842 1275 inter

2162 1308 2384 1379 spinas,
2419 1309 2503 1364 sic
2534 1310 2729 1366 amica
2761 1324 2895 1366 mea
2926 1310 3077 1365 inter
3104 1309 3280 1378 ﬁlias,
3309 1331 3335 1357 »
3375 1309 3435 1364 id
3464 1314 3553 1365 est
3579 1310 3738 1365 sicut
3764 1309 3837 1364 iis

2160 1396 2308 1452 lium
2338 1398 2487 1453 inter
2513 1399 2717 1471 spinas
2767 1399 3081 1472 proprium
3113 1399 3365 1454 odorem
3394 1403 3573 1472 atq11e
3602 1398 3840 1455 cando-

2161 1501 2289 1541 rem
2343 1490 2520 1557 tenet,
2569 1489 2654 1543 sic
2712 1488 3037 1544 electorum
3092 1486 3352 1543 Ecclesia
3408 1487 3562 1543 inter
3611 1498 3842 1561 pravos

2164 1576 2529 1632 CitriStianOS
2572 1582 2752 1651 atque
2805 1578 3132 1639 hmreticos,
3164 1577 3213 1632 si
3265 1577 3351 1631 eis
3397 1584 3521 1633 non
3567 1577 3841 1641 cesserit,

2164 1664 2478 1721 virtutibus
2511 1665 2744 1735 ﬂagrat.
2779 1666 3056 1739 Sequitur
3083 1683 3095 1721 :

2238 1776 2265 1805 ‹‹
2292 1755 2451 1811 Sicut
2478 1755 2675 1812 maius
2716 1755 2867 1811 inter
2905 1755 3071 1825 ligna
3117 1754 3424 1821 silvarum,
3460 1755 3545 1811 sic
3576 1755 3841 1811 dilectus

2169 1866 2196 1894 ‹‹
2232 1858 2404 1899 meus
2448 1844 2598 1901 inter
2647 1845 2824 1901 ﬁlios.
2857 1845 2980 1901 Sub
3027 1845 3245 1901 umbra
3274 1843 3431 1901 illius
3457 1849 3644 1917 quem
3679 1846 3841 1901 desi-

2166 1957 2193 1983 «
2227 1934 2522 1991 derabam
2581 1935 2729 2004 sedi,
2785 1940 2841 1991 et
2897 1934 3122 1991 fruetus
3176 1935 3306 2006 ejus
3363 1934 3555 1990 dulcis
3608 1936 3838 2005 gutturi

2165 2045 2195 2074 «
2223 2032 2380 2080 meo.
2405 2044 2432 2071 »
2465 2024 2624 2080 Sicut
2654 2024 2834 2094 igitur
2860 2028 2996 2080 ante
3026 2023 3455 2080 incarnationis
3471 2025 3839 2096 mysterium

2165 2111 2645 2176 «multifariam,
2723 2113 3045 2185 multisque
3134 2112 3355 2176 modis.
3390 2134 3417 2161 ι»
3492 2113 3838 2169 secundum

2164 2224 2193 2253 «
2218 2188 2589 2275 Apostolum,
2621 2203 2724 2258 Dei
2768 2202 2941 2258 Filius
2989 2201 3225 2258 locutus
3279 2206 3369 2258 est
3414 2201 3691 2275 patribus
3722 2210 3841 2258 nos

2163 2314 2190 2343 ‹‹
2225 2292 2359 2347 stris
2394 2291 2595 2363 (Hebr.
2627 2293 2687 2363 t),
2718 2313 2744 2340 »ι
2794 2292 2889 2348 vel
2936 2295 3214 2348 ostensus
3258 2297 3347 2348 est
3390 2293 3450 2347 in
3488 2292 3838 2365 prophetis,

2162 2381 2249 2436 sic
2287 2384 2427 2453 post
2465 2380 2817 2453 praedictum
2862 2381 3216 2452 mysterium
3264 2380 3605 2450 celebravit,
3637 2381 3833 2437 multa

2159 2469 2324 2526 bona
2352 2469 2599 2526 diversis
2629 2470 2828 2525 modis
2869 2470 3218 2542 praestando
3247 2470 3531 2526 humanm
3574 2474 3839 2537 naturae,

2162 2558 2412 2614 diversis
2457 2558 2638 2614 rebus
2689 2558 3059 2631 diversisque
3107 2562 3495 2632 comparatur
3523 2559 3831 2631 personis,

2162 2660 2273 2720 pro
2318 2652 2586 2720 tempore
2623 2651 2680 2704 et
2726 2647 2878 2714 loco,
2911 2647 3003 2703 vel
3052 2660 3261 2704 causa.
3296 2650 3443 2704 Nam
3490 2648 3831 2703 secundum

2167 2735 2350 2792 David
2396 2736 2754 2809 prophetam
2803 2738 2992 2807 (Psat.
3027 2740 3211 2809 vau)
3250 2748 3426 2793 mons
3457 2737 3579 2808 Dei,
3610 2744 3723 2809 pro
3757 2748 3831 2792 eo

2165 2823 2333 2897 quod
2369 2824 2679 2897 plenitudo
2709 2824 3028 2881 divinitatis
3079 2826 3424 2882 habitatura
3467 2830 3593 2881 erat
3640 2824 3703 2881 in
3734 2834 3829 2880 eo.

2166 2915 2270 2969 Est
2313 2916 2371 2968 et
2419 2912 2635 2969 vitulus
2693 2914 2966 2969 novellus
3026 2926 3257 2970 cornua
3308 2914 3670 2987 producens,
3724 2924 3838 2986 per

2166 3002 2291 3058 duo
2319 3005 2716 3059 Testamenta;
2752 3004 2817 3058 Et
2842 3002 3100 3074 ungulas
3122 3018 3228 3076 per
3250 3009 3384 3059 octo
3410 3003 3833 3065 beatitudinem

392 3092 508 3149 ﬂos
552 3092 754 3166 campi
800 3097 859 3149 et
900 3092 1092 3148 lilium
1146 3091 1511 3149 convallium
1552 3101 1660 3165 per
1689 3091 2059 3148 immaculati
2089 3108 2205 3176 οδ
2238 3096 2499 3164 quatuor
2530 3092 3034 3161 evangelistarum
3081 3093 3341 3165 pedibus
3386 3092 3731 3166 productas.
3772 3096 3835 3147 Et

392 3182 662 3256 corporis
711 3183 1192 3257 assumptionem
1236 3182 1472 3238 dicitur.
1508 3183 1679 3248 Quod
1713 3194 2057 3238 sacramen-

391 3277 523 3329 tum
548 3272 628 3329 ad
654 3272 1037 3330 liberandam
1087 3272 1328 3344 plebem
1379 3280 1575 3341 suam,
1609 3282 1729 3343 quo
1760 3284 1871 3326 nos
1903 3287 1938 3327 a
1968 3271 2059 3326 di-

389 3358 576 3415 versis
602 3357 997 3430 languoribus
1045 3358 1285 3415 diversa
1316 3360 1448 3430 ejus
1476 3361 1752 3416 membra
1806 3364 2057 3422 lauaret,

393 3451 455 3503 et
477 3461 616 3519 quae
646 3445 849 3517 ignitis
896 3446 1141 3519 spiculis
1196 3446 1660 3503 fornicatiouum
1709 3461 1745 3503 a
1774 3448 2062 3503 daemoni-

390 3537 511 3592 bus
559 3533 784 3593 inﬂicta
828 3534 1066 3591 fuerant
1092 3534 1362 3603 vulnera,
1394 3536 1524 3606 ejus
1567 3543 1922 3592 sanarentur
1958 3537 2063 3593 de-

393 3623 603 3692 ctrina,
631 3627 689 3680 et
718 3636 850 3697 qua
902 3622 1183 3679 acumine
1230 3624 1507 3695 nequitiae
1538 3626 1799 3680 amicam
1829 3626 1888 3680 in
1922 3632 2060 3698 pro-

392 3712 589 3787 phetis
645 3716 703 3769 et
744 3712 1095 3769 doctoribus
1141 3712 1559 3781 vulnerabant,
1594 3714 1652 3767 in
1684 3712 1942 3769 liliorum
1968 3715 2061 3785 ju-

393 3801 697 3859 cunditate
717 3806 1224 3870 converterentur,
1243 3800 1320 3857 de
1339 3801 1564 3875 quibus
1587 3800 1845 3857 Ecclesia
1854 3808 2063 3860 renata

392 3892 667 3964 refulget,
707 3897 763 3949 et
812 3891 1203 3949 amarissimis
1255 3890 1511 3949 stimulis
1556 3891 1858 3964 pangitur,
1909 3892 2063 3949 sicut

392 3980 609 4053 ipsein
639 3980 1032 4053 sequentibus
1062 3980 1173 4036 ait:

468 4086 499 4120 κ
522 4069 686 4127 Sicut
726 4070 919 4125 lilium
966 4069 1119 4125 inter
1147 4067 1376 4141 spinas,
1403 4066 1487 4123 sic
1519 4068 1717 4125 amica
1744 4082 1881 4125 mea
1909 4069 2061 4127 inter

397 4180 428 4209 ‹‹
456 4156 632 4213 ﬁlias.
659 4178 690 4208 κ
729 4158 865 4213 Istic
888 4158 1067 4226 igitur
1092 4156 1300 4213 amicas
1334 4156 1485 4212 inter
1520 4173 1676 4230 quas
1708 4159 1968 4216 Ecclesia
1996 4162 2062 4217 ut

394 4246 587 4302 lilium
626 4244 780 4302 inter
823 4245 1032 4318 spinas
1061 4244 1349 4313 consistit,
1377 4244 1514 4302 licet
1536 4260 1659 4303 non
1689 4260 1829 4304 cum
1855 4248 2065 4305 distinu

397 4334 593 4391 ctione
638 4333 874 4391 dicatur
917 4334 1089 4405 cujus
1135 4334 1253 4390 sint
1279 4333 1437 4406 ωίω,
1462 4336 1665 4393 tamen
1695 4352 1767 4393 ex
1792 4354 1866 4393 eo
1895 4336 2062 4411 quod

398 4423 586 4497 spinis
650 4427 1105 4496 comparantur,
1179 4423 1482 4479 advertere
1547 4436 1877 4497 possumus
1936 4441 2063 4483 non

398 4513 521 4584 Dei,
550 4511 658 4569 sed
687 4510 913 4569 diaboli
943 4526 1053 4586 per
1081 4510 1519 4585 nequissimam
1576 4514 1914 4571 doctrinam
1965 4528 2066 4585 ge-

394 4601 552 4660 nitas
580 4600 941 4676 nuncupari.
974 4606 1128 4658 Inter
1176 4605 1263 4659 tot
1297 4601 1462 4658 enim
1491 4614 1829 4659 venenosae
1859 4605 2066 4677 spinas

396 4691 659 4750 Ecclesia
702 4691 926 4763 incolit,
956 4691 1258 4749 mundum
1311 4689 1586 4749 videlicet
1633 4692 1945 4763 gentilium
1974 4692 2067 4750 vel

395 4781 837 4851 haereticorum,
877 4781 983 4856 qui
1036 4780 1235 4854 ipsam
1289 4780 1672 4854 impugnant,
1713 4787 1771 4838 et
1811 4795 1888 4839 ne
1942 4782 2065 4838 otio

398 4875 719 4945 torpescat,
778 4877 987 4929 contra
1042 4871 1246 4928 hostes
1310 4872 1534 4928 armari
1596 4871 2066 4945 impugnarique

396 4958 773 5031 permittitur,
807 4966 874 5016 ut
917 4963 1055 5032 post
1080 4970 1355 5033 pugnam
1386 4960 1516 5030 ejus
1562 4958 1847 5015 fortitudo
1874 4970 2065 5033 appa-

398 5050 545 5101 reat.
576 5048 657 5102 De
684 5046 910 5103 talibus
937 5046 1230 5103 Dominus
1258 5047 1342 5103 ait
1366 5062 1380 5102 τ
1419 5060 1449 5095 α
1471 5047 1687 5102 Cavete
1706 5052 1746 5102 a
1773 5046 2068 5107 fermento

399 5132 840 5191 Pharisaeorum
897 5135 1137 5206 (Μάιτιι.
1193 5147 1314 5201 xvi,
1340 5152 1370 5184 η
1420 5134 1585 5206 quod
1642 5140 1734 5193 est
1793 5137 2068 5197 doctrina

397 5223 834 5281 haereticorum.
888 5220 957 5280 Et
1012 5221 1322 5295 apostolus
1375 5224 1437 5294 (Ι
1480 5223 1619 5280 Car.
1664 5229 1785 5295 vi):
1849 5249 1877 5278 κ
1901 5231 2067 5299 Quae,

397 5310 613 5385 inquit,
657 5312 911 5371 societas
958 5311 1078 5369 luci
1121 5311 1202 5368 ad
1242 5312 1566 5370 tenebras?
1588 5324 1620 5365 ιι
1666 5320 1782 5374 aut
1825 5319 1931 5391 qui
1979 5325 2070 5378 est

400 5414 613 5459 sensus
668 5404 897 5477 templo
947 5401 1052 5458 Dei
1099 5412 1241 5457 cum
1288 5400 1464 5459 idolis
1484 5403 1512 5458 τ
1560 5406 1679 5463 Aut
1718 5418 1855 5481 quae
1900 5414 2068 5466 com-

399 5492 731 5550 municatio
786 5490 999 5549 Christi
1037 5505 1179 5547 eum
1222 5490 1448 5549 Belial?
1488 5492 1556 5551 Et
1583 5506 1771 5571 prope
1803 5499 2069 5557 similiter

400 5577 587 5633 Isaias
606 5581 727 5638 ait:
762 5604 791 5633 κ
815 5582 999 5650 Exite,
1030 5578 1245 5653 inquit,
1278 5580 1352 5637 de
1381 5583 1583 5641 medio
1613 5598 1843 5658 eorum,
1878 5592 1936 5645 et
1962 5588 2067 5661 qui

399 5668 652 5738 portatis
674 5684 823 5728 vasa
846 5668 1102 5737 Domini,
1125 5670 1505 5730 mundamini
1538 5677 1675 5748 (Isa.
1699 5682 1859 5744 1.11),»
1894 5679 2067 5744 Quod

400 5756 604 5812 autem
628 5756 807 5816 dicit:
845 5759 1054 5817 sSicut
1078 5758 1273 5819 lilium
1312 5764 1465 5821 inter
1490 5766 1722 5838 spinas,
1755 5766 1839 5823 sic
1864 5766 2069 5825 amica

2169 3194 2363 3250 agnus
2393 3180 2605 3237 tollens
2632 3187 2947 3253 peccatum
2977 3182 3189 3237 mundi
3218 3195 3327 3256 per
3351 3182 3834 3238 mansuetudinis

2167 3269 2589 3343 impertionem
2624 3271 2873 3343 Spiritus
2904 3271 3113 3339 sancti,
3146 3272 3227 3328 ita
3253 3275 3317 3328 ut
3344 3270 3494 3328 alios
3519 3270 3833 3327 vestienda

2170 3358 2297 3431 ipse
2350 3370 2588 3431 semper
2635 3358 2920 3415 abundet.
2969 3362 3066 3415 Est
3114 3363 3173 3415 et
3210 3359 3538 3419 fasciculus
3583 3356 3837 3415 dilectus

2172 3445 2451 3519 myrrhea,
2484 3452 2542 3503 et
2568 3447 2777 3503 botrus
2808 3448 2978 3520 cypri
3022 3447 3084 3503 in
3123 3449 3314 3505 vineis
3342 3448 3636 3519 Engaddl,
3668 3448 3751 3504 ita
3780 3454 3839 3504 et

2171 3551 2281 3608 pro
2335 3536 2470 3591 loco
2523 3536 2803 3592 arborem
2861 3537 3092 3593 malum
3155 3538 3248 3593 vel
3309 3541 3629 3607 granatum
3692 3550 3832 3593 eum

2172 3624 2433 3697 appellat
2457 3625 2735 3692 Ecclesia,
2770 3642 2880 3698 pro
2910 3643 2981 3683 eo
3002 3626 3173 3699 quod
3206 3626 3389 3682 arbor
3414 3627 3545 3682 vitae
3575 3632 3669 3683 est
3693 3638 3835 3682 eum

2171 3714 2405 3769 diverso
2432 3729 2648 3785 sapore
2677 3714 2927 3771 diversis
2956 3730 3019 3771 se
3053 3716 3329 3789 personis
3356 3714 3706 3788 praebendo.
3737 3717 3838 3771 Est

2173 3801 2384 3875 procul
2411 3800 2599 3858 dubio
2629 3803 2812 3859 arbor
2840 3804 3040 3860 malus
3067 3809 3340 3874 grauata,
3374 3821 3511 3878 quas
3539 3803 3740 3865 inedia
3759 3805 3838 3860 fa-

2173 3890 2290 3946 mis
2313 3890 2555 3947 atfectas
2585 3892 2843 3961 animas,
2876 3892 2999 3949 sole
3022 3893 3136 3949 sub
3164 3893 3410 3949 ardente
3434 3892 3718 3966 nequitiae
3746 3892 3836 3949 fa-1

2178 3978 2411 4049 tigatas,
2458 3980 2575 4035 sub
2619 3981 2839 4037 umbra
2878 3981 3244 4038 defensionis
3284 3994 3411 4038 sum
3461 3982 3719 4055 protegit
3766 3998 3838 4038 ac

2175 4066 2461 4139 defendit,
2489 4072 2548 4124 et
2569 4068 2766 4125 fructu
2790 4069 3090 4127 labiorum
3114 4070 3420 4139 doctrinae,
3434 4071 3762 4128 esurientes
3782 4075 3840 4127 et

2173 4156 2436 4215 sitientes
2483 4173 2592 4231 per
2622 4174 2797 4215 suam
2838 4158 3221 4217 dulcedinem
3258 4160 3467 4217 reiicit.
3495 4164 3544 4216 Α
3570 4160 3839 4233 paradisi

2171 4246 2523 4321 expulsione
2552 4262 2745 4320 usque
2774 4248 2855 4305 ad
2881 4248 3135 4319 Virginis
3162 4255 3405 4323 partum
3433 4249 3638 4306 multis
3665 4248 3838 4306 labos

2170 4338 2337 4393 ribus
2379 4339 2437 4394 et
2472 4337 2953 4395 intolerabilibus
2980 4339 3332 4396 daemonum
3368 4339 3841 4413 impugnationi—

2169 4427 2287 4483 bus
2316 4426 2531 4483 affecta
2550 4432 2639 4484 est
2653 4428 2926 4484 humana
2945 4429 3283 4502 progenies,
3306 4442 3445 4502 quin
3470 4429 3569 4486 hic
3595 4429 3712 4485 sub
3736 4430 3840 4486 Ec-

2173 4515 2364 4573 clesiae
2385 4520 2650 4589 persona
2669 4517 2871 4573 amica
2890 4522 2981 4573 est
3006 4518 3325 4591 appellata,
3344 4518 3408 4574 in
3422 4519 3555 4591 ejus
3572 4517 3844 4575 adventu

2172 4604 2277 4677 qui
2304 4604 2494 4662 dixit:
2530 4627 2559 4656 κ
2581 4606 2782 4663 Venite
2811 4606 2892 4664 ad
2920 4620 3039 4675 me,
3067 4618 3280 4664 omnes
3322 4608 3429 4682 qui
3463 4607 3754 4665 laboratis
3783 4612 3843 4664 et

2172 4694 2402 4750 onerati
2427 4694 2585 4763 estis,
2609 4701 2667 4753 et
2684 4711 2799 4767 ego
2818 4706 2930 4753 vos
2959 4696 3332 4769 requiescere
3355 4696 3577 4754 faciam
3593 4697 3837 4769 (Matth.

2172 4783 2268 4855 xi),
2294 4804 2322 4834 κ
2376 4784 2492 4841 sub
2559 4787 2822 4857 tegmine
2881 4786 3252 4845 defensionis
3317 4789 3473 4860 ejus,
3530 4787 3838 4845 credendo

2174 4887 2366 4930 unum
2395 4876 2605 4948 Deum,
2626 4877 3010 4951 requiescens
3035 4877 3172 4935 lieta
3196 4877 3377 4935 dicit:
3412 4901 3442 4929 «
3470 4878 3596 4935 Sub
3617 4878 3842 4935 umbra

2173 4962 2328 5018 illius
2374 4977 2558 5037 quem
2611 4966 3035 5024 desiderabam
3080 4967 3229 5024 sedi.
3257 4987 3286 5017 ι
3332 4970 3528 5034 Quam
3565 4968 3837 5024 dulcedi-

2174 5062 2316 5110 nem
2342 5054 2511 5124 regni
2541 5054 2831 5112 ccelorum
2867 5068 3226 5130 quanquam
3255 5069 3522 5130 praesens
3547 5058 3838 5131 protectio

2173 5142 2370 5215 possit
2416 5142 2684 5217 intelligi,
2738 5149 2797 5202 et
2843 5145 3162 5203 beatorum
3218 5147 3489 5220 requiem
3539 5146 3836 5216 nominat,

2176 5230 2300 5288 sive
2341 5245 2563 5307 corpus
2608 5234 2760 5305 ejus,
2793 5238 2851 5291 et
2888 5236 3248 5306 sanguinem
3271 5234 3620 5305 delibando,
3650 5236 3841 5292 vitam

2176 5325 2462 5378 aeternam
2491 5322 2917 5396 conferentem,
2948 5324 3262 5382 exsultans
3309 5325 3427 5382 ait:
3465 5342 3494 5377 tt
3514 5328 3584 5382 Et
3608 5325 3841 5382 fructus

2176 5410 2308 5482 ejus
2334 5411 2525 5469 dulcis
2556 5414 2778 5484 gutturi
2806 5426 2965 5471 meo.
2994 5434 3023 5465 »
3072 5414 3229 5471 Licet
3279 5418 3347 5471 ut
3384 5414 3647 5471 dulcedo
3690 5414 3842 5470 divis

2175 5512 2394 5558 narum
2447 5503 2890 5577 Scripturarum
2934 5504 3300 5578 intelligatur
3336 5504 3400 5562 in
3438 5504 3844 5579 praedicatori-

2174 5590 2292 5646 bus
2321 5594 2564 5664 sanctis,
2594 5593 2702 5666 qui
2730 5599 2972 5664 guttura
3005 5596 3241 5652 Domini
3270 5595 3671 5669 appellantur,
3703 5610 3843 5668 pro-

2173 5678 2297 5735 lata
2325 5681 2418 5737 sit.
2450 5683 2530 5738 De
2558 5694 2684 5755 qua
2728 5683 3046 5741 dulcedine
3085 5684 3168 5741 ait
3210 5685 3545 5758 Propheta:
3582 5704 3613 5735 α
3639 5688 3843 5745 Gustu.

2173 5771 2252 5837 te,
2271 5768 2487 5843 inquis,
2502 5774 2567 5827 et
2588 5771 2804 5842 videte,
2830 5774 3125 5848 quoniam
3142 5774 3348 5831 suavis
3368 5777 3465 5833 est
3484 5773 3839 5833 Dominus.»
