3968 6406
371 308 468 363 591

1477 282 1838 347 ANGELOMI
1883 279 2338 339 LUXOVIENSIS
2375 285 2693 341 MONACHI

3698 290 3803 344 592

372 425 558 482 nibus
584 418 872 485 laboravi,
903 418 965 474 in
994 414 1228 485 vigiliis,
1260 412 1324 468 in
1365 410 1630 482 jejuniis,
1680 414 1737 466 et
1764 411 1976 465 catera
2008 422 2021 460 :
2052 419 2101 472 Α
2138 405 2211 463 la
2244 407 2489 465 vinaria
2521 409 2868 467 divinorum
2898 409 3192 466 librorum
3218 408 3601 479 degustando
3625 426 3807 483 sapo-

374 536 403 564 «
436 517 492 568 et
516 509 742 573 omnia,
796 507 895 574 ait,
947 504 1267 562 arbitratus
1325 516 1461 555 sum
1516 503 1581 555 ut
1629 501 1907 565 stercora,
1962 498 2030 551 ut

375 601 669 657 Christum
697 596 1111 653 lucrifacerem
1141 591 1328 663 (Phil.
1356 589 1494 661 111).»
1526 588 1593 642 In
1624 586 1817 659 capite
1845 584 2027 655 hujus

375 689 584 745 cantici
617 687 680 742 in
731 682 1098 749 cubiculum,
1156 679 1280 734 sive
1319 676 1629 733 cellarium
1655 676 1814 744 regis
1842 673 2029 728 intro-

376 778 558 833 ducta
587 773 847 830 Ecclesia
876 769 1103 836 laudat,
1134 767 1236 823 ubi
1262 765 1533 837 ingressa
1562 762 1724 830 dicit,
1749 784 1778 813 ‹‹
1821 758 2029 816 Exsul-

375 866 637 922 tabimus
690 866 749 918 et
792 859 1132 917 latabimur
1160 856 1221 911 in
1252 860 1329 924 te,
1358 874 1386 903 ι»
1438 852 1708 925 agnitam
1758 848 2033 906 videlicet

375 958 504 1028 ejus
529 950 911 1028 prasentiam
940 945 1336 1021 corporalem,
1368 942 1473 1016 qui
1522 946 1609 997 est
1647 941 1709 997 in
1740 936 2033 1013 sapientia

374 1047 582 1113 Patris,
614 1041 720 1116 qui
749 1039 912 1096 velut
938 1037 999 1094 in
1043 1033 1316 1092 conclavi
1341 1031 1774 1105 prophetarum
1802 1042 2031 1101 praco-

374 1134 488 1190 niis
517 1132 762 1200 latebat,
810 1128 872 1183 in
911 1141 1034 1199 quo
1065 1127 1205 1178 sunt
1256 1137 1469 1177 omnes
1521 1117 1946 1175 exsultationes
1978 1118 2035 1170 et

376 1221 612 1292 latitia,
646 1223 704 1276 et
730 1214 1120 1274 thesauri.Hic
1149 1227 1291 1267 vero
1311 1209 1390 1265 ad
1420 1205 1870 1278 intelligendam
1891 1202 2036 1259 divi-

374 1329 520 1369 nam
562 1310 783 1379 legem,
828 1310 885 1361 et
926 1302 1006 1360 ad
1035 1301 1311 1358 ordinem
1341 1296 1646 1354 charitatis
1673 1292 2032 1352 discendum

376 1419 442 1457 se
470 1398 876 1456 introductam
902 1392 1064 1462 dicit,
1085 1406 1209 1446 non
1241 1405 1302 1444 se
1331 1386 1522 1444 latari
1551 1390 1609 1441 et
1637 1380 2035 1449 exultare,sed

372 1489 761 1558 languere,eo
782 1481 971 1556 quod,
1000 1477 1333 1535 secundum
1354 1469 2028 1544 Salomonem(Eccle.1):

375 1599 405 1628 «
454 1576 564 1642 Qui
616 1573 785 1630 addit
813 1569 1145 1636 scientiam,
1188 1565 1355 1622 addit
1383 1564 1675 1619 dolorem.
1710 1579 1740 1614 ›
1788 1563 1856 1616 Ει
1898 1558 2034 1632 quis

374 1669 674 1739 quantum
703 1657 1104 1718 consectando
1128 1654 1453 1729 proximius
1484 1651 1638 1708 efﬁci
1668 1648 1914 1721 coeperit
1941 1662 2034 1703 sa-

2135 512 2252 569 res,
2284 501 2462 572 quasi
2509 501 2807 558 inebriata
2848 499 3064 556 latitia
3115 500 3256 556 vino
3308 515 3547 572 semper
3586 500 3802 556 futura

2134 584 2540 663 beatitudinis,
2570 590 2849 663 quamvis
2874 605 3171 663 Sponsum
3200 604 3326 645 non
3345 593 3548 645 cernat
3571 588 3634 644 in
3654 605 3804 662 pra-

2138 676 2308 740 senti,
2339 694 2445 735 cur
2485 679 2567 735 ad
2611 696 2749 736 eam
2797 678 2965 736 tarde
2992 678 3302 751 perveniat
3330 676 3473 735 dicit
3500 694 3564 734 se
3593 694 3803 735 amore

2135 763 2443 838 languere.
2473 767 2575 825 lllo
2608 768 2820 841 procul
2849 767 3060 838 dubio,
3106 766 3182 823 de
3216 783 3341 839 quo
3386 766 3690 840 Propheta
3717 766 3805 822 di-

2140 855 2217 911 cit
2247 872 2260 910 :
2305 878 2333 905 ‹‹
2370 856 2557 913 Sitivit
2595 858 2801 913 anima
2829 872 2967 913 mea
2995 855 3075 912 ad
3100 856 3289 911 Deum
3315 855 3542 912 fontem
3570 855 3801 924 vivum,

2137 945 2388 1017 quando
2417 946 2657 1002 veniam
2678 950 2735 1002 et
2753 945 3064 1018 apparebo
3085 949 3222 1001 ante
3252 944 3469 1001 faciem
3499 944 3803 1001 Domini?»

2140 1033 2329 1104 (Psal.
2353 1035 2488 1106 xu.)
2507 1036 2615 1091 Per
2635 1050 2821 1107 quem
2850 1050 3124 1091 amorem
3153 1033 3438 1102 scientia,
3469 1049 3645 1090 amor
3673 1048 3805 1104 ger-

2138 1121 2404 1179 minatur
2430 1122 2565 1179 vita
2593 1128 2851 1194 aterna,
2879 1128 2937 1179 et
2962 1123 3037 1179 de
3063 1138 3270 1179 amore
3292 1125 3429 1178 vita
3459 1126 3697 1179 aterna
3719 1127 3806 1178 to-

2138 1210 2389 1269 lerantia
2429 1214 2884 1287 persecutionis.
2938 1217 3002 1269 ln
3059 1229 3184 1286 quo
3232 1228 3439 1269 amore
3489 1216 3803 1285 saporata,

2140 1302 2315 1375 quasi
2340 1302 2404 1359 in
2447 1302 2665 1360 lectulo
2715 1303 3028 1372 collocata,
3080 1302 3501 1376 promissionis
3545 1302 3697 1359 lava
3748 1306 3809 1358 et

2141 1390 2421 1461 adjutorii
2450 1391 2697 1449 dextera
2728 1392 2940 1450 Christi
2965 1390 3294 1465 amplexari
3327 1406 3391 1447 se
3420 1390 3809 1464 depracal-a-

2141 1489 2236 1534 tur
2256 1478 2516 1537 dicendo
2550 1498 2563 1536 :

2213 1587 2245 1621 ‹
2277 1570 2449 1625 Lava
2470 1569 2600 1641 ejus
2632 1568 2745 1625 sub
2775 1569 2968 1642 capite
2983 1585 3141 1641 meo,
3163 1573 3221 1625 et
3240 1568 3486 1625 dextera
3513 1568 3671 1625 illius
3682 1584 3808 1625 am-

2142 1679 2171 1707 «
2200 1656 2539 1731 plexabitur
2560 1675 2678 1714 me.
2711 1682 2739 1709 »
2773 1658 2928 1726 Quid
2956 1675 3223 1732 namque
3252 1674 3361 1732 per
3389 1658 3695 1715 sinistram
3711 1658 3806 1714 ni-

375 1753 635 1829 pientim,
660 1754 895 1809 tantum
943 1763 1079 1803 eam
1129 1744 1227 1801 vix
1260 1741 1551 1815 conspicit
1585 1739 2030 1829 prolongatalp.
2066 1774 2106 1828 Β
2142 1746 2192 1802 si
2218 1747 2342 1803 vita
2370 1763 2657 1820 prasens,
2702 1748 2792 1804 vel
2836 1748 3192 1822 temporalia
3243 1747 3345 1805 Dei
3374 1746 3807 1821 omnipotentis

375 1826 458 1900 De
479 1859 602 1916 quo
628 1840 835 1897 dolore
860 1839 1071 1893 beatus
1100 1849 1272 1891 amor
1300 1832 1567 1888 nascitur
1607 1827 1840 1897 Christi,
1873 1831 1930 1882 et
1958 1826 2034 1916 de

375 1914 582 1990 amore
612 1928 923 2001 gloriosior
947 1924 1208 1987 'sanitas,
1251 1922 1469 1978 anima
1515 1919 1796 1989 languor,
1845 1916 1952 1989 qui
1982 1914 2036 1970 ei

375 2039 586 2079 omnes
615 2020 767 2076 vires
798 2015 1111 2072 subtrahat
1157 2013 1235 2068 ad
1282 2009 1684 2084 peccandum.
1725 2009 1869 2071 Qua
1898 2004 2035 2060 licet

372 2127 594 2168 arcana
618 2107 907 2182 mysteria
931 2100 1311 2161 multiformis
1345 2098 1652 2173 sapientiae
1679 2096 1783 2152 Dei
1813 2093 2035 2166 adepta

373 2202 469 2271 sit,
496 2216 633 2273 qua
656 2197 793 2253 licet
811 2193 1190 2269 perfectionis
1215 2196 1644 2255 teneatarcem,
1669 2201 1794 2241 non
1817 2183 1933 2239 sibi
1952 2187 2037 2273 ta-

371 2271 729 2346 men—solius
776 2283 1078 2360 pradicta
1135 2279 1443 2336 sententia
1497 2281 1603 2334 aut
1632 2271 2035 2345 intelligentia

372 2378 558 2436 credit
606 2374 878 2433 sufﬁcere
909 2387 1238 2440 summam,
1266 2367 1384 2424 nisi
1412 2367 1632 2440 stipata
1661 2363 1809 2421 mali
1839 2366 1897 2419 et
1922 2360 2037 2417 ful-

370 2471 486 2526 cita
496 2467 747 2525 diversis
762 2462 1120 2521 fueritﬂorib
1131 2478 1195 2516 us
1205 2502 1218 2515 .
1229 2459 1392 2516 Unde
1406 2457 1690 2513 continuo
1704 2454 1836 2525 subj
1848 2452 2032 2508 unxit:

442 2583 471 2611 ς(
520 2556 739 2615 Fulcite
770 2570 869 2611 me
910 2552 1181 2615 ﬂoribus,
1226 2548 1438 2622 stipate
1489 2562 1585 2602 me
1640 2544 1835 2610 malis,
1888 2542 2035 2616 quia

372 2672 402 2700 ‹‹
441 2662 649 2706 amore
677 2644 998 2715 langueo.»
1016 2642 1403 2696 Prasentiam
1415 2633 1789 2708 corporalem
1802 2631 2034 2705 sapien-

370 2737 465 2795 tia
492 2736 595 2791 Dei
642 2733 845 2800 Patris,
893 2731 957 2787 id
998 2733 1086 2786 est
1116 2730 1435 2798 Cia-istum,
1480 2723 1726 2797 requirit
1765 2722 1829 2778 in
1883 2720 2032 2777 cella

368 2824 626 2882 scientiae
656 2821 829 2894 legis,
848 2820 954 2877 sed
983 2820 1124 2893 quia
1144 2817 1310 2872 illum
1335 2832 1519 2890 quem
1545 2812 1846 2869 desiderat
1872 2810 2031 2867 vide-

366 2934 430 2974 re
458 2918 640 2990 prout
663 2917 752 2969 est
775 2911 975 2967 adhuc
1004 2925 1125 2964 nor.
1160 2906 1528 2979 permittitur,
1555 2904 1813 2961 aliorum
1834 2916 2034 2957 exem-

367 3006 473 3080 pla
500 3005 579 3061 ad
609 3018 779 3059 suam
828 2998 1305 3056 consolationem
1349 2994 1639 3068 exposcit,
1688 2991 1911 3066 quibus
1942 2990 2034 3045 in-

367 3096 539 3153 terim
571 3109 751 3149 suum
776 3091 1135 3160 languorem
1172 3092 1502 3158 temperare
1520 3082 2031 3140 valeat.Aitnam-

367 3202 485 3259 que
519 3203 532 3240 :
564 3206 592 3233 «
626 3180 842 3239 Fulcite
866 3194 965 3234 me
996 3176 1268 3246 floribus,
1301 3174 1514 3247 stipate
1544 3188 1641 3228 me
1672 3170 1871 3240 malis,
1904 3188 1936 3222 ›
1967 3167 2030 3224 id

369 3280 459 3333 est
488 3270 887 3331 consolamini
915 3284 1015 3325 me
1040 3283 1126 3323 ex:
1152 3264 1333 3338 mplis
1356 3281 1462 3320 seu
1481 3261 1898 3319 inchoantium
1920 3259 2034 3315 bo-

365 3380 518 3421 num
569 3377 744 3434 opus,
792 3373 899 3414 seu
946 3352 1464 3428 superiicientium
1507 3369 1521 3407 :
1563 3349 1710 3423 quia
1739 3349 1941 3405 adhuc
1970 3346 2033 3402 in

367 3446 867 3525 peregrinationis
892 3444 1091 3512 tadio,
1112 3462 1139 3500 υ
1152 3459 1322 3499 more
1344 3456 1620 3514 superna
1636 3437 1885 3494 visionis
1905 3435 2034 3492 lan-

370 3556 613 3613 guesco.
647 3537 812 3594 Unde
841 3550 967 3592 non
987 3533 1286 3590 immerito
1316 3546 1424 3605 per
1449 3530 1628 3586 ﬂores
1658 3542 1877 3583 anima
1900 3526 2033 3597 jam

367 3630 601 3688 bonum
620 3644 775 3701 opus
804 3625 1177 3695 inchoantes,
1208 3628 1265 3679 ci.
1289 3618 1511 3676 calesti
1548 3616 1844 3673 desiderio
1864 3614 2035 3671 redo-

368 3721 579 3792 lentes,
611 3734 719 3793 per
762 3714 926 3773 mala
964 3713 1039 3770 de
1077 3711 1330 3767 ﬂoribus
1360 3707 1637 3781 perfecta
1662 3706 1793 3777 jam
1841 3704 2031 3760 bono-

367 3827 505 3867 rum
527 3812 779 3873 mentes,
802 3821 941 3879 qua
957 3802 1037 3859 ad
1066 3801 1326 3856 fructum
1347 3796 1702 3870 perveniunt
1720 3794 1864 3850 boni
1890 3810 2032 3867 ope-

367 3901 472 3970 ris,
500 3899 575 3955 de
632 3897 800 3954 initio
858 3895 1080 3949 sancta
1128 3885 1556 3962 propositionis
1598 3884 2029 3954 intelliguntur.

370 3993 511 4055 Qua
542 4002 686 4057 ergo
729 3998 935 4042 amore
986 3980 1256 4048 languet,
1283 3974 1475 4031 fulciri
1514 3973 1727 4047 quaerit
1754 3973 2027 4042 ﬂoribus,

372 4077 581 4151 stipari
618 4074 814 4143 malis,
845 4070 992 4143 quia
1019 4066 1255 4123 nulluln
1287 4080 1471 4138 quem
1499 4062 1798 4120 desiderat
1829 4062 2029 4118 videre

366 4167 572 4225 adhuc
599 4180 726 4221 non
748 4157 1126 4234 permittitur,
1152 4170 1377 4225 magna
1403 4158 1493 4211 est
1517 4153 1848 4210 consolatio
1876 4152 1925 4207 si
1953 4152 2029 4206 de

371 4257 629 4314 aliorum
658 4248 1028 4326 profectibus
1057 4245 1304 4312 latctur,
1336 4249 1401 4301 ut
1443 4245 1648 4302 anima
1688 4242 2030 4316 requiescat

369 4347 434 4403 in
460 4345 626 4400 bono
666 4355 847 4414 opere
887 4336 1162 4411 proximi,
1209 4352 1344 4408 qua
1392 4336 1591 4392 adhuc
1632 4329 2027 4404 contemplari

367 4450 495 4492 non
522 4432 682 4489 valet
710 4430 943 4489 vultum
967 4428 1085 4484 Dei.
1116 4426 1434 4484 Videamus
1463 4424 1630 4498 quali
1657 4437 1832 4478 mens
1862 4418 2026 4476 Pauli

2141 1834 2305 1892 dona
2326 1836 2764 1907 designantur?
2814 1838 2967 1903 Quid
2995 1853 3136 1894 vero
3168 1853 3276 1911 per
3320 1836 3653 1907 dexteram,
3687 1836 3808 1892 nisi

2141 1929 2433 1999 perpetua
2454 1926 2575 1983 vita
2603 1925 2897 1996 ﬁguratur
2922 1928 2950 1982 ‘I
2984 1926 3230 1983 Sinistra
3258 1942 3524 1999 namque
3550 1927 3673 1995 Dei,
3695 1928 3806 1982 Ec-

2143 2014 2324 2070 clesia
2375 2014 2665 2085 videlicet,
2714 2015 3173 2088 prosperitatem
3217 2015 3352 2072 vita
3393 2014 3708 2089 prasentis
3746 2018 3810 2072 et

2145 2104 2500 2176 temporalia
2526 2105 2690 2161 dona
2740 2104 2921 2177 quasi
2954 2104 3070 2160 sub
3118 2104 3311 2177 capite
3341 2104 3563 2177 posuit,
3612 2119 3807 2177 quam

2142 2191 2470 2249 intentione
2502 2193 2726 2249 summi
2757 2188 2982 2250 amoris
3013 2192 3249 2265 premit.
3278 2193 3528 2249 Dextera
3542 2208 3683 2248 vero
3703 2191 3809 2248 Dei

2144 2297 2281 2337 eam
2303 2282 2683 2350 amplectitur
2706 2282 2851 2355 quia
2880 2282 2993 2338 sub
3022 2286 3248 2338 aterna
3275 2282 3326 2353 ej
3339 2298 3406 2337 us
3434 2280 3808 2338 beatitudine

2145 2372 2270 2426 tota
2290 2369 2607 2427 devotione
2639 2372 2993 2427 continetur.
3044 2370 3342 2436 Quoniam
3371 2369 3469 2426 hic
3498 2385 3605 2442 per
3631 2384 3807 2442 spem

2148 2474 2411 2531 sponsus
2443 2465 2707 2515 mentem
2732 2459 2996 2526 roborat,
3021 2463 3077 2515 et
3104 2458 3220 2514 illic
3240 2473 3349 2531 per
3377 2458 3812 2515 renumeratio-

2145 2564 2286 2604 nem
2308 2547 2617 2618 gloriﬁcat.
2648 2547 2749 2604 Vel
2776 2548 2838 2604 in
2866 2547 3016 2603 lava
3047 2548 3229 2603 Vetus
3251 2550 3721 2615 Testamentum,
3750 2551 3811 2603 et

2143 2637 2207 2695 in
2249 2637 2494 2694 dextera
2522 2641 2756 2695 Novum
2800 2640 3245 2694 Testamentum
3293 2635 3621 2693 intimatur.
3651 2639 3807 2692 Nam

2145 2731 2342 2801 potest
2364 2727 2447 2782 ita
2470 2726 2736 2798 intelligi,
2769 2730 2835 2782 ut
2857 2726 3008 2783 lava
3047 2725 3259 2781 Christi
3288 2741 3327 2782 a
3357 2725 3607 2781 sinistris
3630 2725 3806 2781 susti-

2143 2821 2284 2874 neat
2309 2817 2600 2890 animam,
2649 2834 2723 2873 ne
2771 2816 2849 2874 ab
2898 2816 3208 2873 incentivis
3256 2816 3539 2873 vitiorum
3568 2817 3806 2872 uncinis

2143 2906 2508 2979 implanetur
2535 2907 2597 2962 in
2623 2906 2792 2974 laeva,
2828 2906 2934 2962 sed
2956 2921 3194 2978 semper
3220 2909 3523 2962 ostentata
3551 2904 3805 2961 occultis

2143 2995 2713 3068 compunctionibus
2761 2994 3115 3051 sublimetur
3151 2995 3230 3051 ad
3271 3010 3548 3065 regnum.
3602 2997 3669 3050 Et
3727 3010 3807 3050 ne

2141 3084 2204 3140 in
2233 3084 2580 3157 superbiam
2611 3084 2763 3141 elata
2785 3084 2965 3140 faciat
2991 3083 3233 3157 lapsum
3253 3083 3316 3139 in
3337 3082 3656 3139 dexterain
3680 3099 3810 3155 qua

2142 3173 2422 3230 diabolus
2446 3174 2686 3243 corruit,
2720 3173 3131 3230 tribulationes
3179 3178 3237 3229 et
3282 3172 3642 3229 multimoda
3668 3172 3807 3228 reti-

2142 3263 2363 3320 nacula
2387 3262 2811 3336 permittendo,
2826 3267 2884 3319 et
2907 3262 3153 3334 fatigata
3174 3262 3528 3333 adjuvando
3557 3261 3809 3318 dextera

2144 3371 2255 3410 sua
2284 3353 2859 3427 amplexatur.Valet
2877 3352 3058 3409 etiam
3088 3369 3162 3409 ex
3191 3352 3495 3425 superﬂuo
3523 3351 3808 3408 itaintel—

2141 3444 2265 3515 ligi,
2297 3449 2363 3501 ut
2389 3444 2544 3501 lava
2574 3443 2689 3500 sub
2719 3443 2913 3517 capite
2942 3443 3083 3500 ﬁdei
3113 3444 3186 3499 sit
3212 3447 3471 3511 scutum,
3506 3441 3673 3515 quod
3694 3459 3809 3518 pu—

2144 3549 2339 3603 gnans
2370 3534 2610 3589 sinistra
2640 3532 3480 3603 contineatmanu,etdextera
3500 3531 3812 3605 amplexa‘

2142 3625 2224 3681 tio
2253 3623 2541 3681 orationis
2565 3623 2800 3695 gladius
2825 3622 3206 3693 intelligatur,
3231 3638 3355 3695 quo
3380 3622 3624 3678 dextera
3647 3639 3809 3678 sem-

2140 3731 2249 3788 per
2275 3718 2869 3787 armatus,quatenus
2899 3713 3084 3769 altero
3115 3728 3427 3769 armorum
3448 3726 3667 3782 genere
3697 3712 3807 3768 ad-

2139 3804 2361 3860 versari
2368 3820 2436 3858 us
2449 3801 3051 3875 repellatur,etaltero
3064 3806 3491 3875 prosternatur.
3503 3800 3802 3873 Sequitur:

2214 3916 2241 3943 ι(
2272 3892 2497 3963 Adjuro
2520 3908 2650 3959 vos,
2677 3891 2813 3947 ﬁlia
2843 3891 3238 3961 Hierusalem,
3270 3907 3378 3964 per
3397 3905 3650 3963 capreas
3681 3906 3809 3947 cer-

2143 4006 2172 4037 e.
2202 3998 2433 4054 vosque
2464 3998 2843 4054 camporum,
2876 3997 2952 4037 ne
2974 3981 3266 4037 suscitetis
3291 3996 3489 4053 neque
3518 3979 3807 4051 evigilare

2143 4094 2171 4123 «
2203 4071 2433 4128 faciatis
2457 4071 2762 4142 dilectam,
2819 4070 3223 4144 quoadusque
3252 4070 3387 4143 ipsa
3411 4069 3569 4125 velit.
3606 4091 3636 4119 »
3664 4070 3810 4125 Post

2139 4159 2361 4217 multos
2389 4160 2648 4227 labores,
2678 4160 2899 4217 scilicet
2924 4160 3217 4228 Ecclesia,
3247 4164 3304 4215 et
3330 4158 3668 4223 discursus,
3698 4174 3809 4232 per

2139 4267 2293 4323 quos
2315 4250 2495 4306 anxia
2519 4250 2675 4307 intra
2694 4253 2969 4307 sanctam
2995 4249 3208 4305 cellam
3229 4248 3529 4305 vinariam
3549 4247 3808 4318 fatigata

2139 4339 2407 4395 redditur
2435 4340 2497 4396 in
2524 4354 2828 4412 soporem,
2855 4356 2991 4412 qua
3012 4338 3261 4395 celerius
3288 4353 3362 4393 ne
3375 4337 3648 4411 pristinis
3674 4337 3810 4393 red-

2140 4428 2317 4485 datur
2357 4429 2670 4485 laboribus
2741 4433 3025 4484 susmtata
3063 4444 3100 4484 a
3147 4443 3384 4495 somno,
3444 4426 3811 4497 adjurantur

368 4487 1027 4595 fdera-irquivdicebat:
1081 4540 1108 4567 α
1159 4516 1293 4573 Mihi
1339 4487 1536 4572 vivere
1565 4512 1829 4567 Christus
1859 4513 2029 4564 estet
2058 4487 2101 4542 D
2138 4517 2276 4574 ﬁlia;
2308 4517 2674 4574 Hierusalem
2726 4533 2803 4573 ne
2853 4517 3137 4573 suscitent
3183 4532 3320 4573 eam
3350 4487 3380 4585 ς’
3419 4520 3477 4572 ει
3520 4487 3638 4588 'per
3689 4516 3811 4572 hoc

367 4612 525 4668 mori
551 4611 786 4667 lucrum
813 4607 999 4677 (Phil.
1036 4606 1093 4678 1).
1130 4626 1157 4653 ››
1212 4604 1358 4659 Hinc
1388 4606 1477 4657 est
1504 4597 1671 4673 quod
1689 4597 1907 4652 iterum
1935 4596 2026 4652 di-

368 4704 447 4758 cit
479 4718 491 4756 :
526 4723 554 4751 «
583 4696 957 4756 Desiderium
986 4695 1185 4751 habeo
1228 4689 1476 4748 dissolvi
1506 4694 1565 4744 et
1601 4702 1743 4742 cum
1790 4685 2024 4741 Christo

366 4808 495 4847 esse
524 4790 713 4847 multo
741 4786 936 4857 magis
968 4784 1182 4841 melius
1208 4781 1464 4854 (Ibid.).»
1493 4776 1608 4835 Sed
1624 4791 1764 4832 ecce
1787 4774 1892 4847 qui
1907 4774 2025 4830 dis-

368 4882 520 4938 solvi
548 4881 875 4943 desideras,
914 4892 1039 4950 quo
1087 4889 1293 4930 amore
1342 4872 1633 4939 langueas
1685 4866 2018 4923 videamus.

367 4972 518 5037 Quia
545 4969 782 5025 interim
825 4965 1049 5022 differri
1099 4967 1153 5018 te
1207 4958 1506 5031 conspicis
1545 4955 1759 5022 fulciri,
1785 4972 2017 5029 quaso,

364 5059 613 5115 ﬂoribus
642 5073 766 5113 non
792 5054 1045 5128 requiris
1075 5052 1102 5106 ?
1136 5050 1345 5116 Quaris
1366 5046 1543 5119 plane
1587 5064 1599 5100 :
1651 5062 1793 5101 nam
1828 5046 2021 5117 sequi-

364 5155 505 5205 tur:
556 5167 585 5199 ‹
612 5150 962 5203 Permanere
993 5145 1195 5198 autem
1246 5140 1308 5193 in
1349 5151 1549 5200 carne,
1609 5136 2021 5191 necessarium

2137 4608 2235 4679 adj
2246 4612 2493 4664 urantur
2529 4606 2697 4680 quod
2725 4606 2904 4663 ﬁrma
2931 4606 3213 4677 diligatur
3236 4605 3546 4662 charitate.-
3573 4608 3686 4661 Per
3711 4622 3813 4663 ca-

2135 4713 2313 4771 preas
2353 4696 2629 4753 videlicet
2683 4712 3011 4768 cervosque
3060 4711 3439 4768 camporum,
3482 4710 3641 4768 quas
3674 4712 3805 4751 non

2136 4786 2309 4859 parvi
2339 4786 2531 4842 meriti
2560 4786 2650 4841 vel
2678 4785 2903 4841 laboris
2927 4786 3159 4841 animas
3185 4801 3313 4841 esse
3342 4783 3593 4854 intelligi
3621 4783 3811 4841 datur

2135 4892 2243 4948 per
2285 4891 2440 4947 quas
2492 4875 2848 4947 adjurantur
2898 4875 3035 4931 ﬁlia
3088 4872 3473 4931 Hierusalem.
3508 4874 3576 4929 In
3620 4874 3810 4946 plebe

2136 4964 2297 5020 enim
2359 4964 2694 5021 Christiana
2743 4964 3076 5020 secundum
3133 4964 3486 5020 meritorum
3541 4963 3810 5035 qualita-

2136 5057 2253 5108 tem
2322 5053 2576 5108 diversis
2633 5052 2996 5109 animalibus
3064 5052 3284 5107 anima
3339 5057 3806 5123 comparantur.

2134 5143 2323 5199 Habet
2350 5158 2493 5213 ergo
2527 5142 2820 5215 palatium
2862 5142 3153 5198 Dominus
3174 5146 3375 5197 noster
3397 5143 3568 5196 Jesus
3598 5141 3808 5197 Chris-

362 5238 637 5296 existimo
686 5240 930 5310 propter
975 5247 1085 5288 vos
1124 5228 1343 5301 (Ibid).
1376 5245 1406 5280 ›
1452 5229 1521 5283 Et
1567 5225 2019 5299 proﬁcientibus
2130 5236 2246 5303 tus,
2301 5233 2469 5307 quod
2509 5232 2665 5289 intra
2719 5248 2781 5288 se
2819 5231 3060 5288 cellaria
3113 5231 3323 5301 multa,
3370 5235 3427 5287 et
3464 5230 3685 5287 cellam
3718 5231 3812 5288 vi-

361 5327 670 5401 discipulis
698 5325 844 5381 dicit
893 5339 907 5376 :
966 5341 996 5373 ‹
1029 5323 1170 5385 Quae
1200 5322 1291 5373 est
1320 5317 1482 5374 enim
1510 5322 1717 5374 nostra
1745 5333 1882 5390 spes
1916 5320 2021 5374 aut
2127 5324 2387 5394 nariam,
2412 5327 2469 5379 et
2510 5337 2870 5394 camporum
2918 5322 3115 5395 spatia
3169 5320 3475 5379 continere
3527 5320 3814 5391 intelligi.

360 5419 675 5492 gaudium,
708 5418 813 5472 aut
842 5426 1064 5468 corona
1085 5407 1287 5478 gloria
1314 5410 1343 5464 ?
1371 5412 1576 5465 Nonne
1605 5426 1715 5466 vos
1748 5412 1884 5466 ante
1906 5409 2018 5464 Do-
2127 5418 2243 5471 tur.
2272 5412 2456 5482 Cujus
2495 5410 2676 5467 ﬂores
2717 5410 2932 5467 beatus
2980 5409 3205 5466 Paulus
3241 5409 3572 5481 ingressus,
3606 5409 3811 5466 admi-

358 5511 595 5566 minum
626 5510 903 5562 nostrum
932 5503 1136 5554 Jesum
1172 5499 1466 5555 Christum
1494 5502 1523 5557 ‘?
1551 5518 1582 5553 ›
1641 5500 1696 5572 (I
1722 5500 1890 5556 Thes.
1925 5500 2012 5570 ιι.)
2124 5503 2320 5561 rando
2344 5501 2555 5558 laudat
2605 5519 2618 5557 :
2666 5524 2694 5552 ‹‹
2720 5503 2763 5557 Ο
2788 5500 3062 5571 altitudo,
3084 5501 3300 5573 inquit,
3332 5499 3682 5556 divitiarum
3709 5516 3813 5556 sa-

361 5599 695 5666 Conjuncta
722 5606 865 5659 ergo
896 5589 1100 5644 anima
1150 5589 1245 5643 Dei
1276 5590 1480 5663 verbo,
1537 5591 1878 5647 introducta
1916 5590 2009 5644 in-
2124 5593 2364 5666 pientia
2393 5597 2449 5647 et
2471 5590 2731 5647 scientia
2761 5591 2861 5646 Dei
2887 5592 2899 5645 l
2937 5591 3122 5660 (Rom.
3158 5590 3291 5659 111.)»
3320 5592 3384 5643 In
3416 5605 3542 5661 quo
3570 5589 3812 5662 palatio

357 5687 743 5756 telligentiam
771 5679 939 5750 legis,
961 5680 1353 5738 discurrendo
1374 5699 1479 5755 per
1510 5682 1779 5751 singulos
1807 5680 2008 5753 apices
2116 5688 2271 5757 inter
2293 5681 2515 5737 multas
2548 5679 2812 5747 divitias,
2855 5679 2916 5735 id
2948 5684 3038 5735 est
3080 5678 3533 5735 multitudinem
3566 5685 3818 5736 sancto—

362 5777 703 5848 Scriptura,
729 5774 795 5826 ut
818 5785 975 5841 sape
1002 5770 1224 5826 dictum
1252 5775 1362 5840 est,
1392 5777 1449 5829 et
1479 5773 1720 5844 singula
1740 5788 1890 5828 vasa
1918 5772 2033 5827 cel-
2116 5787 2279 5841 rum,
2310 5770 2655 5842 intelligitur
2685 5769 2913 5826 habere
2953 5770 3135 5827 etiam
3180 5768 3425 5826 animas
3471 5767 3756 5826 diversas
3793 5788 3808 5825 :
