3968 6396
142 257 242 310 593

140 379 288 434 sicut
316 376 377 432 in
405 375 592 432 domo
635 392 881 446 magna,
902 379 1074 450 juxta
1125 380 1479 452 Apostolum
1511 381 1604 452 (II
1630 382 1798 439 Thes.

139 469 223 539 ιι),
246 482 368 523 non
394 465 592 522 solum
615 472 755 522 sunt
780 484 930 524 vasa
960 485 1144 525 aurea
1173 474 1230 526 et
1273 474 1576 541 argentea,
1609 472 1715 527 sed
1747 477 1804 528 et

136 555 335 612 ﬁctilia
360 558 417 610 et
444 555 663 624 lignea.
701 556 865 612 Unde
895 573 1019 613 non
1047 557 1345 614 immerito
1374 559 1510 614 ﬁliae
1537 560 1804 616 Hierusa-

135 645 252 702 lem
281 644 499 702 animee
530 648 669 700 sunt
693 643 1018 703 electorum
1070 663 1345 720 supernae
1379 649 1587 722 patriae
1631 649 1809 706 visio-

135 752 274 794 nem
301 735 469 808 pacis
498 735 995 809 contemplantes.
1030 740 1289 810 Capreas
1317 755 1456 794 vero
1483 739 1575 794 vel
1596 755 1807 796 cervos

138 824 473 900 spirituales
503 825 725 881 Veteris
766 827 1034 900 Novique
1080 829 1438 885 Testamenti
1476 845 1666 902 panes
1706 845 1809 904 ap-

138 915 336 990 pellat,
367 914 590 988 quibus
641 915 964 973 multitudo
1018 933 1334 974 sacrarum
1394 920 1806 992 Scriptuarum

137 1022 362 1080 pascua
391 1009 501 1062 est.
532 1007 645 1061 Seu
674 1022 927 1078 capreas
969 1023 1070 1063 eas
1123 1008 1396 1064 nonnulli
1441 1009 1678 1065 animas
1721 1009 1806 1065 in-

139 1095 315 1165 telligi
344 1093 570 1161 volunt,
611 1111 749 1168 quae
779 1097 1059 1152 acumine
1092 1097 1438 1165 dialectica,
1472 1098 1805 1168 intelligen-
1853 1117 1856 1120 ’

138 1185 229 1241 tite
255 1200 436 1240 sensu
481 1200 590 1257 per
635 1184 1084 1258 philosophiam
1130 1191 1185 1243 et
1227 1192 1426 1242 mente
1471 1188 1807 1244 discurrere

139 1278 521 1339 consuerunt,
543 1291 679 1346 quae
702 1290 864 1330 nunc
891 1275 1048 1331 intra
1072 1276 1490 1348 supradictum
1512 1276 1804 1350 palatium

137 1368 254 1419 rete
284 1361 583 1418 conclusa
615 1368 739 1419 arte
783 1364 1231 1434 venatorum,id
1255 1365 1804 1438 estapostolorum,

138 1457 608 1524 caaterorumque
637 1452 956 1509 doctorum
979 1470 1169 1509 manu
1189 1459 1399 1526 captaa,
1421 1459 1652 1510 mutata
1677 1454 1807 1510 reli-

138 1542 308 1611 gione
336 1541 397 1596 in
428 1541 663 1604 melius,
691 1557 941 1614 campos
962 1542 1308 1599 divinarum
1337 1545 1803 1616 Seripturarum,

134 1630 226 1688 vel
249 1647 357 1706 per
387 1631 698 1704 sapientiae
725 1649 983 1706 quaeque
1013 1633 1205 1689 ardua
1235 1638 1292 1689 et
1329 1633 1592 1690 obscura
1628 1634 1807 1689 inter-

1347 257 1603 312 ENARR.
1640 257 1710 313 IN
1739 259 2040 316 CANTICA
2070 264 2344 322 CANTIC.

3479 265 3580 318 594

1915 385 2068 444 fecta
2112 389 2438 446 electorum
2493 388 2717 458 anima,
2746 392 2822 458 et,
2855 391 2920 444 ut
2969 388 3049 444 ita
3102 388 3323 456 dicam,
3374 390 3582 442 sancta

1914 477 2172 535 Ecclesia
2197 480 2258 535 in
2285 480 2422 552 ipso
2451 478 2678 551 requiei
2702 494 2916 551 sopore
2949 495 3186 550 semper
3208 494 3347 533 eum
3380 477 3583 532 timen-

1913 566 1992 621 do
2020 568 2209 638 audit,
2235 585 2472 642 semper
2497 584 2636 624 eum
2673 568 2938 624 amando
2986 567 3167 623 videt.
3202 567 3371 621 Unde
3419 582 3582 622 nunc

1913 656 2014 722 ait,
2038 659 2416 730 subauditur,
2445 659 2572 714 haec
2601 663 2686 714 est
2723 675 2909 731 quam
2953 657 3156 714 audivi
3201 656 3582 728 adjurantem

1911 746 2065 803 ﬁlias
2093 747 2481 813 Hierusalem,
2504 765 2578 804 ne
2597 764 2693 804 me
2715 747 2776 803 in
2806 748 2936 818 ejus
2962 747 3249 820 amplexu
3276 746 3585 819 quiescen-

1915 841 2036 894 tem
2062 839 2442 895 suscitarent.
2475 838 2576 893 Vel
2605 855 2722 894 vox
2752 837 2909 893 illius
2939 837 3290 908 evangelica
3315 841 3401 892 est
3429 852 3582 909 prae-

1915 926 2157 982 dicatio.
2183 930 2246 983 Et
2275 927 2421 1000 quid
2453 927 2616 983 dicat
2669 943 2785 982 vox
2823 927 2937 982 ista
2967 926 3164 982 dilecti
3193 925 3490 987 Ecclesiae,
3522 925 3584 980 in

1913 1014 2051 1088 ipso
2080 1015 2401 1085 Evangelio
2434 1015 2678 1088 proprio
2723 1031 2824 1070 ore
2868 1014 3152 1070 declarat.
3189 1037 3217 1064 «
3241 1013 3468 1081 Videte,
3498 1014 3584 1068 in-

1913 1105 2063 1178 quit,
2094 1121 2170 1161 ne
2193 1105 2568 1162 seducamini
2591 1121 2627 1160 a
2652 1104 3215 1178 pseudoprophetis.
3239 1103 3397 1160 Multi
3423 1103 3584 1159 enim

1912 1195 2155 1250 venient
2193 1194 2256 1249 in
2312 1193 2557 1249 nomine
2588 1209 2722 1249 meo
2771 1193 3055 1260 dicentes,
3089 1193 3233 1265 quia
3274 1208 3416 1262 ergo
3448 1209 3583 1248 sum

1917 1283 2201 1350 Christus,
2236 1287 2293 1338 et
2317 1282 2540 1338 multoS
2573 1281 2883 1347 seducent,
2918 1285 2973 1336 et
3017 1280 3250 1336 dabunt
3281 1281 3472 1350 signa,
3502 1281 3584 1336 ita

1915 1376 1980 1428 ut
2010 1372 2212 1442 etiam,
2246 1371 2292 1425 si
2322 1371 2447 1426 ﬁeri
2478 1373 2695 1443 potest,
2723 1368 2891 1424 electi
2915 1369 2977 1424 in
3005 1384 3270 1426 errorem
3297 1369 3584 1424 inducan-

1912 1465 2009 1518 tur
2034 1461 2270 1531 (Matth.
2295 1463 2480 1531 xxzv).
2509 1481 2535 1508 ››
2570 1462 2672 1515 Et:
2705 1481 2732 1508 ‹‹
2748 1457 2948 1514 Videte
2964 1473 3041 1513 ne
3061 1462 3381 1528 graventur
3402 1458 3586 1514 corda

1914 1555 2114 1608 vestra
2145 1550 2395 1623 crapula
2425 1553 2528 1606 aut
2557 1549 2838 1605 ebrietate
2874 1549 3037 1618 (Luc.
3067 1551 3210 1614 xxx).
3234 1569 3261 1595 »
3294 1550 3360 1602 Et
3389 1565 3401 1599 :
3438 1569 3465 1595 ‹‹
3499 1547 3584 1602 Si-

1913 1642 2084 1698 miles
2109 1646 2297 1698 estote
2329 1640 2510 1696 servis
2533 1638 3020 1712 exspectantibus
3039 1637 3358 1693 dominum
3382 1653 3582 1700 suum,

135 1724 456 1790 pretantes,
481 1720 826 1776 discurrunt
854 1725 1111 1791 montes,
1135 1727 1192 1778 et
1212 1722 1446 1779 cultura
1468 1723 1722 1778 deorum
1743 1722 1804 1777 in
1841 1741 1886 1794 B
1912 1733 2159 1806 quando
2189 1735 2521 1787 revertatur
2547 1746 2583 1786 δ,
2609 1729 2834 1802 nuptiis
2883 1730 3050 1799 (Luc.
3083 1732 3216 1796 xu).
3253 1749 3281 1777 ››
3339 1730 3419 1783 Ne
3474 1726 3587 1782 sub

137 1812 424 1866 Creatoris
487 1809 733 1866 laudem
777 1811 1044 1883 quotidie
1105 1812 1370 1869 vertitur.
1418 1815 1685 1885 Quaeque
1744 1812 1807 1868 in

136 1898 251 1954 ﬁde
276 1899 656 1955 velocitatem
701 1899 792 1954 sui
821 1916 1033 1955 cursus
1063 1900 1411 1969 ostendunt,
1443 1901 1804 1975 etacumine

138 2004 345 2045 sensus
371 2005 541 2044 more
562 2004 919 2060 caprearum
963 1989 1212 2045 insidias
1245 1991 1734 2047 adversariorum
1767 2007 1804 2047 a

137 2077 310 2148 longe
335 2078 731 2152 prospiciunt.
773 2080 1141 2152 Caprearum
1189 2085 1406 2136 natura
1430 2085 1518 2136 est
1545 2080 1806 2153 primam

140 2169 405 2242 corporis
433 2173 667 2241 partem
699 2169 1133 2238 sublimiorem,
1175 2170 1557 2226 humiliorem
1606 2176 1806 2244 poste-

139 2259 352 2314 riorem
381 2258 709 2332 probatam
740 2259 982 2314 habere.
1008 2263 1075 2315 Et
1103 2259 1218 2315 hac
1247 2260 1322 2315 de
1353 2275 1539 2316 causa
1569 2276 1809 2333 semper

141 2365 379 2405 sursum
413 2349 801 2405 ascendendo
822 2354 1091 2406 montem
1120 2350 1182 2406 in
1215 2367 1400 2405 cursu
1424 2350 1688 2407 velocior
1715 2351 1808 2406 in-

139 2440 384 2508 venitur,
414 2456 540 2513 quo
579 2439 786 2496 itinere
835 2440 1221 2497 adversarius
1277 2441 1477 2496 minor
1515 2445 1604 2498 est
1651 2441 1807 2497 inse-

139 2529 398 2601 quendo.
433 2528 604 2586 Cervi
634 2532 837 2584 autem
865 2528 1148 2585 videntur
1167 2529 1434 2600 intelligi,
1453 2530 1557 2602 qui
1587 2530 1648 2585 in
1675 2530 1809 2603 ipsa

139 2618 534 2693 philosophiae
571 2635 696 2674 suae
725 2618 1035 2675 velocitate
1066 2619 1353 2675 doctrinre
1393 2635 1516 2675 non
1563 2619 1808 2690 multos,

141 2709 242 2764 sed
284 2725 481 2764 unum
539 2710 728 2764 Deum
775 2708 1159 2774 invisibilem,
1197 2708 1588 2779 immensum,
1639 2709 1809 2765 inaes-

139 2799 494 2864 timabilem,
553 2799 952 2873 omniumque
1005 2803 1364 2865 Creatorem,
1424 2805 1617 2857 totum
1674 2800 1810 2855 ubi-

140 2906 253 2963 que
291 2889 597 2946 mundum
626 2889 976 2962 implentem
1009 2890 1266 2946 confessi
1292 2895 1452 2957 sunt,
1478 2891 1584 2963 qui
1611 2895 1666 2947 et
1696 2890 1809 2963 ipsi

141 2997 175 3038 a
203 2981 422 3036 sanctis
453 2979 803 3035 doctoribus
830 2983 950 3036 rete
1009 2979 1451 3053 praedicationis
1495 2981 1558 3035 in
1609 2980 1811 3036 sinum

1914 1822 2110 1895 specie
2140 1821 2459 1876 doctorum
2489 1819 2824 1892 decipiatur
2877 1818 3140 1874 Ecclesia
3198 1817 3586 1890 requiescens

1911 1912 1973 1967 in
2005 1911 2386 1984 amplexibus
2414 1910 2644 1983 sponsi.
2675 1912 2742 1964 Et
2766 1924 2842 1964 ne
2871 1908 2991 1964 otio
3040 1911 3178 1980 post
3205 1907 3444 1963 labores
3475 1911 3588 1962 tor-

1911 2006 2138 2074 pescat,
2170 2004 2273 2056 aut
2296 1999 2520 2054 deliciis
2550 1997 2910 2064 resolvatur,
2943 1997 3005 2052 in
3038 1995 3363 2065 Evangelio
3395 1995 3588 2051 taliter

1911 2091 2290 2147 admonetur.
2325 2089 2439 2145 Sed
2470 2088 2531 2143 in
2559 2088 2692 2161 ipsa
2732 2104 2759 2141 s
2800 2086 3063 2143 caritatis
3092 2085 3299 2158 requie
3339 2084 3589 2140 sollicita

1915 2195 2154 2251 semper
2179 2193 2390 2234 aurem
2422 2176 2619 2231 cordis
2649 2174 2723 2231 ad
2773 2190 2985 2230 vocem
3034 2173 3246 2230 Christi
3294 2172 3584 2246 praebere,

1911 2269 2026 2324 hoc
2057 2267 2235 2323 estin
2279 2264 2594 2338 Scripturis
2643 2262 2884 2332 divinis,
2919 2263 2972 2318 ei
3027 2262 3285 2318 assiduae
3335 2262 3590 2318 orationi

1916 2374 2167 2431 operam
2195 2357 2339 2412 dare
2371 2355 2625 2411 studeat.
2660 2357 2971 2409 Moneitur
3001 2368 3144 2422 ergo
3189 2368 3297 2425 per
3325 2352 3454 2407 haec
3483 2351 3589 2423 qui

1913 2449 2182 2521 praesunt
2226 2443 2456 2518 populo
2508 2442 2844 2499 Christiano
2883 2445 2949 2498 ut
2991 2441 3118 2497 sine
3148 2440 3589 2496 intermissione

1919 2535 2276 2594 annuntient
2303 2533 2463 2606 plebi
2496 2532 2644 2605 quid
2691 2530 3005 2604 praecipiat
3048 2548 3166 2587 vox
3218 2531 3335 2586 ista
3393 2529 3591 2585 dilecti

1918 2625 2215 2694 Ecclesiae,
2238 2622 2550 2696 quomodo
2581 2621 2803 2677 scilicet
2832 2620 2986 2676 venit
3014 2620 3088 2676 de
3119 2619 3254 2675 sinu
3285 2619 3468 2675 Patris
3509 2618 3590 2674 ad

1917 2717 2261 2771 hiunanum
2289 2711 2659 2768 consortium
2683 2715 2748 2765 ut
2775 2708 2816 2762 Υ
2832 2709 3042 2764 'zrbum
3063 2708 3232 2764 ﬁeret
3247 2725 3410 2777 caro,
3442 2724 3592 2780 quo-

1916 2805 2102 2861 modo
2158 2800 2494 2858 secundum
2553 2799 2836 2856 Habacuc
2884 2799 3248 2872 prophetam
3306 2797 3590 2868 (Cap.iu)

1918 2892 2296 2950 humiliando
2358 2889 2706 2945 daemonum
2790 2887 3167 2960 superbiam,
3241 2886 3596 2955 confregerit

1917 2987 2154 3040 montes
2201 2979 2519 3047 violentiae,
2550 2982 2606 3034 et
2641 2977 2678 3032 li
2707 2977 3022 3036 iuefeeerit
3051 2977 3231 3032 colles
3261 2975 3592 3043 teternales,

145 3070 412 3126 Ecclesia;
444 3069 605 3142 capti
639 3073 795 3124 sunt.
833 3069 943 3135 Qui
973 3069 1034 3125 in
1066 3069 1272 3125 arduis
1310 3070 1444 3125 vita:
1476 3074 1810 3136 morantur,
1851 3105 1890 3160 Ο
1920 3069 2333 3128 conculcando
2387 3067 2503 3123 sub
2557 3066 2813 3138 pedibua
2877 3065 3250 3122 credentium
3308 3066 3595 3120 Satanam

144 3176 305 3217 more
337 3175 659 3216 cervorum
689 3159 915 3215 fontem
962 3175 1262 3232 aquarum
1310 3163 1541 3232 petunt,
1574 3175 1814 3232 serpen-

142 3253 225 3306 tes
253 3250 628 3315 interimunt,
663 3253 718 3304 et
763 3253 1055 3321 tanquam
1098 3248 1330 3304 munda
1385 3247 1672 3304 animalia
1718 3264 1815 3303 ru-

141 3339 391 3396 minant.
429 3339 498 3394 Hi
530 3342 668 3394 sunt
697 3354 841 3408 ergo
884 3338 1096 3411 procul
1122 3338 1310 3394 dubio
1356 3338 1514 3393 cervi
1568 3354 1815 3410 campo-

143 3445 273 3485 rum
299 3433 357 3485 et
385 3443 644 3501 capreae,
675 3428 895 3484 animze
921 3428 1195 3484 videlicet
1238 3427 1506 3484 ﬁdelium
1548 3427 1813 3500 philoso-

141 3519 399 3591 phorum
446 3533 753 3574 conversas
795 3517 873 3573 ab
913 3517 1264 3573 inﬁdelitate
1292 3517 1811 3590 superstitionum,

141 3625 244 3682 per
294 3625 456 3682 quos
509 3623 771 3680 sponsus
802 3607 958 3664 ﬁlias
1008 3607 1378 3663 Hierusalem
1423 3607 1719 3678 conjurat,
1752 3610 1818 3663 ut

141 3699 445 3772 patiantur
491 3697 801 3770 paulisper
847 3698 1218 3770 requiescere
1265 3714 1561 3770 sponsam
1614 3697 1676 3752 in
1723 3712 1815 3752 re-

143 3789 297 3863 quiei
340 3804 584 3856 somno,
627 3805 763 3861 quae
811 3787 1182 3844 delectantur
1226 3787 1549 3844 Ecclesiam
1609 3803 1817 3843 secum

143 3894 528 3935 concurrrere
557 3877 619 3933 in
644 3877 758 3932 illis
786 3877 1072 3950 operibus
1104 3877 1167 3932 in
1190 3877 1412 3950 quibus
1438 3878 1585 3950 ipsae
1610 3877 1688 3932 ad
1706 3893 1819 3932 coe-

143 3967 347 4025 lestem
400 3972 548 4025 sunt
571 3967 824 4037 gloriam
866 3967 1222 4037 sublimatze,
1265 3984 1372 4040 per
1402 3984 1558 4040 quae,
1592 3967 1820 4023 amissa

144 4072 430 4132 corporea
446 4057 856 4122 sarcina,cum
877 4056 989 4112 illis
1011 4056 1328 4129 epulentur
1348 4057 1409 4112 in
1432 4056 1815 4122 ccelis.Qnam

149 4147 435 4204 Dominus
483 4146 753 4203 Christus
798 4146 877 4202 ad
915 4146 1152 4202 lucrum
1207 4145 1300 4202 vel
1343 4145 1818 4201 consolationem

152 4236 400 4293 aliarum
459 4236 806 4293 animarum
846 4235 1218 4308 requiescere
1247 4234 1306 4290 in
1359 4251 1608 4308 corpore
1647 4233 1821 4305 jubet

150 4326 550 4399 quoadusque
580 4325 714 4397 ipsa
738 4323 894 4395 velit,
913 4324 1104 4380 donec
1132 4325 1259 4396 ipse
1292 4339 1553 4396 sponsus
1587 4321 1819 4396 prospi-

152 4414 309 4471 ciens
358 4414 597 4472 utilitati
636 4415 766 4486 ejus
815 4418 873 4470 et
920 4414 1047 4487 ipse
1088 4419 1419 4485 cognoscat
1445 4415 1600 4470 vires
1629 4429 1771 4469 suas
1804 4429 1816 4467 :

151 4505 291 4577 quia
319 4505 449 4561 sine
480 4506 616 4577 ipso
645 4503 791 4559 nihil
822 4508 1016 4576 potest
1044 4503 1258 4560 facere.
1292 4503 1404 4562 Sed
1437 4507 1630 4576 potest
1648 4503 1821 4573 juxta

152 4593 604 4665 intelligentiam
630 4593 914 4665 priorem,
945 4593 1051 4649 ubi
1079 4609 1328 4666 capreas
1350 4597 1408 4649 et
1427 4608 1636 4649 cervos
1661 4595 1825 4648 Vete-

152 4683 230 4738 ris
252 4688 310 4740 et
337 4684 485 4740 Novi
526 4682 890 4738 Testamenti
920 4685 1120 4739 Patres
1167 4680 1503 4752 signiﬁcare
1535 4681 1818 4748 diximus,

153 4772 233 4829 ita
255 4773 540 4842 intelligi:
577 4774 886 4828 Contestor
914 4772 1222 4845 paciﬁcas,
1256 4788 1326 4828 ac
1360 4772 1407 4826 si
1429 4771 1662 4827 dicatur
1678 4770 1824 4826 iide-

153 4860 298 4918 lium
329 4861 597 4932 animas,
618 4877 726 4934 per
751 4877 892 4916 snas
920 4877 1196 4934 quasque
1236 4861 1502 4926 virtutes,
1536 4875 1672 4932 quae
1715 4874 1824 4931 per

156 4951 385 5007 munda
405 4955 461 5006 et
493 4950 860 5006 ruminantia
889 4950 1176 5006 animalia
1206 4950 1554 5020 significata:
1583 4953 1824 5015 sunt,ne

157 5040 256 5111 pia
311 5039 568 5096 fratrum
617 5039 816 5096 studia
871 5039 1078 5112 aliqua
1133 5039 1580 5113 importunitate
1640 5039 1826 5110 impe-

159 5129 344 5199 diant,
379 5130 485 5184 sed
518 5129 600 5185 sic
641 5130 898 5203 quisque
951 5130 1026 5185 de
1070 5131 1479 5202 proximorum
1535 5128 1826 5200 profectu,

161 5218 336 5292 quasi
362 5219 438 5275 de
471 5235 582 5276 suo
614 5221 893 5290 gaudeat.
936 5219 1115 5276 Aliter
1144 5221 1431 5276 admonet
1460 5219 1723 5277 Christus
1754 5233 1828 5272 ne

160 5308 490 5382 quisquam
521 5309 837 5366 doctorum
876 5310 1230 5367 muneribus
1277 5310 1498 5366 scilicet
1527 5309 1618 5366 vel
1648 5307 1828 5364 minis

162 5398 454 5456 deterreat
483 5399 834 5465 credituros,
871 5401 977 5457 sed
1020 5405 1256 5458 tantum
1292 5418 1427 5474 quae
1459 5404 1668 5457 sancta
1693 5401 1831 5454 sunt

165 5488 510 5559 praedicent,
539 5494 597 5546 et
615 5490 947 5546 voluntarie
967 5491 1046 5546 ad
1067 5492 1251 5546 tinem
1267 5490 1362 5545 vel
1383 5490 1460 5547 ad
1481 5489 1831 5560 religionem

167 5578 496 5634 credituros
528 5578 621 5634 vel
652 5595 972 5635 conversos
999 5579 1325 5642 adducant,
1360 5584 1415 5634 et
1444 5580 1504 5634 in
1537 5596 1649 5634 sua
1676 5584 1829 5635 tran’

171 5666 451 5736 quillitate
483 5683 606 5723 non
629 5668 968 5740 perturben.
979 5669 1198 5741 ,donec
1220 5668 1423 5724 divina
1445 5667 1832 5739 inspiratione

172 5753 366 5813 adacti
385 5757 467 5815 ad
483 5755 706 5814 altioris
725 5759 862 5816 vitae
890 5759 1088 5817 studia
1117 5758 1528 5831 accingantur.
1564 5757 1676 5814 Sed
1704 5773 1836 5832 per-

1923 3160 2258 3217 transiliens
2288 3161 2524 3213 montes
2549 3155 2890 3229 praedictos.
2922 3157 2988 3210 Et
3043 3154 3159 3209 hoc
3211 3153 3593 3226 perpendens

1924 3249 2186 3306 Ecclesia
2215 3249 2296 3304 ait
2329 3265 2342 3302 :

1997 3363 2022 3389 ί(
2062 3343 2206 3395 Ecce
2239 3336 2396 3393 venit
2419 3335 2640 3392 saliens
2666 3335 2728 3390 in
2759 3333 3090 3399 montibus,
3115 3331 3452 3388 transiliens
3481 3330 3598 3386 col-

1924 3453 1952 3481 «
1994 3430 2099 3486 les.
2136 3450 2164 3478 »
2192 3428 2287 3483 Vis
2313 3426 2522 3482 audire
2552 3423 2763 3498 quales
2795 3423 2981 3478 saltus
3028 3422 3163 3478 fecit
3192 3423 3219 3477 ?
3278 3421 3474 3482 Tales,
3506 3419 3594 3475 in-

1923 3537 2132 3593 quam,
2163 3518 2348 3573 saltus
2379 3515 2631 3572 dilectus
2673 3531 2866 3569 meus.
2901 3517 2979 3569 De
3011 3512 3161 3568 caelo
3188 3511 3351 3568 venit
3380 3511 3440 3566 in
3471 3514 3597 3566 ute-

1923 3626 2080 3676 rum,
2109 3608 2184 3664 de
2232 3606 2422 3663 ultero
2472 3605 2534 3660 in
2573 3620 2864 3678 przesepc,
2899 3602 2974 3658 de
3026 3618 3297 3675 praesepe
3328 3601 3488 3656 venit
3536 3599 3598 3654 in

1924 3714 2186 3761 crucem,
2219 3697 2293 3752 de
2324 3711 2498 3751 cruce
2528 3694 2691 3749 venit
2719 3693 2780 3747 in
2807 3691 3174 3764 sepulcrum,
3204 3690 3278 3745 de
3320 3690 3597 3761 sepulcro

1923 3787 2176 3844 rediitin
2208 3785 2465 3841 ccelum:
2500 3784 2630 3856 ipse
2661 3787 2752 3838 est
2802 3781 2906 3853 qui
2953 3781 3215 3836 elevatus
3270 3784 3358 3834 est
3414 3778 3597 3833 etiam

1925 3894 2108 3951 super
2137 3893 2349 3934 omnes
2379 3879 2615 3930 montes
2670 3877 2726 3928 et
2755 3871 2955 3938 colles,
2988 3870 3050 3926 id
3094 3875 3186 3925 est
3216 3873 3412 3924 Patres
3449 3859 3595 3922 Novi

1922 3973 1978 4024 et
2015 3967 2234 4024 Veteris
2263 3963 2642 4028 Testamenti,
2673 3962 2778 4035 qui
2826 3962 3034 4016 merito
3062 3960 3351 4015 virtutum
3383 3963 3439 4012 et
3469 3973 3601 4011 ver-

1923 4059 2034 4114 tice
2064 4056 2203 4112 ﬁdei
2239 4055 2464 4111 caeteris
2495 4057 2634 4109 sunt
2660 4051 3102 4108 eminentiores.
3138 4054 3200 4105 In
3249 4048 3342 4103 his
3400 4046 3596 4103 Domi-

1924 4165 2040 4204 nus
2071 4162 2194 4202 non
2225 4145 2422 4200 solum
2462 4142 2821 4208 inhabitare,
2855 4141 2960 4196 sed
3017 4139 3310 4196 transilire
3359 4137 3595 4207 dicitur,

1924 4237 2070 4310 quia
2097 4251 2220 4290 non
2239 4237 2472 4289 tantum
2497 4231 2822 4299 divinitate,
2849 4230 2952 4286 sed
2973 4229 3347 4286 humanitate
3373 4228 3600 4282 incom-

1925 4324 2213 4400 parabilis
2271 4323 2569 4396 apparuit.
2603 4324 2718 4379 Seu
2775 4338 2882 4394 per
2913 4320 3240 4395 apostolos,
3281 4322 3345 4374 ut
3402 4317 3598 4373 dicere

1928 4417 2226 4489 cmpimus
2257 4413 2554 4486 superius,
2587 4428 2832 4467 omnem
2889 4410 3238 4483 superbiam
3293 4405 3596 4480 sapientiae

1928 4505 2144 4562 mundi
2190 4502 2573 4560 extollentem
2603 4518 2664 4557 se
2697 4501 2989 4558 adversus
3039 4503 3377 4557 Creatorem
3408 4497 3598 4569 lique-

1930 4596 2086 4660 fecit,
2119 4599 2174 4651 et
2200 4593 2279 4650 ad
2309 4593 2563 4649 nihilum
2592 4592 2835 4648 redacta
2868 4589 3237 4646 humiliatur.
3263 4593 3327 4642 In
3376 4586 3600 4658 quibus

1929 4701 2054 4741 non
2084 4682 2380 4739 rhetorica
2406 4685 2785 4752 argumenta,
2817 4679 2924 4735 sed
2967 4678 3155 4735 sancti
3187 4675 3436 4748 Spiritus
3480 4675 3598 4728 vir-

1930 4779 2028 4830 tus
2057 4771 2343 4842 fulgebat,
2378 4775 2436 4824 et
2481 4772 2781 4841 prostrata
2845 4766 3198 4822 daemonum
3256 4761 3432 4819 turba
3485 4761 3599 4818 sub

1933 4862 2191 4937 pedibus
2250 4858 2642 4924 credentium,
2703 4861 2980 4912 ostensus
3035 4858 3124 4909 est
3173 4851 3449 4907 Ecclesiae
3510 4867 3602 4907 sa-

1933 4953 2084 5009 liens
2112 4951 2173 5006 in
2196 4949 2527 5015 montibus,
2561 4952 2617 5002 et
2643 4944 2979 5002 transiliens
3006 4941 3187 4998 colles
3239 4941 3480 4996 venisse
3538 4941 3599 4995 in

1938 5040 2257 5107 mundum,
2293 5039 2522 5094 etinter
2551 5036 2827 5092 homines
2859 5036 3248 5089 conversatus
3294 5035 3399 5088 est.
3435 5030 3599 5087 Unde

1937 5136 2145 5187 etmox
2169 5127 2560 5199 subjungitur
2590 5145 2602 5182 :

2010 5240 2040 5272 ‹
2057 5218 2273 5276 Similis
2295 5221 2382 5273 est
2398 5217 2651 5272 dilectus
2668 5232 2836 5270 meus
2851 5231 3080 5288 caprea:
3093 5213 3467 5284 hinnuloque
3483 5226 3602 5266 cer-

1937 5332 1965 5361 ‹‹
1991 5323 2227 5365 vorum.
2255 5331 2282 5356 »
2307 5308 2550 5379 Capreae
2570 5305 2867 5362 Christum
2889 5306 3312 5376 comparatum
3343 5317 3465 5355 non
3496 5315 3604 5371 per

1935 5397 2292 5456 detrimenta
2303 5395 2626 5452 divinitatis
2641 5394 2744 5468 qui
2762 5409 3001 5466 semper
3017 5393 3180 5448 idem
3200 5394 3310 5460 est,
3335 5387 3605 5457 intelligi-

1939 5485 2210 5552 mus,sed
2225 5502 2332 5558 per
2347 5483 2773 5542 incarnationis
2789 5479 3442 5555 mysterium,videlicet
3460 5478 3606 5550 quia

1940 5576 2219 5651 apparuit
2239 5576 2301 5630 in
2319 5573 2770 5630 similitudinem
2787 5573 2984 5628 carnis
3015 5571 3243 5645 peccati
3260 5571 3320 5625 in
3352 5584 3473 5641 quo
3499 5583 3605 5624 au-

1941 5669 2186 5738 gmenta
2216 5668 2537 5721 consecuta
2558 5669 2667 5731 est,
2694 5662 2844 5719 coelo
2873 5669 3112 5736 recepta
3141 5660 3337 5718 carnis
3364 5662 3602 5714 natura.

1946 5761 2094 5814 Nam
2125 5763 2183 5812 et
2206 5772 2438 5830 capreae
2465 5754 2601 5812 ideo
2626 5753 2899 5812 nonnulli
2930 5752 3331 5811 assimilatum
3355 5747 3608 5820 opinan-
