3968 6388
342 260 449 334 595

342 404 469 475 tur,‘
485 398 631 474 quia
657 386 877 455 uestrae
908 392 1113 453 salutis
1150 395 1464 452 illustratio
1509 394 1834 449 caecitatem
1877 401 2001 444 cor-

343 488 439 547 dis
462 489 740 547 auferens
762 486 1170 561 in'posteriore
1192 485 1393 542 saeculi
1420 490 1590 559 parte
1619 480 1913 539 veniendo
1940 478 2001 533 in

345 578 524 636 carne
542 593 607 635 se
629 564 1104 649 osténdit,quam
1124 574 1309 648 Moysi
1324 574 1544 647 petenti
1560 574 1621 630 in
1638 576 1840 628 monte
1863 568 2003 625 Sina
2034 584 2037 587 ·

344 652 897 727 monstraveratbe
919 681 1042 738 quo
1053 663 1339 738 mysterio
1362 663 1548 720 David
1558 662 1698 718 dicit
1715 672 1737 716 ε·
1757 662 2003 714 «Ρθηηω

345 756 641 814 columbas
693 755 1098 824 deargent‘atae
1149 754 1212 809 in
1263 752 1600 827 pbsteriora
1628 748 1819 806 'd‘orsi
1874 746 2037 817 ejus

344 844 532 917 (Psa’f.
559 845 750 917 vau).
774 844 999 901 ii'Sicut
1018 850 1377 917 caprearum
1410 840 1701 915 posterior
1738 834 2037 909 corporis“

343 950 487 1008 pars
517 935 845 993 candorem
874 935 1285 1003 demonstrat;
1318 938 1374 989 et
1402 933 1545 995 quia
1571 930 1741 987 multi
1771 943 1893 983 non
1916 940 2006 980 so-

340 1023 468 1080 lum
494 1028 566 1080 ex
592 1023 833 1107 Judaeis,
866 1023 973 1080 sed
1003 1023 1199 1080 etiam
1224 1020 1709 1096 ex‘philosophis
1740 1018 2015 1088 gentium

343 1113 646 1171 credidere
676 1104 785 1187 per
827 1113 961 1185 ejus
989 1112 1390 1169 humilitatem
1435 1108 1881 1171 incarnationis,
1932 1104 2025 1159 de'

340 1202 564 1276 quibus
591 1204 1005 1283 intelliguntur
1022 1205 1288 1272 agrestes
1310 1201 1423 1257 illae
1455 1200 1671 1256 animae
1694 1196 2005 1270 quondam

341 1290 693 1377 mundiores
714 1280 942 1348 cateris
970 1289 1349 1365 supradictis,
1376 1292 1641 1362 qum‘per
1658 1287 1850 1359 ipsius
1873 1285 2010 1339 doc-

343 1381 565 1437 trinam
609 1381 689 1437 ad
731 1381 910 1436 imins
952 1378 1078 1436 veri
1104 1378 1338 1435 Israelis
1381 1377 1755 1434 consortium
1797 1386 2010 1443 aggre-

345 1470 497 1541 gtitae
525 1458 691 1526 sunt?
713 1468 955 1525 Talibus
981 1462 1189 1523 Similis
1208 1462 1380 1539 juxta
1410 1466 1765 1539 opinionem
1784 1464 1903 1535 ‘aliq
1914 1472 2012 1517 u‘o-

343 1564 483 1617 rum
504 1556 657 1614 voce
686 1556 1424 1631 EccleSiaé‘pronuntiatiir,
1444 1557 1548 1629 qui
1574 1559 1823 1628 propter
1846 1554 2015 1607 inno-

346 1649 591 1707 centum
614 1650 679 1704 et
702 1638 1163 1704 multitudinem
1212 1637 1582 1702 credentium
1609 1643 1857 1699 hinnulu
1885 1657 2009 1697 cer-

1450 272 1541 327 AN
1548 261 1822 325 GEBOMI‘
1842 255 2309 320 LUXOVIBNSIS'
2334 252 2654 311 ΜΘΝΑΟΗΙ

3673 240 3821 295 59οτ

2109 380 2398 454 parietem
2445 382 2593 445 stat;'
2618 390 2811 448 usque
2862 370 2940 429 ad
2970 376 3208 442 tempus
3238 363 3629 454 baptismatis
3681 359 3823 454 velo

2109 452 2491 545 paenitentiae.
2532 465 2755 522 Et-licet
2796 479 2920 519 non
2965 469 3495 515 mereamur'eum
3539 452 3793 517 intueri,

2114 540 2329 616 tamen
2342 572 2456 628 per
2468 556 2594 611 ~hoc
2610 552 2790 623 quod
2834 547 3243 607 idololatriam-
3282 543 3671 607 abdicamuw
3693 540 3821 597 fer

2112 651 2344 704 uestras
2370 646 2431 699 in
2457 642 2804 716 supradicto
2834 639 3089 695 facimus
3112 636 3363 709 pariete,
3392 631 3821 705 quibus

2113 736 2207 793 ab'
2223 733 2555 790 immundis
2584 729 2889 805 spiritibus
2918 723 3305 783 defendendo
3320 719 3562 793 respicit
3585 718 3819 774 Clitis»

2114 830 2227 880 tus.
2260 825 2329 879 Et
2350 822 2462 895 ipsi
2495 821 2604 878 soli
2626 836 2825 892 genua
2847 817 3051 874 cordis
3077 811 3450 870 deﬂectendo
3480 808 3823 867 cancellos»

2113 913 2392 975 facimus,
2434 928 2541 984 per
2567 926 2721 983 quos
2753 901 3388 979 compunctionemad
3427 917 3491 955 se
3534 912 3799 956 conver-

2114 1004 2295 1058 tenilo
2324 1000 2669 1074 prospiciat.
2710 999 2815 1053 Ubi
2866 1012 3005 1051 vero
3054 992 3399 1049 venerimus
3448 988 3533 1045 a:i-
3572 1002 3819 1044 veram-

2116 1089 2574 1147 conversionem
2616 1085 2900 1159 baptismi
2948 1081 3227 1155 praedicti
3262 1078 3355 1135 vel
3395 1075 3819 1150 partiturum.

2114 1180 2330 1237 retollit
2355 1192 2493 1234 eum
2520 1177 2596 1232 de
2626 1175 2827 1232 medio
2847 1170 3343 1229 concessavenia
3364 1171 3796 1240 peccatorum;

2116 1275 2173 1327 et
2198 1269 2465 1342 loquitur
2494 1266 2669 1323 nobis
2697 1263 2993 1320 dicendo:
3027 1284 3057 1311 «
3083 1259 3286 1316 Venite
3316 1258 3396 1315 ad
3423 1273 3543 1327 me,
3571 1270 3823 1311 omnes.

2117 1364 2221 1433 qui
2251 1358 2538 1414 laboratis
2569 1361 2627 1412 et
2653 1354 2883 1412 onerati
2911 1352 3071 1423 estis,
3100 1354 3160 1406 et
3197 1364 3311 1419 ego
3360 1347 3642 1403 reﬁciam
3680 1360 3823 1400 νοῦ-ν

2118 1448 2358 1520 (Matth.
2390 1448 2649 1517 xx)~.'»[Et
2679 1462 2692 1500 :
2752 1468 2778 1494 α
2809 1442 3030 1508 Venite,
3059 1436 3367 1496 benedicti
3410 1435 3613 1492 Patris:
3644 1434 3823 1500 metu:

2118 1539 2418 1612 possidete
2445 1539 2722 1608 paratum
2769 1532 2940 1588 vobis
2984 1544 3243 1600 regnum
3280 1543 3329 1583 δν
3367 1527 3799 1582 constitutione

2120 1611 2329 1681 mundi
2364 1625 2604 1690 (Matth.
2636 1625 2800 1692 xxv).
2831 1642 2858 1670 ››
2882 1642 2887 1645 >
2915 1620 3074 1676 Sicut
3095 1623 3157 1673 et
3182 1615 3468 1686 magister
3494 1611 3817 1682 gen-tium;-

345 1734 574 1793 verum“
586 1741 999 1809 comparatur;
1029 1700 1321 1792 Hinnulus
1359 1700 1674 1791 cervorum
1700 1733 1835 1787 ideo
1865 1732 1912 1786 d1

2249 1714 2356 1783 lus,
2378 1714 2589 1769 docuit
2623 1713 2847 1767 factum
2868 1711 2943 1765 in
2969 1708 3098 1777 ejus
3128 1704 3411 1763 adventu.
3443 1725 3471 1753 α
3499 1702 3615 1768 Qui
3637 1700 3816 1770 tuﬁh;

347 1826 464 1898 tur;
490 1824 641 1899 quia
669 1789 905 1895 genitus
933 1830 1020 1882 est
1043 1841 1116 1882 ex
1165 1825 1346 1897 stirpe
1376 1823 1875 1897 patriarcharum,
1906 1822 2012 1893 qui
2054 1789 2091 1801 υ
2118 1802 2333 1899 illarum
2358 1799 2960 1899 Pul‘ietem.macel‘iﬂ3
2992 1797 3066 1896 d9
3094 1794 3321 1894 11³θῴοξ
3348 1797 3405 1849 θί
3442 1789 3817 1899 Γξοίξηοῧξεν

347 1918 662 1995 cervorum
682 1902 934 1971 {nomine
979 1916 1408 1988 praenotantur,
1438 1927 1549 1968 seu
1588 1911 1843 1967 hinnqu
1890 1926 2012 1966 cer-

343 1994 562 2061 vorum
592 2006 835 2079 propter
846 2004 1197 2062 humilitatis
1221 2004 1502 2073 formam,
1526 2002 1788 2058 necdum
1813 2002 2011 2057 adhuc

345 2092 623 2170 potentiae
680 2086 965 2152 cornibus
1013 2093 1311 2161 exaltatis,
1359 2092 1696 2166 quibns'in‘
1744 2090 2011 2146 secundo

345 2182 606 2257 adventu
628 2180 985 2242 eausaturiis
1018 2187 1106 2240 est
1148 2183 1471 2247 mun’dum',‘
1504 2182 1579 2237 de
1629 2182 1851 2255 quibus
1890 2180 2011 2235 dic-

346 2279 476 2343 tum
502 2274 591 2330 est
604 2268 681 2330 "in
703 2272 943 2348 psalmo
968 2290 981 2330 :
1012 2276 1175 2330 Tunc
1222 2294 1252 2322 «
1277 2271 1736 2329 exsultabu'ntur
1782 2282 2012 2325 cornua

342 2362 489 2436 justi
520 2359 707 2435 (Psal;
729 2364 953 2425 Lxx'iv);
976 2384 1007 2412 »
1038 2361 1334 2419 Hinnulus
1360 2359 1858 2417 enimuervorum
1885 2360 2012 2413 sine

348 2446 661 2535 cornibus
688 2456 799 2521 est,
850 2454 1123 2509 amorem
1168 2452 1231 2507 in
1280 2450 1342 2506 se
1383 2450 1591 2523 potius
1613 2450 1858 2506 visionis
1889 2462 2011 2503 suae

348 2534 539 2617 quarti
556 2548 561 2553 ‘
581 2534 1012 2598 terribiﬁtatem
1028 2539 1320 2611 ostendit,
1351 2538 1523 2595 sic’ut'
1544 2539 1830 2595 Dominus
1875 2553 2014 2593 nos-

349 2630 438 2687 ter
489 2618 763 2689 Chiistus‘
811 2630 899 2687 in‘
937 2630 1137 2704 primo
1192 2629 1455 2686 adventu
1511 2628 1719 2683 fecisse
1768 2628 2014 2695 dignos-

352 2714 522 2777 citur;
562 2722 644 2777 De
675 2718 848 2792 cujus
874 2718 1070 2793 primo
1116 2718 1397 2775 adven‘td'
1425 2724 1568 2773 m'ox
1612 2717 2012 2787 subjungitur.

356 2802 405 2861 κ’
582 2798 710 2884 ipse
771 2812 888 2865 stat
941 2811 1080 2881 pOSt
1133 2806 1422 2880 parietem
1475 2806 1791 2875 nostrum,
1829 2804 2016 2876 respi-

357 2889 591 2977 a'ciens
643 2900 752 2972 per
804 2898 1118 2967 fenestras,
1164 2894 1537 2970 prospiciens
1606 2910 1712 2966 per
1782 2892 2016 2949 cancel-

360 2984 542 3044 «'16s.
577 3009 605 3038 ››
636 2978 885 3045 Indutiis
916 2984 1138 3062 pariete
1174 2989 1393 3041 nostrae
1424 2980 1818 3053 mortalitatis,
1851 2983 2019 3038 latuit

358 3068 692 3133 substantia.
738 3074 1079 3133 divinitatis.
1142 3073 1258 3132 Sed
1319 3073 1689 3147 prospiciens
1763 3073 1840 3128 ad
1909 3086 2018 3126 nos

354 3158 471 3241 per
492 3162 790 3224 cancellos
820 3170 877 3224 et
904 3166 1193 3223 fenestras
1237 3162 1387 3220 dum
1428 3162 1718 3218 miracula
1772 3162 1923 3229 fecit,
1957 3166 2023 3216 ut

358 3272 433 3313 ex
456 3257 759 3314 miraculis
803 3260 1121 3330 appareret
1162 3254 1266 3328 qui
1297 3269 1370 3309 ex
1414 3250 1801 3326 passionibus
1831 3250 2018 3306 latuit.

360 3340 473 3411 Qui
496 3344 669 3401 enim
690 3344 975 3401 humanis
1002 3342 1191 3399 oculis
1215 3342 1331 3398 hoc
1362 3339 1531 3413 quod
1548 3339 1623 3394 de
1647 3339 1884 3395 mortali
1914 3354 2020 3395 na-

358 3436 495 3489 tura
525 3428 855 3511 assumpsit
882 3430 1160 3497 ostendit,
1184 3433 1240 3485 et
1263 3429 1326 3484 in
1358 3430 1421 3484 se
1447 3428 1599 3500 ipso,
1628 3428 1731 3500 qui
1758 3427 2023 3482 invisibi-

358 3512 447 3581 lis
489 3514 838 3592 permansit,
878 3520 951 3576 in'
985 3523 1192 3594 aperto
1249 3522 1311 3574 s'e
1368 3512 1571 3573 videre
1614 3517 2022 3589 quaerentibus

360 3601 550 3686 quasi
567 3612 708 3682 pos‘t
728 3608 1020 3683 parietem
1046 3606 1219 3678 stetit,
1238 3605 1382 3680 quia
1402 3605 1731 3661 videndum
1760 3612 1820 3661 se
1838 3606 2028 3661 [rani-

362 3693 525 3756 festa
543 3699 854 3771 majestate
881 3712 1005 3754 non
1035 3696 1310 3770 praebuit.
1345 3694 1539 3761 Quasi
1562 3694 1721 3751 enim
1752 3701 1889 3767 post
1920 3710 2026 3766 pa-

361 3788 570 3848 rietem
600 3790 774 3859 stetit,
808 3787 914 3862 qui
951 3786 1355 3844 humanitatis
1378 3790 1657 3841 naturam
1688 3801 1877 3857 quam
1928 3798 2027 3840 as-

364 3876 622 3954 sumpsit
654 3878 1011 3949 ostendit,*et
1048 3875 1374 3933 divinitatis
1430 3878 1706 3932 naturam
1746 3873 2030 3929 humanis

364 3966 553 4023 oculis
583 3967 920 4024 occultavit.
952 3965 1234 4039 Quisquis
1263 3965 1433 4020 enim
1452 3978 1558 4038 per
1594 3962 1885 4019 fenestras
1937 3961 2031 4017 vel

365 4056 664 4113 cancellos
699 4056 958 4130 respicit,
981 4060 1092 4112 nec
1116 4058 1275 4111 totus
1302 4054 1558 4122 videtur,
1581 4066 1691 4108 nec
1724 4056 1881 4107 totus
1908 4066 2032 4107 non

365 4146 617 4202 videtur.
642 4143 1009 4217 Redemptor
1032 4144 1191 4200 enim
1219 4144 1438 4210 noster,
1471 4143 1617 4216 quia
1640 4147 1697 4198 et
1724 4141 1929 4197 divina
1956 4139 2035 4196 fe-

369 4235 448 4291 cit
472 4236 529 4291 et
546 4233 817 4290 humana
837 4230 1095 4306 pertulit,
1119 4231 1298 4305 quasi
1316 4246 1422 4306 per
1438 4231 1735 4288 cancellos
1757 4236 1815 4285 et
1840 4229 2036 4285 fenes-

368 4316 497 4384 fras
514 4318 593 4380 ad
621 4324 896 4380 homines
912 4321 1074 4379 venit
1094 4328 1155 4379 ut
1182 4323 1359 4391 Deus,
1379 4326 1443 4378 ut
1468 4324 1786 4394 appareret
1815 4334 1888 4375 ex
1917 4319 2032 4373 mi-

369 4408 615 4483 vacuus,
632 4412 783 4470 sicut
810 4413 1036 4470 dictum
1061 4416 1169 4483 est,
1202 4416 1259 4469 et
1284 4412 1492 4469 la‘teret
1521 4416 1593 4467 ex
1624 4408 2031 4482 passionibus,

372 4501 429 4562 et
455 4505 640 4561 humo
661 4506 1000 4560 cerneretur
1021 4518 1095 4559 ex
1124 4501 1521 4576 passionibus.
1566 4501 1744 4554 Recte
1769 4497 1984 4552 dicitur
2016 4514 2029 4553 :

372 4584 405 4648 ii
424 4584 510 4653 En
535 4584 666 4672 ipse
692 4598 806 4651 stat
833 4597 970 4669 post
992 4592 1284 4666 parietem
1307 4594 1605 4657 nostrum,
1635 4609 1662 4637 »
1694 4590 1752 4643 et
1780 4586 2030 4659 reliqua.

369 4685 588 4767 Potest,
608 4683 656 4767 si
686 4680 780 4740 cui
806 4681 1063 4755 libuerit,
1086 4681 1167 4738 ita
1191 4680 1436 4750 intelligi
1463 4698 1476 4735 :
1506 4679 1593 4734 En
1621 4677 1748 4750 ipse
1775 4675 1879 4747 qui
1904 4688 2035 4730 cru-

371 4764 581 4833 ciﬂxus
598 4764 703 4838 est,
722 4773 828 4850 qui
856 4772 1179 4831 divinitatis
1200 4786 1325 4827 suae
1354 4769 1598 4825 dextera
1624 4767 2031 4835 languentem,

369 4864 433 4923 id
462 4864 553 4923 est
567 4864 875 4937 lugentem
903 4860 963 4920 in
990 4859 1276 4936 apostolis
1298 4855 1726 4915 consolationis
1751 4853 2035 4926 amplexu

371 4944 715 5035 continebat
770 4949 1116 5019 Esclesiam,
1149 4965 1288 5006 cum
1345 4958 1469 5020 qua
1526 4959 1705 5000 carne
1764 4943 2030 5016 sepultus

373 5030 483 5115 est,
515 5044 655 5100 cum
691 5044 825 5116 ipsa
870 5042 1075 5115 utique
1126 5042 1242 5095 stat
1290 5041 1613 5105 resurgens
1664 5037 1800 5105 post
1847 5033 2035 5105 parie-

372 5139 495 5191 tem
544 5130 970 5189 incredulitatis
1029 5132 1245 5186 nostraa
1297 5136 1481 5198 quem
1533 5122 1707 5178 luteis
1748 5121 2032 5194 Operibus

371 5211 902 5302 censtrux'eramus
950 5213 1281 5292 peccando.
1330 5211 1411 5269 De
1466 5212 1686 5284 quibus
1737 5211 1879 5267 dicit
1926 5226 2034 5284 per

373 5300 591 5372 lsaiam
630 5302 1027 5385 prophetam:
1083 5325 1111 5356 «
1140 5301 1422 5375 Nunquid
1452 5312 1575 5357 non
1614 5300 1771 5356 valet
1814 5310 2032 5355 manus

372 5388 616 5475 ineaa‘d
634 5393 1018 5458 liberandum
1043 5390 1072 5449 i
1117 5389 1233 5448 Sed
1262 5393 1508 5464 peccata
1554 5395 1752 5447 vestra
1788 5404 2032 5446 murum

370 5474 641 5549 fecerunt
667 5486 820 5543 inter
847 5482 956 5541 vos
984 5486 1041 5540 et
1096 5484 1285 5538 Deum
1327 5479 1468 5553 (fsa.
1498 5481 1618 5551 L).)
1669 5483 1804 5536 Post
1847 5492 2030 5551 quem

370 5564 539 5635 stans
557 5574 843 5631 Dominus
861 5570 1124 5628 Christus
1139 5571 1440 5643 exspectat
1462 5586 1521 5626 se
1544 5569 1621 5625 ab
1644 5568 1841 5642 impiis
1864 5568 2030 5623 invo-

370 5663 517 5730 uari,
535 5664 593 5717 et
633 5660 812 5715 vocat
840 5658 919 5714 ad
955 5658 1367 5732 paenitentiam
1415 5658 1686 5715 animam
1735 5654 2026 5730 peccatri-

368 5752 526 5822 ‘ccm,
556 5748 863 5822 exspectat
880 5746 992 5808 sibi
1016 5748 1095 5809 ab
1124 5747 1444 5807 incredulis
1473 5747 1652 5805 credi.
1685 5749 1825 5803 Post
1843 5756 2025 5818 quem

2119 1893 2203 1948 vit
2232 1908 2341 1947 nos
2374 1896 2492 1947 Deo
2522 1890 2673 1946 Patri
2693 1905 2803 1961 per
2831 1886 3192 1957 sanguinein
3211 1884 3401 1957 ipsius
3422 1881 3647 1952 (Ep/ses
3668 1879 3795 1951 id.»

2123 1984 2285 2037 Unde
2316 1996 2456 2036 cum
2485 1980 2719 2035 inclusa
2748 1982 2908 2033 esset
2929 1975 3191 2031 Ecclesia
3211 1968 3811 2045 quodammodoino-

2120 2078 2209 2129 tra
2232 2073 2528 2145 parietum
2555 2076 2723 2143 septa
2769 2073 3029 2141 propter
3063 2063 3505 2139 persecutionis
3536 2067 3799 2131 metum,

2121 2170 2259 2235 post
2289 2177 2465 2216 suam
2496 2158 2997 2216 resurrectionem
3024 2152 3490 2211 formidantibus
3515 2150 3804 2207 et-nimio

2125 2257 2349 2307 terrore
2373 2249 2618 2319 dejectis
2642 2245 2962 2320 Apostolis,
2989 2243 3192 2314 januis
3220 2241 3443 2298 clamis
3460 2241 3791 2310 ingressus,

2123 2356 2413 2409 magnam
2441 2338 2735 2394 ﬁduciam
2772 2349 3190 2405 magnumque
3234 2331 3527 2402 gaudium
3570 2345 3795 2403 appor-

2123 2431 2270 2485 tavit
2287 2428 2582 2484 dicendo:
2619 2449 2647 2476 ‹‹
2673 2429 2795 2481 Pax
2823 2422 3016 2478 vobis.
3044 2424 3167 2491 Ego
3200 2437 3360 2488 sum,
3382 2419 3563 2475 nolite
3585 2420 3811 2474 timere

2124 2522 2288 2583 (Luc.
2322 2518 2512 2589 sxw).
2550 2538 2576 2565 ››
2619 2519 2779 2571 'I‘unc
2823 2510 3191 2583 completum
3242 2516 3328 2565 est
3376 2508 3542 2582 quod
3592 2505 3797 2580 aequi~

2127 2614 2220 2663 tur
2252 2627 2267 2664 :

2197 2717 2227 2745 ‹‹
2259 2696 2513 2751 Dilectus
2539 2710 2712 2751 meus
2740 2692 3014 2765 loquitur
3036 2688 3217 2745 mihi:
3274 2689 3481 2757 Surge,
3512 2698 3802 2758 propera,

2128 2809 2153 2835 ‹‹
2198 2785 2395 2841 amica
2445 2798 2599 2853 mea,
2656 2782 2942 2838 columba
3001 2795 3158 2846 mea,
3199 2777 3487 2833 formosa.
3524 2790 3683 2842 mea,
3740 2779 3808 2831 ei

2128 2897 2158 2926 «
2198 2874 2401 2929 veni.»
2437 2873 2718 2945 Loquitur
2748 2871 2801 2925 ei
2833 2869 3057 2925 scilicet
3096 2867 3175 2924 ad
3207 2864 3645 2940 perfectionem
3666 2863 3800 2920 vitae

2127 2962 2422 3030 vocando,
2449 2962 2706 3018 dicendo
2737 2961 2788 3016 ei
2806 2960 2935 3031 jam
2964 2974 3089 3014 non
3119 2956 3326 3013 timere
3357 2954 3566 3010 mortis
3597 2959 3803 3009 aucto,

2129 3070 2276 3121 rem,
2302 3052 2635 3120 diabolum,
2656 3066 2766 3105 nec
2788 3050 2945 3105 ultra
2971 3046 3233 3103 residere
3248 3045 3403 3101 intra
3418 3041 3801 3099 incredulita-

2132 3144 2203 3199 tis
2235 3148 2291 3198 et
2322 3141 2576 3215 torporis
2606 3140 2887 3195 claustra:
2923 3160 2951 3187 ‹‹
2972 3141 3252 3209 Propera,
3277 3158 3304 3184 ››
3332 3132 3547 3206 inquit,
3568 3155 3598 3183 ι(
3622 3136 3804 3188 etve-

2132 3233 2213 3303 ni,
2242 3253 2269 3281 ››
2298 3232 2444 3304 quia
2473 3246 2584 3300 ego
2625 3227 2939 3284 moriendo
2963 3227 3147 3282 vitam
3195 3223 3492 3297 perditam
3536 3220 3801 3291 reddidi,

2132 3322 2303 3378 Modo
2325 3322 2454 3392 jam
2483 3334 2609 3375 non
2639 3316 2909 3375 terrearis
2938 3332 2975 3371 a
3013 3318 3225 3381 morte,
3260 3313 3358 3368 cui
3391 3326 3507 3381 ego
3534 3310 3811 3375 destruxi

2132 3411 2475 3483 imperium.
2497 3408 2707 3465 Stabat
2732 3420 3000 3478 namque
3022 3408 3161 3477 post
3180 3403 3477 3477 parietem
3497 3405 3808 3470 nostrum,

2133 3503 2278 3575 quia
2306 3500 2480 3557 nobis
2507 3498 2721 3554 umbra
2747 3512 2859 3552 sua
2885 3494 3166 3552 obstabat
3182 3492 3271 3549 sol
3289 3490 3553 3564 justitiae,
3580 3488 3659 3545 de
3679 3504 3814 3560 quo

2134 3592 2428 3664 propheta
2449 3588 2807 3661 promiserat
2825 3585 3032 3641 dicens
3053 3600 3066 3639 :
3101 3604 3131 3632 ‹‹
3151 3582 3381 3640 Orietur
3410 3579 3579 3636 vobis
3598 3578 3809 3634 timer

2138 3682 2294 3736 tibus
2326 3683 2511 3735 Deum
2561 3676 2651 3732 sol
2700 3675 2959 3748 justitite,
2990 3677 3048 3729 et
3075 3672 3302 3728 sanitas
3328 3670 3391 3726 in
3430 3668 3644 3742 pennis
3674 3667 3807 3737 ejus

2138 3770 2308 3839 (Mal.
2344 3774 2441 3837 ιν).
2479 3787 2508 3815 »
2568 3765 2677 3830 Qui
2732 3764 2997 3836 loquitur
3048 3761 3319 3818 Ecclesiae
3369 3759 3441 3814 in.
3491 3754 3801 3829 apostolis,

2137 3857 2386 3932 quando
2416 3872 2666 3925 surgens
2698 3871 2734 3910 a
2760 3853 3010 3909 mortuis
3038 3851 3386 3908 consolatur
3411 3864 3533 3909 eos.
3557 3846 3804 3904 ilicem:

2142 3968 2170 3995 κ
2199 3945 2506 4011 Conﬁdite,
2538 3945 2681 4017 quia
2710 3959 2823 4012 ego
2867 3942 2982 3998 vici
3035 3940 3335 3996 mundum
3368 3940 3544 4006 (Joan
3584 3936 3733 4003 xu).
3774 3952 3805 3987 ι

2144 4040 2240 4092 Et:
2273 4054 2300 4085 ‹‹
2323 4036 2471 4090 Data
2493 4039 2580 4090 est
2603 4033 2750 4089 mihi
2789 4031 2989 4088 omnis
3020 4033 3285 4103 potestas
3332 4027 3395 4082 in
3444 4024 3597 4081 caelo
3647 4027 3711 4081 et
3747 4023 3808 4079 in

2145 4130 2297 4181 terra
2358 4124 2599 4195 (Matth.
2634 4122 2851 4192 xxvni).
2878 4143 2909 4169 »
2942 4123 3041 4175 Et:
3076 4141 3103 4167 «
3128 4117 3315 4175 Nolite
3336 4116 3545 4172 timere
3572 4128 3680 4169 eos
3703 4110 3813 4184 qui

2143 4213 2423 4269 occidunt
2443 4228 2681 4285 corpus,
2710 4210 2981 4266 animam
3007 4212 3210 4262 autem
3237 4220 3362 4261 non
3382 4206 3640 4276 possunt
3657 4199 3813 4257 occi-

2142 4301 2285 4357 dere
2334 4301 2544 4373 (Matii.
2578 4301 2681 4371 Il).
2712 4321 2739 4349 »
2798 4297 2965 4355 Unde
3006 4311 3113 4369 per
3166 4296 3323 4351 hanc
3350 4292 3709 4349 sententiam
3732 4288 3813 4345 ad

2143 4392 2583 4465 praedicationis
2614 4389 2881 4447 ofﬁcium
2912 4390 3294 4460 provocatur,
3314 4383 3470 4439 sicut
3497 4382 3629 4455 ipsa
3645 4379 3807 4437 dicit:

2069 4464 2111 4517 Ῑ)
2145 4464 2171 4534 ᾇ
2192 4485 2442 4540 dilectus
2470 4497 2642 4538 meus
2674 4479 2939 4552 loquitur
2964 4476 3131 4539 mihi.
3162 4498 3191 4525 »
3230 4473 3295 4530 id
3332 4476 3422 4529 est
3463 4471 3543 4527 ad
3590 4468 3809 4543 praedi—

2143 4574 2407 4631 candum
2450 4587 2548 4628 me
2594 4572 2866 4627 hortatur
2908 4568 3155 4622 dicens:
3210 4566 3467 4634 «Surge,
3520 4574 3802 4633 propera,

2142 4664 2340 4720 amica
2366 4676 2524 4733 mea,
2557 4665 2617 4717 et
2637 4659 2793 4725 veni,
2822 4680 2850 4707 ››
2893 4657 2955 4713 id
2986 4661 3074 4711 est
3104 4668 3284 4723 surge
3310 4651 3384 4710 de
3417 4654 3604 4706 strata
3633 4647 3800 4722 quie-

2143 4753 2390 4822 tudinis,
2417 4752 2479 4806 in
2501 4767 2624 4823 quo
2651 4748 2834 4805 solius
2866 4746 2947 4803 tui
2971 4760 3183 4801 curam
3197 4757 3375 4811 agere
3405 4739 3645 4814 quaeris,
3668 4752 3805 4811 pre—

2141 4858 2307 4916 peru,
2341 4847 2397 4897 ct
2427 4840 2582 4908 veni,
2615 4840 2694 4895 ad
2742 4835 3117 4910 implendam
3169 4833 3349 4890 etiam
3400 4828 3660 4902 proximi
3703 4846 3807 4887 eu-

2140 4946 2271 4989 ram
2304 4931 2535 4997 salutis,
2570 4929 2836 4985 studium
2864 4924 3086 4982 sedulae
3118 4919 3562 4997 praedicationis
3609 4917 3810 4975 ofﬁcio

2141 5022 2443 5096 impende.
2467 5022 2615 5077 Nam
2637 5024 2696 5074 et
2714 5016 2907 5073 verbis
2928 5013 3274 5071 affabilibus
3296 5009 3499 5067 tribuit
3520 5008 3809 5066 ﬁduciam

2140 5113 2288 5169 dum
2322 5112 2454 5182 subj
2468 5110 2635 5181 ungit
2656 5128 2670 5166 :

2215 5201 2557 5260 «tamenim
2574 5200 2766 5256 hiems
2798 5196 3045 5265 transiit,
3066 5194 3261 5251 imber
3288 5190 3438 5248 abiit
3459 5195 3517 5246 et
3542 5188 3808 5245 recessit.

2139 5308 2172 5348 α
2214 5294 2408 5349 Floras
2430 5290 2840 5364 apparuerunt
2858 5287 2921 5343 in
2951 5291 3106 5342 terra
3125 5288 3352 5350 nostra,
3373 5286 3612 5351 tempus
3632 5282 3813 5351 puta-

2140 5405 2168 5433 «
2211 5382 2385 5439 tionis
2402 5379 2662 5437 advenit.
2676 5401 2701 5426 ››
2722 5380 2899 5432 Docet
2915 5392 3051 5431 eam
3072 5374 3292 5429 scilicet
3302 5372 3435 5441 jam
3458 5384 3583 5426 non
3600 5368 3811 5423 timere

2136 5472 2388 5529 omnino
2426 5470 2773 5541 iniquorum
2826 5465 3142 5522 hominum
3195 5458 3638 5523 truculentiam,
3693 5472 3809 5513 nec

2137 5562 2375 5617 daemon
2388 5555 2821 5615 umformidare
2842 5550 3267 5624 terrores,quia
3289 5549 3549 5606 etDeuni
3574 5549 3808 5600 Patrem

2136 5663 2245 5724 per
2269 5651 2594 5719 assumptae
2620 5644 2817 5700 carnis
2846 5642 3216 5698 oblationem
3244 5634 3653 5694 reconciliavit
3698 5636 3807 5690 Ec-

2136 5739 2415 5809 clesiae,et
2429 5737 2779 5793 daemonum
2794 5724 3525 5807 exercitumisubnervaivit
3546 5739 3654 5798 per
3674 5738 3817 5785 cru'
