1984 3203
86 115 142 145 6"

702 113 832 145 ENARB.
849 112 883 141 IN
898 112 1051 147 OAH’PICA
1065 116 1203 148 BAN'PIG.

1762 118 1815 148 I98

84 183 162 208 cem,
186 176 214 202 et
233 176 301 211 post
319 174 487 203 brumalem
514 175 705 211 gelidamque
729 174 921 211 asperitatem
937 176 961 207 Α
980 178 1151 214 arnigmete,
1172 183 1243 209 tune
1262 182 1363 209 autem
1380 180 1454 209 facie
1467 179 1509 208 ad
1523 178 1642 214 faciem,
1658 181 1687 209 et
1701 178 1814 212 videbi-

85 220 227 252 tloridum
251 219 333 247 verni
353 220 500 247 adventus
524 220 570 248 sui
595 223 713 256 tempus
734 220 872 254 ostendit,
895 228 921 252 cf

82 267 201 300 quanta.
215 264 259 292 vel
274 264 377 300 qualia
394 264 577 299 gaudiorum
593 268 669 292 esset
687 265 813 300 praemia
830 264 856 292 ei
872 271 924 300 per

83 317 172 339 suam
190 309 381 345 praesentiam
396 309 595 343 exhibiturus,
612 309 745 338 futuram
756 310 823 344 jam
838 308 925 345 quasi

82 355 196 386 factam
215 354 358 383 narravit.
381 355 462 383 Unde
484 357 512 384 et
533 354 560 383 ei
581 354 689 387 dicitur
710 364 716 388 ;
740 366 754 383 υ
780 355 924 389 Exsurge,

81 408 224 437 propera,
255 399 354 429 amica
382 408 461 435 mea,
487 399 623 431 formosa
646 408 724 434 mea,
753 402 781 429 et
805 398 883 431 veni.
910 409 924 429 υ

82 445 191 476 Amica
223 444 304 472 enim
336 444 370 472 ﬁt
404 444 599 478 agnoscendo
634 445 752 479 Deum;
780 444 923 476 formosa,

82 489 190 518 illiristi
206 488 406 521 humilitatem
416 488 577 517 servando.
593 488 741 517 Columba
751 497 820 521 vero
837 488 926 519 attici-

84 537 141 567 tur,
155 533 230 563 nihil
244 534 282 564 de
298 533 421 561 terrenis
435 533 650 569 cupiditatibus
666 533 785 570 alisque
799 533 868 566 cibo
884 533 924 566 vi-

81 578 208 612 lissimo,
231 578 470 614 indumentoque
492 578 627 614 corporis
649 578 844 615 requirendo,
871 576 925 610 sed

82 632 203 660 semper
217 623 430 654 columbarum
440 623 662 659 simplicitatem
672 626 786 656 tenens,
805 621 924 659 Spiritui

84 672 189 698 sancto
206 676 238 697 se
253 668 356 697 sociat.
370 668 419 696 Vel
430 668 529 700 amica
540 668 648 697 dicitur
658 677 711 704 per
722 668 923 702 dilectionem,

82 713 219 742 formosa.
233 713 279 743 vel
295 713 432 748 speciosa
452 721 505 748 per
526 712 668 741 decorem
682 712 825 743 virtutum
842 715 870 745 et
883 712 925 741 la-

82 765 211 788 vacrum
234 757 481 792 regenerationis,
507 757 650 785 columba
669 765 724 793 per
741 756 923 785 infusionem

83 802 209 838 Spiritus
231 802 336 830 sancti.
361 801 441 829 Sicut.
465 801 554 836 igitur
582 801 810 837 superveniente
829 809 923 833 verno

82 855 270 884 praecursore
298 847 408 876 uastatis
436 847 487 883 qui
517 847 601 881 fugat
627 846 768 879 hiemem,
798 845 922 882 quando

83 892 184 920 omnis
198 894 334 920 creatura
356 891 486 924 rediviva
508 891 636 925 laetatur,
659 894 687 919 et
702 891 842 925 universa
857 890 920 925 ani-

83 937 177 966 malia
184 937 353 967 secundum
366 944 460 971 genus
472 944 561 964 suum
576 939 774 972 corporantur
785 935 823 966 ad
833 935 919 966 fetus.

82 985 111 1010 et
122 981 312 1016 iugravidata
336 981 447 1013 cubilia
469 983 657 1014 construunt,
685 983 713 1015 et
737 989 808 1009 aves
834 980 921 1014 nidos

82 1029 281 1063 componunt,
301 1028 329 1053 et
348 1034 412 1053 sese
432 1025 471 1054 ad
491 1026 621 1058 invicem
644 1026 706 1054 suis
720 1025 847 1054 vocibus
863 1024 922 1055 dis-

82 1072 171 1100 cretis
198 1071 349 1099 advocant
376 1073 404 1098 et
432 1070 575 1106 motibus,
602 1070 654 1098 ubi
674 1070 739 1105 jam
766 1069 921 1106 reptilibus

81 1116 188 1152 epulas
203 1117 354 1153 praeparat
368 1115 480 1143 humus
491 1123 528 1143 ne
539 1115 656 1144 deesset
670 1114 840 1151 pennigeris
856 1114 920 1145 ani-

83 1161 238 1192 mantibus
255 1168 333 1193 esca,
360 1160 411 1188 ubi
431 1168 542 1188 canora
558 1168 615 1188 vox
635 1159 802 1191 volatilium
823 1158 920 1193 dulcis

83 1206 291 1236 modulamine
313 1207 435 1234 resonat
454 1208 481 1233 et
505 1205 601 1241 pipat,
626 1207 654 1233 et
679 1204 719 1233 ad
737 1203 920 1240 praedandos

81 1251 171 1281 ﬂores
186 1251 252 1286 apis
265 1249 373 1286 pennis
395 1251 512 1283 armata
530 1249 665 1285 procedit
689 1257 696 1276 :
718 1248 759 1277 ita
776 1248 920 1281 Dominus

81 1297 184 1323 noster
200 1295 289 1325 Jesus
303 1293 446 1329 Christus,
459 1295 526 1329 post
539 1292 692 1327 horridam
708 1293 839 1323 hiemem
854 1292 920 1326 ido-

80 1340 205 1371 lolatria
218 1342 247 1367 et
261 1338 502 1375 philosophicam
515 1338 696 1370 doctrinam,
708 1346 832 1372 vernum
849 1340 920 1365 tem-

80 1394 139 1422 pus
149 1393 201 1421 per
209 1393 296 1417 suam
306 1384 492 1421 passionem,
501 1382 586 1419 quod
594 1385 637 1411 est
645 1382 761 1419 pascha
769 1384 917 1417 nostrum,

80 1430 224 1462 transitus
237 1429 275 1457 de
291 1428 446 1457 morte'ad
465 1428 570 1462 vitam,
596 1426 703 1457 faciem
719 1427 826 1455 mundi
840 1435 918 1457 mar-

80 1477 193 1511 tyrum,
210 1473 256 1501 vel
272 1473 410 1501 omnium
426 1475 600 1507 sanctorum
621 1480 759 1509 operum,
783 1474 811 1499 et
834 1471 919 1501 initia

79 1519 151 1552 tidei
174 1518 361 1553 credentium
388 1518 460 1547 tlore
480 1516 642 1562 decoravit.
668 1518 708 1562 Eo
730 1519 865 1562 tempore
880 1516 917 1562 de
933 1535 953 1562 Ο

78 1564 188 1600 quietis
210 1565 305 1597 strata
324 1562 364 1596 ad
384 1561 519 1597 ofﬁcium
539 1561 771 1600 praedicationis,
797 1561 858 1594 imo
880 1561 917 1588 de

79 1608 218 1638 convalle
232 1608 438 1644 lacrymarum
451 1606 490 1634 ad
500 1606 633 1642 paradisi
648 1605 697 1638 Dei
708 1607 843 1641 montem
855 1613 916 1639 suae

78 1654 184 1685 mortis
209 1652 349 1689 exemplo
372 1651 533 1680 Ecclesiam
561 1653 658 1678 vocat.
690 1650 822 1686 Denique
847 1658 917 1678 cum

77 1698 211 1733 dixisset,
235 1709 250 1731 it
271 1698 374 1732 Surge,
400 1703 538 1733 propera,
563 1695 662 1724 amica
685 1703 763 1734 mea,
784 1694 917 1729 formosa

78 1751 157 1778 mea,
174 1745 203 1777 et
217 1742 295 1776 veni,
313 1752 326 1766 η
340 1749 411 1769 mox
427 1739 593 1779 subjunxit,
615 1750 627 1765 «
643 1740 709 1775 jam
723 1739 804 1773 enim
818 1739 915 1767 hiems

80 1787 207 1820 transiit,
220 1796 234 1819 ξ
250 1786 281 1814 id
295 1788 340 1814 est
351 1787 482 1823 potestas
496 1784 701 1815 tenebrarum.
716 1792 784 1820 quae
801 1783 914 1812 tristem

78 1831 226 1865 reddebat
241 1831 402 1864 mundum,
419 1829 480 1858 sole
493 1829 615 1865 iustitiae
633 1828 748 1862 Christo
769 1827 913 1862 venientel

78 1876 186 1910 transit
200 1877 237 1909 de
251 1876 309 1904 hoc
325 1875 440 1903 mundo
457 1874 498 1903 ad
516 1877 635 1902 tartara.
652 1874 719 1903 .lam
736 1872 829 1908 frigus
847 1873 914 1900 inti—

76 1921 205 1952 delitatis
214 1922 241 1948 et
248 1920 346 1948 imber
355 1918 520 1956 iniquitatis
529 1920 726 1951 recesserunt,
740 1925 809 1957 quae
819 1919 914 1946 totum

75 1967 183 2000 orbem
203 1973 299 2003 usque
320 1965 359 1993 ad
380 1967 498 2002 tempus
519 1963 681 1992 Dominicae
697 1962 913 1996 incarnationis

74 2012 103 2037 et
119 2008 345 2043 resurrectionis
357 2003 508 2043 tegebant.
528 2019 541 2032 ‹‹
554 2007 650 2041 Flores
666 2009 873 2043 apparuerunt
883 2006 913 2036 in

74 2057 153 2088 terra
168 2055 282 2088 nostra,
301 2065 315 2077 η
328 2053 359 2085 id
375 2056 420 2081 est
440 2052 524 2081 initia.
543 2051 613 2086 ﬁdei
632 2054 660 2088 et
672 2051 794 2087 justitiee
807 2050 913 2078 ﬂorue-

73 2101 145 2129 runt
158 2098 188 2126 in
205 2097 322 2126 mundo
343 2099 494 2128 crescente
511 2096 651 2124 Ecclesia.
669 2107 683 2121 ‹‹
705 2097 836 2132 Tempus
856 2103 912 2132 pu-

73 2143 196 2175 tationis
210 2142 340 2175 advenit,
354 2152 369 2168 ›
385 2142 415 2169 id
426 2144 470 2170 est
481 2141 645 2177 amputatis
657 2140 811 2172 inutilibus
829 2148 913 2172 vana:

73 2187 238 2222 religionis.
246 2187 404 2216 sarmentis
413 2187 518 2221 futurae
528 2186 598 2214 fidei
606 2187 815 2222 praeparantur
822 2184 913 2221 corda

74 2232 251 2265 hominum,
291 2231 426 2259 aestivum
460 2238 592 2266 namque
625 2231 744 2265 tempus
780 2229 911 2264 advenit,

73 2276 201 2313 quando
217 2284 253 2304 ex
270 2283 331 2305 una
344 2276 433 2311 stirpe
450 2275 584 2312 corporis
607 2274 679 2302 boni
696 2275 875 2311 separantur
896 2282 913 2302 a

74 2321 176 2353 malis,
191 2329 230 2348 ne
250 2320 400 2348 vicinitate
423 2320 574 2354 malorum
599 2319 762 2356 depereant
777 2318 859 2352 boni,
877 2327 914 2346 ne

74 2364 437 2404 perfidiaincredulorum
454 2364 657 2401 periclitentur
671 2364 836 2397 credentes,
855 2364 914 2391 Hoc

74 2411 179 2447 utique
201 2413 319 2446 tempus
344 2409 540 2439 nuntiabatur
565 2408 665 2436 venire
686 2408 859 2446 putationis,
877 2407 913 2435 de

72 2463 136 2492 quo
150 2454 298 2488 Dominus
317 2454 391 2482 dixit
405 2454 436 2487 in
454 2453 614 2489 Evangelii)
629 2462 634 2480 :
653 2464 666 2477 α
684 2453 758 2480 Veni
773 2453 854 2482 enim
871 2460 914 2479 se-

72 2508 182 2537 parare
205 2499 300 2527 tilium
316 2507 334 2527 a
349 2500 444 2535 patre,
471 2501 499 2527 et
520 2506 631 2525 nurum
651 2506 668 2525 a
691 2505 779 2525 socru
805 2505 870 2531 sua,
887 2499 915 2526 et

71 2544 168 2572 ﬁliam
184 2552 202 2572 a
221 2546 317 2572 matre
339 2552 394 2571 sua
419 2543 540 2577 (Matth.
565 2543 601 2576 χ),
633 2554 646 2567 η
667 2545 696 2569 et
716 2541 843 2578 reliqua.
864 2540 914 2568 Vel

71 2589 171 2617 hiems
188 2588 314 2623 transiit,
331 2588 403 2624 quia
423 2587 579 2624 praesentis
597 2587 664 2615 vitae
680 2585 833 2613 tribulatio
848 2585 915 2613 abs-

71 2634 170 2661 cessit.
189 2633 289 2660 Imber
305 2640 427 2670 quoque
444 2632 528 2664 abiit,
549 2631 620 2668 quia
636 2639 705 2658 cum
725 2630 764 2658 ad
779 2633 913 2658 contem-

71 2678 223 2716 plandum
246 2678 277 2705 in
298 2686 353 2705 sua
375 2677 543 2705 substantia
565 2675 803 2720 omnipotentem
821 2676 914 2702 Deum

69 2724 223 2758 ducimur,
248 2723 313 2758 jam
338 2722 501 2755 verborum
527 2724 617 2757 guttae
644 2720 823 2749 necessariae
852 2728 914 2747 non

72 2771 169 2801 erunt,
188 2770 219 2795 ut
232 2767 333 2804 pluvia
344 2766 453 2794 debeat
464 2765 686 2803 przedicotionis
698 2764 825 2793 infundi.
839 2766 912 2793 Nam

73 2813 157 2849 quod
181 2812 285 2840 minus
308 2812 354 2839 hic
377 2811 481 2840 audire
504 2811 571 2848 quis
593 2812 701 2847 potest,
724 2809 764 2837 ibi
783 2809 913 2846 amplius

72 2858 187 2893 videbit
205 2867 212 2887 :
232 2869 246 2883 ‹‹
265 2857 341 2898 Quia
360 2865 442 2885 nunc
463 2856 604 2885 videmus
625 2863 680 2898 per
705 2854 862 2900 speculum
883 2854 914 2891 in

979 230 1048 250 mus
1062 231 1132 252 eum
1146 225 1231 253 sicuti
1247 228 1290 253 est
1303 226 1331 259 (Ι
1348 225 1416 253 Cor.
1439 225 1510 259 xui).
1534 235 1548 254 η
1573 226 1654 253 Tunc
1669 227 1817 260 apparent

979 266 1068 295 ﬂores
1084 268 1112 296 in
1138 272 1224 303 terra,
1247 270 1319 306 quia
1338 277 1407 297 cum
1430 269 1467 297 de
1483 272 1602 298 aeternae
1618 268 1813 298 beatitudinis

980 311 1041 342 vita
1073 314 1216 349 qumdem
1248 314 1403 343 suavitatis
1434 313 1602 350 primordia
1629 315 1814 350 praegustare

980 356 1082 388 anima
1110 359 1243 394 coeperit,
1270 358 1359 395 quasi
1378 358 1444 394 jam
1468 358 1500 386 in
1521 357 1647 389 ﬂoribus
1671 357 1816 389 adoretur

980 401 1093 437 exiens,
1118 403 1202 439 quod
1226 406 1388 439 postquam
1410 410 1531 438 egressa
1554 402 1643 434 fuerit
1661 401 1694 431 in
1716 401 1816 431 fructu

981 445 1102 478 uberius
1113 447 1246 479 habebit,
1258 448 1339 477 unde
1349 450 1377 475 et
1391 447 1462 476 illuc
1477 446 1615 477 subditur
1633 456 1639 475 :
1655 456 1670 474 ι
1684 448 1815 483 Tempus

980 491 1142 526 putationis
1154 492 1284 521 advenit.
1301 504 1315 518 υ
1327 495 1359 521 1n
1370 492 1525 529 putatione
1535 491 1649 528 quippe
1661 494 1815 523 sarmenta

981 535 1092 564 sterilia
1114 536 1298 569 reciduntur,
1322 539 1353 565 ut
1374 545 1410 567 ea
1425 545 1494 573 quae
1512 536 1676 573 praevalent
1691 535 1814 566 uberius

981 578 1109 611 fructum
1130 581 1235 611 ferant.
1258 583 1370 610 Nostrae
1389 581 1490 617 itaque
1511 580 1674 616 putationis
1694 582 1814 617 tempus

980 626 1050 655 tunc
1070 625 1219 660 adveniet,
1247 625 1373 661 quando
1396 625 1615 657 infructuosam
1634 633 1670 655 ac
1689 624 1813 655 noxiam

979 669 1179 704 corruptionis
1193 677 1316 697 carnem
1331 669 1509 697 deserimus.
1527 668 1581 701 Qui
1595 668 1709 697 fructus
1724 668 1812 701 nobis

979 712 1036 739 eris
1054 712 1233 747 uberrimus,
1252 714 1326 742 visio
1343 713 1432 741 unius
1447 713 1507 741 Dei.
1531 714 1565 742 Ut
1585 714 1705 748 tempus
1724 715 1811 748 puta-

979 756 1066 787 tionis
1081 760 1134 792 est,
1153 759 1268 790 vacatio
1282 767 1298 789 e
1314 758 1429 788 mundo
1443 758 1553 786 animas
1567 757 1744 787 caelestium.
1761 757 1811 785 Se-

978 802 1078 837 quitur
1096 812 1102 830 :
1120 814 1133 828 ιι
1151 805 1211 832 Vox
1228 803 1349 833 turturis
1364 803 1468 832 audita
1480 805 1525 833 est
1536 803 1567 830 in
1583 804 1661 831 terra
1671 803 1784 834 nostra.
1795 812 1810 826 κ

979 846 1120 875 Dicamus
1134 848 1291 884 opiniones
1304 848 1504 881 diversorum,
1519 855 1556 875 ne
1568 846 1642 875 forte
1657 846 1812 881 ignorasse

977 892 1094 921 causari
1109 893 1266 923 videamur
1289 895 1396 921 Vocem
1407 893 1528 921 turturis
1541 894 1663 928 propter
1670 891 1811 923 decorem

977 937 1121 966 castitatis
1147 938 1267 967 beatam
1295 937 1416 967 Mariam
1439 936 1562 971 intelligi
1586 936 1701 969 volunt,
1724 936 1810 971 cujus

976 990 1033 1009 vox
1046 982 1178 1018 primum
1192 983 1295 1012 audita
1309 985 1352 1010 est
1362 982 1393 1010 in
1409 983 1486 1010 terra
1500 982 1613 1014 nostra,
1626 980 1756 1012 dicendo
1770 980 1810 1014 ad

976 1026 1118 1061 angelum
1136 1035 1141 1054 :
1160 1038 1173 1053 ι(
1190 1026 1350 1060 Quomodo
1368 1026 1420 1054 ﬁet
1439 1026 1530 1059 istud,
1546 1025 1619 1061 quia
1632 1024 1731 1059 virum
1747 1031 1810 1057 non

976 1078 1127 1105 cognosco
1143 1072 1156 1099 ?
1172 1083 1185 1096 ιι
1203 1072 1285 1105 (Luc.
1311 1072 1380 1105 i.)Et
1396 1079 1402 1099 :
1420 1080 1436 1097 ι
1455 1071 1528 1098 Ecce
1551 1068 1659 1103 ancilla
1680 1068 1808 1103 Domini,

975 1115 1028 1143 ﬁat
1050 1116 1123 1145 mihi
1145 1116 1311 1144 secundum
1332 1115 1460 1143 verbum
1482 1117 1568 1146 tuum
1589 1113 1692 1149 (Ιὰἱιι.)
1714 1124 1728 1140 λι
1750 1114 1806 1148 Et:

977 1171 990 1187 «
1012 1162 1053 1189 Ex
1068 1161 1125 1189 hoc
1141 1161 1261 1191 beatam
1285 1169 1333 1188 me
1352 1160 1453 1188 dicent
1471 1167 1577 1193 omnes
1599 1157 1807 1194 generationes

975 1205 1076 1241 (Ιὸίά.)
1091 1218 1104 1235 n.
1119 1205 1170 1234 Cui
1183 1205 1308 1240 angelus
1323 1204 1477 1241 respondit
1491 1213 1498 1232 :
1514 1215 1527 1233 tt
1547 1203 1672 1241 Spiritus
1684 1204 1807 1234 sanctus

975 1250 1165 1287 superveniet
1185 1251 1215 1280 in
1238 1253 1276 1282 te.
1300 1252 1328 1278 et
1348 1250 1441 1278 virtus
1455 1248 1597 1277 Altissimi
1611 1246 1808 1277 obumbrabit

976 1295 1037 1325 tibi.
1055 1306 1069 1320 η
1087 1297 1139 1323 Et:
1158 1307 1170 1320 ι(
1189 1295 1274 1329 Quod
1297 1296 1438 1323 nascetur
1461 1302 1499 1321 ex
1512 1295 1541 1322 te
1557 1294 1697 1328 sanctum
1718 1299 1807 1328 voca:

974 1340 1053 1368 bitur
1076 1340 1162 1374 Filius
1184 1340 1245 1368 Dei.
1263 1351 1276 1364 ›ι
1294 1341 1325 1367 Et
1342 1347 1410 1368 vere
1433 1339 1569 1374 dignam,
1590 1345 1685 1374 quam
1709 1336 1807 1370 solam

974 1386 1094 1416 beatam
1115 1394 1221 1418 omnes
1236 1384 1444 1421 generationes
1463 1384 1577 1419 dicunt,
1592 1391 1685 1419 quam
1701 1381 1807 1418 glorior

974 1440 1040 1459 sam
1061 1431 1137 1460 inter
1158 1439 1264 1461 omnes
1280 1430 1409 1460 feminas
1422 1437 1484 1458 non
1499 1429 1598 1458 solum
1617 1428 1805 1461 diversarum

973 1475 1107 1510 gentium
1136 1475 1283 1509 nationes,
1313 1474 1365 1502 sed
1391 1474 1482 1502 etiam
1514 1473 1660 1507 caelorum
1682 1471 1804 1507 virtutes

973 1520 1157 1549 admirantes
1173 1519 1357 1553 collaudant,
1372 1526 1426 1555 per
1440 1518 1505 1546 vitm
1524 1517 1696 1552 ingressum
1712 1516 1804 1550 enim,

973 1567 1099 1593 mortem
1117 1564 1263 1600 fugatam,
1282 1563 1432 1595 mundum
1453 1561 1678 1596 reconciliatum
1694 1560 1806 1596 gaude-

972 1617 1048 1637 mus.
1067 1608 1167 1644 Aliqui
1184 1616 1252 1639 vcro
1266 1608 1391 1641 beatum
1408 1608 1555 1635 Joannem
1575 1604 1741 1641 Baptistam
1756 1611 1804 1634 asi-

972 1656 1083 1685 serunt,
1100 1653 1186 1688 cujus
1203 1661 1262 1681 vox
1283 1651 1387 1685 audita
1407 1653 1451 1680 est
1469 1650 1594 1680 dicentis
1611 1658 1618 1678 :
1635 1660 1649 1679 ις
1669 1650 1730 1684 Ego
1746 1656 1805 1682 vox

972 1698 1132 1732 clamantis
1148 1697 1178 1725 in
1194 1697 1324 1731 deserto,
1341 1698 1445 1733 parate
1461 1695 1542 1723 viam
1552 1694 1670 1724 Domini
1681 1693 1803 1729 (Matth,

971 1746 1011 1778 vi.
1041 1754 1054 1767 ››
1085 1743 1117 1770 Et
1142 1751 1148 1770 :
1178 1753 1192 1768 ιι
1222 1741 1316 1774 Facite
1344 1740 1458 1770 fructus
1486 1739 1595 1774 dignos
1622 1737 1804 1775 pcenitentiie

971 1788 1054 1823 (Luc.
1076 1787 1128 1821 in).
1146 1795 1159 1812 ι
1186 1785 1326 1818 Quandiu
1341 1784 1422 1813 enim
1437 1782 1694 1820 praevaricationis
1707 1781 1804 1817 hiems

971 1833 1090 1867 tempus
1112 1830 1201 1864 triste,
1219 1829 1475 1865 constrictumque
1495 1827 1534 1862 ab
1561 1826 1645 1860 omni
1671 1824 1804 1862 germine

970 1875 1062 1908 bono,
1078 1874 1232 1903 obtexerat
1245 1873 1353 1902 faciem
1365 1872 1482 1906 mundi,
1499 1874 1528 1900 et
1537 1879 1594 1908 sua,
1607 1870 1720 1907 ditique
1729 1868 1804 1906 obti-

969 1919 1061 1955 nebat
1081 1918 1222 1950 diabolus
1245 1920 1366 1952 terram,
1387 1917 1453 1945 haec
1476 1915 1653 1952 dulcissima
1667 1922 1725 1951 vo;
1745 1916 1793 1949 tur

970 1963 1053 1998 turis,
1070 1963 1131 1992 sive
1147 1971 1200 2000 per
1218 1963 1340 2000 beatam
1356 1961 1488 1995 Mariam,
1505 1960 1566 1992 sive
1588 1967 1642 1997 per
1655 1960 1803 1997 Joannem

969 2016 1030 2042 non
1054 2010 1098 2036 est
1113 2007 1215 2042 audita
1231 2007 1261 2035 in
1286 2009 1373 2034 terra.
1400 2005 1457 2034 Sed
1472 2004 1524 2033 ubi
1538 2012 1670 2041 magnus
1694 2003 1743 2039 ille
1758 2003 1804 2036 sol

966 2052 1099 2089 justitiie,
1115 2052 1167 2092 qui
1186 2051 1273 2081 nobis
1292 2050 1480 2087 indulgentia
1501 2049 1611 2086 aestatis
1635 2048 1803 2084 ubertatem

969 2097 1149 2130 adducendo
1173 2100 1292 2127 exortus
1315 2098 1369 2132 est,
1396 2095 1485 2131 ccepit
1503 2093 1653 2132 desiderio
1680 2102 1802 2130 conser-

968 2141 1077 2171 vandae
1087 2141 1157 2170 casti
1163 2140 1228 2174 tatis
1241 2149 1298 2170 vox
1314 2139 1436 2169 turturis
1448 2140 1479 2168 in
1490 2142 1568 2168 terra
1580 2141 1683 2175 nostra
1693 2138 1800 2174 audiri.

969 2188 1052 2215 iusta
1065 2186 1144 2219 enim
1160 2185 1274 2214 ratione
1286 2185 1577 2220 turturicastissimm
1588 2185 1636 2217 avi
1649 2184 1803 2221 virginitas

970 2233 1172 2267 comparatur,
1185 2239 1251 2267 quae
1263 2230 1292 2258 in
1306 2230 1420 2261 Joanne
1431 2229 1476 2258 vel
1486 2230 1576 2259 Maria
1591 2229 1706 2266 obtinet
1719 2229 1802 2266 prius

969 2275 1111 2315 cipatum.
1128 2276 1198 2307 Quae
1215 2274 1309 2310 semel
1324 2274 1416 2303 verbo
1430 2274 1481 2301 Dei
1496 2273 1544 2304 vel
1559 2273 1680 2311 Spiritui
1699 2275 1802 2303 sancto

970 2320 1140 2356 conjuncta,
1156 2328 1312 2355 nunquam
1324 2319 1417 2347 alium
1429 2319 1538 2352 cogitat
1548 2326 1733 2354 comparem,
1746 2326 1801 2345 nec

970 2365 1062 2397 altera
1078 2363 1297 2395 desideriorum
1316 2363 1362 2391 sui
1380 2363 1492 2391 amoris
1509 2362 1661 2397 conjuncti
1676 2364 1728 2393 cst.
1745 2361 1802 2389 nisi

968 2409 1009 2436 illi
1018 2409 1065 2436 cui
1075 2408 1165 2435 semel
1175 2408 1378 2443 conglutinata
1386 2406 1540 2443 probatur,
1552 2408 1697 2442 tanquam
1707 2408 1802 2434 turtur

969 2454 1021 2492 qui
1043 2453 1150 2480 deserti
1173 2452 1270 2479 dilecti
1295 2451 1465 2479 habitacula
1481 2450 1586 2485 diligit,
1603 2453 1631 2478 et
1648 2450 1801 2478 advocans

970 2505 1145 2535 comparem
1160 2497 1239 2525 dulci
1255 2498 1375 2533 resonat
1388 2503 1471 2529 voce,
1484 2497 1512 2522 et
1526 2502 1562 2523 eo
1578 2494 1692 2522 amisso
1709 2494 1801 2522 alium

969 2550 1031 2569 non
1046 2541 1178 2581 requirit,
1202 2541 1253 2569 sed
1274 2541 1313 2568 ad
1337 2540 1430 2569 alium
1452 2547 1572 2576 semper
1591 2539 1800 2576 promissionis

969 2595 1072 2614 vocem
1088 2588 1115 2613 et
1126 2586 1233 2613 mentis
1245 2585 1359 2619 emittit,
1372 2584 1417 2613 cui
1429 2584 1567 2621 promisit
1582 2593 1704 2615 servare
1714 2584 1801 2612 dilec-

970 2631 1056 2659 tionis
1065 2629 1204 2664 aﬂ‘ectum
1212 2651 1217 2657 .
1226 2631 1290 2663 Quo
1300 2632 1430 2664 mortuo,
1438 2637 1600 2669 nunquam
1610 2629 1669 2662 alio
1677 2629 1802 2667 conjun~

969 2676 997 2711 gi
1007 2677 1153 2710 narratur;
1163 2673 1215 2702 sed
1224 2682 1292 2702 eum
1302 2674 1444 2709 omnibus
1454 2674 1560 2705 diebus
1569 2674 1647 2709 vitaz,
1655 2673 1703 2702 cui
1709 2673 1805 2708 semet

969 2719 1055 2748 fuerit
1071 2719 1240 2761 conjuncta,
1263 2719 1463 2754 desiderando
1483 2719 1615 2755 requirit.
1635 2718 1692 2747 Sed
1708 2718 1803 2752 sciens

968 2765 1041 2792 dum
1058 2766 1112 2800 est,
1129 2763 1194 2791 licet
1213 2763 1252 2791 ita
1271 2764 1309 2796 sit
1323 2772 1383 2793 vox
1397 2764 1519 2793 turturis
1541 2772 1610 2801 qua:
1632 2762 1735 2799 audita
1759 2765 1803 2792 est

969 2810 998 2837 in
1015 2812 1092 2837 terra
1111 2811 1213 2836 nostra
1230 2818 1236 2836 :
1253 2808 1303 2837 illa
1327 2811 1371 2837 est
1396 2809 1513 2837 Domini
1538 2808 1711 2844 Salvatorig
1734 2816 1803 2845 quin

970 2854 1041 2883 dicit
1054 2854 1084 2884 in
1099 2853 1260 2892 Evangelia
1275 2862 1282 2882 :
1300 2864 1314 2879 «
1326 2853 1534 2891 Pcenitentiam
1544 2854 1631 2893 agite,
1641 2853 1803 2892 appropin-
