  <div class='ocr_page' id='page_1' title='image "/cluster/home/n/w/nwhite01/storage/ocr_20150623/115-116/uc1.31175006916467/307.png"; bbox 0 0 1984 3193; ppageno 0'>
   <div class='ocr_carea' id='block_1_1' title="bbox 179 114 231 140">
    <p class='ocr_par' dir='ltr' id='par_1_1' title="bbox 179 114 231 140">
     <span class='ocr_line' id='line_1_1' title="bbox 179 114 231 140; baseline 0.019 -1"><span class='ocrx_word' id='word_1_1' title='bbox 179 114 231 140; x_wconf 79' lang='lat'>599</span> 
     </span>
    </p>
   </div>
   <div class='ocr_carea' id='block_1_2' title="bbox 749 114 1351 143">
    <p class='ocr_par' dir='ltr' id='par_1_2' title="bbox 749 114 1351 143">
     <span class='ocr_line' id='line_1_2' title="bbox 749 114 1351 143; baseline -0.003 -1"><span class='ocrx_word' id='word_1_2' title='bbox 749 114 929 143; x_wconf 77' lang='lat' dir='ltr'>ANGELOMI</span> <span class='ocrx_word' id='word_1_3' title='bbox 949 114 1176 143; x_wconf 83' lang='lat' dir='ltr'>LUXOVIENSIS</span> <span class='ocrx_word' id='word_1_4' title='bbox 1195 114 1351 143; x_wconf 71' lang='lat' dir='ltr'>HONACBI</span> 
     </span>
    </p>
   </div>
   <div class='ocr_carea' id='block_1_3' title="bbox 1847 113 1901 140">
    <p class='ocr_par' dir='ltr' id='par_1_3' title="bbox 1847 113 1901 140">
     <span class='ocr_line' id='line_1_3' title="bbox 1847 113 1901 140; baseline 0 0"><span class='ocrx_word' id='word_1_5' title='bbox 1847 113 1901 140; x_wconf 78' lang='lat'>600</span> 
     </span>
    </p>
   </div>
   <div class='ocr_carea' id='block_1_4' title="bbox 179 173 1906 212">
    <p class='ocr_par' dir='ltr' id='par_1_4' title="bbox 179 173 1906 212">
     <span class='ocr_line' id='line_1_4' title="bbox 179 173 1906 212; baseline 0.001 -11"><span class='ocrx_word' id='word_1_6' title='bbox 179 173 286 210; x_wconf 87' lang='lat' dir='ltr'>quabit</span> <span class='ocrx_word' id='word_1_7' title='bbox 307 174 387 202; x_wconf 91' lang='lat' dir='ltr'>enim</span> <span class='ocrx_word' id='word_1_8' title='bbox 402 183 529 210; x_wconf 80' lang='lat' dir='ltr'>regnum</span> <span class='ocrx_word' id='word_1_9' title='bbox 554 175 696 204; x_wconf 88' lang='lat' dir='ltr'>ccelorum</span> <span class='ocrx_word' id='word_1_10' title='bbox 720 176 841 212; x_wconf 81' lang='lat' dir='ltr'>(Matth.</span> <span class='ocrx_word' id='word_1_11' title='bbox 867 176 916 211; x_wconf 87' lang='grc' dir='ltr'>ιιι).</span> <span class='ocrx_word' id='word_1_12' title='bbox 935 187 949 201; x_wconf 88' lang='grc'>››</span> <span class='ocrx_word' id='word_1_13' title='bbox 964 175 1015 203; x_wconf 88' lang='lat' dir='ltr'>Vel</span> <span class='ocrx_word' id='word_1_14' title='bbox 1029 175 1054 202; x_wconf 82' lang='lat' dir='ltr'><strong>A</strong></span> <span class='ocrx_word' id='word_1_15' title='bbox 1070 176 1221 204; x_wconf 82' lang='lat' dir='ltr'>foramina</span> <span class='ocrx_word' id='word_1_16' title='bbox 1234 176 1265 204; x_wconf 92' lang='lat' dir='ltr'>in</span> <span class='ocrx_word' id='word_1_17' title='bbox 1275 176 1387 212; x_wconf 88' lang='lat' dir='ltr'>quibus</span> <span class='ocrx_word' id='word_1_18' title='bbox 1398 175 1522 203; x_wconf 80' lang='lat' dir='ltr'>docetur</span> <span class='ocrx_word' id='word_1_19' title='bbox 1532 175 1634 203; x_wconf 90' lang='lat' dir='ltr'>anima</span> <span class='ocrx_word' id='word_1_20' title='bbox 1644 175 1682 203; x_wconf 88' lang='lat' dir='ltr'>ad</span> <span class='ocrx_word' id='word_1_21' title='bbox 1693 175 1807 210; x_wconf 87' lang='lat' dir='ltr'>gaudia</span> <span class='ocrx_word' id='word_1_22' title='bbox 1818 175 1906 210; x_wconf 82' lang='lat' dir='ltr'>regni</span> 
     </span>
    </p>
   </div>
   <div class='ocr_carea' id='block_1_5' title="bbox 177 220 1012 256">
    <p class='ocr_par' dir='ltr' id='par_1_5' title="bbox 177 220 1012 256">
     <span class='ocr_line' id='line_1_5' title="bbox 177 220 1012 256; baseline 0.002 -10"><span class='ocrx_word' id='word_1_23' title='bbox 177 226 232 255; x_wconf 89' lang='lat' dir='ltr'>per</span> <span class='ocrx_word' id='word_1_24' title='bbox 245 221 390 247; x_wconf 90' lang='lat' dir='ltr'>turturem</span> <span class='ocrx_word' id='word_1_25' title='bbox 401 220 565 248; x_wconf 87' lang='lat' dir='ltr'>rectissime</span> <span class='ocrx_word' id='word_1_26' title='bbox 575 223 678 249; x_wconf 87' lang='lat' dir='ltr'>sancta</span> <span class='ocrx_word' id='word_1_27' title='bbox 689 221 820 249; x_wconf 82' lang='lat' dir='ltr'>Ecclesia</span> <span class='ocrx_word' id='word_1_28' title='bbox 830 220 1012 256; x_wconf 81' lang='lat' dir='ltr'>intelligitur,</span> 
     </span>
    </p>
   </div>
   <div class='ocr_carea' id='block_1_6' title="bbox 178 264 835 302">
    <p class='ocr_par' dir='ltr' id='par_1_6' title="bbox 178 264 835 302">
     <span class='ocr_line' id='line_1_6' title="bbox 178 264 835 302; baseline 0.005 -11"><span class='ocrx_word' id='word_1_29' title='bbox 178 264 320 292; x_wconf 79' lang='lat' dir='ltr'>varietate</span> <span class='ocrx_word' id='word_1_30' title='bbox 334 264 478 292; x_wconf 87' lang='lat' dir='ltr'>virtutum</span> <span class='ocrx_word' id='word_1_31' title='bbox 498 265 577 293; x_wconf 88' lang='lat' dir='ltr'>velut</span> <span class='ocrx_word' id='word_1_32' title='bbox 592 265 702 302; x_wconf 87' lang='lat' dir='ltr'>plumis</span> <span class='ocrx_word' id='word_1_33' title='bbox 718 268 835 294; x_wconf 84' lang='lat' dir='ltr'>ornata.</span> 
     </span>
    </p>
   </div>
   <div class='ocr_carea' id='block_1_7' title="bbox 215 308 1015 346">
    <p class='ocr_par' dir='ltr' id='par_1_7' title="bbox 215 308 1015 346">
     <span class='ocr_line' id='line_1_7' title="bbox 215 308 1015 346; baseline 0.001 -10"><span class='ocrx_word' id='word_1_34' title='bbox 215 319 229 334; x_wconf 88' lang='grc'><em>‹‹</em></span> <span class='ocrx_word' id='word_1_35' title='bbox 245 308 328 336; x_wconf 86' lang='lat' dir='ltr'>Ficus</span> <span class='ocrx_word' id='word_1_36' title='bbox 343 309 465 345; x_wconf 79' lang='lat' dir='ltr'>protulit</span> <span class='ocrx_word' id='word_1_37' title='bbox 476 317 598 344; x_wconf 82' lang='lat' dir='ltr'>grossos</span> <span class='ocrx_word' id='word_1_38' title='bbox 610 318 692 338; x_wconf 92' lang='lat' dir='ltr'>suos.</span> <span class='ocrx_word' id='word_1_39' title='bbox 705 322 719 334; x_wconf 83' lang='lat'>»</span> <span class='ocrx_word' id='word_1_40' title='bbox 730 309 1015 346; x_wconf 82' lang='lat' dir='ltr'>Propinquanteigi&#39;</span> 
     </span>
    </p>
   </div>
   <div class='ocr_carea' id='block_1_8' title="bbox 177 353 1016 390">
    <p class='ocr_par' dir='ltr' id='par_1_8' title="bbox 177 353 1016 390">
     <span class='ocr_line' id='line_1_8' title="bbox 177 353 1016 390; baseline 0.001 -10"><span class='ocrx_word' id='word_1_41' title='bbox 177 355 227 381; x_wconf 82' lang='lat' dir='ltr'>tur</span> <span class='ocrx_word' id='word_1_42' title='bbox 234 360 333 381; x_wconf 89' lang='lat' dir='ltr'>messe</span> <span class='ocrx_word' id='word_1_43' title='bbox 344 353 559 390; x_wconf 79' lang='lat' dir='ltr'>redemptionis</span> <span class='ocrx_word' id='word_1_44' title='bbox 569 354 711 382; x_wconf 77' lang='lat' dir='ltr'>humanae</span> <span class='ocrx_word' id='word_1_45' title='bbox 721 357 749 382; x_wconf 92' lang='lat' dir='ltr'>et</span> <span class='ocrx_word' id='word_1_46' title='bbox 757 354 878 389; x_wconf 77' lang='lat' dir='ltr'>gloriosi</span> <span class='ocrx_word' id='word_1_47' title='bbox 890 353 1016 382; x_wconf 79' lang='lat' dir='ltr'>Redem-</span> 
     </span>
    </p>
   </div>
   <div class='ocr_carea' id='block_1_9' title="bbox 178 398 1016 434">
    <p class='ocr_par' dir='ltr' id='par_1_9' title="bbox 178 398 1016 434">
     <span class='ocr_line' id='line_1_9' title="bbox 178 398 1016 434; baseline 0.001 -9"><span class='ocrx_word' id='word_1_48' title='bbox 178 398 272 433; x_wconf 88' lang='lat' dir='ltr'>ptoris</span> <span class='ocrx_word' id='word_1_49' title='bbox 279 398 419 432; x_wconf 88' lang='lat' dir='ltr'>adventu,</span> <span class='ocrx_word' id='word_1_50' title='bbox 426 398 588 434; x_wconf 76' lang='lat' dir='ltr'>impietatis</span> <span class='ocrx_word' id='word_1_51' title='bbox 600 399 697 427; x_wconf 92' lang='lat' dir='ltr'>hieme</span> <span class='ocrx_word' id='word_1_52' title='bbox 705 402 732 427; x_wconf 86' lang='lat' dir='ltr'>et</span> <span class='ocrx_word' id='word_1_53' title='bbox 743 399 845 434; x_wconf 82' lang='lat' dir='ltr'>algore</span> <span class='ocrx_word' id='word_1_54' title='bbox 856 398 1016 427; x_wconf 87' lang='lat' dir='ltr'>constricta</span> 
     </span>
    </p>
   </div>
   <div class='ocr_carea' id='block_1_10' title="bbox 178 442 1014 479">
    <p class='ocr_par' dir='ltr' id='par_1_10' title="bbox 178 442 1014 479">
     <span class='ocr_line' id='line_1_10' title="bbox 178 442 1014 479; baseline 0.002 -10"><span class='ocrx_word' id='word_1_55' title='bbox 178 442 251 470; x_wconf 91' lang='lat' dir='ltr'>nihil</span> <span class='ocrx_word' id='word_1_56' title='bbox 266 442 298 470; x_wconf 89' lang='lat' dir='ltr'>in</span> <span class='ocrx_word' id='word_1_57' title='bbox 316 450 347 470; x_wconf 87' lang='lat' dir='ltr'>se</span> <span class='ocrx_word' id='word_1_58' title='bbox 362 442 502 478; x_wconf 89' lang='lat' dir='ltr'>ﬁculnea,</span> <span class='ocrx_word' id='word_1_59' title='bbox 514 443 543 471; x_wconf 84' lang='lat' dir='ltr'>id</span> <span class='ocrx_word' id='word_1_60' title='bbox 557 446 601 471; x_wconf 88' lang='lat' dir='ltr'>est</span> <span class='ocrx_word' id='word_1_61' title='bbox 612 444 784 479; x_wconf 82' lang='lat' dir='ltr'>Synagoga,</span> <span class='ocrx_word' id='word_1_62' title='bbox 796 444 852 472; x_wconf 84' lang='lat' dir='ltr'>nisi</span> <span class='ocrx_word' id='word_1_63' title='bbox 863 443 1014 472; x_wconf 87' lang='lat' dir='ltr'>amarissi-</span> 
     </span>
    </p>
   </div>
   <div class='ocr_carea' id='block_1_11' title="bbox 178 487 1016 524">
    <p class='ocr_par' dir='ltr' id='par_1_11' title="bbox 178 487 1016 524">
     <span class='ocr_line' id='line_1_11' title="bbox 178 487 1016 524; baseline 0.002 -10"><span class='ocrx_word' id='word_1_64' title='bbox 178 494 263 514; x_wconf 90' lang='lat' dir='ltr'>mum</span> <span class='ocrx_word' id='word_1_65' title='bbox 271 495 395 515; x_wconf 89' lang='lat' dir='ltr'>succum</span> <span class='ocrx_word' id='word_1_66' title='bbox 401 487 542 515; x_wconf 69' lang='lat' dir='ltr'>doctrina-</span> <span class='ocrx_word' id='word_1_67' title='bbox 550 496 641 524; x_wconf 87' lang='lat' dir='ltr'>quem</span> <span class='ocrx_word' id='word_1_68' title='bbox 648 488 818 516; x_wconf 85' lang='lat' dir='ltr'>animarum</span> <span class='ocrx_word' id='word_1_69' title='bbox 826 489 927 516; x_wconf 88' lang='lat' dir='ltr'>cibum</span> <span class='ocrx_word' id='word_1_70' title='bbox 934 496 1016 515; x_wconf 86' lang='lat' dir='ltr'>men-</span> 
     </span>
    </p>
   </div>
   <div class='ocr_carea' id='block_1_12' title="bbox 178 530 1016 567">
    <p class='ocr_par' dir='ltr' id='par_1_12' title="bbox 178 530 1016 567">
     <span class='ocr_line' id='line_1_12' title="bbox 178 530 1016 567; baseline 0.002 -9"><span class='ocrx_word' id='word_1_71' title='bbox 178 530 258 566; x_wconf 87' lang='lat' dir='ltr'>titur,</span> <span class='ocrx_word' id='word_1_72' title='bbox 274 531 447 567; x_wconf 81' lang='lat' dir='ltr'>intelligitur</span> <span class='ocrx_word' id='word_1_73' title='bbox 459 532 613 560; x_wconf 82' lang='lat' dir='ltr'>habuisse.</span> <span class='ocrx_word' id='word_1_74' title='bbox 632 533 689 561; x_wconf 91' lang='lat' dir='ltr'>Sed</span> <span class='ocrx_word' id='word_1_75' title='bbox 705 533 735 561; x_wconf 93' lang='lat' dir='ltr'>in</span> <span class='ocrx_word' id='word_1_76' title='bbox 753 533 869 561; x_wconf 89' lang='lat' dir='ltr'>Domini</span> <span class='ocrx_word' id='word_1_77' title='bbox 884 533 1016 561; x_wconf 88' lang='lat' dir='ltr'>adventu</span> 
     </span>
    </p>
   </div>
   <div class='ocr_carea' id='block_1_13' title="bbox 179 576 1016 612">
    <p class='ocr_par' dir='ltr' id='par_1_13' title="bbox 179 576 1016 612">
     <span class='ocr_line' id='line_1_13' title="bbox 179 576 1016 612; baseline 0.002 -9"><span class='ocrx_word' id='word_1_78' title='bbox 179 578 341 611; x_wconf 80' lang='lat' dir='ltr'>postquam</span> <span class='ocrx_word' id='word_1_79' title='bbox 357 576 480 604; x_wconf 86' lang='lat' dir='ltr'>turturis</span> <span class='ocrx_word' id='word_1_80' title='bbox 495 585 551 604; x_wconf 81' lang='lat' dir='ltr'>vox</span> <span class='ocrx_word' id='word_1_81' title='bbox 569 577 672 605; x_wconf 88' lang='lat' dir='ltr'>audita</span> <span class='ocrx_word' id='word_1_82' title='bbox 687 579 731 605; x_wconf 90' lang='lat' dir='ltr'>est</span> <span class='ocrx_word' id='word_1_83' title='bbox 740 577 875 612; x_wconf 87' lang='lat' dir='ltr'>dicentis,</span> <span class='ocrx_word' id='word_1_84' title='bbox 892 589 905 602; x_wconf 77' lang='grc' dir='ltr'>α</span> <span class='ocrx_word' id='word_1_85' title='bbox 920 577 1016 605; x_wconf 63' lang='lat' dir='ltr'>Paeni-</span> 
     </span>
    </p>
   </div>
   <div class='ocr_carea' id='block_1_14' title="bbox 181 620 1015 658">
    <p class='ocr_par' dir='ltr' id='par_1_14' title="bbox 181 620 1015 658">
     <span class='ocr_line' id='line_1_14' title="bbox 181 620 1015 658; baseline 0.002 -11"><span class='ocrx_word' id='word_1_86' title='bbox 181 620 305 647; x_wconf 88' lang='lat' dir='ltr'>tentiam</span> <span class='ocrx_word' id='word_1_87' title='bbox 321 621 410 655; x_wconf 83' lang='lat' dir='ltr'>agite,</span> <span class='ocrx_word' id='word_1_88' title='bbox 427 632 441 645; x_wconf 87' lang='grc'>››</span> <span class='ocrx_word' id='word_1_89' title='bbox 466 623 494 648; x_wconf 92' lang='lat' dir='ltr'>et</span> <span class='ocrx_word' id='word_1_90' title='bbox 517 621 643 657; x_wconf 87' lang='lat' dir='ltr'>reliqua,</span> <span class='ocrx_word' id='word_1_91' title='bbox 666 621 741 649; x_wconf 88' lang='lat' dir='ltr'>ﬁcus</span> <span class='ocrx_word' id='word_1_92' title='bbox 756 622 878 658; x_wconf 83' lang='lat' dir='ltr'>protulit</span> <span class='ocrx_word' id='word_1_93' title='bbox 896 630 1015 657; x_wconf 83' lang='lat' dir='ltr'>grossos</span> 
     </span>
    </p>
   </div>
   <div class='ocr_carea' id='block_1_15' title="bbox 180 664 1015 703">
    <p class='ocr_par' dir='ltr' id='par_1_15' title="bbox 180 664 1015 703">
     <span class='ocr_line' id='line_1_15' title="bbox 180 664 1015 703; baseline 0.004 -12"><span class='ocrx_word' id='word_1_94' title='bbox 180 672 262 700; x_wconf 86' lang='lat' dir='ltr'>suos,</span> <span class='ocrx_word' id='word_1_95' title='bbox 286 664 316 692; x_wconf 91' lang='lat' dir='ltr'>id</span> <span class='ocrx_word' id='word_1_96' title='bbox 332 667 377 692; x_wconf 88' lang='lat' dir='ltr'>est</span> <span class='ocrx_word' id='word_1_97' title='bbox 394 668 545 701; x_wconf 65' lang='lat' dir='ltr'>praecapta</span> <span class='ocrx_word' id='word_1_98' title='bbox 566 665 638 700; x_wconf 84' lang='lat' dir='ltr'>legis</span> <span class='ocrx_word' id='word_1_99' title='bbox 654 667 824 694; x_wconf 89' lang='lat' dir='ltr'>ceciderunt</span> <span class='ocrx_word' id='word_1_100' title='bbox 839 669 867 694; x_wconf 91' lang='lat' dir='ltr'>et</span> <span class='ocrx_word' id='word_1_101' title='bbox 881 667 948 703; x_wconf 91' lang='lat' dir='ltr'>ipsa</span> <span class='ocrx_word' id='word_1_102' title='bbox 961 674 1015 703; x_wconf 88' lang='lat' dir='ltr'>per</span> 
     </span>
    </p>
   </div>
   <div class='ocr_carea' id='block_1_16' title="bbox 180 708 1016 747">
    <p class='ocr_par' dir='ltr' id='par_1_16' title="bbox 180 708 1016 747">
     <span class='ocr_line' id='line_1_16' title="bbox 180 708 1016 747; baseline 0.004 -11"><span class='ocrx_word' id='word_1_103' title='bbox 180 708 334 745; x_wconf 89' lang='lat' dir='ltr'>apostolos</span> <span class='ocrx_word' id='word_1_104' title='bbox 350 709 472 745; x_wconf 80' lang='lat' dir='ltr'>protulit</span> <span class='ocrx_word' id='word_1_105' title='bbox 485 718 604 744; x_wconf 86' lang='lat' dir='ltr'>grossos</span> <span class='ocrx_word' id='word_1_106' title='bbox 623 719 702 744; x_wconf 92' lang='lat' dir='ltr'>suos,</span> <span class='ocrx_word' id='word_1_107' title='bbox 719 711 771 747; x_wconf 89' lang='lat' dir='ltr'>qui</span> <span class='ocrx_word' id='word_1_108' title='bbox 784 711 821 739; x_wconf 90' lang='lat' dir='ltr'>de</span> <span class='ocrx_word' id='word_1_109' title='bbox 836 719 872 739; x_wconf 86' lang='lat' dir='ltr'>ea</span> <span class='ocrx_word' id='word_1_110' title='bbox 883 711 1016 746; x_wconf 82' lang='lat' dir='ltr'>generati</span> 
     </span>
    </p>
   </div>
   <div class='ocr_carea' id='block_1_17' title="bbox 182 753 1013 784">
    <p class='ocr_par' dir='ltr' id='par_1_17' title="bbox 182 753 1013 784">
     <span class='ocr_line' id='line_1_17' title="bbox 182 753 1013 784; baseline 0.004 -4"><span class='ocrx_word' id='word_1_111' title='bbox 182 753 375 781; x_wconf 88' lang='lat' dir='ltr'>dulcissimus</span> <span class='ocrx_word' id='word_1_112' title='bbox 390 754 474 782; x_wconf 89' lang='lat' dir='ltr'>cibus</span> <span class='ocrx_word' id='word_1_113' title='bbox 490 754 632 783; x_wconf 66' lang='lat' dir='ltr'>doctrinm</span> <span class='ocrx_word' id='word_1_114' title='bbox 647 756 817 783; x_wconf 90' lang='lat' dir='ltr'>animarum</span> <span class='ocrx_word' id='word_1_115' title='bbox 827 756 922 784; x_wconf 79' lang='lat' dir='ltr'>effecti</span> <span class='ocrx_word' id='word_1_116' title='bbox 936 758 1013 783; x_wconf 88' lang='lat' dir='ltr'>sunt.</span> 
     </span>
    </p>
   </div>
   <div class='ocr_carea' id='block_1_18' title="bbox 184 796 1014 833">
    <p class='ocr_par' dir='ltr' id='par_1_18' title="bbox 184 796 1014 833">
     <span class='ocr_line' id='line_1_18' title="bbox 184 796 1014 833; baseline 0.005 -9"><span class='ocrx_word' id='word_1_117' title='bbox 184 796 242 825; x_wconf 88' lang='lat' dir='ltr'>Sed</span> <span class='ocrx_word' id='word_1_118' title='bbox 252 797 324 833; x_wconf 84' lang='lat' dir='ltr'>quia</span> <span class='ocrx_word' id='word_1_119' title='bbox 339 798 381 825; x_wconf 91' lang='lat' dir='ltr'>eis</span> <span class='ocrx_word' id='word_1_120' title='bbox 394 798 513 826; x_wconf 80' lang='lat' dir='ltr'>credere</span> <span class='ocrx_word' id='word_1_121' title='bbox 529 799 633 832; x_wconf 79' lang='lat' dir='ltr'>noluit,</span> <span class='ocrx_word' id='word_1_122' title='bbox 650 802 761 827; x_wconf 64' lang='lat' dir='ltr'>aeterna</span> <span class='ocrx_word' id='word_1_123' title='bbox 771 800 919 828; x_wconf 85' lang='lat' dir='ltr'>sterilitate</span> <span class='ocrx_word' id='word_1_124' title='bbox 928 800 1014 833; x_wconf 82' lang='lat' dir='ltr'>aruit,</span> 
     </span>
    </p>
   </div>
   <div class='ocr_carea' id='block_1_19' title="bbox 183 842 1015 880">
    <p class='ocr_par' dir='ltr' id='par_1_19' title="bbox 183 842 1015 880">
     <span class='ocr_line' id='line_1_19' title="bbox 183 842 1015 880; baseline 0.006 -12"><span class='ocrx_word' id='word_1_125' title='bbox 183 843 212 869; x_wconf 88' lang='lat' dir='ltr'>et</span> <span class='ocrx_word' id='word_1_126' title='bbox 227 842 310 870; x_wconf 91' lang='lat' dir='ltr'>omni</span> <span class='ocrx_word' id='word_1_127' title='bbox 323 842 431 871; x_wconf 88' lang='lat' dir='ltr'>decore</span> <span class='ocrx_word' id='word_1_128' title='bbox 445 843 558 872; x_wconf 85' lang='lat' dir='ltr'>nudata</span> <span class='ocrx_word' id='word_1_129' title='bbox 574 844 644 872; x_wconf 93' lang='lat' dir='ltr'>nihil</span> <span class='ocrx_word' id='word_1_130' title='bbox 661 845 690 872; x_wconf 93' lang='lat' dir='ltr'>in</span> <span class='ocrx_word' id='word_1_131' title='bbox 706 853 736 873; x_wconf 92' lang='lat' dir='ltr'>se</span> <span class='ocrx_word' id='word_1_132' title='bbox 749 845 806 872; x_wconf 88' lang='lat' dir='ltr'>nisi</span> <span class='ocrx_word' id='word_1_133' title='bbox 822 845 899 880; x_wconf 90' lang='lat' dir='ltr'>ignis</span> <span class='ocrx_word' id='word_1_134' title='bbox 914 845 1015 873; x_wconf 63' lang='lat' dir='ltr'>aeterni</span> 
     </span>
    </p>
   </div>
   <div class='ocr_carea' id='block_1_20' title="bbox 183 885 1017 926">
    <p class='ocr_par' dir='ltr' id='par_1_20' title="bbox 183 885 1017 926">
     <span class='ocr_line' id='line_1_20' title="bbox 183 885 1017 926; baseline 0.006 -13"><span class='ocrx_word' id='word_1_135' title='bbox 183 885 361 915; x_wconf 85' lang='lat' dir='ltr'>alimentum</span> <span class='ocrx_word' id='word_1_136' title='bbox 369 892 545 916; x_wconf 84' lang='lat' dir='ltr'>conservata</span> <span class='ocrx_word' id='word_1_137' title='bbox 554 892 606 916; x_wconf 88' lang='lat' dir='ltr'>est.</span> <span class='ocrx_word' id='word_1_138' title='bbox 615 892 635 916; x_wconf 80' lang='grc' dir='ltr'><strong>Α</strong></span> <span class='ocrx_word' id='word_1_139' title='bbox 645 890 731 924; x_wconf 84' lang='lat' dir='ltr'>cujus</span> <span class='ocrx_word' id='word_1_140' title='bbox 740 898 886 926; x_wconf 64' lang='lat' dir='ltr'>perversae</span> <span class='ocrx_word' id='word_1_141' title='bbox 894 898 1017 926; x_wconf 90' lang='lat' dir='ltr'>oppres-</span> 
     </span>
    </p>
   </div>
   <div class='ocr_carea' id='block_1_21' title="bbox 185 930 1017 971">
    <p class='ocr_par' dir='ltr' id='par_1_21' title="bbox 185 930 1017 971">
     <span class='ocr_line' id='line_1_21' title="bbox 185 930 1017 971; baseline 0.005 -13"><span class='ocrx_word' id='word_1_142' title='bbox 185 930 277 959; x_wconf 87' lang='lat' dir='ltr'>sionis</span> <span class='ocrx_word' id='word_1_143' title='bbox 287 932 394 960; x_wconf 89' lang='lat' dir='ltr'>umbra</span> <span class='ocrx_word' id='word_1_144' title='bbox 404 932 529 961; x_wconf 90' lang='lat' dir='ltr'>liberata</span> <span class='ocrx_word' id='word_1_145' title='bbox 541 933 635 969; x_wconf 88' lang='lat' dir='ltr'>plebs,</span> <span class='ocrx_word' id='word_1_146' title='bbox 643 934 742 971; x_wconf 65' lang='lat' dir='ltr'>elepit,</span> <span class='ocrx_word' id='word_1_147' title='bbox 752 935 859 963; x_wconf 89' lang='lat' dir='ltr'>amotis</span> <span class='ocrx_word' id='word_1_148' title='bbox 871 935 957 963; x_wconf 88' lang='lat' dir='ltr'>malis</span> <span class='ocrx_word' id='word_1_149' title='bbox 965 935 1017 962; x_wconf 93' lang='lat' dir='ltr'>do-</span> 
     </span>
    </p>
   </div>
   <div class='ocr_carea' id='block_1_22' title="bbox 184 976 1018 1011">
    <p class='ocr_par' dir='ltr' id='par_1_22' title="bbox 184 976 1018 1011">
     <span class='ocr_line' id='line_1_22' title="bbox 184 976 1018 1011; baseline 0.006 -8"><span class='ocrx_word' id='word_1_150' title='bbox 184 976 315 1004; x_wconf 89' lang='lat' dir='ltr'>ctoribus</span> <span class='ocrx_word' id='word_1_151' title='bbox 328 977 492 1011; x_wconf 79' lang='lat' dir='ltr'>Pharisaais,</span> <span class='ocrx_word' id='word_1_152' title='bbox 507 978 536 1005; x_wconf 90' lang='lat' dir='ltr'>in</span> <span class='ocrx_word' id='word_1_153' title='bbox 552 979 666 1006; x_wconf 87' lang='lat' dir='ltr'>Christo</span> <span class='ocrx_word' id='word_1_154' title='bbox 688 980 838 1008; x_wconf 91' lang='lat' dir='ltr'>credendo</span> <span class='ocrx_word' id='word_1_155' title='bbox 857 980 973 1011; x_wconf 81' lang='lat' dir='ltr'>ﬂorere,</span> <span class='ocrx_word' id='word_1_156' title='bbox 989 982 1018 1008; x_wconf 91' lang='lat' dir='ltr'>et</span> 
     </span>
    </p>
   </div>
   <div class='ocr_carea' id='block_1_23' title="bbox 185 1021 1017 1057">
    <p class='ocr_par' dir='ltr' id='par_1_23' title="bbox 185 1021 1017 1057">
     <span class='ocr_line' id='line_1_23' title="bbox 185 1021 1017 1057; baseline 0.006 -9"><span class='ocrx_word' id='word_1_157' title='bbox 185 1029 242 1049; x_wconf 91' lang='lat' dir='ltr'>suo</span> <span class='ocrx_word' id='word_1_158' title='bbox 261 1021 399 1057; x_wconf 79' lang='lat' dir='ltr'>exemplo</span> <span class='ocrx_word' id='word_1_159' title='bbox 414 1022 541 1050; x_wconf 89' lang='lat' dir='ltr'>aliarum</span> <span class='ocrx_word' id='word_1_160' title='bbox 559 1024 692 1057; x_wconf 86' lang='lat' dir='ltr'>gentium</span> <span class='ocrx_word' id='word_1_161' title='bbox 705 1025 842 1052; x_wconf 87' lang='lat' dir='ltr'>nationes</span> <span class='ocrx_word' id='word_1_162' title='bbox 857 1025 895 1053; x_wconf 89' lang='lat' dir='ltr'>ad</span> <span class='ocrx_word' id='word_1_163' title='bbox 912 1025 1017 1053; x_wconf 90' lang='lat' dir='ltr'>ﬂorem</span> 
     </span>
    </p>
   </div>
   <div class='ocr_carea' id='block_1_24' title="bbox 184 1065 1018 1106">
    <p class='ocr_par' dir='ltr' id='par_1_24' title="bbox 184 1065 1018 1106">
     <span class='ocr_line' id='line_1_24' title="bbox 184 1065 1018 1106; baseline 0.007 -14"><span class='ocrx_word' id='word_1_164' title='bbox 184 1065 366 1094; x_wconf 84' lang='lat' dir='ltr'>credulitatis</span> <span class='ocrx_word' id='word_1_165' title='bbox 374 1074 549 1102; x_wconf 86' lang='lat' dir='ltr'>provocare.</span> <span class='ocrx_word' id='word_1_166' title='bbox 559 1069 598 1096; x_wconf 88' lang='lat' dir='ltr'>De</span> <span class='ocrx_word' id='word_1_167' title='bbox 606 1068 717 1104; x_wconf 86' lang='lat' dir='ltr'>quibus</span> <span class='ocrx_word' id='word_1_168' title='bbox 729 1070 865 1106; x_wconf 85' lang='lat' dir='ltr'>sequenti</span> <span class='ocrx_word' id='word_1_169' title='bbox 872 1069 1018 1098; x_wconf 88' lang='lat' dir='ltr'>versiculo</span> 
     </span>
    </p>
   </div>
   <div class='ocr_carea' id='block_1_25' title="bbox 184 1109 1017 1142">
    <p class='ocr_par' dir='ltr' id='par_1_25' title="bbox 184 1109 1017 1142">
     <span class='ocr_line' id='line_1_25' title="bbox 184 1109 1017 1142; baseline 0.007 -5"><span class='ocrx_word' id='word_1_170' title='bbox 184 1109 307 1138; x_wconf 88' lang='lat' dir='ltr'>dicitur:</span> <span class='ocrx_word' id='word_1_171' title='bbox 319 1121 332 1134; x_wconf 83' lang='lat'><strong>«</strong></span> <span class='ocrx_word' id='word_1_172' title='bbox 340 1110 439 1138; x_wconf 79' lang='lat' dir='ltr'>Vineae</span> <span class='ocrx_word' id='word_1_173' title='bbox 447 1111 586 1139; x_wconf 90' lang='lat' dir='ltr'>ﬂorentes</span> <span class='ocrx_word' id='word_1_174' title='bbox 596 1113 743 1142; x_wconf 88' lang='lat' dir='ltr'>dederunt</span> <span class='ocrx_word' id='word_1_175' title='bbox 753 1114 877 1142; x_wconf 90' lang='lat' dir='ltr'>odorem</span> <span class='ocrx_word' id='word_1_176' title='bbox 890 1123 990 1142; x_wconf 89' lang='lat' dir='ltr'>suum.</span> <span class='ocrx_word' id='word_1_177' title='bbox 1008 1118 1017 1133; x_wconf 74' lang='lat'><strong>’</strong></span> 
     </span>
    </p>
   </div>
   <div class='ocr_carea' id='block_1_26' title="bbox 186 1155 1020 1196">
    <p class='ocr_par' dir='ltr' id='par_1_26' title="bbox 186 1155 1020 1196">
     <span class='ocr_line' id='line_1_26' title="bbox 186 1155 1020 1196; baseline 0.005 -12"><span class='ocrx_word' id='word_1_178' title='bbox 186 1155 340 1184; x_wconf 88' lang='lat' dir='ltr'>Credendo</span> <span class='ocrx_word' id='word_1_179' title='bbox 346 1156 514 1192; x_wconf 88' lang='lat' dir='ltr'>namquein</span> <span class='ocrx_word' id='word_1_180' title='bbox 522 1165 615 1185; x_wconf 90' lang='lat' dir='ltr'>unum</span> <span class='ocrx_word' id='word_1_181' title='bbox 624 1158 717 1186; x_wconf 91' lang='lat' dir='ltr'>Deum</span> <span class='ocrx_word' id='word_1_182' title='bbox 723 1159 960 1196; x_wconf 76' lang='lat' dir='ltr'>omnipotentem</span> <span class='ocrx_word' id='word_1_183' title='bbox 967 1160 1020 1187; x_wconf 91' lang='lat' dir='ltr'>ﬂo-</span> 
     </span>
    </p>
   </div>
   <div class='ocr_carea' id='block_1_27' title="bbox 185 1200 1017 1240">
    <p class='ocr_par' dir='ltr' id='par_1_27' title="bbox 185 1200 1017 1240">
     <span class='ocr_line' id='line_1_27' title="bbox 185 1200 1017 1240; baseline 0.007 -13"><span class='ocrx_word' id='word_1_184' title='bbox 185 1202 310 1228; x_wconf 88' lang='lat' dir='ltr'>ruerunt</span> <span class='ocrx_word' id='word_1_185' title='bbox 316 1200 452 1235; x_wconf 70' lang='lat' dir='ltr'>vineae,id</span> <span class='ocrx_word' id='word_1_186' title='bbox 461 1203 703 1238; x_wconf 86' lang='lat' dir='ltr'>estevangelicus</span> <span class='ocrx_word' id='word_1_187' title='bbox 710 1204 852 1240; x_wconf 89' lang='lat' dir='ltr'>populus.</span> <span class='ocrx_word' id='word_1_188' title='bbox 861 1205 917 1233; x_wconf 89' lang='lat' dir='ltr'>Seu</span> <span class='ocrx_word' id='word_1_189' title='bbox 924 1204 1017 1232; x_wconf 71' lang='lat' dir='ltr'>vineae</span> 
     </span>
    </p>
   </div>
   <div class='ocr_carea' id='block_1_28' title="bbox 184 1245 1019 1284">
    <p class='ocr_par' dir='ltr' id='par_1_28' title="bbox 184 1245 1019 1284">
     <span class='ocr_line' id='line_1_28' title="bbox 184 1245 1019 1284; baseline 0.007 -12"><span class='ocrx_word' id='word_1_190' title='bbox 184 1245 336 1280; x_wconf 89' lang='lat' dir='ltr'>ﬂorentes,</span> <span class='ocrx_word' id='word_1_191' title='bbox 348 1248 459 1273; x_wconf 73' lang='lat' dir='ltr'>sanctas</span> <span class='ocrx_word' id='word_1_192' title='bbox 467 1248 710 1276; x_wconf 85' lang='lat' dir='ltr'>conversationes</span> <span class='ocrx_word' id='word_1_193' title='bbox 718 1249 842 1277; x_wconf 90' lang='lat' dir='ltr'>odorem</span> <span class='ocrx_word' id='word_1_194' title='bbox 850 1249 939 1284; x_wconf 88' lang='lat' dir='ltr'>longe</span> <span class='ocrx_word' id='word_1_195' title='bbox 949 1249 1019 1278; x_wconf 86' lang='lat' dir='ltr'>late-</span> 
     </span>
    </p>
   </div>
   <div class='ocr_carea' id='block_1_29' title="bbox 185 1289 1018 1330">
    <p class='ocr_par' dir='ltr' id='par_1_29' title="bbox 185 1289 1018 1330">
     <span class='ocr_line' id='line_1_29' title="bbox 185 1289 1018 1330; baseline 0.006 -13"><span class='ocrx_word' id='word_1_196' title='bbox 185 1297 245 1326; x_wconf 90' lang='lat' dir='ltr'>que</span> <span class='ocrx_word' id='word_1_197' title='bbox 256 1289 404 1318; x_wconf 90' lang='lat' dir='ltr'>dederunt</span> <span class='ocrx_word' id='word_1_198' title='bbox 413 1298 467 1326; x_wconf 91' lang='lat' dir='ltr'>per</span> <span class='ocrx_word' id='word_1_199' title='bbox 474 1291 589 1319; x_wconf 88' lang='lat' dir='ltr'>orbem.</span> <span class='ocrx_word' id='word_1_200' title='bbox 603 1293 675 1320; x_wconf 81' lang='lat' dir='ltr'>Nam</span> <span class='ocrx_word' id='word_1_201' title='bbox 685 1293 760 1321; x_wconf 89' lang='lat' dir='ltr'>sicut</span> <span class='ocrx_word' id='word_1_202' title='bbox 767 1293 873 1321; x_wconf 89' lang='lat' dir='ltr'>hiemis</span> <span class='ocrx_word' id='word_1_203' title='bbox 884 1296 1018 1330; x_wconf 89' lang='lat' dir='ltr'>tempore</span> 
     </span>
    </p>
   </div>
   <div class='ocr_carea' id='block_1_30' title="bbox 187 1333 1016 1374">
    <p class='ocr_par' dir='ltr' id='par_1_30' title="bbox 187 1333 1016 1374">
     <span class='ocr_line' id='line_1_30' title="bbox 187 1333 1016 1374; baseline 0.007 -14"><span class='ocrx_word' id='word_1_204' title='bbox 187 1333 303 1369; x_wconf 86' lang='lat' dir='ltr'>absque</span> <span class='ocrx_word' id='word_1_205' title='bbox 315 1333 509 1369; x_wconf 41' lang='lat' dir='ltr'>frondibusiet</span> <span class='ocrx_word' id='word_1_206' title='bbox 518 1334 642 1363; x_wconf 89' lang='lat' dir='ltr'>ﬂoribus</span> <span class='ocrx_word' id='word_1_207' title='bbox 652 1336 714 1365; x_wconf 90' lang='lat' dir='ltr'>sine</span> <span class='ocrx_word' id='word_1_208' title='bbox 722 1337 829 1366; x_wconf 88' lang='lat' dir='ltr'>decore</span> <span class='ocrx_word' id='word_1_209' title='bbox 836 1340 905 1366; x_wconf 93' lang='lat' dir='ltr'>sunt</span> <span class='ocrx_word' id='word_1_210' title='bbox 911 1338 1016 1374; x_wconf 74' lang='lat' dir='ltr'>vineaz,</span> 
     </span>
    </p>
   </div>
   <div class='ocr_carea' id='block_1_31' title="bbox 189 1377 1017 1415">
    <p class='ocr_par' dir='ltr' id='par_1_31' title="bbox 189 1377 1017 1415">
     <span class='ocr_line' id='line_1_31' title="bbox 189 1377 1017 1415; baseline 0.008 -11"><span class='ocrx_word' id='word_1_211' title='bbox 189 1377 230 1405; x_wconf 88' lang='lat' dir='ltr'>ita</span> <span class='ocrx_word' id='word_1_212' title='bbox 246 1377 336 1405; x_wconf 80' lang='lat' dir='ltr'>fuisse</span> <span class='ocrx_word' id='word_1_213' title='bbox 347 1377 462 1415; x_wconf 78' lang='lat' dir='ltr'>absque</span> <span class='ocrx_word' id='word_1_214' title='bbox 472 1378 579 1407; x_wconf 84' lang='lat' dir='ltr'>decore</span> <span class='ocrx_word' id='word_1_215' title='bbox 588 1380 707 1415; x_wconf 70' lang='lat' dir='ltr'>jllStitltB</span> <span class='ocrx_word' id='word_1_216' title='bbox 718 1384 746 1409; x_wconf 89' lang='lat' dir='ltr'>et</span> <span class='ocrx_word' id='word_1_217' title='bbox 756 1382 920 1410; x_wconf 80' lang='lat' dir='ltr'>sanctitatis</span> <span class='ocrx_word' id='word_1_218' title='bbox 928 1390 1017 1410; x_wconf 84' lang='lat' dir='ltr'>orna-</span> 
     </span>
    </p>
   </div>
   <div class='ocr_carea' id='block_1_32' title="bbox 186 1422 1019 1463">
    <p class='ocr_par' dir='ltr' id='par_1_32' title="bbox 186 1422 1019 1463">
     <span class='ocr_line' id='line_1_32' title="bbox 186 1422 1019 1463; baseline 0.007 -14"><span class='ocrx_word' id='word_1_219' title='bbox 186 1424 288 1450; x_wconf 90' lang='lat' dir='ltr'>mento</span> <span class='ocrx_word' id='word_1_220' title='bbox 299 1430 353 1458; x_wconf 85' lang='lat' dir='ltr'>per</span> <span class='ocrx_word' id='word_1_221' title='bbox 363 1422 468 1450; x_wconf 89' lang='lat' dir='ltr'>orbem</span> <span class='ocrx_word' id='word_1_222' title='bbox 479 1423 616 1452; x_wconf 84' lang='lat' dir='ltr'>nationes</span> <span class='ocrx_word' id='word_1_223' title='bbox 628 1433 705 1461; x_wconf 90' lang='lat' dir='ltr'>quas</span> <span class='ocrx_word' id='word_1_224' title='bbox 716 1433 796 1454; x_wconf 91' lang='lat' dir='ltr'>nunc</span> <span class='ocrx_word' id='word_1_225' title='bbox 804 1426 908 1454; x_wconf 87' lang='lat' dir='ltr'>vineas</span> <span class='ocrx_word' id='word_1_226' title='bbox 918 1426 1019 1463; x_wconf 88' lang='lat' dir='ltr'>appel-</span> 
     </span>
    </p>
   </div>
   <div class='ocr_carea' id='block_1_33' title="bbox 186 1466 856 1506">
    <p class='ocr_par' dir='ltr' id='par_1_33' title="bbox 186 1466 856 1506">
     <span class='ocr_line' id='line_1_33' title="bbox 186 1466 856 1506; baseline 0.007 -12"><span class='ocrx_word' id='word_1_227' title='bbox 186 1466 269 1500; x_wconf 86' lang='lat' dir='ltr'>lavit,</span> <span class='ocrx_word' id='word_1_228' title='bbox 281 1467 444 1496; x_wconf 86' lang='lat' dir='ltr'>certissime</span> <span class='ocrx_word' id='word_1_229' title='bbox 457 1469 681 1504; x_wconf 83' lang='lat' dir='ltr'>comprobatur.</span> <span class='ocrx_word' id='word_1_230' title='bbox 699 1471 836 1506; x_wconf 84' lang='lat' dir='ltr'>Sequitur</span> <span class='ocrx_word' id='word_1_231' title='bbox 850 1480 856 1499; x_wconf 91' lang='lat'>:</span> 
     </span>
    </p>
   </div>
   <div class='ocr_carea' id='block_1_34' title="bbox 224 1512 1020 1551">
    <p class='ocr_par' dir='ltr' id='par_1_34' title="bbox 224 1512 1020 1551">
     <span class='ocr_line' id='line_1_34' title="bbox 224 1512 1020 1551; baseline 0.009 -13"><span class='ocrx_word' id='word_1_232' title='bbox 224 1522 238 1535; x_wconf 85' lang='lat'><strong><em>«</em></strong></span> <span class='ocrx_word' id='word_1_233' title='bbox 260 1512 362 1547; x_wconf 88' lang='lat' dir='ltr'>Surge,</span> <span class='ocrx_word' id='word_1_234' title='bbox 382 1520 522 1549; x_wconf 77' lang='lat' dir='ltr'>propera,</span> <span class='ocrx_word' id='word_1_235' title='bbox 537 1514 636 1542; x_wconf 90' lang='lat' dir='ltr'>amica</span> <span class='ocrx_word' id='word_1_236' title='bbox 649 1523 727 1549; x_wconf 85' lang='lat' dir='ltr'>mea,</span> <span class='ocrx_word' id='word_1_237' title='bbox 741 1516 878 1551; x_wconf 88' lang='lat' dir='ltr'>speciosa</span> <span class='ocrx_word' id='word_1_238' title='bbox 897 1524 975 1551; x_wconf 90' lang='lat' dir='ltr'>mea,</span> <span class='ocrx_word' id='word_1_239' title='bbox 991 1519 1020 1545; x_wconf 91' lang='lat' dir='ltr'>et</span> 
     </span>
    </p>
   </div>
   <div class='ocr_carea' id='block_1_35' title="bbox 188 1556 1019 1597">
    <p class='ocr_par' dir='ltr' id='par_1_35' title="bbox 188 1556 1019 1597">
     <span class='ocr_line' id='line_1_35' title="bbox 188 1556 1019 1597; baseline 0.01 -15"><span class='ocrx_word' id='word_1_240' title='bbox 188 1565 203 1582; x_wconf 81' lang='grc'><strong>‹</strong></span> <span class='ocrx_word' id='word_1_241' title='bbox 224 1556 303 1591; x_wconf 87' lang='lat' dir='ltr'>veni,</span> <span class='ocrx_word' id='word_1_242' title='bbox 317 1556 458 1585; x_wconf 89' lang='lat' dir='ltr'>columba</span> <span class='ocrx_word' id='word_1_243' title='bbox 472 1566 552 1591; x_wconf 89' lang='lat' dir='ltr'>mea,</span> <span class='ocrx_word' id='word_1_244' title='bbox 565 1558 595 1586; x_wconf 92' lang='lat' dir='ltr'>in</span> <span class='ocrx_word' id='word_1_245' title='bbox 608 1558 807 1588; x_wconf 85' lang='lat' dir='ltr'>foraminibus</span> <span class='ocrx_word' id='word_1_246' title='bbox 816 1563 918 1597; x_wconf 62' lang='lat' dir='ltr'>petrae,</span> <span class='ocrx_word' id='word_1_247' title='bbox 929 1561 960 1589; x_wconf 91' lang='lat' dir='ltr'>in</span> <span class='ocrx_word' id='word_1_248' title='bbox 971 1569 1019 1590; x_wconf 87' lang='lat' dir='ltr'>ca-</span> 
     </span>
    </p>
   </div>
   <div class='ocr_carea' id='block_1_36' title="bbox 188 1601 1019 1640">
    <p class='ocr_par' dir='ltr' id='par_1_36' title="bbox 188 1601 1019 1640">
     <span class='ocr_line' id='line_1_36' title="bbox 188 1601 1019 1640; baseline 0.008 -12"><span class='ocrx_word' id='word_1_249' title='bbox 188 1611 202 1625; x_wconf 83' lang='lat'><em>«</em></span> <span class='ocrx_word' id='word_1_250' title='bbox 222 1608 317 1629; x_wconf 91' lang='lat' dir='ltr'>verna</span> <span class='ocrx_word' id='word_1_251' title='bbox 335 1601 482 1630; x_wconf 53' lang='lat' dir='ltr'>maceriae.</span> <span class='ocrx_word' id='word_1_252' title='bbox 500 1614 514 1627; x_wconf 86' lang='lat'>»</span> <span class='ocrx_word' id='word_1_253' title='bbox 538 1603 661 1632; x_wconf 88' lang='lat' dir='ltr'>Jacebat</span> <span class='ocrx_word' id='word_1_254' title='bbox 678 1612 749 1640; x_wconf 86' lang='lat' dir='ltr'>ergo</span> <span class='ocrx_word' id='word_1_255' title='bbox 765 1605 835 1633; x_wconf 86' lang='lat' dir='ltr'>satis</span> <span class='ocrx_word' id='word_1_256' title='bbox 858 1605 889 1633; x_wconf 92' lang='lat' dir='ltr'>in</span> <span class='ocrx_word' id='word_1_257' title='bbox 912 1606 1019 1634; x_wconf 90' lang='lat' dir='ltr'>humili</span> 
     </span>
    </p>
   </div>
   <div class='ocr_carea' id='block_1_37' title="bbox 183 1644 1018 1687">
    <p class='ocr_par' dir='ltr' id='par_1_37' title="bbox 183 1644 1018 1687">
     <span class='ocr_line' id='line_1_37' title="bbox 183 1644 1018 1687; baseline 0.008 -15"><span class='ocrx_word' id='word_1_258' title='bbox 183 1644 250 1673; x_wconf 91' lang='lat' dir='ltr'>loco</span> <span class='ocrx_word' id='word_1_259' title='bbox 261 1647 290 1673; x_wconf 90' lang='lat' dir='ltr'>et</span> <span class='ocrx_word' id='word_1_260' title='bbox 299 1645 403 1673; x_wconf 89' lang='lat' dir='ltr'>abdito</span> <span class='ocrx_word' id='word_1_261' title='bbox 414 1646 544 1675; x_wconf 85' lang='lat' dir='ltr'>Ecclesia</span> <span class='ocrx_word' id='word_1_262' title='bbox 557 1648 685 1676; x_wconf 91' lang='lat' dir='ltr'>multum</span> <span class='ocrx_word' id='word_1_263' title='bbox 698 1650 815 1685; x_wconf 86' lang='lat' dir='ltr'>alonge</span> <span class='ocrx_word' id='word_1_264' title='bbox 825 1653 942 1686; x_wconf 89' lang='lat' dir='ltr'>vocata,</span> <span class='ocrx_word' id='word_1_265' title='bbox 951 1659 1018 1687; x_wconf 70' lang='lat' dir='ltr'>quae</span> 
     </span>
    </p>
   </div>
   <div class='ocr_carea' id='block_1_38' title="bbox 183 1689 1017 1730">
    <p class='ocr_par' dir='ltr' id='par_1_38' title="bbox 183 1689 1017 1730">
     <span class='ocr_line' id='line_1_38' title="bbox 183 1689 1017 1730; baseline 0.008 -13"><span class='ocrx_word' id='word_1_266' title='bbox 183 1696 264 1717; x_wconf 90' lang='lat' dir='ltr'>nunc</span> <span class='ocrx_word' id='word_1_267' title='bbox 279 1689 310 1717; x_wconf 89' lang='lat' dir='ltr'>in</span> <span class='ocrx_word' id='word_1_268' title='bbox 321 1692 382 1718; x_wconf 89' lang='lat' dir='ltr'>toto</span> <span class='ocrx_word' id='word_1_269' title='bbox 397 1691 513 1719; x_wconf 89' lang='lat' dir='ltr'>mundo</span> <span class='ocrx_word' id='word_1_270' title='bbox 524 1700 650 1727; x_wconf 85' lang='lat' dir='ltr'>regnare</span> <span class='ocrx_word' id='word_1_271' title='bbox 666 1694 822 1730; x_wconf 82' lang='lat' dir='ltr'>probatur,</span> <span class='ocrx_word' id='word_1_272' title='bbox 839 1695 1017 1724; x_wconf 84' lang='lat' dir='ltr'>conturbata</span> 
     </span>
    </p>
   </div>
   <div class='ocr_carea' id='block_1_39' title="bbox 184 1733 1018 1775">
    <p class='ocr_par' dir='ltr' id='par_1_39' title="bbox 184 1733 1018 1775">
     <span class='ocr_line' id='line_1_39' title="bbox 184 1733 1018 1775; baseline 0.012 -15"><span class='ocrx_word' id='word_1_273' title='bbox 184 1733 230 1761; x_wconf 91' lang='lat' dir='ltr'>vel</span> <span class='ocrx_word' id='word_1_274' title='bbox 247 1741 394 1770; x_wconf 87' lang='lat' dir='ltr'>oppressa</span> <span class='ocrx_word' id='word_1_275' title='bbox 416 1735 453 1763; x_wconf 90' lang='lat' dir='ltr'>de</span> <span class='ocrx_word' id='word_1_276' title='bbox 474 1735 647 1766; x_wconf 78' lang='lat' dir='ltr'>dzemonum</span> <span class='ocrx_word' id='word_1_277' title='bbox 672 1740 858 1775; x_wconf 85' lang='lat' dir='ltr'>tempestate.</span> <span class='ocrx_word' id='word_1_278' title='bbox 886 1741 941 1769; x_wconf 91' lang='lat' dir='ltr'>Sed</span> <span class='ocrx_word' id='word_1_279' title='bbox 966 1740 1018 1769; x_wconf 88' lang='lat' dir='ltr'>ubi</span> 
     </span>
    </p>
   </div>
   <div class='ocr_carea' id='block_1_40' title="bbox 182 1778 1018 1822">
    <p class='ocr_par' dir='ltr' id='par_1_40' title="bbox 182 1778 1018 1822">
     <span class='ocr_line' id='line_1_40' title="bbox 182 1778 1018 1822; baseline 0.01 -16"><span class='ocrx_word' id='word_1_280' title='bbox 182 1778 342 1815; x_wconf 84' lang='lat' dir='ltr'>passiones</span> <span class='ocrx_word' id='word_1_281' title='bbox 361 1779 468 1808; x_wconf 88' lang='lat' dir='ltr'>Christi</span> <span class='ocrx_word' id='word_1_282' title='bbox 489 1785 677 1811; x_wconf 87' lang='lat' dir='ltr'>sacramenta</span> <span class='ocrx_word' id='word_1_283' title='bbox 700 1786 769 1812; x_wconf 91' lang='lat' dir='ltr'>sunt</span> <span class='ocrx_word' id='word_1_284' title='bbox 790 1784 941 1813; x_wconf 88' lang='lat' dir='ltr'>celebrata</span> <span class='ocrx_word' id='word_1_285' title='bbox 964 1794 1018 1822; x_wconf 91' lang='lat' dir='ltr'>per</span> 
     </span>
    </p>
   </div>
   <div class='ocr_carea' id='block_1_41' title="bbox 182 1823 1016 1867">
    <p class='ocr_par' dir='ltr' id='par_1_41' title="bbox 182 1823 1016 1867">
     <span class='ocr_line' id='line_1_41' title="bbox 182 1823 1016 1867; baseline 0.011 -17"><span class='ocrx_word' id='word_1_286' title='bbox 182 1823 389 1860; x_wconf 85' lang='lat' dir='ltr'>apostolorum</span> <span class='ocrx_word' id='word_1_287' title='bbox 405 1824 585 1859; x_wconf 82' lang='lat' dir='ltr'>doctrinam,</span> <span class='ocrx_word' id='word_1_288' title='bbox 599 1826 627 1855; x_wconf 88' lang='lat' dir='ltr'>in</span> <span class='ocrx_word' id='word_1_289' title='bbox 643 1828 755 1864; x_wconf 89' lang='lat' dir='ltr'>quibus</span> <span class='ocrx_word' id='word_1_290' title='bbox 771 1829 903 1858; x_wconf 87' lang='lat' dir='ltr'>Christus</span> <span class='ocrx_word' id='word_1_291' title='bbox 918 1830 1016 1867; x_wconf 89' lang='lat' dir='ltr'>loqui-</span> 
     </span>
    </p>
   </div>
   <div class='ocr_carea' id='block_1_42' title="bbox 182 1868 1016 1906">
    <p class='ocr_par' dir='ltr' id='par_1_42' title="bbox 182 1868 1016 1906">
     <span class='ocr_line' id='line_1_42' title="bbox 182 1868 1016 1906; baseline 0.011 -11"><span class='ocrx_word' id='word_1_292' title='bbox 182 1870 239 1902; x_wconf 90' lang='lat' dir='ltr'>tur,</span> <span class='ocrx_word' id='word_1_293' title='bbox 260 1868 427 1897; x_wconf 85' lang='lat' dir='ltr'>advocatur</span> <span class='ocrx_word' id='word_1_294' title='bbox 445 1872 479 1898; x_wconf 91' lang='lat' dir='ltr'>ut</span> <span class='ocrx_word' id='word_1_295' title='bbox 493 1874 595 1906; x_wconf 80' lang='lat' dir='ltr'>surgat</span> <span class='ocrx_word' id='word_1_296' title='bbox 610 1875 638 1900; x_wconf 89' lang='lat' dir='ltr'>et</span> <span class='ocrx_word' id='word_1_297' title='bbox 652 1873 751 1901; x_wconf 87' lang='lat' dir='ltr'>veniat</span> <span class='ocrx_word' id='word_1_298' title='bbox 763 1874 801 1902; x_wconf 87' lang='lat' dir='ltr'>ad</span> <span class='ocrx_word' id='word_1_299' title='bbox 816 1874 1016 1904; x_wconf 89' lang='lat' dir='ltr'>deambulan-</span> 
     </span>
    </p>
   </div>
   <div class='ocr_carea' id='block_1_43' title="bbox 182 1914 1016 1953">
    <p class='ocr_par' dir='ltr' id='par_1_43' title="bbox 182 1914 1016 1953">
     <span class='ocr_line' id='line_1_43' title="bbox 182 1914 1016 1953; baseline 0.011 -13"><span class='ocrx_word' id='word_1_300' title='bbox 182 1915 241 1941; x_wconf 89' lang='lat' dir='ltr'>tem</span> <span class='ocrx_word' id='word_1_301' title='bbox 263 1921 411 1950; x_wconf 90' lang='lat' dir='ltr'>sponsum</span> <span class='ocrx_word' id='word_1_302' title='bbox 436 1914 466 1943; x_wconf 90' lang='lat' dir='ltr'>in</span> <span class='ocrx_word' id='word_1_303' title='bbox 490 1916 584 1944; x_wconf 88' lang='lat' dir='ltr'>vineis</span> <span class='ocrx_word' id='word_1_304' title='bbox 600 1917 639 1945; x_wconf 87' lang='lat' dir='ltr'>ad</span> <span class='ocrx_word' id='word_1_305' title='bbox 655 1919 921 1953; x_wconf 84' lang='lat' dir='ltr'>congaudendum,</span> <span class='ocrx_word' id='word_1_306' title='bbox 938 1923 966 1949; x_wconf 93' lang='lat' dir='ltr'>et</span> <span class='ocrx_word' id='word_1_307' title='bbox 986 1921 1016 1949; x_wconf 89' lang='lat' dir='ltr'>in</span> 
     </span>
    </p>
   </div>
   <div class='ocr_carea' id='block_1_44' title="bbox 183 1958 1016 1998">
    <p class='ocr_par' dir='ltr' id='par_1_44' title="bbox 183 1958 1016 1998">
     <span class='ocr_line' id='line_1_44' title="bbox 183 1958 1016 1998; baseline 0.012 -14"><span class='ocrx_word' id='word_1_308' title='bbox 183 1960 364 1993; x_wconf 88' lang='lat' dir='ltr'>proventum</span> <span class='ocrx_word' id='word_1_309' title='bbox 380 1958 493 1987; x_wconf 87' lang='lat' dir='ltr'>fructus</span> <span class='ocrx_word' id='word_1_310' title='bbox 500 1961 620 1996; x_wconf 76' lang='lat' dir='ltr'>justitise</span> <span class='ocrx_word' id='word_1_311' title='bbox 634 1963 846 1998; x_wconf 73' lang='lat' dir='ltr'>prmdictarum</span> <span class='ocrx_word' id='word_1_312' title='bbox 860 1965 1016 1994; x_wconf 86' lang='lat' dir='ltr'>nationum</span> 
     </span>
    </p>
   </div>
   <div class='ocr_carea' id='block_1_45' title="bbox 183 2004 1017 2043">
    <p class='ocr_par' dir='ltr' id='par_1_45' title="bbox 183 2004 1017 2043">
     <span class='ocr_line' id='line_1_45' title="bbox 183 2004 1017 2043; baseline 0.011 -14"><span class='ocrx_word' id='word_1_313' title='bbox 183 2009 214 2043; x_wconf 79' lang='lat' dir='ltr'>se</span> <span class='ocrx_word' id='word_1_314' title='bbox 230 2004 339 2031; x_wconf 82' lang='lat' dir='ltr'>exerat.</span> <span class='ocrx_word' id='word_1_315' title='bbox 354 2004 396 2031; x_wconf 80' lang='lat' dir='ltr'>Ac</span> <span class='ocrx_word' id='word_1_316' title='bbox 411 2004 434 2031; x_wconf 93' lang='lat' dir='ltr'>si</span> <span class='ocrx_word' id='word_1_317' title='bbox 449 2005 475 2032; x_wconf 92' lang='lat' dir='ltr'>ei</span> <span class='ocrx_word' id='word_1_318' title='bbox 490 2005 606 2034; x_wconf 86' lang='lat' dir='ltr'>dicatur</span> <span class='ocrx_word' id='word_1_319' title='bbox 619 2015 625 2034; x_wconf 89' lang='lat'><strong>:</strong></span> <span class='ocrx_word' id='word_1_320' title='bbox 642 2007 663 2035; x_wconf 92' lang='lat'><strong>0</strong></span> <span class='ocrx_word' id='word_1_321' title='bbox 680 2015 793 2043; x_wconf 91' lang='lat' dir='ltr'>sponsa</span> <span class='ocrx_word' id='word_1_322' title='bbox 803 2010 831 2036; x_wconf 90' lang='lat' dir='ltr'>et</span> <span class='ocrx_word' id='word_1_323' title='bbox 844 2009 951 2041; x_wconf 80' lang='lat' dir='ltr'>amica,</span> <span class='ocrx_word' id='word_1_324' title='bbox 968 2010 1017 2038; x_wconf 90' lang='lat' dir='ltr'>cui</span> 
     </span>
    </p>
   </div>
   <div class='ocr_carea' id='block_1_46' title="bbox 182 2041 1016 2090">
    <p class='ocr_par' dir='ltr' id='par_1_46' title="bbox 182 2041 1016 2090">
     <span class='ocr_line' id='line_1_46' title="bbox 182 2041 1016 2090; baseline 0.012 -17"><span class='ocrx_word' id='word_1_325' title='bbox 182 2041 266 2074; x_wconf 73' lang='lat' dir='ltr'>tante.</span> <span class='ocrx_word' id='word_1_326' title='bbox 281 2046 374 2075; x_wconf 89' lang='lat' dir='ltr'>obtuli</span> <span class='ocrx_word' id='word_1_327' title='bbox 393 2047 474 2077; x_wconf 89' lang='lat' dir='ltr'>bona</span> <span class='ocrx_word' id='word_1_328' title='bbox 487 2052 514 2077; x_wconf 89' lang='lat' dir='ltr'>et</span> <span class='ocrx_word' id='word_1_329' title='bbox 529 2059 584 2086; x_wconf 88' lang='lat' dir='ltr'>pro</span> <span class='ocrx_word' id='word_1_330' title='bbox 598 2059 660 2087; x_wconf 90' lang='lat' dir='ltr'>qua</span> <span class='ocrx_word' id='word_1_331' title='bbox 679 2041 760 2080; x_wconf 75' lang='lat' dir='ltr'>tanta</span> <span class='ocrx_word' id='word_1_332' title='bbox 774 2053 912 2089; x_wconf 89' lang='lat' dir='ltr'>sustinui,</span> <span class='ocrx_word' id='word_1_333' title='bbox 927 2063 1016 2090; x_wconf 88' lang='lat' dir='ltr'>surge</span> 
     </span>
    </p>
   </div>
   <div class='ocr_carea' id='block_1_47' title="bbox 181 2090 1015 2131">
    <p class='ocr_par' dir='ltr' id='par_1_47' title="bbox 181 2090 1015 2131">
     <span class='ocr_line' id='line_1_47' title="bbox 181 2090 1015 2131; baseline 0.013 -14"><span class='ocrx_word' id='word_1_334' title='bbox 181 2091 210 2118; x_wconf 92' lang='lat' dir='ltr'>et</span> <span class='ocrx_word' id='word_1_335' title='bbox 240 2090 316 2124; x_wconf 92' lang='lat' dir='ltr'>veni,</span> <span class='ocrx_word' id='word_1_336' title='bbox 342 2092 496 2129; x_wconf 83' lang='lat' dir='ltr'>accingere</span> <span class='ocrx_word' id='word_1_337' title='bbox 519 2095 557 2122; x_wconf 90' lang='lat' dir='ltr'>ad</span> <span class='ocrx_word' id='word_1_338' title='bbox 583 2099 745 2131; x_wconf 87' lang='lat' dir='ltr'>certamen,</span> <span class='ocrx_word' id='word_1_339' title='bbox 767 2098 847 2127; x_wconf 84' lang='lat' dir='ltr'>unde</span> <span class='ocrx_word' id='word_1_340' title='bbox 873 2101 1015 2128; x_wconf 68' lang='lat' dir='ltr'>aeternam</span> 
     </span>
    </p>
   </div>
   <div class='ocr_carea' id='block_1_48' title="bbox 180 2134 1016 2179">
    <p class='ocr_par' dir='ltr' id='par_1_48' title="bbox 180 2134 1016 2179">
     <span class='ocr_line' id='line_1_48' title="bbox 180 2134 1016 2179; baseline 0.014 -18"><span class='ocrx_word' id='word_1_341' title='bbox 180 2134 312 2170; x_wconf 86' lang='lat' dir='ltr'>quietem</span> <span class='ocrx_word' id='word_1_342' title='bbox 320 2136 450 2173; x_wconf 88' lang='lat' dir='ltr'>accipias</span> <span class='ocrx_word' id='word_1_343' title='bbox 459 2149 472 2163; x_wconf 86' lang='grc'><strong>‹‹</strong></span> <span class='ocrx_word' id='word_1_344' title='bbox 483 2138 513 2166; x_wconf 91' lang='lat' dir='ltr'>in</span> <span class='ocrx_word' id='word_1_345' title='bbox 524 2138 722 2169; x_wconf 85' lang='lat' dir='ltr'>foraminibus</span> <span class='ocrx_word' id='word_1_346' title='bbox 730 2145 832 2179; x_wconf 65' lang='lat' dir='ltr'>petris,</span> <span class='ocrx_word' id='word_1_347' title='bbox 844 2143 873 2171; x_wconf 90' lang='lat' dir='ltr'>in</span> <span class='ocrx_word' id='word_1_348' title='bbox 885 2152 1016 2172; x_wconf 83' lang='lat' dir='ltr'>caverna</span> 
     </span>
    </p>
   </div>
   <div class='ocr_carea' id='block_1_49' title="bbox 181 2179 1012 2225">
    <p class='ocr_par' dir='ltr' id='par_1_49' title="bbox 181 2179 1012 2225">
     <span class='ocr_line' id='line_1_49' title="bbox 181 2179 1012 2225; baseline 0.013 -19"><span class='ocrx_word' id='word_1_349' title='bbox 181 2179 328 2208; x_wconf 74' lang='lat' dir='ltr'>maceriaa.</span> <span class='ocrx_word' id='word_1_350' title='bbox 353 2192 367 2205; x_wconf 69' lang='grc' dir='ltr'>ιι</span> <span class='ocrx_word' id='word_1_351' title='bbox 398 2182 475 2215; x_wconf 87' lang='lat' dir='ltr'>Quid</span> <span class='ocrx_word' id='word_1_352' title='bbox 505 2183 541 2211; x_wconf 88' lang='lat' dir='ltr'>sit</span> <span class='ocrx_word' id='word_1_353' title='bbox 567 2186 652 2220; x_wconf 88' lang='lat' dir='ltr'>petra</span> <span class='ocrx_word' id='word_1_354' title='bbox 676 2188 838 2223; x_wconf 78' lang='lat' dir='ltr'>Apostolus</span> <span class='ocrx_word' id='word_1_355' title='bbox 868 2189 1012 2225; x_wconf 84' lang='lat' dir='ltr'>exponit:</span> 
     </span>
    </p>
   </div>
   <div class='ocr_carea' id='block_1_50' title="bbox 182 2225 1014 2268">
    <p class='ocr_par' dir='ltr' id='par_1_50' title="bbox 182 2225 1014 2268">
     <span class='ocr_line' id='line_1_50' title="bbox 182 2225 1014 2268; baseline 0.013 -17"><span class='ocrx_word' id='word_1_356' title='bbox 182 2234 195 2248; x_wconf 81' lang='grc' dir='ltr'>ι(</span> <span class='ocrx_word' id='word_1_357' title='bbox 211 2225 304 2258; x_wconf 88' lang='lat' dir='ltr'>Petra,</span> <span class='ocrx_word' id='word_1_358' title='bbox 321 2225 427 2262; x_wconf 86' lang='lat' dir='ltr'>inquit,</span> <span class='ocrx_word' id='word_1_359' title='bbox 442 2231 504 2256; x_wconf 89' lang='lat' dir='ltr'>erat</span> <span class='ocrx_word' id='word_1_360' title='bbox 516 2229 647 2258; x_wconf 86' lang='lat' dir='ltr'>Christus</span> <span class='ocrx_word' id='word_1_361' title='bbox 661 2231 691 2266; x_wconf 85' lang='grc' dir='ltr'>(Ι</span> <span class='ocrx_word' id='word_1_362' title='bbox 705 2232 770 2260; x_wconf 81' lang='lat' dir='ltr'>Cor.</span> <span class='ocrx_word' id='word_1_363' title='bbox 786 2234 823 2268; x_wconf 89' lang='lat' dir='ltr'>x).</span> <span class='ocrx_word' id='word_1_364' title='bbox 842 2244 856 2258; x_wconf 85' lang='lat'>»</span> <span class='ocrx_word' id='word_1_365' title='bbox 872 2234 1014 2266; x_wconf 89' lang='lat' dir='ltr'>Quicum-</span> 
     </span>
    </p>
   </div>
   <div class='ocr_carea' id='block_1_51' title="bbox 181 2271 1014 2314">
    <p class='ocr_par' dir='ltr' id='par_1_51' title="bbox 181 2271 1014 2314">
     <span class='ocr_line' id='line_1_51' title="bbox 181 2271 1014 2314; baseline 0.016 -20"><span class='ocrx_word' id='word_1_366' title='bbox 181 2275 251 2314; x_wconf 8' lang='lat' dir='ltr'>que,</span> <span class='ocrx_word' id='word_1_367' title='bbox 265 2277 336 2305; x_wconf 81' lang='lat' dir='ltr'>ergo</span> <span class='ocrx_word' id='word_1_368' title='bbox 356 2271 505 2301; x_wconf 87' lang='lat' dir='ltr'>desiderat</span> <span class='ocrx_word' id='word_1_369' title='bbox 528 2273 567 2302; x_wconf 89' lang='lat' dir='ltr'>ab</span> <span class='ocrx_word' id='word_1_370' title='bbox 588 2274 725 2304; x_wconf 86' lang='lat' dir='ltr'>hostibus</span> <span class='ocrx_word' id='word_1_371' title='bbox 749 2278 837 2305; x_wconf 76' lang='lat' dir='ltr'>aeriae</span> <span class='ocrx_word' id='word_1_372' title='bbox 861 2279 1014 2314; x_wconf 85' lang='lat' dir='ltr'>potestatis</span> 
     </span>
    </p>
   </div>
   <div class='ocr_carea' id='block_1_52' title="bbox 180 2312 1014 2360">
    <p class='ocr_par' dir='ltr' id='par_1_52' title="bbox 180 2312 1014 2360">
     <span class='ocr_line' id='line_1_52' title="bbox 180 2312 1014 2360; baseline 0.014 -20"><span class='ocrx_word' id='word_1_373' title='bbox 180 2312 265 2349; x_wconf 86' lang='lat' dir='ltr'>eripi,</span> <span class='ocrx_word' id='word_1_374' title='bbox 290 2316 318 2360; x_wconf 77' lang='lat' dir='ltr'>et</span> <span class='ocrx_word' id='word_1_375' title='bbox 336 2315 456 2360; x_wconf 17' lang='lat' dir='ltr'>iilltesus</span> <span class='ocrx_word' id='word_1_376' title='bbox 481 2318 618 2355; x_wconf 84' lang='lat' dir='ltr'>evadere,</span> <span class='ocrx_word' id='word_1_377' title='bbox 644 2320 674 2349; x_wconf 91' lang='lat' dir='ltr'>in</span> <span class='ocrx_word' id='word_1_378' title='bbox 702 2312 900 2351; x_wconf 70' lang='lat' dir='ltr'>foraminibus</span> <span class='ocrx_word' id='word_1_379' title='bbox 924 2323 1014 2360; x_wconf 90' lang='lat' dir='ltr'>hujus</span> 
     </span>
    </p>
   </div>
   <div class='ocr_carea' id='block_1_53' title="bbox 180 2359 1015 2404">
    <p class='ocr_par' dir='ltr' id='par_1_53' title="bbox 180 2359 1015 2404">
     <span class='ocr_line' id='line_1_53' title="bbox 180 2359 1015 2404; baseline 0.017 -20"><span class='ocrx_word' id='word_1_380' title='bbox 180 2360 282 2404; x_wconf 73' lang='lat' dir='ltr'>petrae,</span> <span class='ocrx_word' id='word_1_381' title='bbox 302 2359 396 2388; x_wconf 84' lang='lat' dir='ltr'>ﬁdem</span> <span class='ocrx_word' id='word_1_382' title='bbox 416 2363 565 2392; x_wconf 88' lang='lat' dir='ltr'>servando</span> <span class='ocrx_word' id='word_1_383' title='bbox 582 2372 699 2403; x_wconf 89' lang='lat' dir='ltr'>semper</span> <span class='ocrx_word' id='word_1_384' title='bbox 714 2367 908 2404; x_wconf 84' lang='lat' dir='ltr'>ingrediatur,</span> <span class='ocrx_word' id='word_1_385' title='bbox 925 2368 955 2397; x_wconf 91' lang='lat' dir='ltr'>id</span> <span class='ocrx_word' id='word_1_386' title='bbox 966 2359 1015 2398; x_wconf 86' lang='lat' dir='ltr'>est</span> 
     </span>
    </p>
   </div>
   <div class='ocr_carea' id='block_1_54' title="bbox 179 2402 1015 2449">
    <p class='ocr_par' dir='ltr' id='par_1_54' title="bbox 179 2402 1015 2449">
     <span class='ocr_line' id='line_1_54' title="bbox 179 2402 1015 2449; baseline 0.017 -21"><span class='ocrx_word' id='word_1_387' title='bbox 179 2402 347 2449; x_wconf 74' lang='lat' dir='ltr'>consideret</span> <span class='ocrx_word' id='word_1_388' title='bbox 358 2404 483 2435; x_wconf 87' lang='lat' dir='ltr'>vulnera</span> <span class='ocrx_word' id='word_1_389' title='bbox 494 2402 689 2440; x_wconf 20' lang='lat' dir='ltr'>clavorumret</span> <span class='ocrx_word' id='word_1_390' title='bbox 702 2411 814 2440; x_wconf 65' lang='lat' dir='ltr'>lanceae</span> <span class='ocrx_word' id='word_1_391' title='bbox 829 2402 961 2449; x_wconf 12' lang='lat' dir='ltr'>quaeipro</span> <span class='ocrx_word' id='word_1_392' title='bbox 970 2422 1015 2442; x_wconf 85' lang='lat' dir='ltr'>sa-</span> 
     </span>
    </p>
   </div>
   <div class='ocr_carea' id='block_1_55' title="bbox 177 2445 1014 2495">
    <p class='ocr_par' dir='ltr' id='par_1_55' title="bbox 177 2445 1014 2495">
     <span class='ocr_line' id='line_1_55' title="bbox 177 2445 1014 2495; baseline 0.017 -22"><span class='ocrx_word' id='word_1_393' title='bbox 177 2445 370 2495; x_wconf 40' lang='lat' dir='ltr'>lute-sponsae</span> <span class='ocrx_word' id='word_1_394' title='bbox 387 2457 519 2485; x_wconf 88' lang='lat' dir='ltr'>sponsus</span> <span class='ocrx_word' id='word_1_395' title='bbox 536 2455 676 2491; x_wconf 89' lang='lat' dir='ltr'>suscepit,</span> <span class='ocrx_word' id='word_1_396' title='bbox 688 2458 717 2484; x_wconf 89' lang='lat' dir='ltr'>et</span> <span class='ocrx_word' id='word_1_397' title='bbox 731 2456 761 2484; x_wconf 91' lang='lat' dir='ltr'>in</span> <span class='ocrx_word' id='word_1_398' title='bbox 774 2445 1014 2486; x_wconf 50' lang='lat' dir='ltr'>caverna-mace-</span> 
     </span>
    </p>
   </div>
   <div class='ocr_carea' id='block_1_56' title="bbox 178 2491 1012 2538">
    <p class='ocr_par' dir='ltr' id='par_1_56' title="bbox 178 2491 1012 2538">
     <span class='ocr_line' id='line_1_56' title="bbox 178 2491 1012 2538; baseline 0.019 -22"><span class='ocrx_word' id='word_1_399' title='bbox 178 2491 300 2538; x_wconf 59' lang='lat' dir='ltr'>rias,hoc</span> <span class='ocrx_word' id='word_1_400' title='bbox 307 2495 494 2538; x_wconf 84' lang='lat' dir='ltr'>estcustodia</span> <span class='ocrx_word' id='word_1_401' title='bbox 500 2497 644 2527; x_wconf 91' lang='lat' dir='ltr'>virtutum</span> <span class='ocrx_word' id='word_1_402' title='bbox 653 2500 1012 2532; x_wconf 71' lang='lat' dir='ltr'>ccelestiumﬂabetenim</span> 
     </span>
    </p>
   </div>
   <div class='ocr_carea' id='block_1_57' title="bbox 177 2535 1011 2584">
    <p class='ocr_par' dir='ltr' id='par_1_57' title="bbox 177 2535 1011 2584">
     <span class='ocr_line' id='line_1_57' title="bbox 177 2535 1011 2584; baseline 0.022 -26"><span class='ocrx_word' id='word_1_403' title='bbox 261 2537 453 2584; x_wconf 43' lang='lat' dir='ltr'>petra-multa</span> <span class='ocrx_word' id='word_1_404' title='bbox 468 2539 626 2576; x_wconf 82' lang='lat' dir='ltr'>foramina,</span> <span class='ocrx_word' id='word_1_405' title='bbox 644 2543 673 2571; x_wconf 91' lang='lat' dir='ltr'>id</span> <span class='ocrx_word' id='word_1_406' title='bbox 686 2547 731 2572; x_wconf 89' lang='lat' dir='ltr'>est</span> <span class='ocrx_word' id='word_1_407' title='bbox 746 2545 854 2581; x_wconf 84' lang='lat' dir='ltr'>aditus,</span> <span class='ocrx_word' id='word_1_408' title='bbox 866 2554 919 2582; x_wconf 89' lang='lat' dir='ltr'>per</span> <span class='ocrx_word' id='word_1_409' title='bbox 934 2556 1011 2584; x_wconf 89' lang='lat' dir='ltr'>quos</span> 
     </span>
    </p>
   </div>
   <div class='ocr_carea' id='block_1_58' title="bbox 178 2580 1011 2629">
    <p class='ocr_par' dir='ltr' id='par_1_58' title="bbox 178 2580 1011 2629">
     <span class='ocr_line' id='line_1_58' title="bbox 178 2580 1011 2629; baseline 0.023 -26"><span class='ocrx_word' id='word_1_410' title='bbox 178 2580 305 2629; x_wconf 67' lang='lat' dir='ltr'>intratur</span> <span class='ocrx_word' id='word_1_411' title='bbox 319 2580 359 2608; x_wconf 88' lang='lat' dir='ltr'>ad</span> <span class='ocrx_word' id='word_1_412' title='bbox 375 2582 488 2611; x_wconf 85' lang='lat' dir='ltr'>Patrem</span> <span class='ocrx_word' id='word_1_413' title='bbox 501 2593 628 2620; x_wconf 78' lang='lat' dir='ltr'>regnum</span> <span class='ocrx_word' id='word_1_414' title='bbox 640 2588 830 2618; x_wconf 85' lang='lat' dir='ltr'>credentibus</span> <span class='ocrx_word' id='word_1_415' title='bbox 840 2580 1011 2629; x_wconf 73' lang='lat' dir='ltr'>praeparan-</span> 
     </span>
    </p>
   </div>
   <div class='ocr_carea' id='block_1_59' title="bbox 178 2623 1011 2674">
    <p class='ocr_par' dir='ltr' id='par_1_59' title="bbox 178 2623 1011 2674">
     <span class='ocr_line' id='line_1_59' title="bbox 178 2623 1011 2674; baseline 0.02 -24"><span class='ocrx_word' id='word_1_416' title='bbox 178 2624 249 2674; x_wconf 72' lang='lat' dir='ltr'>tem,</span> <span class='ocrx_word' id='word_1_417' title='bbox 261 2623 372 2674; x_wconf 16' lang='lat' dir='ltr'>hocrest</span> <span class='ocrx_word' id='word_1_418' title='bbox 384 2631 635 2674; x_wconf 76' lang='lat' dir='ltr'>mansuetudinis,</span> <span class='ocrx_word' id='word_1_419' title='bbox 649 2623 1011 2674; x_wconf 41' lang='lat' dir='ltr'>humilitatis,.patilentiaa.</span> 
     </span>
    </p>
   </div>
   <div class='ocr_carea' id='block_1_60' title="bbox 178 2669 1011 2719">
    <p class='ocr_par' dir='ltr' id='par_1_60' title="bbox 178 2669 1011 2719">
     <span class='ocr_line' id='line_1_60' title="bbox 178 2669 1011 2719; baseline 0.023 -26"><span class='ocrx_word' id='word_1_420' title='bbox 178 2669 368 2709; x_wconf 82' lang='lat' dir='ltr'>contemptus</span> <span class='ocrx_word' id='word_1_421' title='bbox 382 2671 564 2711; x_wconf 81' lang='lat' dir='ltr'>divitiarum,</span> <span class='ocrx_word' id='word_1_422' title='bbox 580 2677 732 2708; x_wconf 88' lang='lat' dir='ltr'>nullarum</span> <span class='ocrx_word' id='word_1_423' title='bbox 752 2669 886 2718; x_wconf 74' lang='lat' dir='ltr'>acceptio</span> <span class='ocrx_word' id='word_1_424' title='bbox 905 2669 1011 2719; x_wconf 43' lang='lat' dir='ltr'>perso;</span> 
     </span>
    </p>
   </div>
   <div class='ocr_carea' id='block_1_61' title="bbox 176 2718 1010 2762">
    <p class='ocr_par' dir='ltr' id='par_1_61' title="bbox 176 2718 1010 2762">
     <span class='ocr_line' id='line_1_61' title="bbox 176 2718 1010 2762; baseline 0.025 -25"><span class='ocrx_word' id='word_1_425' title='bbox 176 2718 296 2762; x_wconf 60' lang='lat' dir='ltr'>narum,</span> <span class='ocrx_word' id='word_1_426' title='bbox 310 2719 496 2762; x_wconf 47' lang='lat' dir='ltr'>perdoctam.)</span> <span class='ocrx_word' id='word_1_427' title='bbox 511 2718 541 2748; x_wconf 85' lang='lat' dir='ltr'>in</span> <span class='ocrx_word' id='word_1_428' title='bbox 557 2723 701 2760; x_wconf 82' lang='lat' dir='ltr'>oratione,</span> <span class='ocrx_word' id='word_1_429' title='bbox 719 2718 930 2756; x_wconf 67' lang='lat' dir='ltr'>misericordias</span> <span class='ocrx_word' id='word_1_430' title='bbox 943 2737 1010 2757; x_wconf 90' lang='lat' dir='ltr'>ma-</span> 
     </span>
    </p>
   </div>
   <div class='ocr_carea' id='block_1_62' title="bbox 178 2761 1010 2808">
    <p class='ocr_par' dir='ltr' id='par_1_62' title="bbox 178 2761 1010 2808">
     <span class='ocr_line' id='line_1_62' title="bbox 178 2761 1010 2808; baseline 0.002 -9"><span class='ocrx_word' id='word_1_431' title='bbox 178 2761 342 2808; x_wconf 49' lang='lat' dir='ltr'>E‘f‘frfum,</span> <span class='ocrx_word' id='word_1_432' title='bbox 359 2761 478 2808; x_wconf 55' lang='lat' dir='ltr'>castitas</span> <span class='ocrx_word' id='word_1_433' title='bbox 502 2763 675 2801; x_wconf 76' lang='lat' dir='ltr'>immobilis,</span> <span class='ocrx_word' id='word_1_434' title='bbox 692 2770 790 2803; x_wconf 78' lang='lat' dir='ltr'>forma</span> <span class='ocrx_word' id='word_1_435' title='bbox 804 2772 1010 2808; x_wconf 71' lang='lat' dir='ltr'>benignitatis,</span> 
     </span>
    </p>
   </div>
   <div class='ocr_carea' id='block_1_63' title="bbox 177 2800 1009 2853">
    <p class='ocr_par' dir='ltr' id='par_1_63' title="bbox 177 2800 1009 2853">
     <span class='ocr_line' id='line_1_63' title="bbox 177 2800 1009 2853; baseline 0.005 -11"><span class='ocrx_word' id='word_1_436' title='bbox 177 2800 328 2853; x_wconf 46' lang='grc' dir='ltr'>ῗξηξξίῖδατέῗ</span> <span class='ocrx_word' id='word_1_437' title='bbox 343 2805 512 2853; x_wconf 55' lang='grc' dir='ltr'>ερθςδιιῙυηξι</span> <span class='ocrx_word' id='word_1_438' title='bbox 531 2800 694 2844; x_wconf 64' lang='lat' dir='ltr'>individua:</span> <span class='ocrx_word' id='word_1_439' title='bbox 715 2800 863 2849; x_wconf 64' lang='lat' dir='ltr'>Trinitatis</span> <span class='ocrx_word' id='word_1_440' title='bbox 877 2800 1009 2853; x_wconf 50' lang='lat' dir='ltr'>agnitio:</span> 
     </span>
    </p>
   </div>
   <div class='ocr_carea' id='block_1_64' title="bbox 175 2848 1009 2904">
    <p class='ocr_par' dir='ltr' id='par_1_64' title="bbox 175 2848 1009 2904">
     <span class='ocr_line' id='line_1_64' title="bbox 175 2848 1009 2904; baseline 0.038 -36"><span class='ocrx_word' id='word_1_441' title='bbox 175 2849 206 2868; x_wconf 86' lang='grc' dir='ltr'>ιιι</span> <span class='ocrx_word' id='word_1_442' title='bbox 217 2850 278 2877; x_wconf 88' lang='lat' dir='ltr'>qua</span> <span class='ocrx_word' id='word_1_443' title='bbox 287 2848 442 2878; x_wconf 87' lang='lat' dir='ltr'>estnostra</span> <span class='ocrx_word' id='word_1_444' title='bbox 451 2852 626 2892; x_wconf 82' lang='lat' dir='ltr'>redemptio.</span> <span class='ocrx_word' id='word_1_445' title='bbox 634 2860 704 2890; x_wconf 63' lang='lat' dir='ltr'>Hae</span> <span class='ocrx_word' id='word_1_446' title='bbox 715 2864 786 2893; x_wconf 83' lang='lat' dir='ltr'>sunt</span> <span class='ocrx_word' id='word_1_447' title='bbox 794 2848 1009 2904; x_wconf 44' lang='lat' dir='ltr'>proculdubi‘l</span> 
     </span>
    </p>
   </div>
   <div class='ocr_carea' id='block_1_65' title="bbox 1069 219 1904 256">
    <p class='ocr_par' dir='ltr' id='par_1_65' title="bbox 1069 219 1904 256">
     <span class='ocr_line' id='line_1_65' title="bbox 1069 219 1904 256; baseline -0.002 -8"><span class='ocrx_word' id='word_1_448' title='bbox 1069 221 1209 248; x_wconf 78' lang='lat' dir='ltr'>caelorum</span> <span class='ocrx_word' id='word_1_449' title='bbox 1234 221 1345 248; x_wconf 89' lang='lat' dir='ltr'>venire.</span> <span class='ocrx_word' id='word_1_450' title='bbox 1368 221 1466 248; x_wconf 85' lang='lat' dir='ltr'>Potest</span> <span class='ocrx_word' id='word_1_451' title='bbox 1495 220 1630 248; x_wconf 83' lang='lat' dir='ltr'>foramen</span> <span class='ocrx_word' id='word_1_452' title='bbox 1653 222 1742 256; x_wconf 80' lang='lat' dir='ltr'>petrae</span> <span class='ocrx_word' id='word_1_453' title='bbox 1768 219 1904 254; x_wconf 84' lang='lat' dir='ltr'>intelligi,</span> 
     </span>
    </p>
   </div>
   <div class='ocr_carea' id='block_1_66' title="bbox 1069 264 1907 301">
    <p class='ocr_par' dir='ltr' id='par_1_66' title="bbox 1069 264 1907 301">
     <span class='ocr_line' id='line_1_66' title="bbox 1069 264 1907 301; baseline -0.001 -8"><span class='ocrx_word' id='word_1_454' title='bbox 1069 265 1213 301; x_wconf 90' lang='lat' dir='ltr'>protectio</span> <span class='ocrx_word' id='word_1_455' title='bbox 1229 265 1365 301; x_wconf 85' lang='lat' dir='ltr'>ejusdem</span> <span class='ocrx_word' id='word_1_456' title='bbox 1385 264 1502 293; x_wconf 91' lang='lat' dir='ltr'>Domini</span> <span class='ocrx_word' id='word_1_457' title='bbox 1520 266 1590 292; x_wconf 89' lang='lat' dir='ltr'>Jesu</span> <span class='ocrx_word' id='word_1_458' title='bbox 1611 264 1726 298; x_wconf 85' lang='lat' dir='ltr'>Christi,</span> <span class='ocrx_word' id='word_1_459' title='bbox 1749 264 1790 292; x_wconf 90' lang='lat' dir='ltr'>ad</span> <span class='ocrx_word' id='word_1_460' title='bbox 1808 272 1907 300; x_wconf 87' lang='lat' dir='ltr'>quam</span> 
     </span>
    </p>
   </div>
   <div class='ocr_carea' id='block_1_67' title="bbox 1069 308 1906 345">
    <p class='ocr_par' dir='ltr' id='par_1_67' title="bbox 1069 308 1906 345">
     <span class='ocr_line' id='line_1_67' title="bbox 1069 308 1906 345; baseline -0.001 -8"><span class='ocrx_word' id='word_1_461' title='bbox 1069 309 1204 345; x_wconf 84' lang='lat' dir='ltr'>confugit</span> <span class='ocrx_word' id='word_1_462' title='bbox 1216 309 1354 344; x_wconf 81' lang='lat' dir='ltr'>Ecclesia,</span> <span class='ocrx_word' id='word_1_463' title='bbox 1364 309 1442 337; x_wconf 89' lang='lat' dir='ltr'>velut</span> <span class='ocrx_word' id='word_1_464' title='bbox 1452 309 1593 337; x_wconf 87' lang='lat' dir='ltr'>columba</span> <span class='ocrx_word' id='word_1_465' title='bbox 1602 309 1640 337; x_wconf 92' lang='lat' dir='ltr'>ad</span> <span class='ocrx_word' id='word_1_466' title='bbox 1652 308 1788 337; x_wconf 85' lang='lat' dir='ltr'>foramen</span> <span class='ocrx_word' id='word_1_467' title='bbox 1799 311 1906 345; x_wconf 74' lang='lat' dir='ltr'>petrze.</span> 
     </span>
    </p>
   </div>
   <div class='ocr_carea' id='block_1_68' title="bbox 1070 353 1908 390">
    <p class='ocr_par' dir='ltr' id='par_1_68' title="bbox 1070 353 1908 390">
     <span class='ocr_line' id='line_1_68' title="bbox 1070 353 1908 390; baseline -0.002 -8"><span class='ocrx_word' id='word_1_468' title='bbox 1070 354 1142 382; x_wconf 87' lang='lat' dir='ltr'>Hinc</span> <span class='ocrx_word' id='word_1_469' title='bbox 1155 355 1248 382; x_wconf 89' lang='lat' dir='ltr'>Isaias</span> <span class='ocrx_word' id='word_1_470' title='bbox 1259 355 1300 382; x_wconf 85' lang='lat' dir='ltr'>ait</span> <span class='ocrx_word' id='word_1_471' title='bbox 1312 363 1318 381; x_wconf 90' lang='lat'><strong>:</strong></span> <span class='ocrx_word' id='word_1_472' title='bbox 1331 365 1345 379; x_wconf 83' lang='grc'>‹‹</span> <span class='ocrx_word' id='word_1_473' title='bbox 1363 353 1520 388; x_wconf 89' lang='lat' dir='ltr'>Ingredere</span> <span class='ocrx_word' id='word_1_474' title='bbox 1533 353 1563 381; x_wconf 93' lang='lat' dir='ltr'>in</span> <span class='ocrx_word' id='word_1_475' title='bbox 1576 355 1702 390; x_wconf 89' lang='lat' dir='ltr'>petram,</span> <span class='ocrx_word' id='word_1_476' title='bbox 1715 353 1908 381; x_wconf 87' lang='lat' dir='ltr'>abscondere</span> 
     </span>
    </p>
   </div>
   <div class='ocr_carea' id='block_1_69' title="bbox 1069 397 1909 434">
    <p class='ocr_par' dir='ltr' id='par_1_69' title="bbox 1069 397 1909 434">
     <span class='ocr_line' id='line_1_69' title="bbox 1069 397 1909 434; baseline -0.001 -8"><span class='ocrx_word' id='word_1_477' title='bbox 1069 398 1100 426; x_wconf 88' lang='lat' dir='ltr'>in</span> <span class='ocrx_word' id='word_1_478' title='bbox 1115 398 1195 426; x_wconf 86' lang='lat' dir='ltr'>fossa</span> <span class='ocrx_word' id='word_1_479' title='bbox 1207 398 1301 426; x_wconf 89' lang='lat' dir='ltr'>humo</span> <span class='ocrx_word' id='word_1_480' title='bbox 1314 399 1381 434; x_wconf 85' lang='lat' dir='ltr'>(Isa.</span> <span class='ocrx_word' id='word_1_481' title='bbox 1396 400 1436 432; x_wconf 93' lang='grc' dir='ltr'>ιι).</span> <span class='ocrx_word' id='word_1_482' title='bbox 1452 410 1465 423; x_wconf 80' lang='grc'><strong>››</strong></span> <span class='ocrx_word' id='word_1_483' title='bbox 1477 398 1611 426; x_wconf 89' lang='lat' dir='ltr'>Caverna</span> <span class='ocrx_word' id='word_1_484' title='bbox 1625 397 1763 426; x_wconf 81' lang='lat' dir='ltr'>maceriae</span> <span class='ocrx_word' id='word_1_485' title='bbox 1777 397 1909 433; x_wconf 86' lang='lat' dir='ltr'>Spiritus</span> 
     </span>
    </p>
   </div>
   <div class='ocr_carea' id='block_1_70' title="bbox 1070 442 1909 478">
    <p class='ocr_par' dir='ltr' id='par_1_70' title="bbox 1070 442 1909 478">
     <span class='ocr_line' id='line_1_70' title="bbox 1070 442 1909 478; baseline -0.002 -7"><span class='ocrx_word' id='word_1_486' title='bbox 1070 443 1166 471; x_wconf 89' lang='lat' dir='ltr'>sancti</span> <span class='ocrx_word' id='word_1_487' title='bbox 1176 443 1320 477; x_wconf 90' lang='lat' dir='ltr'>defensio,</span> <span class='ocrx_word' id='word_1_488' title='bbox 1334 443 1381 471; x_wconf 92' lang='lat' dir='ltr'>vel</span> <span class='ocrx_word' id='word_1_489' title='bbox 1397 442 1589 478; x_wconf 89' lang='lat' dir='ltr'>congregatio</span> <span class='ocrx_word' id='word_1_490' title='bbox 1601 442 1734 470; x_wconf 79' lang='lat' dir='ltr'>fidelium</span> <span class='ocrx_word' id='word_1_491' title='bbox 1751 442 1909 477; x_wconf 85' lang='lat' dir='ltr'>designari</span> 
     </span>
    </p>
   </div>
   <div class='ocr_carea' id='block_1_71' title="bbox 1069 487 1910 524">
    <p class='ocr_par' dir='ltr' id='par_1_71' title="bbox 1069 487 1910 524">
     <span class='ocr_line' id='line_1_71' title="bbox 1069 487 1910 524; baseline -0.002 -8"><span class='ocrx_word' id='word_1_492' title='bbox 1069 490 1177 524; x_wconf 87' lang='lat' dir='ltr'>potest,</span> <span class='ocrx_word' id='word_1_493' title='bbox 1195 496 1374 524; x_wconf 87' lang='lat' dir='ltr'>quanquam</span> <span class='ocrx_word' id='word_1_494' title='bbox 1394 487 1543 515; x_wconf 86' lang='lat' dir='ltr'>foramina</span> <span class='ocrx_word' id='word_1_495' title='bbox 1557 490 1647 524; x_wconf 62' lang='lat' dir='ltr'>petra:</span> <span class='ocrx_word' id='word_1_496' title='bbox 1663 489 1794 523; x_wconf 88' lang='lat' dir='ltr'>quatuor</span> <span class='ocrx_word' id='word_1_497' title='bbox 1810 488 1910 514; x_wconf 82' lang='lat' dir='ltr'>Evan-</span> 
     </span>
    </p>
   </div>
   <div class='ocr_carea' id='block_1_72' title="bbox 1070 531 1909 568">
    <p class='ocr_par' dir='ltr' id='par_1_72' title="bbox 1070 531 1909 568">
     <span class='ocr_line' id='line_1_72' title="bbox 1070 531 1909 568; baseline -0.001 -8"><span class='ocrx_word' id='word_1_498' title='bbox 1070 532 1216 567; x_wconf 87' lang='lat' dir='ltr'>geliorum</span> <span class='ocrx_word' id='word_1_499' title='bbox 1227 532 1405 561; x_wconf 86' lang='lat' dir='ltr'>assertiones</span> <span class='ocrx_word' id='word_1_500' title='bbox 1413 532 1533 560; x_wconf 88' lang='lat' dir='ltr'>valeant</span> <span class='ocrx_word' id='word_1_501' title='bbox 1545 531 1677 567; x_wconf 87' lang='lat' dir='ltr'>intelligi,</span> <span class='ocrx_word' id='word_1_502' title='bbox 1687 539 1755 568; x_wconf 75' lang='lat' dir='ltr'>quae</span> <span class='ocrx_word' id='word_1_503' title='bbox 1766 531 1909 567; x_wconf 88' lang='lat' dir='ltr'>ejusdem</span> 
     </span>
    </p>
   </div>
   <div class='ocr_carea' id='block_1_73' title="bbox 1069 576 1909 613">
    <p class='ocr_par' dir='ltr' id='par_1_73' title="bbox 1069 576 1909 613">
     <span class='ocr_line' id='line_1_73' title="bbox 1069 576 1909 613; baseline -0.002 -8"><span class='ocrx_word' id='word_1_504' title='bbox 1069 579 1160 613; x_wconf 62' lang='lat' dir='ltr'>petrae</span> <span class='ocrx_word' id='word_1_505' title='bbox 1176 576 1359 613; x_wconf 86' lang='lat' dir='ltr'>perforatum</span> <span class='ocrx_word' id='word_1_506' title='bbox 1380 576 1559 613; x_wconf 86' lang='lat' dir='ltr'>supradictis</span> <span class='ocrx_word' id='word_1_507' title='bbox 1578 576 1687 604; x_wconf 85' lang='lat' dir='ltr'>ictibus</span> <span class='ocrx_word' id='word_1_508' title='bbox 1710 584 1822 612; x_wconf 89' lang='lat' dir='ltr'>corpus</span> <span class='ocrx_word' id='word_1_509' title='bbox 1848 578 1909 604; x_wconf 86' lang='lat' dir='ltr'>tes-</span> 
     </span>
    </p>
   </div>
   <div class='ocr_carea' id='block_1_74' title="bbox 1070 619 1909 657">
    <p class='ocr_par' dir='ltr' id='par_1_74' title="bbox 1070 619 1909 657">
     <span class='ocr_line' id='line_1_74' title="bbox 1070 619 1909 657; baseline -0.001 -8"><span class='ocrx_word' id='word_1_510' title='bbox 1070 623 1179 649; x_wconf 87' lang='lat' dir='ltr'>tantur.</span> <span class='ocrx_word' id='word_1_511' title='bbox 1202 623 1336 650; x_wconf 87' lang='lat' dir='ltr'>Caverna</span> <span class='ocrx_word' id='word_1_512' title='bbox 1355 629 1425 649; x_wconf 90' lang='lat' dir='ltr'>vero</span> <span class='ocrx_word' id='word_1_513' title='bbox 1445 620 1582 649; x_wconf 72' lang='lat' dir='ltr'>maceria:</span> <span class='ocrx_word' id='word_1_514' title='bbox 1602 620 1811 657; x_wconf 88' lang='lat' dir='ltr'>apostolorum</span> <span class='ocrx_word' id='word_1_515' title='bbox 1831 619 1909 648; x_wconf 90' lang='lat' dir='ltr'>doc-</span> 
     </span>
    </p>
   </div>
   <div class='ocr_carea' id='block_1_75' title="bbox 1070 664 1910 703">
    <p class='ocr_par' dir='ltr' id='par_1_75' title="bbox 1070 664 1910 703">
     <span class='ocr_line' id='line_1_75' title="bbox 1070 664 1910 703; baseline -0.002 -9"><span class='ocrx_word' id='word_1_516' title='bbox 1070 666 1163 701; x_wconf 66' lang='lat' dir='ltr'>trinae,</span> <span class='ocrx_word' id='word_1_517' title='bbox 1173 666 1210 694; x_wconf 93' lang='lat' dir='ltr'>de</span> <span class='ocrx_word' id='word_1_518' title='bbox 1225 666 1336 703; x_wconf 86' lang='lat' dir='ltr'>quibus</span> <span class='ocrx_word' id='word_1_519' title='bbox 1351 668 1385 694; x_wconf 89' lang='lat' dir='ltr'>ut</span> <span class='ocrx_word' id='word_1_520' title='bbox 1395 666 1490 694; x_wconf 75' lang='lat' dir='ltr'>Vineae</span> <span class='ocrx_word' id='word_1_521' title='bbox 1504 665 1688 694; x_wconf 87' lang='lat' dir='ltr'>credentium</span> <span class='ocrx_word' id='word_1_522' title='bbox 1704 665 1785 702; x_wconf 89' lang='lat' dir='ltr'>plebi</span> <span class='ocrx_word' id='word_1_523' title='bbox 1798 664 1910 692; x_wconf 89' lang='lat' dir='ltr'>ﬁrmis-</span> 
     </span>
    </p>
   </div>
   <div class='ocr_carea' id='block_1_76' title="bbox 1070 709 1910 744">
    <p class='ocr_par' dir='ltr' id='par_1_76' title="bbox 1070 709 1910 744">
     <span class='ocr_line' id='line_1_76' title="bbox 1070 709 1910 744; baseline -0.001 -6"><span class='ocrx_word' id='word_1_524' title='bbox 1070 710 1178 738; x_wconf 89' lang='lat' dir='ltr'>simam</span> <span class='ocrx_word' id='word_1_525' title='bbox 1205 710 1368 739; x_wconf 88' lang='lat' dir='ltr'>maceriam</span> <span class='ocrx_word' id='word_1_526' title='bbox 1393 710 1434 738; x_wconf 91' lang='lat' dir='ltr'>ob</span> <span class='ocrx_word' id='word_1_527' title='bbox 1457 710 1676 738; x_wconf 84' lang='lat' dir='ltr'>infestationem</span> <span class='ocrx_word' id='word_1_528' title='bbox 1700 709 1910 744; x_wconf 86' lang='lat' dir='ltr'>malignorum</span> 
     </span>
    </p>
   </div>
   <div class='ocr_carea' id='block_1_77' title="bbox 1071 754 1910 791">
    <p class='ocr_par' dir='ltr' id='par_1_77' title="bbox 1071 754 1910 791">
     <span class='ocr_line' id='line_1_77' title="bbox 1071 754 1910 791; baseline -0.001 -9"><span class='ocrx_word' id='word_1_529' title='bbox 1071 755 1232 791; x_wconf 87' lang='lat' dir='ltr'>spirituum</span> <span class='ocrx_word' id='word_1_530' title='bbox 1243 756 1337 783; x_wconf 91' lang='lat' dir='ltr'>Deum</span> <span class='ocrx_word' id='word_1_531' title='bbox 1353 755 1556 783; x_wconf 81' lang='lat' dir='ltr'>construxisse</span> <span class='ocrx_word' id='word_1_532' title='bbox 1566 754 1722 791; x_wconf 88' lang='lat' dir='ltr'>probatur.</span> <span class='ocrx_word' id='word_1_533' title='bbox 1738 756 1813 782; x_wconf 90' lang='lat' dir='ltr'>Nam</span> <span class='ocrx_word' id='word_1_534' title='bbox 1829 754 1910 782; x_wconf 88' lang='lat' dir='ltr'>sicut</span> 
     </span>
    </p>
   </div>
   <div class='ocr_carea' id='block_1_78' title="bbox 1070 798 1911 836">
    <p class='ocr_par' dir='ltr' id='par_1_78' title="bbox 1070 798 1911 836">
     <span class='ocr_line' id='line_1_78' title="bbox 1070 798 1911 836; baseline -0.001 -9"><span class='ocrx_word' id='word_1_535' title='bbox 1070 799 1127 836; x_wconf 89' lang='lat' dir='ltr'>ipsi</span> <span class='ocrx_word' id='word_1_536' title='bbox 1146 807 1200 835; x_wconf 89' lang='lat' dir='ltr'>per</span> <span class='ocrx_word' id='word_1_537' title='bbox 1217 799 1377 834; x_wconf 90' lang='lat' dir='ltr'>Christum,</span> <span class='ocrx_word' id='word_1_538' title='bbox 1393 799 1433 827; x_wconf 88' lang='lat' dir='ltr'>ita</span> <span class='ocrx_word' id='word_1_539' title='bbox 1449 801 1477 827; x_wconf 89' lang='lat' dir='ltr'>et</span> <span class='ocrx_word' id='word_1_540' title='bbox 1490 807 1546 827; x_wconf 88' lang='lat' dir='ltr'>nos</span> <span class='ocrx_word' id='word_1_541' title='bbox 1561 807 1614 836; x_wconf 89' lang='lat' dir='ltr'>per</span> <span class='ocrx_word' id='word_1_542' title='bbox 1628 798 1781 835; x_wconf 88' lang='lat' dir='ltr'>apostolos</span> <span class='ocrx_word' id='word_1_543' title='bbox 1797 806 1911 834; x_wconf 89' lang='lat' dir='ltr'>agnos-</span> 
     </span>
    </p>
   </div>
   <div class='ocr_carea' id='block_1_79' title="bbox 1071 842 1910 880">
    <p class='ocr_par' dir='ltr' id='par_1_79' title="bbox 1071 842 1910 880">
     <span class='ocr_line' id='line_1_79' title="bbox 1071 842 1910 880; baseline -0.001 -9"><span class='ocrx_word' id='word_1_544' title='bbox 1071 846 1170 872; x_wconf 85' lang='lat' dir='ltr'>centes</span> <span class='ocrx_word' id='word_1_545' title='bbox 1199 843 1300 872; x_wconf 91' lang='lat' dir='ltr'>divina</span> <span class='ocrx_word' id='word_1_546' title='bbox 1325 844 1478 880; x_wconf 87' lang='lat' dir='ltr'>mysteria,</span> <span class='ocrx_word' id='word_1_547' title='bbox 1507 843 1585 871; x_wconf 92' lang='lat' dir='ltr'>intra</span> <span class='ocrx_word' id='word_1_548' title='bbox 1609 845 1807 879; x_wconf 87' lang='lat' dir='ltr'>conspectum</span> <span class='ocrx_word' id='word_1_549' title='bbox 1834 842 1910 870; x_wconf 88' lang='lat' dir='ltr'>ﬁdei</span> 
     </span>
    </p>
   </div>
   <div class='ocr_carea' id='block_1_80' title="bbox 1071 886 1910 925">
    <p class='ocr_par' dir='ltr' id='par_1_80' title="bbox 1071 886 1910 925">
     <span class='ocr_line' id='line_1_80' title="bbox 1071 886 1910 925; baseline -0.001 -10"><span class='ocrx_word' id='word_1_550' title='bbox 1071 896 1165 924; x_wconf 90' lang='lat' dir='ltr'>quam</span> <span class='ocrx_word' id='word_1_551' title='bbox 1177 888 1234 925; x_wconf 87' lang='lat' dir='ltr'>ipsi</span> <span class='ocrx_word' id='word_1_552' title='bbox 1244 887 1371 917; x_wconf 82' lang='lat' dir='ltr'>confessi</span> <span class='ocrx_word' id='word_1_553' title='bbox 1385 890 1455 916; x_wconf 89' lang='lat' dir='ltr'>sunt</span> <span class='ocrx_word' id='word_1_554' title='bbox 1464 888 1662 916; x_wconf 88' lang='lat' dir='ltr'>continemur.</span> <span class='ocrx_word' id='word_1_555' title='bbox 1678 889 1710 915; x_wconf 86' lang='lat' dir='ltr'>Et</span> <span class='ocrx_word' id='word_1_556' title='bbox 1720 887 1792 924; x_wconf 82' lang='lat' dir='ltr'>quia</span> <span class='ocrx_word' id='word_1_557' title='bbox 1804 899 1818 912; x_wconf 81' lang='grc' dir='ltr'>α</span> <span class='ocrx_word' id='word_1_558' title='bbox 1828 886 1910 914; x_wconf 82' lang='lat' dir='ltr'>ﬁdes</span> 
     </span>
    </p>
   </div>
   <div class='ocr_carea' id='block_1_81' title="bbox 1073 931 1912 969">
    <p class='ocr_par' dir='ltr' id='par_1_81' title="bbox 1073 931 1912 969">
     <span class='ocr_line' id='line_1_81' title="bbox 1073 931 1912 969; baseline -0.001 -9"><span class='ocrx_word' id='word_1_559' title='bbox 1073 932 1135 960; x_wconf 89' lang='lat' dir='ltr'>sine</span> <span class='ocrx_word' id='word_1_560' title='bbox 1151 933 1292 969; x_wconf 89' lang='lat' dir='ltr'>operibus</span> <span class='ocrx_word' id='word_1_561' title='bbox 1303 934 1398 961; x_wconf 87' lang='lat' dir='ltr'>otiosa</span> <span class='ocrx_word' id='word_1_562' title='bbox 1414 935 1457 961; x_wconf 90' lang='lat' dir='ltr'>est</span> <span class='ocrx_word' id='word_1_563' title='bbox 1470 933 1547 968; x_wconf 85' lang='lat' dir='ltr'>(Jac.</span> <span class='ocrx_word' id='word_1_564' title='bbox 1564 935 1606 967; x_wconf 82' lang='grc' dir='ltr'>ιι),</span> <span class='ocrx_word' id='word_1_565' title='bbox 1624 944 1638 957; x_wconf 86' lang='grc'><strong>››</strong></span> <span class='ocrx_word' id='word_1_566' title='bbox 1655 934 1734 960; x_wconf 76' lang='lat' dir='ltr'>recte</span> <span class='ocrx_word' id='word_1_567' title='bbox 1750 931 1912 967; x_wconf 83' lang='lat' dir='ltr'>subjungi-</span> 
     </span>
    </p>
   </div>
   <div class='ocr_carea' id='block_1_82' title="bbox 1073 976 1911 1006">
    <p class='ocr_par' dir='ltr' id='par_1_82' title="bbox 1073 976 1911 1006">
     <span class='ocr_line' id='line_1_82' title="bbox 1073 976 1911 1006; baseline -0.004 0"><span class='ocrx_word' id='word_1_568' title='bbox 1073 979 1130 1006; x_wconf 85' lang='lat' dir='ltr'>tur.</span> <span class='ocrx_word' id='word_1_569' title='bbox 1147 989 1161 1003; x_wconf 88' lang='grc'><em>‹‹</em></span> <span class='ocrx_word' id='word_1_570' title='bbox 1177 978 1304 1006; x_wconf 89' lang='lat' dir='ltr'>Ostende</span> <span class='ocrx_word' id='word_1_571' title='bbox 1319 978 1392 1006; x_wconf 91' lang='lat' dir='ltr'>mihi</span> <span class='ocrx_word' id='word_1_572' title='bbox 1407 978 1515 1006; x_wconf 92' lang='lat' dir='ltr'>faciem</span> <span class='ocrx_word' id='word_1_573' title='bbox 1527 980 1619 1006; x_wconf 89' lang='lat' dir='ltr'>tuam.</span> <span class='ocrx_word' id='word_1_574' title='bbox 1635 978 1724 1005; x_wconf 90' lang='lat' dir='ltr'>Sonet</span> <span class='ocrx_word' id='word_1_575' title='bbox 1738 984 1797 1004; x_wconf 85' lang='lat' dir='ltr'>vox</span> <span class='ocrx_word' id='word_1_576' title='bbox 1814 979 1867 1004; x_wconf 84' lang='lat' dir='ltr'>tua</span> <span class='ocrx_word' id='word_1_577' title='bbox 1879 976 1911 1003; x_wconf 92' lang='lat' dir='ltr'>in</span> 
     </span>
    </p>
   </div>
   <div class='ocr_carea' id='block_1_83' title="bbox 1075 1021 1912 1057">
    <p class='ocr_par' dir='ltr' id='par_1_83' title="bbox 1075 1021 1912 1057">
     <span class='ocr_line' id='line_1_83' title="bbox 1075 1021 1912 1057; baseline -0.002 -7"><span class='ocrx_word' id='word_1_578' title='bbox 1075 1033 1089 1047; x_wconf 85' lang='lat'><strong>«</strong></span> <span class='ocrx_word' id='word_1_579' title='bbox 1110 1021 1234 1050; x_wconf 87' lang='lat' dir='ltr'>auribus</span> <span class='ocrx_word' id='word_1_580' title='bbox 1246 1023 1330 1051; x_wconf 90' lang='lat' dir='ltr'>meis.</span> <span class='ocrx_word' id='word_1_581' title='bbox 1347 1023 1413 1050; x_wconf 84' lang='lat' dir='ltr'>Vox</span> <span class='ocrx_word' id='word_1_582' title='bbox 1427 1023 1507 1050; x_wconf 92' lang='lat' dir='ltr'>enim</span> <span class='ocrx_word' id='word_1_583' title='bbox 1523 1025 1572 1050; x_wconf 87' lang='lat' dir='ltr'>tua</span> <span class='ocrx_word' id='word_1_584' title='bbox 1586 1021 1693 1057; x_wconf 89' lang='lat' dir='ltr'>dulcis,</span> <span class='ocrx_word' id='word_1_585' title='bbox 1707 1024 1734 1050; x_wconf 86' lang='lat' dir='ltr'>et</span> <span class='ocrx_word' id='word_1_586' title='bbox 1749 1021 1840 1049; x_wconf 79' lang='lat' dir='ltr'>facies</span> <span class='ocrx_word' id='word_1_587' title='bbox 1856 1023 1912 1048; x_wconf 92' lang='lat' dir='ltr'>tua</span> 
     </span>
    </p>
   </div>
   <div class='ocr_carea' id='block_1_84' title="bbox 1076 1065 1911 1104">
    <p class='ocr_par' dir='ltr' id='par_1_84' title="bbox 1076 1065 1911 1104">
     <span class='ocr_line' id='line_1_84' title="bbox 1076 1065 1911 1104; baseline -0.001 -10"><span class='ocrx_word' id='word_1_588' title='bbox 1076 1077 1090 1091; x_wconf 76' lang='grc' dir='ltr'>ι(</span> <span class='ocrx_word' id='word_1_589' title='bbox 1110 1066 1229 1095; x_wconf 91' lang='lat' dir='ltr'>decora.</span> <span class='ocrx_word' id='word_1_590' title='bbox 1245 1077 1260 1092; x_wconf 75' lang='grc' dir='ltr'>ι</span> <span class='ocrx_word' id='word_1_591' title='bbox 1275 1069 1316 1095; x_wconf 85' lang='lat' dir='ltr'>Ac</span> <span class='ocrx_word' id='word_1_592' title='bbox 1327 1068 1352 1095; x_wconf 93' lang='lat' dir='ltr'>si</span> <span class='ocrx_word' id='word_1_593' title='bbox 1369 1070 1469 1104; x_wconf 86' lang='lat' dir='ltr'>aperte</span> <span class='ocrx_word' id='word_1_594' title='bbox 1484 1066 1602 1095; x_wconf 88' lang='lat' dir='ltr'>dicatur</span> <span class='ocrx_word' id='word_1_595' title='bbox 1618 1075 1624 1094; x_wconf 92' lang='lat'>:</span> <span class='ocrx_word' id='word_1_596' title='bbox 1640 1066 1767 1095; x_wconf 91' lang='lat' dir='ltr'>Ostende</span> <span class='ocrx_word' id='word_1_597' title='bbox 1781 1065 1856 1093; x_wconf 93' lang='lat' dir='ltr'>mihi</span> <span class='ocrx_word' id='word_1_598' title='bbox 1867 1065 1911 1093; x_wconf 86' lang='lat' dir='ltr'>fa-</span> 
     </span>
    </p>
   </div>
   <div class='ocr_carea' id='block_1_85' title="bbox 1075 1110 1911 1149">
    <p class='ocr_par' dir='ltr' id='par_1_85' title="bbox 1075 1110 1911 1149">
     <span class='ocr_line' id='line_1_85' title="bbox 1075 1110 1911 1149; baseline -0.004 -9"><span class='ocrx_word' id='word_1_599' title='bbox 1075 1112 1151 1140; x_wconf 88' lang='lat' dir='ltr'>ciem</span> <span class='ocrx_word' id='word_1_600' title='bbox 1167 1114 1261 1145; x_wconf 91' lang='lat' dir='ltr'>tuam,</span> <span class='ocrx_word' id='word_1_601' title='bbox 1277 1120 1393 1149; x_wconf 91' lang='lat' dir='ltr'>precor,</span> <span class='ocrx_word' id='word_1_602' title='bbox 1410 1112 1440 1140; x_wconf 93' lang='lat' dir='ltr'>in</span> <span class='ocrx_word' id='word_1_603' title='bbox 1456 1112 1613 1149; x_wconf 88' lang='lat' dir='ltr'>publicum</span> <span class='ocrx_word' id='word_1_604' title='bbox 1627 1111 1753 1139; x_wconf 89' lang='lat' dir='ltr'>actionis</span> <span class='ocrx_word' id='word_1_605' title='bbox 1766 1110 1911 1147; x_wconf 87' lang='lat' dir='ltr'>procede,</span> 
     </span>
    </p>
   </div>
   <div class='ocr_carea' id='block_1_86' title="bbox 1075 1155 1913 1193">
    <p class='ocr_par' dir='ltr' id='par_1_86' title="bbox 1075 1155 1913 1193">
     <span class='ocr_line' id='line_1_86' title="bbox 1075 1155 1913 1193; baseline -0.002 -8"><span class='ocrx_word' id='word_1_606' title='bbox 1075 1156 1136 1185; x_wconf 90' lang='lat' dir='ltr'>noli</span> <span class='ocrx_word' id='word_1_607' title='bbox 1165 1157 1222 1185; x_wconf 82' lang='lat' dir='ltr'>sub</span> <span class='ocrx_word' id='word_1_608' title='bbox 1247 1157 1355 1193; x_wconf 87' lang='lat' dir='ltr'>quietis</span> <span class='ocrx_word' id='word_1_609' title='bbox 1382 1159 1501 1193; x_wconf 88' lang='lat' dir='ltr'>torpore</span> <span class='ocrx_word' id='word_1_610' title='bbox 1525 1157 1688 1193; x_wconf 89' lang='lat' dir='ltr'>quiescere,</span> <span class='ocrx_word' id='word_1_611' title='bbox 1713 1158 1743 1184; x_wconf 87' lang='lat' dir='ltr'>et</span> <span class='ocrx_word' id='word_1_612' title='bbox 1765 1155 1913 1192; x_wconf 88' lang='lat' dir='ltr'>operibus</span> 
     </span>
    </p>
   </div>
   <div class='ocr_carea' id='block_1_87' title="bbox 1076 1201 1911 1236">
    <p class='ocr_par' dir='ltr' id='par_1_87' title="bbox 1076 1201 1911 1236">
     <span class='ocr_line' id='line_1_87' title="bbox 1076 1201 1911 1236; baseline -0.001 -7"><span class='ocrx_word' id='word_1_613' title='bbox 1076 1201 1200 1229; x_wconf 88' lang='lat' dir='ltr'>ostende</span> <span class='ocrx_word' id='word_1_614' title='bbox 1215 1201 1302 1230; x_wconf 89' lang='lat' dir='ltr'>ﬁdem</span> <span class='ocrx_word' id='word_1_615' title='bbox 1319 1204 1412 1230; x_wconf 83' lang='lat' dir='ltr'>tuam.</span> <span class='ocrx_word' id='word_1_616' title='bbox 1428 1203 1460 1230; x_wconf 63' lang='lat' dir='ltr'>lat</span> <span class='ocrx_word' id='word_1_617' title='bbox 1473 1203 1560 1229; x_wconf 90' lang='lat' dir='ltr'>sonet</span> <span class='ocrx_word' id='word_1_618' title='bbox 1574 1209 1631 1229; x_wconf 90' lang='lat' dir='ltr'>vox</span> <span class='ocrx_word' id='word_1_619' title='bbox 1651 1203 1713 1233; x_wconf 90' lang='lat' dir='ltr'>tua,</span> <span class='ocrx_word' id='word_1_620' title='bbox 1728 1201 1760 1228; x_wconf 93' lang='lat' dir='ltr'>id</span> <span class='ocrx_word' id='word_1_621' title='bbox 1772 1203 1816 1228; x_wconf 90' lang='lat' dir='ltr'>est</span> <span class='ocrx_word' id='word_1_622' title='bbox 1830 1208 1911 1236; x_wconf 73' lang='lat' dir='ltr'>prse-</span> 
     </span>
    </p>
   </div>
   <div class='ocr_carea' id='block_1_88' title="bbox 1076 1245 1910 1280">
    <p class='ocr_par' dir='ltr' id='par_1_88' title="bbox 1076 1245 1910 1280">
     <span class='ocr_line' id='line_1_88' title="bbox 1076 1245 1910 1280; baseline -0.001 -6"><span class='ocrx_word' id='word_1_623' title='bbox 1076 1246 1243 1280; x_wconf 88' lang='lat' dir='ltr'>dicationis,</span> <span class='ocrx_word' id='word_1_624' title='bbox 1264 1246 1362 1275; x_wconf 84' lang='lat' dir='ltr'>laudis</span> <span class='ocrx_word' id='word_1_625' title='bbox 1377 1249 1406 1275; x_wconf 87' lang='lat' dir='ltr'>et</span> <span class='ocrx_word' id='word_1_626' title='bbox 1427 1246 1624 1275; x_wconf 86' lang='lat' dir='ltr'>confessionis</span> <span class='ocrx_word' id='word_1_627' title='bbox 1638 1247 1669 1274; x_wconf 93' lang='lat' dir='ltr'>in</span> <span class='ocrx_word' id='word_1_628' title='bbox 1684 1245 1807 1274; x_wconf 82' lang='lat' dir='ltr'>auribus</span> <span class='ocrx_word' id='word_1_629' title='bbox 1821 1245 1910 1273; x_wconf 89' lang='lat' dir='ltr'>meis.</span> 
     </span>
    </p>
   </div>
   <div class='ocr_carea' id='block_1_89' title="bbox 1078 1289 1913 1328">
    <p class='ocr_par' dir='ltr' id='par_1_89' title="bbox 1078 1289 1913 1328">
     <span class='ocr_line' id='line_1_89' title="bbox 1078 1289 1913 1328; baseline -0.002 -9"><span class='ocrx_word' id='word_1_630' title='bbox 1078 1290 1156 1319; x_wconf 89' lang='lat' dir='ltr'>Illius</span> <span class='ocrx_word' id='word_1_631' title='bbox 1178 1299 1311 1328; x_wconf 89' lang='lat' dir='ltr'>namque</span> <span class='ocrx_word' id='word_1_632' title='bbox 1332 1300 1388 1320; x_wconf 85' lang='lat' dir='ltr'>vox</span> <span class='ocrx_word' id='word_1_633' title='bbox 1413 1292 1508 1319; x_wconf 92' lang='lat' dir='ltr'>dulcis</span> <span class='ocrx_word' id='word_1_634' title='bbox 1529 1293 1574 1320; x_wconf 88' lang='lat' dir='ltr'>est</span> <span class='ocrx_word' id='word_1_635' title='bbox 1601 1293 1672 1325; x_wconf 91' lang='lat' dir='ltr'>Deo,</span> <span class='ocrx_word' id='word_1_636' title='bbox 1697 1290 1750 1327; x_wconf 90' lang='lat' dir='ltr'>qui</span> <span class='ocrx_word' id='word_1_637' title='bbox 1769 1289 1856 1318; x_wconf 88' lang='lat' dir='ltr'>dulce</span> <span class='ocrx_word' id='word_1_638' title='bbox 1882 1293 1913 1318; x_wconf 88' lang='lat' dir='ltr'>et</span> 
     </span>
    </p>
   </div>
   <div class='ocr_carea' id='block_1_90' title="bbox 1077 1334 1912 1372">
    <p class='ocr_par' dir='ltr' id='par_1_90' title="bbox 1077 1334 1912 1372">
     <span class='ocr_line' id='line_1_90' title="bbox 1077 1334 1912 1372; baseline -0.002 -8"><span class='ocrx_word' id='word_1_639' title='bbox 1077 1336 1205 1364; x_wconf 87' lang='lat' dir='ltr'>suaviter</span> <span class='ocrx_word' id='word_1_640' title='bbox 1215 1344 1251 1364; x_wconf 88' lang='lat' dir='ltr'>ex</span> <span class='ocrx_word' id='word_1_641' title='bbox 1261 1336 1419 1364; x_wconf 90' lang='lat' dir='ltr'>dulcedine</span> <span class='ocrx_word' id='word_1_642' title='bbox 1430 1336 1514 1372; x_wconf 84' lang='lat' dir='ltr'>regni</span> <span class='ocrx_word' id='word_1_643' title='bbox 1524 1335 1618 1364; x_wconf 89' lang='lat' dir='ltr'>verba</span> <span class='ocrx_word' id='word_1_644' title='bbox 1633 1335 1750 1364; x_wconf 90' lang='lat' dir='ltr'>Domini</span> <span class='ocrx_word' id='word_1_645' title='bbox 1763 1334 1912 1371; x_wconf 82' lang='lat' dir='ltr'>proximis</span> 
     </span>
    </p>
   </div>
   <div class='ocr_carea' id='block_1_91' title="bbox 1076 1380 1911 1418">
    <p class='ocr_par' dir='ltr' id='par_1_91' title="bbox 1076 1380 1911 1418">
     <span class='ocr_line' id='line_1_91' title="bbox 1076 1380 1911 1418; baseline -0.001 -10"><span class='ocrx_word' id='word_1_646' title='bbox 1076 1381 1241 1415; x_wconf 88' lang='lat' dir='ltr'>enuntiare,</span> <span class='ocrx_word' id='word_1_647' title='bbox 1258 1383 1287 1409; x_wconf 91' lang='lat' dir='ltr'>et</span> <span class='ocrx_word' id='word_1_648' title='bbox 1300 1382 1357 1418; x_wconf 88' lang='lat' dir='ltr'>ipsi</span> <span class='ocrx_word' id='word_1_649' title='bbox 1378 1381 1505 1410; x_wconf 88' lang='lat' dir='ltr'>Domino</span> <span class='ocrx_word' id='word_1_650' title='bbox 1529 1381 1634 1410; x_wconf 90' lang='lat' dir='ltr'>laudes</span> <span class='ocrx_word' id='word_1_651' title='bbox 1650 1388 1791 1409; x_wconf 89' lang='lat' dir='ltr'>resonare</span> <span class='ocrx_word' id='word_1_652' title='bbox 1813 1380 1911 1408; x_wconf 89' lang='lat' dir='ltr'>novit.</span> 
     </span>
    </p>
   </div>
   <div class='ocr_carea' id='block_1_92' title="bbox 1076 1424 1911 1463">
    <p class='ocr_par' dir='ltr' id='par_1_92' title="bbox 1076 1424 1911 1463">
     <span class='ocr_line' id='line_1_92' title="bbox 1076 1424 1911 1463; baseline -0.001 -9"><span class='ocrx_word' id='word_1_653' title='bbox 1076 1427 1110 1454; x_wconf 87' lang='lat' dir='ltr'>Et</span> <span class='ocrx_word' id='word_1_654' title='bbox 1123 1426 1174 1454; x_wconf 90' lang='lat' dir='ltr'>illa</span> <span class='ocrx_word' id='word_1_655' title='bbox 1188 1426 1263 1454; x_wconf 87' lang='lat' dir='ltr'>ﬁdes</span> <span class='ocrx_word' id='word_1_656' title='bbox 1281 1426 1392 1455; x_wconf 88' lang='lat' dir='ltr'>decora</span> <span class='ocrx_word' id='word_1_657' title='bbox 1409 1429 1462 1462; x_wconf 90' lang='lat' dir='ltr'>est,</span> <span class='ocrx_word' id='word_1_658' title='bbox 1478 1435 1545 1463; x_wconf 73' lang='lat' dir='ltr'>quae</span> <span class='ocrx_word' id='word_1_659' title='bbox 1561 1426 1704 1463; x_wconf 88' lang='lat' dir='ltr'>operibus</span> <span class='ocrx_word' id='word_1_660' title='bbox 1719 1427 1836 1460; x_wconf 87' lang='lat' dir='ltr'>ornata,</span> <span class='ocrx_word' id='word_1_661' title='bbox 1854 1424 1911 1453; x_wconf 81' lang='lat' dir='ltr'>ad~</span> 
     </span>
    </p>
   </div>
   <div class='ocr_carea' id='block_1_93' title="bbox 1074 1471 1603 1508">
    <p class='ocr_par' dir='ltr' id='par_1_93' title="bbox 1074 1471 1603 1508">
     <span class='ocr_line' id='line_1_93' title="bbox 1074 1471 1603 1508; baseline 0 -9"><span class='ocrx_word' id='word_1_662' title='bbox 1074 1479 1165 1499; x_wconf 87' lang='lat' dir='ltr'>versa</span> <span class='ocrx_word' id='word_1_663' title='bbox 1177 1471 1240 1507; x_wconf 87' lang='lat' dir='ltr'>pati</span> <span class='ocrx_word' id='word_1_664' title='bbox 1255 1479 1316 1499; x_wconf 92' lang='lat' dir='ltr'>non</span> <span class='ocrx_word' id='word_1_665' title='bbox 1332 1472 1426 1500; x_wconf 89' lang='lat' dir='ltr'>timet.</span> <span class='ocrx_word' id='word_1_666' title='bbox 1442 1471 1580 1508; x_wconf 88' lang='lat' dir='ltr'>Sequitur</span> <span class='ocrx_word' id='word_1_667' title='bbox 1596 1480 1603 1499; x_wconf 76' lang='grc' dir='ltr'>ε</span> 
     </span>
    </p>
   </div>
   <div class='ocr_carea' id='block_1_94' title="bbox 1111 1515 1912 1553">
    <p class='ocr_par' dir='ltr' id='par_1_94' title="bbox 1111 1515 1912 1553">
     <span class='ocr_line' id='line_1_94' title="bbox 1111 1515 1912 1553; baseline 0.002 -12"><span class='ocrx_word' id='word_1_668' title='bbox 1111 1527 1125 1541; x_wconf 78' lang='grc' dir='ltr'><strong><em>α</em></strong></span> <span class='ocrx_word' id='word_1_669' title='bbox 1145 1516 1246 1553; x_wconf 90' lang='lat' dir='ltr'>Capite</span> <span class='ocrx_word' id='word_1_670' title='bbox 1258 1516 1346 1545; x_wconf 92' lang='lat' dir='ltr'>nobis</span> <span class='ocrx_word' id='word_1_671' title='bbox 1359 1516 1464 1553; x_wconf 88' lang='lat' dir='ltr'>vulpes</span> <span class='ocrx_word' id='word_1_672' title='bbox 1476 1516 1619 1553; x_wconf 88' lang='lat' dir='ltr'>parvulas</span> <span class='ocrx_word' id='word_1_673' title='bbox 1627 1524 1694 1553; x_wconf 78' lang='lat' dir='ltr'>quas</span> <span class='ocrx_word' id='word_1_674' title='bbox 1703 1515 1912 1544; x_wconf 90' lang='lat' dir='ltr'>demoliuntur</span> 
     </span>
    </p>
   </div>
   <div class='ocr_carea' id='block_1_95' title="bbox 1074 1561 1909 1595">
    <p class='ocr_par' dir='ltr' id='par_1_95' title="bbox 1074 1561 1909 1595">
     <span class='ocr_line' id='line_1_95' title="bbox 1074 1561 1909 1595; baseline -0.001 -6"><span class='ocrx_word' id='word_1_675' title='bbox 1074 1572 1089 1587; x_wconf 87' lang='lat'><strong>«</strong></span> <span class='ocrx_word' id='word_1_676' title='bbox 1108 1561 1213 1589; x_wconf 91' lang='lat' dir='ltr'>vineas</span> <span class='ocrx_word' id='word_1_677' title='bbox 1225 1570 1231 1595; x_wconf 89' lang='lat'><strong>;</strong></span> <span class='ocrx_word' id='word_1_678' title='bbox 1245 1569 1316 1589; x_wconf 90' lang='lat' dir='ltr'>nam</span> <span class='ocrx_word' id='word_1_679' title='bbox 1331 1561 1420 1589; x_wconf 88' lang='lat' dir='ltr'>vinea</span> <span class='ocrx_word' id='word_1_680' title='bbox 1433 1564 1536 1590; x_wconf 86' lang='lat' dir='ltr'>nostra</span> <span class='ocrx_word' id='word_1_681' title='bbox 1550 1561 1658 1589; x_wconf 88' lang='lat' dir='ltr'>ﬂoruit.</span> <span class='ocrx_word' id='word_1_682' title='bbox 1671 1572 1685 1586; x_wconf 85' lang='lat'>»</span> <span class='ocrx_word' id='word_1_683' title='bbox 1698 1562 1860 1589; x_wconf 87' lang='lat' dir='ltr'>Transacta</span> <span class='ocrx_word' id='word_1_684' title='bbox 1868 1561 1909 1588; x_wconf 88' lang='lat' dir='ltr'>vi-</span> 
     </span>
    </p>
   </div>
   <div class='ocr_carea' id='block_1_96' title="bbox 1073 1605 1910 1643">
    <p class='ocr_par' dir='ltr' id='par_1_96' title="bbox 1073 1605 1910 1643">
     <span class='ocr_line' id='line_1_96' title="bbox 1073 1605 1910 1643; baseline -0.001 -9"><span class='ocrx_word' id='word_1_685' title='bbox 1073 1606 1179 1634; x_wconf 91' lang='lat' dir='ltr'>delicet</span> <span class='ocrx_word' id='word_1_686' title='bbox 1193 1606 1367 1635; x_wconf 74' lang='lat' dir='ltr'>daemonum</span> <span class='ocrx_word' id='word_1_687' title='bbox 1383 1608 1568 1643; x_wconf 88' lang='lat' dir='ltr'>tempestate,</span> <span class='ocrx_word' id='word_1_688' title='bbox 1584 1614 1678 1643; x_wconf 89' lang='lat' dir='ltr'>quam</span> <span class='ocrx_word' id='word_1_689' title='bbox 1694 1606 1832 1642; x_wconf 88' lang='lat' dir='ltr'>superius</span> <span class='ocrx_word' id='word_1_690' title='bbox 1847 1605 1910 1633; x_wconf 92' lang='lat' dir='ltr'>hie-</span> 
     </span>
    </p>
   </div>
   <div class='ocr_carea' id='block_1_97' title="bbox 1072 1650 1909 1687">
    <p class='ocr_par' dir='ltr' id='par_1_97' title="bbox 1072 1650 1909 1687">
     <span class='ocr_line' id='line_1_97' title="bbox 1072 1650 1909 1687; baseline -0.001 -8"><span class='ocrx_word' id='word_1_691' title='bbox 1072 1659 1153 1679; x_wconf 92' lang='lat' dir='ltr'>mem</span> <span class='ocrx_word' id='word_1_692' title='bbox 1168 1651 1339 1687; x_wconf 73' lang='lat' dir='ltr'>appellaVit,</span> <span class='ocrx_word' id='word_1_693' title='bbox 1351 1651 1491 1679; x_wconf 87' lang='lat' dir='ltr'>invitatur</span> <span class='ocrx_word' id='word_1_694' title='bbox 1503 1659 1616 1687; x_wconf 88' lang='lat' dir='ltr'>sponsa</span> <span class='ocrx_word' id='word_1_695' title='bbox 1627 1651 1692 1687; x_wconf 87' lang='lat' dir='ltr'>jam</span> <span class='ocrx_word' id='word_1_696' title='bbox 1702 1650 1780 1686; x_wconf 82' lang='lat' dir='ltr'>regis</span> <span class='ocrx_word' id='word_1_697' title='bbox 1789 1650 1909 1686; x_wconf 88' lang='lat' dir='ltr'>corpori</span> 
     </span>
    </p>
   </div>
   <div class='ocr_carea' id='block_1_98' title="bbox 1069 1695 1910 1733">
    <p class='ocr_par' dir='ltr' id='par_1_98' title="bbox 1069 1695 1910 1733">
     <span class='ocr_line' id='line_1_98' title="bbox 1069 1695 1910 1733; baseline -0.001 -10"><span class='ocrx_word' id='word_1_698' title='bbox 1069 1695 1175 1731; x_wconf 88' lang='lat' dir='ltr'>juncta</span> <span class='ocrx_word' id='word_1_699' title='bbox 1194 1703 1248 1732; x_wconf 87' lang='lat' dir='ltr'>per</span> <span class='ocrx_word' id='word_1_700' title='bbox 1257 1695 1400 1733; x_wconf 88' lang='lat' dir='ltr'>baptismi</span> <span class='ocrx_word' id='word_1_701' title='bbox 1415 1697 1604 1724; x_wconf 85' lang='lat' dir='ltr'>sacramenta</span> <span class='ocrx_word' id='word_1_702' title='bbox 1621 1695 1652 1723; x_wconf 89' lang='lat' dir='ltr'>in</span> <span class='ocrx_word' id='word_1_703' title='bbox 1670 1695 1798 1729; x_wconf 88' lang='lat' dir='ltr'>vineam,</span> <span class='ocrx_word' id='word_1_704' title='bbox 1818 1695 1849 1722; x_wconf 93' lang='lat' dir='ltr'>id</span> <span class='ocrx_word' id='word_1_705' title='bbox 1862 1698 1910 1723; x_wconf 88' lang='lat' dir='ltr'>est</span> 
     </span>
    </p>
   </div>
   <div class='ocr_carea' id='block_1_99' title="bbox 1072 1739 1908 1777">
    <p class='ocr_par' dir='ltr' id='par_1_99' title="bbox 1072 1739 1908 1777">
     <span class='ocr_line' id='line_1_99' title="bbox 1072 1739 1908 1777; baseline -0.001 -9"><span class='ocrx_word' id='word_1_706' title='bbox 1072 1740 1258 1768; x_wconf 87' lang='lat' dir='ltr'>credentium</span> <span class='ocrx_word' id='word_1_707' title='bbox 1269 1740 1326 1768; x_wconf 89' lang='lat' dir='ltr'>sibi</span> <span class='ocrx_word' id='word_1_708' title='bbox 1338 1740 1458 1777; x_wconf 89' lang='lat' dir='ltr'>plebem</span> <span class='ocrx_word' id='word_1_709' title='bbox 1467 1749 1503 1768; x_wconf 80' lang='lat' dir='ltr'>ex</span> <span class='ocrx_word' id='word_1_710' title='bbox 1514 1740 1662 1775; x_wconf 89' lang='lat' dir='ltr'>gentibus,</span> <span class='ocrx_word' id='word_1_711' title='bbox 1675 1742 1704 1768; x_wconf 93' lang='lat' dir='ltr'>et</span> <span class='ocrx_word' id='word_1_712' title='bbox 1715 1739 1829 1767; x_wconf 88' lang='lat' dir='ltr'>invenit</span> <span class='ocrx_word' id='word_1_713' title='bbox 1838 1748 1908 1768; x_wconf 90' lang='lat' dir='ltr'>eam</span> 
     </span>
    </p>
   </div>
   <div class='ocr_carea' id='block_1_100' title="bbox 1071 1784 1907 1821">
    <p class='ocr_par' dir='ltr' id='par_1_100' title="bbox 1071 1784 1907 1821">
     <span class='ocr_line' id='line_1_100' title="bbox 1071 1784 1907 1821; baseline -0.001 -8"><span class='ocrx_word' id='word_1_714' title='bbox 1071 1785 1289 1821; x_wconf 89' lang='lat' dir='ltr'>producentem</span> <span class='ocrx_word' id='word_1_715' title='bbox 1308 1785 1397 1813; x_wconf 91' lang='lat' dir='ltr'>ﬂores</span> <span class='ocrx_word' id='word_1_716' title='bbox 1412 1793 1465 1821; x_wconf 89' lang='lat' dir='ltr'>per</span> <span class='ocrx_word' id='word_1_717' title='bbox 1479 1785 1595 1813; x_wconf 90' lang='lat' dir='ltr'>bonum</span> <span class='ocrx_word' id='word_1_718' title='bbox 1611 1787 1738 1818; x_wconf 62' lang='lat' dir='ltr'>natura,</span> <span class='ocrx_word' id='word_1_719' title='bbox 1753 1784 1793 1812; x_wconf 87' lang='lat' dir='ltr'>ad</span> <span class='ocrx_word' id='word_1_720' title='bbox 1812 1784 1907 1813; x_wconf 87' lang='lat' dir='ltr'>conﬁ-</span> 
     </span>
    </p>
   </div>
   <div class='ocr_carea' id='block_1_101' title="bbox 1071 1829 1909 1866">
    <p class='ocr_par' dir='ltr' id='par_1_101' title="bbox 1071 1829 1909 1866">
     <span class='ocr_line' id='line_1_101' title="bbox 1071 1829 1909 1866; baseline 0 -9"><span class='ocrx_word' id='word_1_721' title='bbox 1071 1829 1205 1857; x_wconf 90' lang='lat' dir='ltr'>dendum</span> <span class='ocrx_word' id='word_1_722' title='bbox 1222 1831 1281 1858; x_wconf 86' lang='lat' dir='ltr'>Deo</span> <span class='ocrx_word' id='word_1_723' title='bbox 1292 1830 1357 1857; x_wconf 67' lang='lat' dir='ltr'>cazli</span> <span class='ocrx_word' id='word_1_724' title='bbox 1369 1832 1517 1866; x_wconf 87' lang='lat' dir='ltr'>paratam.</span> <span class='ocrx_word' id='word_1_725' title='bbox 1531 1830 1587 1858; x_wconf 92' lang='lat' dir='ltr'>Sed</span> <span class='ocrx_word' id='word_1_726' title='bbox 1602 1829 1761 1858; x_wconf 87' lang='lat' dir='ltr'>calliditate</span> <span class='ocrx_word' id='word_1_727' title='bbox 1776 1829 1909 1857; x_wconf 87' lang='lat' dir='ltr'>insidiis-</span> 
     </span>
    </p>
   </div>
   <div class='ocr_carea' id='block_1_102' title="bbox 1071 1873 1906 1911">
    <p class='ocr_par' dir='ltr' id='par_1_102' title="bbox 1071 1873 1906 1911">
     <span class='ocr_line' id='line_1_102' title="bbox 1071 1873 1906 1911; baseline 0.001 -10"><span class='ocrx_word' id='word_1_728' title='bbox 1071 1882 1130 1911; x_wconf 88' lang='lat' dir='ltr'>que</span> <span class='ocrx_word' id='word_1_729' title='bbox 1145 1873 1282 1910; x_wconf 89' lang='lat' dir='ltr'>vulpium</span> <span class='ocrx_word' id='word_1_730' title='bbox 1306 1874 1509 1903; x_wconf 83' lang='lat' dir='ltr'>maturitatem</span> <span class='ocrx_word' id='word_1_731' title='bbox 1531 1875 1645 1902; x_wconf 90' lang='lat' dir='ltr'>fructus</span> <span class='ocrx_word' id='word_1_732' title='bbox 1668 1875 1906 1911; x_wconf 78' lang='lat' dir='ltr'>exspectantium</span> 
     </span>
    </p>
   </div>
   <div class='ocr_carea' id='block_1_103' title="bbox 1071 1918 1908 1956">
    <p class='ocr_par' dir='ltr' id='par_1_103' title="bbox 1071 1918 1908 1956">
     <span class='ocr_line' id='line_1_103' title="bbox 1071 1918 1908 1956; baseline 0 -10"><span class='ocrx_word' id='word_1_733' title='bbox 1071 1918 1111 1946; x_wconf 89' lang='lat' dir='ltr'>ad</span> <span class='ocrx_word' id='word_1_734' title='bbox 1121 1918 1345 1947; x_wconf 88' lang='lat' dir='ltr'>demoliendam</span> <span class='ocrx_word' id='word_1_735' title='bbox 1353 1919 1621 1956; x_wconf 89' lang='lat' dir='ltr'>devorandamque</span> <span class='ocrx_word' id='word_1_736' title='bbox 1632 1921 1748 1955; x_wconf 88' lang='lat' dir='ltr'>parata,</span> <span class='ocrx_word' id='word_1_737' title='bbox 1757 1926 1826 1955; x_wconf 70' lang='lat' dir='ltr'>qua:</span> <span class='ocrx_word' id='word_1_738' title='bbox 1836 1921 1908 1947; x_wconf 89' lang='lat' dir='ltr'>sunt</span> 
     </span>
    </p>
   </div>
   <div class='ocr_carea' id='block_1_104' title="bbox 1070 1963 1907 2000">
    <p class='ocr_par' dir='ltr' id='par_1_104' title="bbox 1070 1963 1907 2000">
     <span class='ocr_line' id='line_1_104' title="bbox 1070 1963 1907 2000; baseline 0.001 -10"><span class='ocrx_word' id='word_1_739' title='bbox 1070 1971 1280 2000; x_wconf 88' lang='lat' dir='ltr'>perversarum</span> <span class='ocrx_word' id='word_1_740' title='bbox 1305 1964 1477 1992; x_wconf 88' lang='lat' dir='ltr'>animarum</span> <span class='ocrx_word' id='word_1_741' title='bbox 1503 1964 1651 1992; x_wconf 72' lang='lat' dir='ltr'>haereseos</span> <span class='ocrx_word' id='word_1_742' title='bbox 1674 1963 1907 1991; x_wconf 88' lang='lat' dir='ltr'>mordacissima</span> 
     </span>
    </p>
   </div>
   <div class='ocr_carea' id='block_1_105' title="bbox 1070 2008 1906 2044">
    <p class='ocr_par' dir='ltr' id='par_1_105' title="bbox 1070 2008 1906 2044">
     <span class='ocr_line' id='line_1_105' title="bbox 1070 2008 1906 2044; baseline 0 -8"><span class='ocrx_word' id='word_1_743' title='bbox 1070 2008 1214 2044; x_wconf 90' lang='lat' dir='ltr'>dogmata</span> <span class='ocrx_word' id='word_1_744' title='bbox 1229 2008 1270 2036; x_wconf 90' lang='lat' dir='ltr'>ait</span> <span class='ocrx_word' id='word_1_745' title='bbox 1282 2010 1368 2037; x_wconf 85' lang='lat' dir='ltr'>Jesus</span> <span class='ocrx_word' id='word_1_746' title='bbox 1383 2009 1444 2036; x_wconf 88' lang='lat' dir='ltr'>suis</span> <span class='ocrx_word' id='word_1_747' title='bbox 1459 2008 1633 2037; x_wconf 90' lang='lat' dir='ltr'>doctoribus</span> <span class='ocrx_word' id='word_1_748' title='bbox 1652 2016 1658 2038; x_wconf 90' lang='lat'><strong>:</strong></span> <span class='ocrx_word' id='word_1_749' title='bbox 1678 2020 1691 2035; x_wconf 73' lang='grc' dir='ltr'>ι</span> <span class='ocrx_word' id='word_1_750' title='bbox 1705 2008 1805 2044; x_wconf 87' lang='lat' dir='ltr'>Capite</span> <span class='ocrx_word' id='word_1_751' title='bbox 1817 2008 1906 2036; x_wconf 90' lang='lat' dir='ltr'>nobis</span> 
     </span>
    </p>
   </div>
   <div class='ocr_carea' id='block_1_106' title="bbox 1070 2052 1907 2091">
    <p class='ocr_par' dir='ltr' id='par_1_106' title="bbox 1070 2052 1907 2091">
     <span class='ocr_line' id='line_1_106' title="bbox 1070 2052 1907 2091; baseline -0.002 -9"><span class='ocrx_word' id='word_1_752' title='bbox 1070 2053 1176 2090; x_wconf 87' lang='lat' dir='ltr'>vulpes</span> <span class='ocrx_word' id='word_1_753' title='bbox 1191 2054 1332 2090; x_wconf 85' lang='lat' dir='ltr'>parvulas</span> <span class='ocrx_word' id='word_1_754' title='bbox 1345 2062 1413 2091; x_wconf 72' lang='lat' dir='ltr'>quae</span> <span class='ocrx_word' id='word_1_755' title='bbox 1426 2054 1630 2082; x_wconf 90' lang='lat' dir='ltr'>demoliuntur</span> <span class='ocrx_word' id='word_1_756' title='bbox 1643 2053 1757 2084; x_wconf 85' lang='lat' dir='ltr'>vineas,</span> <span class='ocrx_word' id='word_1_757' title='bbox 1779 2064 1793 2078; x_wconf 72' lang='grc' dir='ltr'><strong>υ</strong></span> <span class='ocrx_word' id='word_1_758' title='bbox 1814 2052 1845 2080; x_wconf 93' lang='lat' dir='ltr'>id</span> <span class='ocrx_word' id='word_1_759' title='bbox 1862 2055 1907 2081; x_wconf 92' lang='lat' dir='ltr'>est</span> 
     </span>
    </p>
   </div>
   <div class='ocr_carea' id='block_1_107' title="bbox 1071 2097 1908 2134">
    <p class='ocr_par' dir='ltr' id='par_1_107' title="bbox 1071 2097 1908 2134">
     <span class='ocr_line' id='line_1_107' title="bbox 1071 2097 1908 2134; baseline -0.001 -8"><span class='ocrx_word' id='word_1_760' title='bbox 1071 2098 1235 2127; x_wconf 90' lang='lat' dir='ltr'>convincite</span> <span class='ocrx_word' id='word_1_761' title='bbox 1245 2099 1400 2127; x_wconf 75' lang='lat' dir='ltr'>haereticos</span> <span class='ocrx_word' id='word_1_762' title='bbox 1413 2101 1442 2127; x_wconf 92' lang='lat' dir='ltr'>et</span> <span class='ocrx_word' id='word_1_763' title='bbox 1456 2098 1663 2127; x_wconf 85' lang='lat' dir='ltr'>schismaticos</span> <span class='ocrx_word' id='word_1_764' title='bbox 1675 2106 1786 2134; x_wconf 88' lang='lat' dir='ltr'>pravos</span> <span class='ocrx_word' id='word_1_765' title='bbox 1796 2097 1867 2131; x_wconf 90' lang='lat' dir='ltr'>ﬁde,</span> <span class='ocrx_word' id='word_1_766' title='bbox 1877 2100 1908 2125; x_wconf 87' lang='lat' dir='ltr'>et</span> 
     </span>
    </p>
   </div>
   <div class='ocr_carea' id='block_1_108' title="bbox 1070 2142 1908 2181">
    <p class='ocr_par' dir='ltr' id='par_1_108' title="bbox 1070 2142 1908 2181">
     <span class='ocr_line' id='line_1_108' title="bbox 1070 2142 1908 2181; baseline -0.001 -10"><span class='ocrx_word' id='word_1_767' title='bbox 1070 2143 1191 2173; x_wconf 89' lang='lat' dir='ltr'>dolosos</span> <span class='ocrx_word' id='word_1_768' title='bbox 1210 2143 1313 2180; x_wconf 90' lang='lat' dir='ltr'>verbo,</span> <span class='ocrx_word' id='word_1_769' title='bbox 1333 2144 1385 2181; x_wconf 89' lang='lat' dir='ltr'>qui</span> <span class='ocrx_word' id='word_1_770' title='bbox 1408 2143 1496 2171; x_wconf 88' lang='lat' dir='ltr'>dente</span> <span class='ocrx_word' id='word_1_771' title='bbox 1517 2151 1619 2180; x_wconf 72' lang='lat' dir='ltr'>prava:</span> <span class='ocrx_word' id='word_1_772' title='bbox 1641 2143 1784 2171; x_wconf 65' lang='lat' dir='ltr'>doctrinae</span> <span class='ocrx_word' id='word_1_773' title='bbox 1811 2142 1908 2170; x_wconf 85' lang='lat' dir='ltr'>rudes</span> 
     </span>
    </p>
   </div>
   <div class='ocr_carea' id='block_1_109' title="bbox 1070 2188 1906 2218">
    <p class='ocr_par' dir='ltr' id='par_1_109' title="bbox 1070 2188 1906 2218">
     <span class='ocr_line' id='line_1_109' title="bbox 1070 2188 1906 2218; baseline -0.002 0"><span class='ocrx_word' id='word_1_774' title='bbox 1070 2188 1205 2218; x_wconf 89' lang='lat' dir='ltr'>ﬁdelium</span> <span class='ocrx_word' id='word_1_775' title='bbox 1220 2192 1335 2218; x_wconf 91' lang='lat' dir='ltr'>mentes</span> <span class='ocrx_word' id='word_1_776' title='bbox 1346 2189 1478 2217; x_wconf 85' lang='lat' dir='ltr'>lacerare</span> <span class='ocrx_word' id='word_1_777' title='bbox 1491 2188 1596 2217; x_wconf 86' lang='lat' dir='ltr'>solent.</span> <span class='ocrx_word' id='word_1_778' title='bbox 1611 2190 1686 2216; x_wconf 85' lang='lat' dir='ltr'>Nam</span> <span class='ocrx_word' id='word_1_779' title='bbox 1698 2188 1786 2216; x_wconf 87' lang='lat' dir='ltr'>vinea</span> <span class='ocrx_word' id='word_1_780' title='bbox 1801 2190 1906 2216; x_wconf 88' lang='lat' dir='ltr'>nostra</span> 
     </span>
    </p>
   </div>
   <div class='ocr_carea' id='block_1_110' title="bbox 1070 2233 1906 2270">
    <p class='ocr_par' dir='ltr' id='par_1_110' title="bbox 1070 2233 1906 2270">
     <span class='ocr_line' id='line_1_110' title="bbox 1070 2233 1906 2270; baseline -0.001 -9"><span class='ocrx_word' id='word_1_781' title='bbox 1070 2234 1180 2270; x_wconf 91' lang='lat' dir='ltr'>ﬂoruit,</span> <span class='ocrx_word' id='word_1_782' title='bbox 1196 2235 1226 2263; x_wconf 95' lang='lat' dir='ltr'>id</span> <span class='ocrx_word' id='word_1_783' title='bbox 1241 2237 1285 2263; x_wconf 89' lang='lat' dir='ltr'>est</span> <span class='ocrx_word' id='word_1_784' title='bbox 1300 2238 1410 2262; x_wconf 70' lang='lat' dir='ltr'>sancta:</span> <span class='ocrx_word' id='word_1_785' title='bbox 1427 2233 1588 2261; x_wconf 87' lang='lat' dir='ltr'>electorum</span> <span class='ocrx_word' id='word_1_786' title='bbox 1604 2233 1713 2261; x_wconf 67' lang='lat' dir='ltr'>animm</span> <span class='ocrx_word' id='word_1_787' title='bbox 1733 2233 1906 2268; x_wconf 83' lang='lat' dir='ltr'>germinant</span> 
     </span>
    </p>
   </div>
   <div class='ocr_carea' id='block_1_111' title="bbox 1070 2278 1903 2315">
    <p class='ocr_par' dir='ltr' id='par_1_111' title="bbox 1070 2278 1903 2315">
     <span class='ocr_line' id='line_1_111' title="bbox 1070 2278 1903 2315; baseline -0.001 -9"><span class='ocrx_word' id='word_1_788' title='bbox 1070 2278 1200 2309; x_wconf 90' lang='lat' dir='ltr'>fructum</span> <span class='ocrx_word' id='word_1_789' title='bbox 1224 2280 1294 2308; x_wconf 86' lang='lat' dir='ltr'>ﬁdei</span> <span class='ocrx_word' id='word_1_790' title='bbox 1313 2282 1342 2308; x_wconf 93' lang='lat' dir='ltr'>et</span> <span class='ocrx_word' id='word_1_791' title='bbox 1355 2279 1506 2307; x_wconf 89' lang='lat' dir='ltr'>bonorum</span> <span class='ocrx_word' id='word_1_792' title='bbox 1528 2286 1654 2315; x_wconf 88' lang='lat' dir='ltr'>operum</span> <span class='ocrx_word' id='word_1_793' title='bbox 1669 2279 1726 2306; x_wconf 87' lang='lat' dir='ltr'>late</span> <span class='ocrx_word' id='word_1_794' title='bbox 1740 2278 1903 2314; x_wconf 87' lang='lat' dir='ltr'>longeque.</span> 
     </span>
    </p>
   </div>
   <div class='ocr_carea' id='block_1_112' title="bbox 1069 2323 1904 2361">
    <p class='ocr_par' dir='ltr' id='par_1_112' title="bbox 1069 2323 1904 2361">
     <span class='ocr_line' id='line_1_112' title="bbox 1069 2323 1904 2361; baseline -0.001 -10"><span class='ocrx_word' id='word_1_795' title='bbox 1069 2324 1177 2353; x_wconf 88' lang='lat' dir='ltr'>Verum</span> <span class='ocrx_word' id='word_1_796' title='bbox 1190 2324 1302 2361; x_wconf 93' lang='lat' dir='ltr'>duplici</span> <span class='ocrx_word' id='word_1_797' title='bbox 1317 2324 1431 2352; x_wconf 85' lang='lat' dir='ltr'>ratione</span> <span class='ocrx_word' id='word_1_798' title='bbox 1447 2323 1619 2358; x_wconf 88' lang='lat' dir='ltr'>intelligitur</span> <span class='ocrx_word' id='word_1_799' title='bbox 1634 2323 1718 2360; x_wconf 89' lang='lat' dir='ltr'>quod</span> <span class='ocrx_word' id='word_1_800' title='bbox 1734 2323 1775 2351; x_wconf 87' lang='lat' dir='ltr'>ait</span> <span class='ocrx_word' id='word_1_801' title='bbox 1788 2325 1904 2358; x_wconf 85' lang='lat' dir='ltr'>nostra,</span> 
     </span>
    </p>
   </div>
   <div class='ocr_carea' id='block_1_113' title="bbox 1068 2367 1906 2404">
    <p class='ocr_par' dir='ltr' id='par_1_113' title="bbox 1068 2367 1906 2404">
     <span class='ocr_line' id='line_1_113' title="bbox 1068 2367 1906 2404; baseline -0.004 -7"><span class='ocrx_word' id='word_1_802' title='bbox 1068 2369 1099 2398; x_wconf 91' lang='lat' dir='ltr'>id</span> <span class='ocrx_word' id='word_1_803' title='bbox 1115 2371 1158 2397; x_wconf 92' lang='lat' dir='ltr'>est</span> <span class='ocrx_word' id='word_1_804' title='bbox 1175 2369 1236 2397; x_wconf 89' lang='lat' dir='ltr'>sive</span> <span class='ocrx_word' id='word_1_805' title='bbox 1253 2377 1340 2397; x_wconf 88' lang='lat' dir='ltr'>suam</span> <span class='ocrx_word' id='word_1_806' title='bbox 1360 2368 1467 2396; x_wconf 84' lang='lat' dir='ltr'>dixerit</span> <span class='ocrx_word' id='word_1_807' title='bbox 1489 2370 1517 2396; x_wconf 88' lang='lat' dir='ltr'>et</span> <span class='ocrx_word' id='word_1_808' title='bbox 1541 2368 1645 2404; x_wconf 76' lang='lat' dir='ltr'>patris,</span> <span class='ocrx_word' id='word_1_809' title='bbox 1662 2368 1724 2395; x_wconf 90' lang='lat' dir='ltr'>sive</span> <span class='ocrx_word' id='word_1_810' title='bbox 1739 2367 1906 2395; x_wconf 81' lang='lat' dir='ltr'>Ecclesiam</span> 
     </span>
    </p>
   </div>
   <div class='ocr_carea' id='block_1_114' title="bbox 1068 2412 1905 2450">
    <p class='ocr_par' dir='ltr' id='par_1_114' title="bbox 1068 2412 1905 2450">
     <span class='ocr_line' id='line_1_114' title="bbox 1068 2412 1905 2450; baseline -0.002 -8"><span class='ocrx_word' id='word_1_811' title='bbox 1068 2414 1125 2443; x_wconf 84' lang='lat' dir='ltr'>sibi</span> <span class='ocrx_word' id='word_1_812' title='bbox 1137 2414 1205 2450; x_wconf 90' lang='lat' dir='ltr'>conj</span> <span class='ocrx_word' id='word_1_813' title='bbox 1210 2416 1330 2442; x_wconf 85' lang='lat' dir='ltr'>unctam</span> <span class='ocrx_word' id='word_1_814' title='bbox 1341 2413 1517 2450; x_wconf 86' lang='lat' dir='ltr'>participem</span> <span class='ocrx_word' id='word_1_815' title='bbox 1528 2412 1616 2441; x_wconf 86' lang='lat' dir='ltr'>dicat.</span> <span class='ocrx_word' id='word_1_816' title='bbox 1627 2414 1724 2446; x_wconf 88' lang='lat' dir='ltr'>Quam</span> <span class='ocrx_word' id='word_1_817' title='bbox 1732 2420 1801 2440; x_wconf 90' lang='lat' dir='ltr'>cum</span> <span class='ocrx_word' id='word_1_818' title='bbox 1812 2412 1905 2440; x_wconf 86' lang='lat' dir='ltr'>ﬂores</span> 
     </span>
    </p>
   </div>
   <div class='ocr_carea' id='block_1_115' title="bbox 1067 2457 1902 2494">
    <p class='ocr_par' dir='ltr' id='par_1_115' title="bbox 1067 2457 1902 2494">
     <span class='ocr_line' id='line_1_115' title="bbox 1067 2457 1902 2494; baseline -0.004 -7"><span class='ocrx_word' id='word_1_819' title='bbox 1067 2461 1129 2487; x_wconf 83' lang='lat' dir='ltr'>tam</span> <span class='ocrx_word' id='word_1_820' title='bbox 1143 2458 1305 2487; x_wconf 86' lang='lat' dir='ltr'>Ecclesiam</span> <span class='ocrx_word' id='word_1_821' title='bbox 1315 2467 1352 2487; x_wconf 81' lang='lat' dir='ltr'>ex</span> <span class='ocrx_word' id='word_1_822' title='bbox 1363 2457 1484 2491; x_wconf 72' lang='lat' dir='ltr'>Judaais,</span> <span class='ocrx_word' id='word_1_823' title='bbox 1500 2465 1594 2494; x_wconf 89' lang='lat' dir='ltr'>quam</span> <span class='ocrx_word' id='word_1_824' title='bbox 1605 2457 1739 2485; x_wconf 82' lang='lat' dir='ltr'>maxima</span> <span class='ocrx_word' id='word_1_825' title='bbox 1753 2465 1791 2485; x_wconf 83' lang='lat' dir='ltr'>ex</span> <span class='ocrx_word' id='word_1_826' title='bbox 1806 2457 1902 2491; x_wconf 88' lang='lat' dir='ltr'>genti-</span> 
     </span>
    </p>
   </div>
   <div class='ocr_carea' id='block_1_116' title="bbox 1066 2501 1903 2540">
    <p class='ocr_par' dir='ltr' id='par_1_116' title="bbox 1066 2501 1903 2540">
     <span class='ocr_line' id='line_1_116' title="bbox 1066 2501 1903 2540; baseline -0.002 -9"><span class='ocrx_word' id='word_1_827' title='bbox 1066 2504 1125 2532; x_wconf 90' lang='lat' dir='ltr'>bus</span> <span class='ocrx_word' id='word_1_828' title='bbox 1139 2504 1269 2532; x_wconf 88' lang='lat' dir='ltr'>videsset</span> <span class='ocrx_word' id='word_1_829' title='bbox 1281 2504 1425 2540; x_wconf 83' lang='lat' dir='ltr'>proferre,</span> <span class='ocrx_word' id='word_1_830' title='bbox 1439 2504 1508 2531; x_wconf 90' lang='lat' dir='ltr'>ante</span> <span class='ocrx_word' id='word_1_831' title='bbox 1520 2504 1669 2540; x_wconf 65' lang='lat' dir='ltr'>praeparat</span> <span class='ocrx_word' id='word_1_832' title='bbox 1682 2504 1838 2530; x_wconf 81' lang='lat' dir='ltr'>venatores</span> <span class='ocrx_word' id='word_1_833' title='bbox 1855 2501 1903 2529; x_wconf 91' lang='lat' dir='ltr'>vel</span> 
     </span>
    </p>
   </div>
   <div class='ocr_carea' id='block_1_117' title="bbox 1067 2546 1903 2586">
    <p class='ocr_par' dir='ltr' id='par_1_117' title="bbox 1067 2546 1903 2586">
     <span class='ocr_line' id='line_1_117' title="bbox 1067 2546 1903 2586; baseline -0.004 -9"><span class='ocrx_word' id='word_1_834' title='bbox 1067 2548 1206 2577; x_wconf 89' lang='lat' dir='ltr'>custodes</span> <span class='ocrx_word' id='word_1_835' title='bbox 1222 2549 1275 2585; x_wconf 91' lang='lat' dir='ltr'>qui</span> <span class='ocrx_word' id='word_1_836' title='bbox 1290 2549 1395 2585; x_wconf 90' lang='lat' dir='ltr'>vulpes</span> <span class='ocrx_word' id='word_1_837' title='bbox 1409 2549 1528 2586; x_wconf 86' lang='lat' dir='ltr'>capiant</span> <span class='ocrx_word' id='word_1_838' title='bbox 1541 2556 1635 2584; x_wconf 84' lang='lat' dir='ltr'>quam</span> <span class='ocrx_word' id='word_1_839' title='bbox 1656 2546 1744 2575; x_wconf 84' lang='lat' dir='ltr'>flores</span> <span class='ocrx_word' id='word_1_840' title='bbox 1765 2549 1903 2574; x_wconf 89' lang='lat' dir='ltr'>maturos</span> 
     </span>
    </p>
   </div>
   <div class='ocr_carea' id='block_1_118' title="bbox 1066 2591 1905 2630">
    <p class='ocr_par' dir='ltr' id='par_1_118' title="bbox 1066 2591 1905 2630">
     <span class='ocr_line' id='line_1_118' title="bbox 1066 2591 1905 2630; baseline -0.005 -8"><span class='ocrx_word' id='word_1_841' title='bbox 1066 2594 1180 2622; x_wconf 87' lang='lat' dir='ltr'>fructus</span> <span class='ocrx_word' id='word_1_842' title='bbox 1193 2594 1322 2629; x_wconf 86' lang='lat' dir='ltr'>pariant.</span> <span class='ocrx_word' id='word_1_843' title='bbox 1342 2594 1383 2622; x_wconf 91' lang='lat' dir='ltr'>De</span> <span class='ocrx_word' id='word_1_844' title='bbox 1398 2602 1529 2630; x_wconf 90' lang='lat' dir='ltr'>quorum</span> <span class='ocrx_word' id='word_1_845' title='bbox 1545 2600 1673 2621; x_wconf 91' lang='lat' dir='ltr'>numero</span> <span class='ocrx_word' id='word_1_846' title='bbox 1688 2593 1734 2619; x_wconf 85' lang='lat' dir='ltr'>est</span> <span class='ocrx_word' id='word_1_847' title='bbox 1749 2599 1828 2619; x_wconf 89' lang='lat' dir='ltr'>unus</span> <span class='ocrx_word' id='word_1_848' title='bbox 1850 2591 1905 2628; x_wconf 86' lang='lat' dir='ltr'>qui</span> 
     </span>
    </p>
   </div>
   <div class='ocr_carea' id='block_1_119' title="bbox 1067 2636 1904 2675">
    <p class='ocr_par' dir='ltr' id='par_1_119' title="bbox 1067 2636 1904 2675">
     <span class='ocr_line' id='line_1_119' title="bbox 1067 2636 1904 2675; baseline -0.002 -9"><span class='ocrx_word' id='word_1_849' title='bbox 1067 2638 1186 2666; x_wconf 89' lang='lat' dir='ltr'>dicebat</span> <span class='ocrx_word' id='word_1_850' title='bbox 1203 2646 1209 2666; x_wconf 92' lang='lat'>:</span> <span class='ocrx_word' id='word_1_851' title='bbox 1226 2638 1424 2675; x_wconf 86' lang='lat' dir='ltr'>Corripientes</span> <span class='ocrx_word' id='word_1_852' title='bbox 1443 2646 1566 2667; x_wconf 89' lang='lat' dir='ltr'>omnem</span> <span class='ocrx_word' id='word_1_853' title='bbox 1585 2636 1740 2665; x_wconf 90' lang='lat' dir='ltr'>hominem</span> <span class='ocrx_word' id='word_1_854' title='bbox 1755 2636 1786 2664; x_wconf 92' lang='lat' dir='ltr'>in</span> <span class='ocrx_word' id='word_1_855' title='bbox 1810 2636 1904 2672; x_wconf 88' lang='lat' dir='ltr'>capti-</span> 
     </span>
    </p>
   </div>
   <div class='ocr_carea' id='block_1_120' title="bbox 1066 2680 1903 2718">
    <p class='ocr_par' dir='ltr' id='par_1_120' title="bbox 1066 2680 1903 2718">
     <span class='ocr_line' id='line_1_120' title="bbox 1066 2680 1903 2718; baseline -0.002 -8"><span class='ocrx_word' id='word_1_856' title='bbox 1066 2683 1187 2710; x_wconf 87' lang='lat' dir='ltr'>vitatem</span> <span class='ocrx_word' id='word_1_857' title='bbox 1206 2682 1371 2718; x_wconf 82' lang='lat' dir='ltr'>redigimus</span> <span class='ocrx_word' id='word_1_858' title='bbox 1389 2691 1511 2711; x_wconf 92' lang='lat' dir='ltr'>omnem</span> <span class='ocrx_word' id='word_1_859' title='bbox 1534 2681 1690 2710; x_wconf 88' lang='lat' dir='ltr'>scientiam</span> <span class='ocrx_word' id='word_1_860' title='bbox 1711 2680 1903 2709; x_wconf 83' lang='lat' dir='ltr'>extollentem</span> 
     </span>
    </p>
   </div>
   <div class='ocr_carea' id='block_1_121' title="bbox 1067 2725 1903 2756">
    <p class='ocr_par' dir='ltr' id='par_1_121' title="bbox 1067 2725 1903 2756">
     <span class='ocr_line' id='line_1_121' title="bbox 1067 2725 1903 2756; baseline -0.002 -1"><span class='ocrx_word' id='word_1_861' title='bbox 1067 2735 1099 2755; x_wconf 90' lang='lat' dir='ltr'>se</span> <span class='ocrx_word' id='word_1_862' title='bbox 1120 2728 1265 2756; x_wconf 88' lang='lat' dir='ltr'>adversus</span> <span class='ocrx_word' id='word_1_863' title='bbox 1290 2727 1445 2755; x_wconf 87' lang='lat' dir='ltr'>scientiam</span> <span class='ocrx_word' id='word_1_864' title='bbox 1469 2728 1530 2755; x_wconf 93' lang='lat' dir='ltr'>Dei.</span> <span class='ocrx_word' id='word_1_865' title='bbox 1556 2729 1630 2755; x_wconf 86' lang='lat' dir='ltr'>Nam</span> <span class='ocrx_word' id='word_1_866' title='bbox 1660 2725 1722 2753; x_wconf 90' lang='lat' dir='ltr'>sive</span> <span class='ocrx_word' id='word_1_867' title='bbox 1745 2725 1903 2754; x_wconf 69' lang='lat' dir='ltr'>daemones</span> 
     </span>
    </p>
   </div>
   <div class='ocr_carea' id='block_1_122' title="bbox 1066 2771 1903 2808">
    <p class='ocr_par' dir='ltr' id='par_1_122' title="bbox 1066 2771 1903 2808">
     <span class='ocr_line' id='line_1_122' title="bbox 1066 2771 1903 2808; baseline -0.002 -8"><span class='ocrx_word' id='word_1_868' title='bbox 1066 2772 1170 2808; x_wconf 91' lang='lat' dir='ltr'>vulpes</span> <span class='ocrx_word' id='word_1_869' title='bbox 1185 2772 1398 2808; x_wconf 87' lang='lat' dir='ltr'>intelligantur,</span> <span class='ocrx_word' id='word_1_870' title='bbox 1422 2772 1483 2800; x_wconf 82' lang='lat' dir='ltr'>sive</span> <span class='ocrx_word' id='word_1_871' title='bbox 1499 2771 1629 2800; x_wconf 76' lang='lat' dir='ltr'>haeretici</span> <span class='ocrx_word' id='word_1_872' title='bbox 1649 2773 1677 2799; x_wconf 89' lang='lat' dir='ltr'>et</span> <span class='ocrx_word' id='word_1_873' title='bbox 1696 2771 1830 2807; x_wconf 88' lang='lat' dir='ltr'>perversi</span> <span class='ocrx_word' id='word_1_874' title='bbox 1846 2771 1903 2799; x_wconf 92' lang='lat' dir='ltr'>do-</span> 
     </span>
    </p>
   </div>
   <div class='ocr_carea' id='block_1_123' title="bbox 1066 2816 1902 2854">
    <p class='ocr_par' dir='ltr' id='par_1_123' title="bbox 1066 2816 1902 2854">
     <span class='ocr_line' id='line_1_123' title="bbox 1066 2816 1902 2854; baseline -0.002 -9"><span class='ocrx_word' id='word_1_875' title='bbox 1066 2818 1172 2853; x_wconf 86' lang='lat' dir='ltr'>ctores,</span> <span class='ocrx_word' id='word_1_876' title='bbox 1185 2826 1239 2853; x_wconf 87' lang='lat' dir='ltr'>per</span> <span class='ocrx_word' id='word_1_877' title='bbox 1248 2826 1325 2854; x_wconf 89' lang='lat' dir='ltr'>quos</span> <span class='ocrx_word' id='word_1_878' title='bbox 1338 2817 1492 2845; x_wconf 74' lang='lat' dir='ltr'>daemones</span> <span class='ocrx_word' id='word_1_879' title='bbox 1507 2817 1673 2854; x_wconf 89' lang='lat' dir='ltr'>loquuntur</span> <span class='ocrx_word' id='word_1_880' title='bbox 1683 2816 1902 2852; x_wconf 86' lang='lat' dir='ltr'>blasphemias,</span> 
     </span>
    </p>
   </div>
   <div class='ocr_carea' id='block_1_124' title="bbox 1066 2863 1903 2899">
    <p class='ocr_par' dir='ltr' id='par_1_124' title="bbox 1066 2863 1903 2899">
     <span class='ocr_line' id='line_1_124' title="bbox 1066 2863 1903 2899; baseline 0 -10"><span class='ocrx_word' id='word_1_881' title='bbox 1066 2863 1229 2899; x_wconf 88' lang='lat' dir='ltr'>utrumque</span> <span class='ocrx_word' id='word_1_882' title='bbox 1240 2863 1397 2891; x_wconf 88' lang='lat' dir='ltr'>convenire</span> <span class='ocrx_word' id='word_1_883' title='bbox 1406 2863 1600 2891; x_wconf 83' lang='lat' dir='ltr'>manifestum</span> <span class='ocrx_word' id='word_1_884' title='bbox 1608 2863 1664 2897; x_wconf 88' lang='lat' dir='ltr'>est,</span> <span class='ocrx_word' id='word_1_885' title='bbox 1671 2869 1726 2899; x_wconf 88' lang='lat' dir='ltr'>per</span> <span class='ocrx_word' id='word_1_886' title='bbox 1733 2869 1810 2898; x_wconf 89' lang='lat' dir='ltr'>quos</span> <span class='ocrx_word' id='word_1_887' title='bbox 1818 2869 1903 2890; x_wconf 90' lang='lat' dir='ltr'>men-</span> 
     </span>
    </p>
   </div>
  </div>
