3968 6402
82 266 179 318 601
1315 263 1570 318 ENARR.
1614 264 1682 318 ΙΝ
1721 263 1762 318 C

1952 265 2022 321 ΞΑ
2061 266 2332 322 CANTIC.

3438 264 3543 317 602

88 393 172 443 tes
199 385 524 442 hominum
545 384 606 440 in
627 385 850 458 quibus
873 385 1104 442 habitat
1127 389 1287 441 recta
1314 386 1465 440 ﬁdes
1487 383 1762 440 Ecclesiae
1794 386 1844 439 Α
1877 389 2109 455 tergum
2140 389 2366 442 emissa
2391 388 2538 442 dum
2567 387 2812 443 obviam
2843 386 2956 441 sibi
2985 385 3310 459 opinantur
3338 386 3544 440 occur“

87 476 608 533 disterminantur.
643 478 912 542 Quorum
935 477 1352 533 exterminium
1379 476 1471 531 vel
1499 475 1764 531 occultas

88 566 343 624 insidias
373 581 586 622 cavere
617 566 862 622 sollicite
893 566 1212 636 debemus,
1239 569 1296 621 et
1327 568 1514 621 Deum
1541 582 1612 621 ex
1643 569 1764 620 toto

88 655 272 712 corde
299 654 546 726 diligere
577 658 644 710 ut
673 655 839 725 diligi
871 655 948 712 ab
979 671 1051 712 eo
1095 671 1473 712 mereamur:
1507 654 1764 727 ideoque

90 744 355 801 Ecclesia
379 743 707 799 rectissime
740 744 1052 816 subjungit
1076 761 1088 799 :

161 857 191 882 ‹‹
225 833 486 890 Dilectus
516 849 689 890 meus
723 833 891 901 mihi,
943 838 1000 890 et
1038 850 1151 905 ego
1190 834 1292 890 illi.
1351 856 1379 883 »
1431 834 1765 904 Conjuncta

90 925 295 996 itaque
331 921 589 979 Ecclesia
610 922 841 978 Christo
866 923 960 979 vel
983 924 1187 980 anima
1215 924 1403 980 verbo
1427 924 1525 979 Dei
1544 928 1605 978 ut
1628 938 1762 978 eam

90 1013 536 1070 abundantiore
567 1012 792 1082 gaudio
844 1013 1109 1069 cumulet
1156 1031 1264 1086 per
1313 1014 1539 1076 omnia,
1596 1017 1654 1068 et
1704 1012 1764 1066 in

91 1103 319 1176 quibus
350 1101 480 1175 ipse
510 1117 619 1175 per
647 1101 910 1158 laetitiam
943 1103 1228 1175 pascitur,
1271 1108 1328 1159 et
1367 1102 1514 1175 quid
1544 1101 1638 1156 ille
1665 1102 1766 1156 de-

91 1193 343 1248 lectetur
368 1192 431 1248 in
463 1207 535 1249 ea
565 1191 845 1260 ostendit,
877 1197 934 1248 et
961 1193 1109 1264 quid
1138 1193 1240 1249 illa
1271 1191 1638 1266 respondere
1669 1191 1766 1246 de-

91 1283 230 1339 beat
248 1298 364 1356 pro
392 1282 570 1338 tantis
590 1282 898 1338 beneficiis
913 1282 1182 1339 docetur.
1206 1284 1473 1356 Sponsus
1495 1282 1769 1338 videlicet

92 1373 382 1428 decoram
409 1372 625 1428 faciem
650 1372 711 1428 in
741 1389 812 1428 ea
841 1372 1160 1440 desiderat,
1194 1374 1345 1430 sicut
1373 1373 1650 1446 superius
1681 1375 1768 1428 in-

93 1462 240 1532 nuit,
267 1477 409 1534 quae
425 1461 592 1518 nulla
613 1461 841 1534 peccati
864 1460 1176 1531 nigredine
1199 1462 1272 1518 sit
1290 1462 1613 1529 maculata,
1643 1477 1766 1517 non

95 1553 362 1625 turpium
377 1551 701 1608 verborum
715 1551 1137 1624 mendaciique
1158 1552 1481 1618 absconsa,
1496 1551 1590 1607 vel
1610 1552 1767 1607 blas-

93 1641 481 1714 phemiarum
519 1640 843 1696 raucedine
873 1657 1022 1697 voce
1053 1642 1319 1714 horrida,
1358 1641 1463 1696 sed
1502 1641 1768 1696 dulcedi-

1873 491 2022 542 rere,
2056 476 2134 532 ad
2164 477 2364 533 locum
2400 475 2559 532 unde
2588 477 3022 544 abscesserant,
3057 474 3334 531 velociori
3361 489 3542 529 cursu

1874 567 2107 622 reverti.
2159 569 2223 622 Et
2266 567 2394 622 hEBC
2434 583 2621 621 causa
2651 570 2716 621 ut
2741 569 3093 637 exasperata
3139 565 3217 619 ab
3267 563 3541 619 hostibus

1874 660 2225 712 consuetam
2242 656 2387 712 nolit
2408 655 2822 728 derelinquere
2845 654 3070 709 sedem.
3094 654 3185 708 Sic
3202 657 3258 708 et
3277 652 3541 707 Christus

1876 744 2165 800 Dominus
2193 750 2415 809 noster,
2438 745 2720 818 quamvis
2739 746 3126 816 provocatus,
3147 742 3424 814 quamvis
3445 758 3541 797 ex-

1874 838 2192 905 asperatus
2225 835 2486 908 peccatis
2516 833 2856 900 hominum,
2885 831 3128 904 jejuniis
3161 835 3216 887 et
3259 830 3539 904 precibus

1874 927 2213 986 revocatus,
2241 924 2317 979 ad
2341 924 2576 996 pietatis
2600 928 2952 978 consuetam
2975 924 3286 977 revertitur
3308 920 3535 976 sedem.

1876 1013 1940 1065 Et
1967 1012 2012 1065 si
2037 1011 2368 1084 aliquando
2392 1013 2708 1085 provocari
2732 1011 2985 1073 videtur,
3025 1015 3087 1066 ut
3118 1009 3313 1065 studia
3339 1009 3538 1076 inqui-

1873 1099 2063 1154 rendo
2093 1116 2232 1156 eum
2268 1101 2476 1156 merito
2508 1105 2862 1170 augeantur,
2895 1115 3020 1154 non
3052 1099 3231 1154 debet
3259 1098 3394 1170 quis
3424 1097 3536 1152 dif-

1871 1188 2057 1244 ﬁdere
2079 1205 2190 1244 nec
2221 1189 2300 1245 ab
2332 1189 2692 1263 inquirendo
2722 1205 2977 1246 cessare.
3031 1189 3197 1244 Unde
3223 1187 3493 1260 sequitur
3519 1205 3533 1242 :

2523 1335 2750 1390 CAPUT
2799 1334 2890 1388 ΙΙΙ.

1953 1477 1972 1508 ι
2013 1457 2078 1512 In
2107 1457 2323 1514 lectulo
2354 1473 2490 1514 meo
2513 1474 2620 1531 per
2647 1463 2885 1514 noctem
2915 1456 3167 1530 quaesivi
3195 1472 3378 1528 quem
3409 1456 3537 1511 dili-

1875 1569 1902 1597 «
1937 1547 2020 1616 git
2048 1547 2252 1604 anima
2282 1563 2439 1603 mea.
2482 1547 2739 1614 Quaesivi
2777 1547 2946 1602 illum
2995 1550 3052 1602 et
3103 1561 3226 1601 non
3258 1545 3480 1600 inveni.
3509 1569 3536 1594 »

1876 1656 1906 1690 ‹
1941 1637 2102 1704 Veni,
2131 1637 2283 1693 sicut
2305 1637 2367 1692 in
2393 1637 2762 1710 quibusdam
2793 1636 3104 1692 codicibus
3135 1635 3394 1701 additur,
3430 1657 3458 1682 «
3482 1638 3537 1690 et

94 1747 230 1787 nem
250 1731 379 1786 suis
398 1730 685 1786 laudibus
705 1736 1090 1786 resonantem
1110 1731 1306 1787 reddit
1325 1731 1765 1798 vicem,eadem
1797 1748 1837 1802 Β
1874 1727 2088 1782 vocavi
2119 1743 2280 1794 eum,
2329 1733 2386 1782 et
2431 1743 2554 1782 non
2585 1727 2898 1799 respondit
2929 1726 3094 1781 mihi.
3129 1743 3158 1776 ›
3210 1725 3346 1779 Haec
3395 1739 3537 1794 ergo

96 1820 354 1877 Ecclesia
387 1820 504 1876 ait:
549 1841 578 1869 «
628 1819 883 1876 Dilectus
916 1837 1088 1876 meus
1119 1822 1286 1888 mihi,
1340 1826 1396 1877 et
1441 1837 1553 1893 ego
1598 1821 1699 1876 illi.
1737 1845 1764 1872 »

97 1910 360 1967 Christus
393 1915 450 1966 et
477 1909 633 1983 ipsa,
662 1915 844 1983 caput
873 1915 929 1966 et
957 1927 1176 1984 corpus
1201 1911 1358 1966 velut
1379 1928 1537 1966 unus
1557 1912 1762 1983 homo,

95 2005 149 2056 et
177 2005 478 2073 tanquam
507 2000 786 2055 membra
811 2005 1014 2074 caput,
1047 2001 1128 2056 ita
1157 2000 1464 2068 diligendo
1498 2003 1766 2073 sequitur

96 2089 313 2162 ipsum,
346 2093 673 2161 propterea
703 2089 895 2144 taliter
924 2089 1207 2162 loquitur.
1253 2090 1458 2146 Nullus
1489 2090 1649 2145 enim
1681 2089 1766 2144 di-

96 2178 280 2235 lectus
308 2183 367 2235 et
397 2179 644 2250 adjutor
673 2179 967 2245 Ecclesiae,
1009 2179 1124 2235 nisi
1165 2180 1447 2246 Christus,
1481 2185 1537 2236 et
1566 2179 1766 2235 nullus

101 2267 305 2326 Christi
335 2267 616 2335 dilectus,
662 2269 776 2324 nisi
827 2268 1123 2325 Ecclesia:
1177 2270 1323 2342 quia
1362 2269 1564 2325 nullus
1613 2269 1766 2325 alius

97 2361 249 2413 recte
292 2357 490 2428 diligit
514 2357 839 2427 Christum,
868 2359 986 2414 nisi
1015 2358 1193 2415 unica
1214 2359 1495 2428 Ecclesia,
1523 2363 1579 2414 et
1603 2357 1768 2414 nulla

101 2446 213 2504 alia
232 2447 312 2503 ab
341 2463 416 2504 eo
446 2446 732 2518 diligitur,
761 2448 877 2504 nisi
907 2449 1058 2522 ipsa.
1110 2471 1140 2497 «
1182 2449 1289 2514 Qui
1322 2449 1588 2521 pascitur
1615 2448 1768 2504 inter

104 2555 132 2588 ‹
160 2534 298 2607 lilia,
325 2536 526 2592 donec
559 2538 781 2610 aspiret
808 2537 956 2609 dies,
987 2542 1045 2594 et
1072 2537 1432 2594 inclinentur
1457 2537 1708 2593 umbrae.
1736 2559 1764 2587 »

103 2623 164 2680 Id
187 2629 291 2694 est,
323 2625 433 2698 qui
465 2625 733 2698 pascitur
760 2626 1059 2682 munditia
1087 2626 1227 2682 ﬁdei
1268 2631 1325 2682 et
1361 2627 1625 2683 candore
1655 2626 1768 2682 vir-

101 2716 310 2780 tutum,
339 2713 540 2770 donec
570 2715 805 2770 venturi
835 2715 1037 2771 saeculi
1067 2715 1194 2771 dies
1223 2715 1381 2771 illius
1421 2715 1628 2787 judicii
1671 2730 1766 2770 ve-

101 2819 198 2859 rus
241 2803 550 2871 adveniat,
595 2809 652 2860 et
705 2805 932 2861 oriatur
986 2805 1090 2861 lux
1147 2811 1206 2862 et
1255 2806 1508 2876 umbrae,
1566 2805 1628 2861 id
1676 2811 1767 2862 est

100 2908 321 2950 errores
353 2893 670 2966 praesentis
699 2893 924 2962 saeculi,
961 2895 1068 2968 qui
1106 2911 1218 2950 nos
1243 2895 1599 2968 impediunt,
1643 2896 1764 2966 jus-

98 2981 230 3038 titize
261 2982 386 3039 sole
417 2987 729 3038 transeant
758 2987 814 3039 et
840 2983 1202 3042 inclinentur
1241 3001 1380 3040 cum
1431 2985 1553 3040 suis
1598 3001 1764 3042 ama-

99 3071 318 3127 toribus
347 3071 409 3128 in
444 3071 634 3127 chaos
664 3071 900 3128 inferni.

163 3183 190 3209 «
216 3160 563 3219 Revertere:
599 3161 815 3218 Similis
842 3166 991 3230 esto,
1019 3163 1229 3219 dilecte
1255 3163 1610 3238 mi,capreae
1631 3165 1763 3220 hin-

100 3270 127 3303 ‹
156 3251 419 3325 nuloque
445 3267 764 3308 cervorum
789 3268 971 3325 super
990 3257 1227 3309 montes
1248 3253 1465 3311 Bethel.
1489 3276 1516 3303 ››
1534 3257 1656 3310 Vox
1678 3260 1766 3312 est

99 3338 205 3396 ista
233 3340 598 3413 supradictae
623 3340 894 3397 Ecclesiae
921 3341 1000 3398 ad
1028 3341 1355 3398 Christum:
1404 3365 1431 3392 ‹‹
1475 3343 1760 3412 Obsecro,

99 3429 175 3484 mi
197 3428 504 3498 dilecte,ut
523 3429 746 3503 saepius
773 3433 888 3486 tuae
911 3430 1265 3487 visitationis
1286 3431 1552 3488 adventu
1571 3449 1764 3489 rever-

100 3519 230 3574 taris
257 3519 335 3576 ad
365 3536 491 3587 me,
514 3519 660 3593 quia
687 3536 932 3576 carnem
959 3535 1148 3593 quam
1174 3521 1250 3576 de
1280 3521 1763 3594 patriarcharum

99 3608 313 3679 origine
335 3609 672 3682 sumpsisti,
703 3626 1024 3681 resurgens
1056 3627 1092 3666 a
1121 3612 1395 3679 mortuis,
1426 3629 1608 3685 super
1637 3628 1764 3668 om-

99 3712 228 3754 nem
253 3699 592 3756 caelestium
639 3700 940 3756 montium
988 3701 1330 3768 ascendisti,
1384 3707 1447 3757 ut
1488 3701 1762 3758 laborem

98 3789 600 3858 peregrinationes
631 3805 781 3846 meae
813 3789 1220 3862 speculatione
1255 3797 1478 3848 aeterna
1516 3791 1762 3848 releves.

99 3877 379 3949 Capream
410 3879 534 3934 hoc
558 3878 619 3933 in
649 3877 783 3934 loco
815 3879 968 3935 sicut
1001 3881 1278 3954 superius
1309 3881 1762 3953 praelibavimus

98 3981 329 4024 carnem
358 3969 574 4026 dicunt
604 3968 833 4036 Christi,
884 3975 1130 4043 propter
1154 3971 1604 4028 similitudinem
1631 3989 1760 4028 car-

95 4056 180 4111 nis
204 4059 448 4130 peccati.
491 4057 787 4114 Hinnulus
820 4075 1131 4116 cervorum
1175 4061 1392 4117 dicitur
1420 4062 1568 4134 ipse,
1619 4062 1762 4134 quia

97 4143 164 4200 de
193 4147 365 4220 stirpe
394 4147 880 4221 patriarcharum
918 4149 1173 4221 genitus,
1227 4151 1331 4222 qui
1383 4158 1520 4224 post
1567 4167 1760 4206 resur-

96 4235 405 4292 rectionem
433 4252 612 4292 suam
641 4236 719 4292 ad
743 4237 927 4293 cmlos
946 4254 1249 4305 remeans,
1279 4240 1758 4312 superexaltatus

97 4329 177 4378 est
205 4341 383 4398 super
411 4329 654 4382 montes
684 4326 905 4397 Bethel,
943 4344 1079 4401 quae
1128 4329 1338 4384 domus
1383 4330 1494 4384 Dei
1521 4329 1756 4395 dicitur,

97 4410 151 4466 id
177 4419 260 4469 est
287 4431 618 4489 supernam
654 4416 913 4489 patriam
947 4417 1324 4487 angelorum.
1381 4418 1545 4474 Unde
1597 4419 1756 4474 Psal-

98 4501 264 4559 mista
309 4506 386 4561 ad
441 4522 586 4562 eum
637 4505 894 4579 loquens
946 4507 1064 4562 ait:
1096 4531 1123 4557 ‹‹
1159 4507 1432 4574 Domine,
1467 4510 1755 4565 Dominus

99 4597 310 4659 noster,
339 4611 530 4668 quam
562 4594 918 4652 admirabile
949 4601 1037 4652 est
1066 4613 1290 4653 nomen
1324 4602 1493 4654 tuum
1531 4599 1592 4654 in
1627 4599 1758 4654 uni-

101 4695 265 4737 versa
290 4687 481 4741 terra!
532 4687 727 4750 Quam
773 4685 1004 4743 elevata
1053 4693 1141 4742 est
1179 4685 1630 4758 magniﬁcentia
1657 4694 1761 4746 tua

104 4784 272 4842 super
301 4774 523 4830 caelos!
561 4797 590 4824 »
622 4775 814 4845 (Psal.
848 4776 991 4848 vni.)
1031 4778 1145 4832 Nec
1184 4775 1428 4832 moralis
1461 4777 1760 4850 siquidem

100 4856 496 4918 admittendus
525 4867 614 4919 est
639 4864 1306 4937 sensus.Unusquisque
1331 4865 1491 4921 enim
1518 4865 1763 4922 creden-

102 4945 238 5003 tium
255 4952 392 5017 Deo,
408 4951 540 5023 ipse
563 4968 625 5008 se
643 4952 778 5008 fecit
794 4957 1062 5008 montem
1084 4953 1183 5009 Dei
1205 4969 1313 5026 per
1330 4958 1601 5011 sanctam
1625 4971 1764 5011 con-

101 5039 510 5109 versationem,
534 5047 636 5098 aut
651 5048 921 5098 montem
939 5042 1166 5098 diaboli
1183 5060 1462 5116 perverse
1479 5045 1758 5101 vivendo.

103 5123 287 5180 Bethel
311 5129 468 5185 enim
492 5130 703 5186 domus
728 5131 1302 5203 Dez'interpretatur,
1329 5136 1392 5188 ut
1418 5133 1646 5203 praefati
1669 5151 1763 5189 su-

100 5226 249 5269 mus.
283 5217 634 5292 Quicunque
663 5235 807 5291 ergo
851 5221 932 5276 ita
983 5220 1320 5279 exhibuerit
1344 5222 1529 5277 vitam
1564 5238 1760 5300 suam,

100 5304 161 5355 ut
207 5302 264 5358 in
321 5321 391 5362 eo
447 5307 772 5366 delectetur
827 5310 1078 5382 Spiritus
1119 5315 1362 5366 sanctus
1400 5310 1759 5382 inhabitare,

100 5404 265 5447 mons
293 5394 542 5454 efﬁcitur
570 5399 669 5456 Dei
695 5399 800 5472 qui
833 5404 922 5456 est
950 5401 1214 5457 Ecclesia
1245 5400 1364 5456 Dei.
1414 5402 1604 5473 Super
1634 5401 1761 5458 hzec

103 5492 254 5546 ergo.
286 5482 599 5558 siquando
630 5487 902 5544 offensus
924 5489 1182 5561 peccatis
1205 5487 1416 5561 populi
1442 5489 1761 5561 prolonga-

103 5570 260 5639 verit,
284 5577 614 5645 revertitur,
645 5577 858 5634 similis
890 5577 1146 5634 efﬁcitur
1174 5595 1354 5635 cursu
1380 5578 1473 5633 vel
1505 5595 1759 5636 consue-

105 5656 293 5713 tudine
318 5679 548 5737 capreae
578 5667 958 5741 hinnuloque
991 5685 1324 5736 cervorum,
1359 5685 1620 5742 quarum
1651 5685 1758 5726 na-

104 5745 229 5804 tura
258 5755 359 5820 est,
390 5770 536 5812 voce
574 5762 713 5814 ante
748 5773 811 5814 se
839 5758 902 5814 in
931 5759 1242 5816 montibus
1270 5763 1592 5816 resonante
1623 5765 1760 5832 post

1876 1817 2160 1889 quamvis
2190 1819 2592 1890 praenuntiata
2623 1819 2738 1874 sint
2785 1821 2841 1873 et
2879 1820 3302 1873 consummata
3330 1816 3392 1870 in
3425 1818 3536 1872 Do-

1874 1908 2021 1963 mini
2044 1908 2354 1981 sepultura
2378 1909 2713 1976 videantur,
2746 1909 2894 1965 dum
2924 1908 3205 1964 mulieres
3231 1908 3310 1963 ad
3340 1906 3538 1980 sepul-

1874 2015 2044 2055 crum
2078 1999 2310 2055 Domini
2337 2000 2715 2072 pervigilant,
2741 2017 2880 2056 cum
2913 1998 3175 2072 apostoli
3199 1998 3539 2054 intolerabi-

1873 2088 2003 2144 liter
2032 2088 2259 2159 lugent,
2293 2089 2397 2144 sed
2429 2090 2691 2162 amplius
2734 2090 2811 2146 ad
2858 2089 3172 2162 superiora
3210 2087 3538 2159 respiciunt

1874 2194 2010 2250 quae
2044 2178 2518 2248 subnectuntur;
2561 2193 2631 2236 ac
2661 2179 2709 2234 si
2741 2179 3000 2235 Ecclesia
3031 2177 3120 2234 vel
3152 2192 3535 2250 unaquaeque

1876 2270 2086 2323 sancta
2129 2267 2335 2324 anima
2381 2268 2644 2341 apertius
2678 2268 2874 2324 dicat:
2921 2267 3295 2324 Jamdudum
3344 2265 3535 2322 multo

1877 2355 2077 2412 studio
2106 2357 2356 2429 quaesivi
2400 2357 2590 2426 illum,
2649 2358 2756 2414 sed
2805 2357 2950 2430 quia
3000 2357 3199 2414 adhuc
3241 2355 3533 2412 illecebris

1876 2445 2072 2501 carnis
2093 2462 2242 2502 meae
2265 2445 2507 2502 subdita
2532 2447 2635 2511 fui,
2665 2452 2723 2503 et
2741 2448 3001 2503 tenebris
3025 2445 3341 2521 profundae
3362 2445 3534 2515 igno-

1875 2536 2084 2591 rantiae
2115 2536 2442 2603 obcaecata,
2493 2553 2616 2592 non
2646 2537 2848 2594 inveni
2892 2538 3096 2593 lumen
3140 2537 3420 2601 veritatis,
3472 2535 3534 2591 id

1874 2629 1964 2681 est
1991 2627 2334 2682 Dominum.
2365 2627 2544 2682 Aliter
2567 2628 2629 2683 in
2647 2627 2866 2684 lectulo
2898 2645 3008 2684 suo
3037 2628 3320 2684 dilectum
3354 2642 3532 2682 suum

1876 2715 2136 2771 Ecclesia
2192 2716 2287 2771 vel
2342 2717 2547 2772 anima
2599 2722 2808 2774 sancta
2863 2717 3097 2790 quaerit,
3151 2717 3398 2790 quando
3455 2715 3534 2770 ab

1875 2805 2043 2860 omni
2096 2805 2545 2877 perturbatione
2599 2807 2801 2862 saeculi
2849 2807 3170 2880 tranquilla
3226 2807 3285 2862 in
3338 2805 3534 2878 quiete

1873 2893 2071 2950 cordis
2101 2894 2422 2951 Dominum
2454 2912 2633 2951 suum
2663 2897 2902 2965 cogitat.
2933 2901 3118 2963 Quem
3149 2911 3425 2970 quaerens
3454 2892 3534 2948 ob

1872 2984 1988 3040 hoc
2019 2984 2267 3040 minime
2297 2985 2543 3056 invenit,
2592 2991 2655 3041 ut
2701 3003 2908 3043 amore
2956 2987 3111 3043 illius
3159 3001 3413 3042 accensa
3438 3001 3534 3041 ar-

1873 3072 2112 3129 dentius
2149 3089 2446 3146 quaerens.
2488 3075 2597 3130 Per
2637 3080 2879 3131 noctem
2925 3075 3273 3148 quaerimus,
3305 3075 3448 3146 quia
3477 3078 3536 3130 et

1874 3161 1922 3216 si
1947 3163 2079 3233 jam
2109 3178 2282 3218 mens
2314 3162 2376 3218 in
2415 3162 2514 3218 illo
2555 3163 2772 3234 vigilet,
2825 3168 3028 3220 tamen
3079 3163 3278 3219 adhuc
3317 3162 3535 3231 caligat

1874 3251 2105 3307 oculus.
2155 3274 2184 3301 «
2227 3251 2453 3308 Vocavi
2496 3267 2636 3307 eum
2687 3256 2742 3306 et
2783 3268 2907 3308 non
2953 3252 3263 3325 respondit
3301 3251 3466 3308 mihi.
3502 3274 3531 3301 »

1877 3340 2230 3413 Quicunque
2262 3340 2457 3396 solum
2487 3341 2800 3397 hominem
2825 3341 3009 3398 credit
3041 3341 3362 3404 Christum,
3409 3356 3532 3396 non

1871 3430 2134 3487 inveniet
2162 3446 2323 3487 eum.
2374 3435 2440 3487 Et
2486 3432 2832 3506 quicunque
2869 3431 3149 3488 deitatem
3187 3447 3311 3487 non
3352 3431 3537 3488 credit

1871 3519 1933 3575 in
1961 3519 2211 3588 Christo,
2244 3536 2369 3576 non
2397 3520 2658 3577 inveniet
2687 3538 2848 3578 eum.
2874 3525 2939 3578 Et
2968 3521 3316 3594 quicunque
3347 3521 3534 3577 deita-

1871 3613 1992 3664 tem
2022 3625 2147 3664 non
2178 3609 2364 3666 credit
2391 3609 2453 3665 in
2484 3610 2738 3679 Christo,
2770 3615 2947 3667 vocat
2976 3611 3223 3684 quidem
3254 3611 3313 3666 in
3346 3609 3532 3666 nocti-

1869 3698 1986 3754 bus
2025 3715 2447 3772 perversorum
2475 3716 2766 3757 sensuum
2795 3719 3040 3758 suorum
3083 3701 3404 3757 Dominum
3437 3701 3535 3756 Dei

1874 3787 2106 3855 Filium,
2149 3789 2253 3845 sed
2292 3805 2416 3845 non
2457 3791 2787 3862 respondet
2812 3791 2862 3846 ei
2893 3791 3046 3845 sicut
3071 3806 3193 3845 non
3224 3789 3533 3861 respondit

1869 3876 1995 3945 regi
2027 3877 2185 3934 Sauli
2214 3894 2250 3934 a
2279 3896 2401 3952 quo
2425 3885 2752 3935 recesserat
2777 3883 2950 3935 Deus.
2977 3879 3111 3935 Sine
3140 3894 3327 3934 causa
3353 3878 3535 3947 igitur

1871 3965 2144 4023 laborem
2170 3968 2466 4040 impendit
2493 3969 2841 4042 quaerendo,
2875 3969 2980 4042 qui
3009 3968 3306 4041 aequalem
3335 3967 3531 4022 homi-

1871 4055 2051 4112 nibus
2083 4057 2313 4131 absque
2351 4063 2600 4131 peccato
2655 4064 2712 4115 et
2758 4063 3118 4115 coaeternam
3165 4057 3339 4124 Patri,
3408 4073 3533 4113 non

1870 4144 2046 4200 fuerit
2073 4150 2322 4220 utraque
2353 4153 2570 4204 natura
2595 4148 2912 4204 confessus
2941 4150 3150 4215 Deum,
3205 4147 3311 4220 qui
3363 4147 3532 4203 rede-

1869 4235 1997 4302 mit,
2026 4239 2084 4290 et
2110 4235 2423 4292 hominem
2454 4254 2562 4310 per
2589 4255 2772 4311 quem
2797 4238 3050 4294 redemit
3070 4238 3335 4312 perditos
3357 4240 3530 4307 Deus,

1869 4325 1944 4382 de
1971 4342 2093 4398 quo
2126 4325 2439 4384 Psalmista
2464 4327 2642 4384 dicit:
2689 4352 2715 4377 ‹‹
2751 4329 2950 4385 Frater
2979 4345 3102 4385 non
3134 4328 3408 4395 redemit,
3441 4343 3533 4383 re-

1869 4414 2058 4472 dimet
2085 4415 2271 4472 homo
2299 4418 2485 4488 (Psal.
2519 4419 2739 4490 XLVIII).
2770 4440 2798 4468 »
2826 4441 2853 4468 ‹‹
2883 4421 3160 4490 Surgam,
3184 4423 3242 4474 et
3269 4416 3533 4473 circuibo

1874 4528 1902 4554 «
1935 4505 2257 4573 civitatem,
2289 4523 2396 4580 per
2421 4508 2586 4563 vicos
2641 4512 2696 4564 et
2751 4508 2981 4582 plateas
3033 4524 3305 4581 quaeram
3350 4523 3534 4580 quem

1872 4617 1899 4642 ‹‹
1928 4594 2118 4666 diligit
2142 4597 2349 4652 anima
2369 4613 2525 4654 mea.
2552 4598 2805 4663 Quaesivi
2822 4597 3011 4660 illum,
3033 4602 3088 4653 et
3115 4613 3238 4653 non
3258 4596 3479 4652 inveni.
3502 4618 3531 4645 ››

1869 4685 2159 4756 Proposui
2186 4685 2246 4740 in
2277 4685 2482 4741 animo
2514 4703 2650 4742 meo
2689 4685 2764 4742 de
2806 4686 3022 4742 lectulo
3053 4685 3386 4742 carnalium
3424 4701 3531 4740 vo-

1869 4771 2170 4846 luptatum
2202 4789 2464 4843 surgere,
2499 4779 2553 4830 et
2585 4779 2770 4830 terras
2817 4791 2889 4830 ac
2936 4775 3130 4830 maria
3158 4773 3426 4841 circuire,
3476 4777 3533 4829 et

1869 4861 2368 4935 philosophorum
2412 4863 2575 4919 adire
2604 4864 2914 4935 mysteria,
2939 4862 3044 4918 sed
3075 4877 3185 4918 nec
3211 4861 3296 4916 sic
3328 4861 3530 4917 inveni

1870 4950 2060 5007 illum.
2095 4954 2290 5007 Potest
2331 4957 2387 5008 et
2415 4951 2583 5008 aliter
2607 4951 2871 5020 intelligi.
2920 4951 3139 5007 Civitas
3171 4952 3283 5006 hoc
3309 4949 3371 5006 in
3397 4950 3530 5006 loco

1871 5045 2081 5096 saneta
2108 5041 2432 5097 electorum
2464 5041 2722 5096 Ecclesia
2753 5040 3118 5112 intelligitur,
3169 5056 3276 5096 seu
3324 5040 3529 5096 divina

1874 5129 2194 5201 Scriptura.
2227 5131 2401 5187 Vicos
2422 5148 2562 5186 vero
2588 5137 2767 5202 atque
2798 5129 3050 5202 plateas,
3084 5130 3267 5186 libros
3297 5130 3444 5200 legis
3475 5136 3532 5186 et

1870 5219 2302 5290 prophetarum
2328 5225 2523 5286 vocat,
2570 5219 2630 5275 in
2662 5219 2885 5292 quibus
2908 5220 3167 5276 Ecclesia
3189 5236 3294 5275 seu
3325 5220 3530 5275 anima

1871 5307 2060 5363 electa
2088 5308 2371 5365 dilectum
2417 5327 2617 5378 suum,
2671 5307 2732 5364 id
2785 5313 2874 5366 est
2917 5307 3212 5367 Christum
3244 5308 3392 5363 dum
3433 5323 3529 5362 ar-

1870 5395 2080 5453 denter
2107 5399 2320 5470 quaerit
2345 5399 2589 5468 invenit,
2621 5415 2804 5472 quem
2845 5399 2904 5455 in
2935 5399 3103 5455 libris
3135 5396 3528 5471 philosopho-

1870 5501 2005 5540 rum
2046 5501 2167 5542 non
2198 5493 2434 5561 reperit.

1952 5598 1979 5624 ‹‹
2006 5579 2366 5634 invenerunt
2383 5595 2477 5634 me
2498 5577 2705 5647 vigiles
2726 5578 2829 5651 qui
2848 5577 3192 5634 custodiunt
3207 5575 3525 5632 civitatem.

1873 5694 1899 5719 «
1933 5673 2086 5724 Num
2118 5685 2300 5741 quem
2329 5667 2519 5738 diligit
2557 5668 2761 5723 anima
2793 5684 2928 5723 mea
2959 5666 3230 5723 vidistis?
3267 5688 3293 5714 ››
3341 5665 3526 5734 (Psal.

1869 5759 2116 5832 cxxxvr.)
2146 5757 2357 5830 Vigiles
2380 5758 2485 5832 qui
2515 5757 2864 5816 custodiunt
2888 5755 3287 5830 civitatem,id
3318 5760 3409 5810 est
3431 5759 3534 5811 Ec-
