3968 6392
422 219 531 291 ωδ

1532 221 1888 295 ANGELOMI
1932 216 2381 295 tUXQViENSis
2420 218 2737 287 nomen!

3746 220 3852 289 ϐω

425 338 690 417 clesiam,
724 341 978 421 apostoli
1007 342 1101 413 vel
1132 344 1327 409 caeteri
1355 343 1631 403 doctores
1664 347 1804 413 sunt
1831 343 1939 417 qui
1969 341 2086 411 sol-
2115 342 2164 410 Α
2195 363 2223 394 ‹‹
2256 342 2629 409 aromatibus
2649 343 2911 417 myrrhae
2935 345 2991 413 et
3012 341 3219 410 thuris,
3236 344 3293 409 et
3313 340 3575 409 universi
3595 340 3855 425 pulveris

424 429 646 494 licitam
674 431 1059 505 gentilitatem
1088 449 1225 499 cum
1251 435 1511 490 veritatis
1538 436 1822 504 indagine
1849 434 2087 499 invene-

426 524 583 583 runt.
621 522 699 577 De
726 522 949 595 quibus
979 523 1228 589 dicitur:
1289 547 1317 575 «
1378 526 1495 581 Nisi
1553 526 1841 583 Dominus
1886 526 2085 579 custo-

429 609 601 679 dierit
638 611 955 680 civitatem,
989 613 1050 677 in
1072 630 1299 683 Vanum
1329 614 1575 685 vigilant
1602 615 1708 688 qui
1742 613 2088 677 custodiunt

429 714 564 763 eam
598 700 785 771 (ἔδεαι,
820 706 1025 772 ψη),
1068 725 1095 757 η

503 811 530 841 α
561 788 874 855 Paululum
901 807 1041 857 cum
1067 793 1545 865 pertransissem,
1571 792 1773 851 inveni
1799 807 1982 867 quem
2004 788 2088 849 di-

432 899 459 928 «
492 877 619 948 ﬁgit
643 880 848 945 anima
878 897 1035 944 mea.
1070 904 1098 941 ››
1132 883 1193 943 Id
1224 888 1312 940 est
1340 883 1487 949 dum
1514 900 1611 947 me
1632 883 1871 940 illorum
1902 879 2090 950 magi-

430 967 608 1030 sterio
640 969 858 1035 tradidi
885 987 1031 1033 mox
1058 971 1267 1037 lumen
1310 973 1569 1041 veritatis
1615 972 1781 1049 quod
1818 969 2087 1049 quiﬁsit‘i,

428 1057 652 1125 inveni.
684 1058 899 1119 Aliter:
936 1062 1278 1133 Quaerentes
1309 1066 1511 1127 autem
1539 1078 1651 1127 nos
1682 1061 1890 1130 vigiles
1921 1059 2088 1125 inve-

428 1147 605 1217 niunt
632 1148 737 1222 qui
764 1150 1111 1218 custodiunt
1138 1151 1436 1215 civitatem
1475 1151 1619 1226 quia
1648 1150 1838 1217 sancti
1868 1152 2086 1217 Patres,

431 1237 536 1309 qui
568 1237 842 1293 Ecclesiae
870 1242 1091 1294 statum
1122 1240 1488 1311 custodiunt,
1519 1240 1691 1295 bonis
1716 1238 1933 1294 nostris
1965 1240 2089 1292 stu-

431 1326 545 1385 diis
562 1332 976 1391 occurrunt,ut
997 1344 1106 1383 suo
1126 1328 1223 1384 vel
1243 1329 1428 1385 verbo
1452 1329 1543 1385 vel
1572 1329 1789 1401 scripto
1811 1327 2086 1383 doceant.

434 1418 596 1494 Quos
662 1432 803 1477 cum
856 1416 1175 1493 paululum
1239 1419 1696 1492 pertransimus,
1750 1416 2090 1477 invenimus

432 1521 617 1579 quem
665 1504 992 1576 diligimus,
1046 1508 1192 1580 quia
1248 1508 1608 1581 Redemptor
1662 1512 1881 1575 noster,
1934 1509 1991 1571 et
2042 1504 2091 1561 si

432 1593 767 1659 humilitate
798 1594 982 1663 homo
1007 1595 1159 1663 inter
1194 1597 1491 1667 homines,
1542 1597 1848 1653 divinitate
1888 1599 2090 1659 tamen

436 1698 618 1759 super
637 1681 911 1747 homines
942 1684 1068 1740 fuit.
1104 1686 1253 1751 Quia
1275 1687 1392 1745 nisi
1423 1687 1527 1777 qui
1554 1686 1694 1777 fidei
1725 1684 2005 1777 passibus
2035 1686 2091 1738 et
2118 1715 2165 1777 Β

434 1787 589 1844 pura
617 1776 814 1839 mente
841 1789 1050 1841 omnes
1083 1780 1323 1835 sanctos
1352 1775 1663 1844 transierit,
1705 1781 1763 1843 et
1791 1774 2090 1841 Christum

437 1861 911 1930 excellentiorem
930 1863 1214 1935 omnibus
1236 1865 1455 1933 sanctis
1473 1864 1805 1936 crediderit,
1824 1862 2090 1927 invenire

434 1966 825 2031 nequaquam
858 1952 1090 2023 poterit.
1134 1976 1163 2013 ς(
1207 1954 1391 2021 Tenui
1420 1969 1671 2019 manum
1699 1954 1830 2025 ejus
1861 1968 1972 2010 nec
2002 1952 2091 2011 di-

434 2062 461 2099 u
497 2040 748 2108 mittam,
782 2040 973 2101 donec
1001 2042 1380 2109 introducam
1410 2043 1580 2100 illum
1608 2043 1672 2098 in
1703 2043 1959 2111 domum
1984 2057 2090 2114 pa-

435 2149 464 2195 ᾳ
515 2128 616 2197 tris
659 2129 799 2199 mei,
863 2135 919 2187 et
966 2130 1030 2199 in
1082 2132 1425 2197 cubiculum
1473 2132 1773 2203 genitricis
1834 2148 2004 2201 meas.
2057 2150 2088 2193 ν

431 2221 625 2289 Teneo
653 2217 821 2285 illum
851 2219 1029 2287 ﬁrma
1055 2221 1194 2288 ﬁde,
1249 2222 1443 2279 donec
1489 2222 1553 2290 in
1600 2222 1718 2287 ﬁne
1751 2221 1950 2285 saeculi
1985 2236 2092 2294 per

432 2306 697 2375 ofﬁcium
750 2309 1192 2381 praedicationis
1238 2310 1617 2379 introducam
1668 2310 1835 2375 illum
1876 2310 1935 2377 in
1984 2310 2090 2365 do-

431 2412 602 2465 mum
628 2402 685 2463 et
711 2396 775 2463 in
807 2398 1155 2463 cubiculum
1185 2403 1543 2473 Synagogae,
1581 2416 1716 2477 quae
1758 2418 1857 2469 me
1885 2399 2094 2471 genuit

431 2485 495 2542 in
526 2485 800 2559 Domino,
834 2506 865 2541 ‹
912 2493 970 2544 et
1006 2488 1108 2545 ﬁet
1148 2506 1339 2557 unum
1371 2490 1524 2546 ovile
1573 2495 1630 2559 et
1689 2506 1845 2551 unus
1888 2493 2094 2565 pastor

431 2574 635 2647 (Joan.
666 2579 749 2643 Χ).
782 2594 813 2647 p
843 2578 1157 2649 Sequitur:

507 2685 535 2711 ‹‹
567 2662 795 2735 Adiuro
820 2680 946 2732 vos,
972 2666 1108 2727 tiliae
1136 2666 1523 2735 Hierusalem,
1555 2684 1661 2741 per
1691 2682 1939 2739 capreas
1972 2681 2095 2721 cer-

438 2774 466 2801 ‹‹
498 2768 731 2824 vosque
758 2769 1139 2829 camporum,
1188 2772 1264 2824 ne
1309 2757 1623 2826 suscitetis,
1676 2772 1873 2828 neque
1920 2754 2095 2824 evigi-

438 2861 465 2899 ις
498 2839 623 2903 lare
644 2840 872 2913 faciatis
903 2844 1202 2916 dilectam,
1250 2847 1443 2907 donec
1491 2847 1624 2918 ipsa
1670 2846 1828 2905 velit.
1881 2868 1910 2913 ρ
1965 2844 2097 2907 Ubi-

438 2946 678 3003 cunque
708 2932 887 3011 igitur
913 2934 973 2989 in
1005 2935 1119 2991 hoc
1149 2935 1381 3003 cantico
1427 2936 1644 3007 similia
1696 2935 1882 3003 verba
1931 2950 2094 3007 repe-

435 3017 669 3093 riuntur
715 3022 1084 3093 credentium
1123 3024 1372 3083 diversis
1408 3025 1797 3097 temporibus,
1834 3023 2097 3091 diverso-

436 3123 572 3175 rum
651 3110 1017 3184 populorum
1085 3129 1361 3186 personae
1433 3104 1913 3181 introducuntur,
1995 3113 2096 3177 Hic

435 3212 702 3272 namque
732 3199 922 3272 plebis
951 3202 1108 3259 illius
1142 3219 1404 3275 persona
1426 3204 1661 3273 videtur
1688 3203 1914 3275 induci,
1963 3219 2096 3276 quae

433 3292 571 3360 post
601 3289 815 3371 Christi
853 3293 1272 3353 ascensionem
1310 3295 1556 3365 fatigata
1584 3284 1901 3361 desiderio,
1929 3309 2096 3367 quaa-

433 3377 625 3432 rendo
651 3394 837 3464 quem
867 3379 1155 3450 diligebat
1179 3382 1383 3440 anima
1414 3384 1567 3463 ejus,
1600 3381 1861 3440 Ecclesia
1889 3380 2095 3447 videli-

436 3470 529 3538 cet
553 3481 625 3521 ex
657 3467 955 3536 gentibus,
989 3486 1146 3541 quas,
1179 3471 1497 3547 paululum
1526 3472 1759 3539 munita
1788 3471 1904 3529 sibi
1932 3476 2094 3529 tran-

436 3554 744 3639 quillitatis
773 3573 942 3629 pace,
991 3560 1053 3615 in
1093 3561 1425 3623 securitatis
1455 3578 1669 3620 somno
1698 3563 2099 3633 requiesceret

434 3644 739 3717 cupiebat,
771 3652 828 3704 et
854 3646 990 3705 ideo
1015 3650 1228 3722 repetit
1253 3651 1416 3725 hunc
1448 3668 1683 3715 versum
1713 3666 1998 3723 sponsus,
2020 3665 2097 3716 ne

436 3733 733 3793 minorem
772 3753 913 3795 eum
962 3738 1239 3795 Ecclesiae
1286 3756 1358 3795 ex
1388 3740 1665 3810 gentibus
1696 3744 2094 3809 congregatae,

434 3840 623 3896 quam
649 3825 871 3891 Iudaeis
902 3828 1125 3897 habere
1165 3828 1625 3895 sollicitudinem
1673 3835 1934 3901 putares,
1990 3828 2095 3884 sed

436 3918 499 3982 ut
540 3913 614 3985 sit
646 3914 720 3970 de
752 3931 874 3977 una
899 3917 1210 3989 utriusque
1237 3933 1359 3974 una
1389 3933 1635 3995 sponsa,
1687 3923 1743 3974 et
1785 3917 1887 3973 illa
1916 3916 2096 3972 dilec-

438 4003 683 4071 tissima,
712 4021 896 4077 quem
928 4006 1294 4063 versiculum
1338 4008 1462 4077 iam
1517 4007 1791 4080 superius
1821 4006 2096 4080 exposui-

438 4106 593 4159 mus.
646 4092 801 4149 Filias
858 4094 1223 4165 Hierusalem
1277 4096 1495 4165 animae
1554 4101 1696 4155 sunt
1748 4096 2094 4166 electorum,

436 4195 574 4252 quae
614 4196 892 4254 supernae
936 4182 1091 4247 illius
1136 4184 1499 4247 Hierusalem
1541 4186 1834 4245 visionem
1878 4186 2100 4243 scilicet

436 4268 603 4341 pacis
628 4270 1030 4342 speculantur.
1066 4276 1304 4346 Capreae
1329 4275 1417 4330 vel
1439 4275 1593 4331 cervi
1628 4279 1823 4333 Patres
1849 4276 1993 4333 Novi
2023 4292 2097 4341 ac

437 4357 656 4425 Veteris
698 4362 1055 4429 Testamenti
1083 4363 1512 4434 intelliguntur,
1547 4381 1809 4437 quorum
1858 4366 1921 4423 in
1964 4365 2096 4422 alti-

436 4446 642 4519 tudine
673 4450 1192 4525 contemplationis
1221 4470 1449 4526 pascua
1480 4460 1637 4521 sunt,

510 4558 536 4585 «
572 4536 713 4602 Quae
744 4544 836 4594 est
872 4539 986 4595 ista
1028 4558 1163 4614 quae
1210 4542 1477 4598 ascendit
1514 4558 1621 4615 per
1668 4542 1971 4599 desertum
1996 4542 2024 4598 ‘I
2064 4563 2094 4594 »

436 4625 601 4699 Hanc
632 4627 843 4701 Opinor
873 4635 1110 4699 gentem
1157 4648 1264 4704 per
1310 4632 1613 4687 desertum
1645 4630 2093 4701 ascendentem,

431 4730 619 4789 quam
646 4715 856 4783 doctor
874 4720 1141 4788 gentium
1164 4720 1386 4795 Paulus
1407 4720 1486 4787 ab
1509 4719 1881 4779 Hierusalem
1904 4736 2096 4797 usque

432 4798 511 4877 aid
538 4803 855 4877 lﬂiyricum
874 4798 1340 4880 Icongregatam,
1366 4814 1424 4866 et
1454 4810 1774 4880 unguentis
1806 4808 2094 4877 doctrinas

432 4892 785 4969 delibutam,
816 4898 1365 4973 mysteriorumque
1400 4902 1921 4967 sacramentorum
1959 4914 2094 4957 aro-

433 4981 694 5051 matibus
716 5000 1051 5056 aspersam,
1070 5002 1265 5058 usque
1288 4985 1366 5043 ad
1382 4986 1619 5057 paciﬁci
1638 4986 1793 5055 regis
1809 4985 2094 5054 lectulum

432 5069 724 5142 perducit,
748 5072 823 5128 de
839 5088 961 5159 quo
982 5074 1044 5129 in
1061 5075 1450 5147 sequentibus
1470 5073 1704 5143 legitur.
1732 5074 1895 5131 Unde
1912 5073 2094 5141 mira-

433 5161 530 5223 tur
550 5159 872 5235 Synagoga
891 5162 1202 5233 quomodo
1224 5163 1492 5233 gentium
1514 5162 1775 5235 populus
1795 5162 1961 5229 nullo
1990 5162 2095 5219 cir-

432 5246 821 5322 cumcisiouis
857 5251 1141 5320 mysterio
1180 5249 1752 5309 emundatus.nulla
1776 5250 2097 5329 propheta-

430 5351 567 5412 rum
597 5336 1006 5413 admonitione
1031 5339 1319 5405 eruditus,
1353 5338 1551 5395 subito
1579 5339 1656 5394 ab
1678 5339 1900 5397 intimis
1930 5339 2095 5395 volu-

431 5426 698 5496 ptatibus
722 5443 829 5498 per
858 5427 1160 5483 desertum
1189 5426 1529 5497 gentilitatis
1562 5434 1618 5485 et
1638 5426 1987 5501 idololatriae
2016 5428 2093 5485 ad

433 5513 552 5568 alta
582 5514 866 5581 virtutum
898 5515 1162 5573 culmina
1204 5521 1259 5571 et
1299 5515 1508 5587 sponsi
1541 5516 1854 5588 amplexus
1881 5533 2092 5572 ascen-

434 5596 634 5653 disset.
662 5601 801 5654 Vere
828 5599 1098 5654 desertus
1129 5598 1296 5653 locus
1327 5603 1468 5665 erat,
1498 5599 1598 5655 ubi
1628 5617 1850 5656 nomen
1885 5601 2093 5658 Christi

434 5700 555 5763 non
590 5685 778 5741 fuerat
806 5687 1206 5768 nominatum.
1263 5710 1287 5735 ‹‹
1342 5687 1498 5763 Sicut
1537 5690 1766 5775 virgula
1796 5689 1969 5764 fumi,
2020 5706 2092 5763 ex

2196 452 2224 479 ‹‹
2257 431 2657 507 pigmentarii.
2704 454 2732 483 »
2776 432 2839 488 Id
2893 436 2985 501 est
3013 431 3137 503 igni
3164 430 3386 499 amoris
3417 446 3729 502 succensa,
3762 430 3858 487 vel

2196 536 2333 577 cum
2364 522 2532 576 omni
2556 522 2693 587 nisu
2728 522 3011 587 virtutum
3039 521 3119 589 ad
3149 520 3411 591 caelestia
3443 519 3713 590 tendens,
3747 522 3859 583 Per

2195 606 2508 682 myrrham
2538 612 2914 673 mortiﬁcatio
2955 610 3289 681 carnalium
3318 610 3722 685 voluptatum,
3750 627 3860 683 per

2196 698 2334 753 thus
2357 700 2587 771 puritas
2616 701 2978 770 orationum,
3026 704 3082 757 et
3120 700 3181 759 in
3210 699 3461 769 diversis
3504 698 3859 773 pulveribus

2196 786 2577 860 pigmentarii
2601 790 2871 851 omnium
2898 790 3185 857 virtutum
3207 788 3377 855 odor.
3401 780 3695 859 moraliter
3724 804 3860 844 vero

2200 883 2409 941 sancta
2437 878 2760 937 electorum
2794 879 3051 947 Ecclesia
3079 896 3219 947 cum
3264 879 3344 934 ab
3393 880 3509 947 hoc
3540 878 3774 947 mundo
3800 878 3859 935 in

2199 968 2417 1021 sanctis
2447 968 2724 1040 precibus
2761 968 2993 1025 ardenti
3025 985 3232 1033 amore
3264 984 3327 1024 se
3357 968 3548 1039 erigit,
3599 983 3708 1041 per
3755 967 3862 1029 de-

2199 1059 2422 1117 sertum
2451 1056 2616 1128 quod
2647 1057 2909 1123 deseruit
2938 1056 3226 1115 ascendit.
3258 1057 3481 1124 Fumus
3510 1055 3586 1123 de
3611 1055 3864 1123 incenso

2198 1144 2483 1201 nascitur.
2526 1147 2593 1202 Et
2621 1162 2728 1218 per
2756 1146 3135 1215 Psalmistam
3165 1146 3424 1205 dicitur:
3480 1168 3507 1194 «
3563 1145 3868 1215 Dirigatur

2194 1230 2386 1298 oratio
2412 1249 2548 1293 mea
2586 1233 2738 1297 sicut
2778 1234 3089 1304 incensum
3131 1234 3194 1291 in
3234 1238 3563 1307 conspectu
3593 1237 3720 1297 tuo.
3757 1235 3867 1291 Do-

2199 1319 2358 1376 mine
2388 1323 2510 1391 (Ps.
2546 1324 2693 1397 CXL).
2716 1344 2743 1383 υ
2778 1327 2999 1393 Fumus
3030 1328 3304 1395 excutere
3332 1323 3661 1396 lacrymas,
3692 1321 3864 1393 solet.

2199 1412 2402 1482 Itaque
2429 1411 2631 1468 fumus
2679 1429 2752 1483 ex
2799 1412 3171 1481 aromatibus
3199 1417 3286 1483 est
3317 1410 3707 1487 compunctio
3733 1427 3868 1473 ora-

2200 1497 2375 1555 tionis
2406 1506 2695 1575 concepta
2720 1518 2792 1561 ex
2821 1502 3139 1571 virtutibus
3176 1501 3418 1573 amoris,
3466 1503 3610 1567 Quae
3658 1505 3868 1559 tamen

2201 1587 2390 1644 oratio
2415 1588 2565 1647 fumi
2595 1590 2827 1660 virgula
2853 1590 3084 1657 dicitur,
3114 1590 3258 1665 quia
3279 1590 3427 1659 dum
3449 1590 3578 1657 sola
3601 1587 3870 1661 ccclestia

2204 1678 2483 1750 postulat,
2519 1680 2602 1743 sic
2632 1686 2790 1745 recta
2812 1681 3191 1753 progreditur
3222 1686 3284 1749 ut
3314 1679 3392 1747 ad
3418 1684 3653 1751 terrena
3684 1683 3867 1751 atque

2204 1767 2557 1838 temporalia
2578 1770 2918 1841 appetenda
2936 1769 3180 1834 minime
3196 1766 3550 1839 reﬂectatur.
3570 1772 3637 1835 Et
3655 1772 3871 1833 notan-

2201 1856 2349 1923 dum
2377 1857 2540 1928 quod
2567 1873 2690 1913 non
2713 1858 2896 1928 virga,
2922 1859 3025 1914 sed
3044 1858 3276 1927 virgula
3290 1862 3697 1942 nuncupatur,
3724 1856 3869 1932 quia

2200 1945 2502 2001 interdum
2533 1945 2594 2001 in
2621 1948 3102 2021 compunctionis
3130 1948 3363 2018 ardore,
3402 1952 3578 2015 tanta:
3630 1945 3868 2009 subtili-

2200 2034 2336 2089 tatis
2367 2039 2453 2090 est
2482 2034 2567 2091 vis
2594 2036 2839 2103 amoris,
2874 2042 2938 2094 ut
2965 2037 3123 2093 hanc
3152 2053 3262 2094 nec
3291 2036 3417 2109 ipse
3440 2036 3683 2105 animus
3706 2052 3869 2093 com-

2199 2122 2570 2197 prehendere
2610 2126 2712 2198 qui
2747 2124 3118 2182 illuminatus
3160 2126 3377 2193 meruit
3421 2125 3662 2189 habere.
3716 2128 3870 2191 Bene

2200 2213 2314 2268 hoc
2344 2212 2557 2268 dicitur
2588 2214 2848 2286 myrrhea
2880 2219 2937 2271 et
2970 2215 3178 2273 thuris.
3226 2216 3384 2272 Thus
3423 2213 3585 2273 enim
3631 2230 3711 2271 ex
3741 2213 3869 2283 lege

2204 2302 2437 2361 Domini
2463 2302 2524 2357 in
2555 2303 2845 2369 sacrificio
2874 2304 3228 2362 incenditur.
3253 2307 3359 2360 Per
3390 2304 3706 2377 myrrham
3730 2319 3869 2363 vero

2203 2407 2457 2464 corpora
2487 2398 2723 2461 mortua
2750 2392 3131 2463 condiuntur,
3177 2409 3254 2457 ne
3302 2409 3338 2449 a
3384 2392 3698 2461 vermibus
3746 2408 3869 2457 cor-

2202 2485 2579 2553 rumpantur.
2611 2484 2859 2555 Myrrhae
2891 2498 3032 2553 ergo
3076 2487 3132 2538 et
3166 2482 3354 2544 thuris
3382 2482 3753 2547 sacriﬁcium
3783 2481 3867 2536 of-

2203 2569 2418 2639 ferunt,
2448 2570 2553 2643 qui
2582 2575 2640 2628 et
2668 2588 2912 2631 carnem
2937 2570 3223 2639 afﬁciunt,
3250 2587 3326 2637 ne
3353 2572 3439 2629 eis
3462 2572 3868 2644 corruptionis

2203 2658 2346 2714 vitia
2371 2658 2777 2729 dominentur,
2820 2666 2875 2717 et
2904 2660 3273 2719 redolentem
3303 2660 3364 2727 in
3393 2664 3727 2735 conspectu
3759 2664 3870 2717 Do-

2205 2747 2351 2813 mini
2382 2747 2604 2803 amoris
2644 2749 2737 2803 sui
2776 2749 3037 2807 hostiam
3077 2749 3425 2818 incendunt,
3470 2764 3655 2822 seque
3705 2748 3871 2821 ipsos

2207 2835 2410 2891 Deoin
2443 2838 2662 2897 sanctis
2692 2838 3006 2895 virtutibus
3049 2837 3350 2910 exhibent,
3410 2838 3580 2895 Unde
3640 2843 3701 2894 et
3758 2837 3871 2895 illic

2206 2925 2516 2983 subditur:
2576 2950 2603 2991 ς(
2658 2930 2725 2992 Et
2771 2927 3033 2994 universi
3076 2927 3339 3009 pulveris
3392 2927 3801 3011 pigmentarii.
3843 2949 3869 2981 υ

2206 3014 2405 3069 Pulvis
2458 3015 2839 3088 pigmentarii
2894 3008 3081 3073 virtus
3138 3016 3315 3085 bonas
3364 3008 3759 3091 operationis.
3812 3020 3872 3083 Et

2204 3106 2537 3173 notandum
2560 3107 2721 3164 auod
2746 3108 2989 3173 virtutes
3011 3108 3163 3164 bene
3190 3108 3570 3191 operantium
3589 3123 3724 3173 non
3748 3109 3870 3182 pig-

2207 3200 2430 3265 menta,
2464 3196 2566 3269 sed
2594 3196 2873 3269 pulveres
2899 3197 3199 3267 dicuntur,
3229 3198 3376 3265 Cum
3402 3197 3563 3263 enim
3586 3198 3873 3273 quaelibet

2204 3284 2369 3339 bona
2392 3286 2650 3354 agimus,
2674 3286 2983 3359 pigmenta
3008 3286 3338 3353 offerimus.
3364 3289 3512 3345 Cum
3539 3302 3686 3347 vero
3710 3287 3873 3355 bona

2205 3371 2337 3449 ipsa
2367 3374 2541 3437 etiam
2574 3390 2711 3457 quae
2737 3375 2974 3445 agimus
3001 3380 3415 3443 retractemus,
3440 3379 3497 3431 et
3523 3390 3598 3441 ne
3630 3376 3785 3455 quid
3813 3376 3869 3432 in

2205 3462 2298 3517 his
2326 3463 2630 3527 sinistrum
2676 3464 2750 3520 sit
2785 3464 3014 3535 judicio
3062 3465 3431 3531 retractionis
3480 3464 3866 3533 altandimus,

2205 3552 2381 3623 quasi
2412 3569 2481 3621 ex
2512 3553 2837 3626 pigmentis
2878 3554 3183 3629 pulverem
3224 3554 3496 3621 facimus,
3550 3557 3616 3609 ut
3650 3554 3869 3617 oratio-

2204 3656 2345 3695 nem
2370 3647 2638 3699 nostram
2662 3642 2917 3699 Domino
2942 3659 3048 3716 per
3072 3643 3491 3713 discretionem
3514 3648 3572 3714 et
3596 3659 3869 3711 amorem

2207 3730 2481 3786 subtilius
2518 3731 2939 3789 incendamus.

2279 3842 2306 3867 «
2344 3822 2427 3875 Eu
2452 3820 2736 3885 lectulum
2772 3820 3107 3893 Salomonis
3145 3822 3456 3891 sexaginta
3486 3820 3775 3889 ambiunt
3801 3838 3868 3879 ex

2210 3927 2238 3960 ‹
2271 3907 2604 3963 fortissimis
2636 3910 2835 3965 Israel.
2881 3933 2906 3959 ››
2962 3910 3246 3971 Salomon
3289 3909 3397 3983 qui
3446 3909 3869 3982 interpretatur

2202 3998 2513 4067 paciﬁcus,
2576 3998 2896 4061 Dominum
2949 3999 3155 4055 Jesum
3214 3998 3512 4063 Christum
3566 3998 3864 4069 designat.

2208 4085 2481 4153 Lectulus
2511 4086 2847 4143 Salomonis
2879 4088 3081 4165 quieta
3129 4092 3220 4145 est
3268 4105 3440 4147 mens
3495 4094 3867 4161 sanctorum,

2207 4174 2269 4233 in
2299 4175 2521 4247 quibus
2572 4178 2700 4248 ipse
2748 4176 2912 4234 velut
2957 4178 3018 4235 in
3065 4176 3283 4234 lectulo
3321 4176 3661 4250 requiescit.
3700 4179 3870 4234 Sexa-

2208 4264 2373 4334 ginta
2401 4264 2581 4321 fortes
2612 4265 3031 4337 praedicatores
3065 4272 3203 4331 sunt
3231 4266 3443 4331 sancti,
3475 4270 3532 4329 et
3560 4264 3869 4329 fortissimi

2205 4352 2547 4422 bellatores,
2603 4356 2709 4427 qui
2755 4356 2984 4413 mundo
3039 4357 3217 4412 corde
3273 4356 3439 4426 digni
3488 4360 3628 4415 sunt
3683 4356 3869 4417 Deum

2206 4442 2426 4499 videre.
2475 4438 2755 4499 Senarius
2791 4445 2951 4501 enim
2997 4461 3288 4511 numerus
3320 4448 3563 4516 propter
3602 4459 3714 4501 sex
3746 4443 3867 4505 dies

2204 4533 2426 4604 quibus
2460 4535 2612 4589 Deus
2639 4534 2937 4591 mundum
2964 4533 3098 4591 fecit
3154 4539 3210 4615 et
3258 4550 3361 4599 sex
3407 4531 3622 4591 mundi
3665 4537 3867 4591 aetates

2205 4623 2501 4694 perfectus
2530 4628 2636 4679 est.
2681 4625 2962 4680 Denarius
2992 4640 3134 4681 vero
3164 4639 3456 4689 numerus
3504 4627 3583 4685 ad
3624 4621 3866 4681 decalo-

2205 4726 2351 4780 gum
2374 4711 2521 4781 legis
2552 4712 2819 4784 pertinet.
2850 4713 2961 4779 Qui
2985 4729 3089 4784 per
3110 4713 3409 4773 senarium
3433 4708 3864 4783 multiplicatus

2206 4798 2379 4853 fuerit
2409 4801 2719 4872 sexaginta
2750 4801 3072 4875 complent.
3112 4800 3312 4869 Sexies
3340 4799 3501 4868 deni,
3548 4801 3865 4875 sexaginta

2206 4892 2362 4943 sunt.

2278 4996 2307 5029 ‹
2332 4978 2550 5033 Omnes
2576 4982 2837 5035 tenentes
2869 4977 3121 5049 gladios,
3150 4982 3207 5036 et
3232 4978 3310 5034 ad
3330 4977 3488 5039 bella
3508 4975 3860 5041 doctissimi,

2207 5089 2234 5117 «
2270 5067 2743 5139 uniuscujusque
2773 5068 2931 5127 ensis
2968 5084 3147 5141 super
3186 5067 3380 5133 femur
3410 5084 3588 5123 suum
3622 5072 3864 5142 propter

2206 5177 2233 5203 ‹‹
2267 5155 2507 5211 timores
2536 5162 2881 5214 nocturnos.
2927 5180 2955 5208 »
3002 5160 3224 5214 Tenent
3251 5156 3411 5219 enim
3441 5155 3719 5227 gladium
3750 5154 3864 5228 spi-

2202 5245 2368 5310 ritus,
2401 5246 2568 5319 quod
2598 5250 2687 5303 est
2718 5246 2970 5303 verbum
3001 5246 3122 5313 Dei,
3173 5246 3275 5320 qui
3318 5251 3481 5318 quod
3513 5261 3619 5307 ore
3650 5245 3867 5307 docent

2204 5335 2486 5406 operibus
2516 5336 2837 5409 complent.
2871 5336 3039 5391 Ensis
3069 5324 3270 5392 autem
3300 5339 3387 5397 est
3417 5334 3696 5397 custodia
3726 5332 3867 5403 vigi-

2201 5422 2354 5493 lans,
2384 5424 2581 5479 cordis
2614 5424 3132 5496 concupiscentias
3163 5439 3465 5498 premens,
3496 5439 3572 5483 ne
3612 5423 3865 5495 verbum

2203 5512 2641 5585 przedicationis
2672 5513 3056 5577 immunditia
3083 5513 3215 5575 vitae
3248 5511 3524 5569 maculet.
3556 5516 3865 5574 Nocturna:

2202 5618 2342 5657 vero
2367 5603 2607 5660 timores
2630 5608 2768 5658 sunt
2788 5602 3017 5661 insidiae
3050 5602 3271 5659 diaboli
3301 5607 3357 5658 et
3381 5603 3745 5663 tentationes
3776 5618 3867 5658 oc-

2202 5690 2601 5773 cultaerNeque
2613 5691 2773 5760 enim
2790 5690 3157 5759 credendum
3176 5694 3262 5759 est
3278 5690 3671 5759 Salomonen;
3688 5693 3866 5767 tanta:
