3968 6396
1319 239 1578 303 ΕΝΑΒΒι
1623 236 1703 295 ΙΝ.
1732 232 2039 303 ΟΔΝᾙΙΟΑ
2079 233 2351 297 (ἎιΝΤΙε,

3473 240 3579 315 ϐΩΩ

132 356 565 427 magnitudinis
579 359 1355 431 negem,.quisieimmensis
1369 361 1585 421 divitiis
1597 358 1803 419 aﬂlue-
1828 368 1878 423 Α
1919 361 2153 415 mentes
2182 360 2502 431 signiﬁcat,
2530 362 2754 439 quibus
2785 362 2937 419 inter
2962 366 3205 423 sanctos
3223 364 3579 439 praedicato-

132 446 249 513 bat,
276 452 345 501 ut
364 446 613 519 pondus
624 448 755 504 auri
781 450 917 521 ejus
936 450 1221 507 aestimari
1239 455 1599 523 non-posset,
1625 455 1684 506 et
1704 465 1800 505 ar-

131 542 379 606 gentum
403 536 465 593 in
491 536 706 595 diebus
729 538 895 595 illius
909 540 1163 611 pretium
1194 556 1315 597 non
1343 540 1803 615 habereh,quod

127 625 205 682 de
229 625 409 695 lignis
454 626 671 685 Libani
688 627 987 686 ferculum
1004 629 1116 686 sibi
1143 630 1369 701 fecerit,
1399 635 1467 691 ut.
1480 630 1747 705 sequitur
1781 645 1796 684 :

197 738 231 764 ω
259 715 583 775 Ferculum
612 716 731 773 sibi
759 718 899 775 fecit
921 736 1022 776 rex
1057 719 1351 777 Salomon-
1391 719 1466 776 de
1496 718 1673 789 lignis
1703 718 1794 774 Li-

127 828 155 857 ‹‹
184 804 355 864 basi.
387 806 761 865 mFereulnm
788 808 1126 869 Salomonis
1156 814 1247 866 est
1269 814 1487 867 saneta.
1508 807 1800 875 Ecclesia,

124 911 263 967 quas
292 895 604 952 credentes
636 896 969 955 adreternaa
1015 899 1403 958 beatitudinis
1453 898 1663 973 epulas
1717 897 1796 955 le-

123 989 245 1051 vat,
269 1001 411 1058 qum
440 985 523 1043 de
546 985 807 1045 fortibus
842 988 1254 1061 animoquaisi
1278 988 1463 1059 lignis
1516 986 1799 1061 ίωριιιυὶη

122 1073 346 1131 biiibus
378 1079 724 1135 constructa
738 1082 847 1133 est.

191 1184 220 1211 α
243 1162 574 1223 Columnas
604 1165 739 1237 ejus
762 1166 905 1223 fecit
927 1171 1267 1236 argenteas.
1301 1190 1332 1221 »
1364 1167 1793 1227 Columnaear‘

122 1260 355 1321 gentm
369 1259 511 1312 sunt
530 1255 817 1316 doctores-
831 1257 1055 1329 eloquii
1074 1257 1207 1317 luce
1233 1258 1565 1331 fulgentes:
1584 1280 1611 1306 ‹‹
1638 1257 1792 1319 Rec-

120 1365 146 1393 «ι
179 1342 523 1402 Baeturiam
555 1360 880 1403 aureum.»
915 1347 1384 1407 Rectinatorium
1415 1364 1675 1409 aureum.
1698 1352 1793 1407 est

119 1448 257 1506 spes
286 1439 595 1509 perpetuae
615 1435 829 1507 quietis
860 1436 1141 1495 ﬁdelibus
1163 1438 1486 1511 promissa,
1520 1438 1649 1496 sive
1675 1436 1787 1492 fui.-

119 1537 231 1591 gor
252 1522 543 1581 claritatis
566 1523 812 1596 intimae,
855 1526 919 1581 in
942 1542 1070 1599 qua
1097 1526 1425 1585 electorum
1451 1528 1671 1589 animm
1698 1542 1787 1585 πθ·

117 1611 417 1669 clinantur
443 1613 511 1671 in
549 1614 840 1687 requiem.
889 1619 988 1675 Est
1016 1622 1219 1673 autem
1244 1617 1543 1674 columnis
1574 1632 1793 1686 argen»

118 1702 227 1758 teis
255 1702 711 1802 reclinatosium
734 1721 1011 1802 aureum,
1043 1708 1196 1802 quia
1217 1724 1322 1802 per
1381 1708 1496 1765 hoc
1527 1707 1695 1781 quod
1748 1723 1786 1765 a
1818 1731 1867 1802 θ

115 1794 333 1849 sanctis
362 1794 869 1866 praedicatoribus
910 1796 1109 1854 lucere
1140 1797 1379 1860 dicitur,
1418 1802 1650 1857 mentes
1675 1814 1784 1855 au-

112 1881 413 1939 dientium;
439 1882 735 1955 fulgorem
758 1884 1040 1945 claritatis
1070 1886 1131 1945 in
1157 1902 1283 1959 qua
1309 1886 1672 1947 reclineutur
1694 1887 1782 1943 in-

112 1970 375 2028 veniunt.
429 1974 545 2029 Per
583 1973 700 2029 hoc
728 1974 889 2031 enim
914 1976 1079 2048 quod
1109 1975 1442 2034 luculenter
1471 1981 1530 2034 et
1577 1981 1783 2049 aperte

114 2060 472 2131 audiungin
489 2061 591 2119 illo
617 2063 780 2135 quod
811 2064 1083 2121 clarescit
1099 2065 1353 2123 incordc
1374 2066 1779 2138 requiescunt.

112 2149 420 2207 Columna:
454 2166 600 2222 ergo
632 2158 931 2222 argenteae
954 2158 1010 2211 et
1029 2156 1477 2213 reclinatorium
1526 2171 1779 2224 aureum

115 2240 331 2296 factum
353 2243 469 2307 est,
489 2240 634 2313 quia
643 2257 751 2314 per
768 2241 966 2300 lucem
985 2244 1279 2301 sermonis
1300 2244 1601 2304 invenitur
1616 2244 1781 2317 apud

114 2329 387 2387 animum
410 2329 655 2387 claritas
679 2332 914 2404 quietis.
952 2332 1047 2389 Ille
1052 2334 1185 2405 jam
1205 2334 1432 2407 quippe
1458 2333 1647 2405 fulget
1674 2333 1781 2406 qui

114 2416 355 2475 interius
399 2425 675 2477 mentem
701 2420 965 2493 irradiut,
1019 2428 1083 2478 ut
1117 2440 1224 2496 per
1252 2423 1647 2482 intentionem
1694 2423 1781 2493 ibi

115 2508 471 2579 requiescat,
505 2508 611 2565 ubi
649 2510 1095 2583 praedicationis
1142 2514 1335 2582 gratia
1386 2529 1512 2573 non
1540 2530 1777 2587 quiem:

114 2599 219 2653 tur.
279 2597 396 2656 Sed
449 2598 657 2655 adhuc
706 2600 872 2672 quad
929 2600 1165 2661 clarum
1214 2604 1547 2663 ostenditur
1594 2603 1777 2672 intus,

111 2684 307 2756 qualis
327 2687 404 2745 sit
432 2703 726 2744 ascensus
770 2689 1066 2761 adjungit,
1115 2707 1256 2748 cum.
1284 2693 1499 2748 eodem
1551 2692 1776 2749 ferculo

109 2775 375 2846 protinus
406 2776 615 2834 subdit
647 2794 659 2833 :
697 2800 724 2830 ‹‹
756 2784 1088 2837 Ascensum
1118 2796 1511 2855 purpureum.
1542 2804 1568 2831 ››
1620 2782 1774 2849 Quid

108 2868 191 2918 est
242 2881 547 2921 ascensus
577 2882 943 2939 purpureus,
969 2868 1083 2925 nisi
1133 2874 1467 2942 martyrum
1501 2871 1773 2941 sanguis,

107 2956 160 3008 et
186 2954 389 3025 passio
402 2954 826 3028 Redemptoris
848 2956 1037 3014 nostri
1062 2958 1089 3013 ‘2
1118 2958 1269 3025 Quia
1291 2974 1413 3017 non
1430 2958 1775 3017 ascenditur

105 3042 177 3097 ad
206 3042 418 3116 epulas
435 3044 593 3113 vitae,
612 3045 837 3118 nisiper
861 3048 1184 3119 myterium
1199 3048 1504 3121 passionis
1536 3049 1772 3109 Christi.

107 3130 169 3185 Et
193 3130 345 3189 bene
376 3148 673 3193 ascensus
704 3150 1045 3208 purpureus
1060 3136 1355 3197 subditur.
1376 3137 1531 3197 Vera
1545 3138 1773 3211 quippe

103 3234 385 3293 purpura,
415 3222 569 3295 quia
592 3223 667 3280 de
697 3224 990 3293 sanguine
1020 3225 1265 3295 tingitur
1289 3241 1414 3282 non
1469 3226 1771 3287 immerito

102 3307 159 3364 in
186 3310 382 3368 colore
403 3312 725 3382 sanguinis
747 3313 995 3370 videtur.
1025 3317 1091 3373 Et
1147 3314 1292 3388 quia
1316 3316 1590 3375 maxime.
1620 3316 1773 3385 mut-

104 3399 282 3456 titudo
336 3401 615 3459 ﬁdelium
696 3402 756 3459 in
826 3404 1072 3461 exordio
1146 3406 1449 3462 nascentis
1499 3406 1769 3467 Ecclesiae

103 3505 201 3561 per
227 3491 504 3565 martyrii
535 3493 894 3563 sanguinem
924 3494 1194 3566 pervenit
1227 3494 1309 3551 ad
1336 3510 1612 3565 regnum.
1646 3498 1769 3557 Rex

102 3584 292 3636 noster
320 3597 655 3639 ascensum
679 3599 1056 3657 purpureum
1088 3583 1220 3641 fecit
1251 3583 1311 3641 in
1345 3583 1595 3656 ferculo,
1622 3586 1769 3658 quia

102 3668 175 3725 ad
203 3670 433 3729 clarum
470 3671 639 3744 quod
667 3672 829 3730 intus
857 3673 1146 3746 aspicitur
1174 3688 1281 3746 per
1317 3672 1765 3739 tribulationem

104 3760 407 3830 sanguinis
428 3763 802 3834 pervenitur.
836 3762 990 3828 Quid
1021 3778 1164 3833 ergo
1208 3779 1319 3820 nos
1348 3763 1554 3823 miseri
1585 3769 1766 3836 atque

101 3847 174 3903 ab
199 3850 362 3909 omni
389 3850 744 3908 fortitudine
775 3852 1059 3920 destituti,
1093 3852 1242 3925 quid
1271 3854 1461 3914 acturi
1493 3870 1709 3915 sumus
1740 3856 1767 3915 ‘I

104 3940 240 3995 Ecce
266 3940 328 3996 in
373 3941 500 3998 hoc
555 3941 783 3999 ferculo
837 3941 1138 3998 columnae
1195 3958 1325 3998 esse
1375 3959 1499 4003 non
1551 3960 1764 4016 possu-

100 4042 252 4096 mus,
303 4031 461 4102 quia
501 4029 563 4087 in
611 4030 791 4089 nobis
835 4047 947 4091 nec
978 4030 1262 4089 fortitudo
1292 4032 1509 4104 operis,
1542 4033 1762 4092 neelu-

101 4134 231 4175 men
256 4122 483 4179 emicat
508 4122 975 4194 praedicationis.
1009 4122 1472 4183 Reclinatoriuin
1500 4139 1624 4195 non
1654 4125 1761 4181 lia.

101 4206 324 4277 bemus,
356 4212 507 4285 quia
532 4213 797 4269 necdum
829 4212 981 4268 sicut
999 4216 1231 4284 oportet
1262 4227 1369 4284 per
1396 4212 1760 4273 intellectum

103 4299 463 4369 spiritualem
495 4303 767 4373 requiem
800 4308 1036 4359 aeternae
1076 4302 1379 4359 eliaritatis
1411 4303 1759 4375 aspicimus.

100 4392 387 4448 Ascensus
408 4406 754 4464 purpureus
776 4407 899 4451 non
933 4408 1169 4460 sumus,
1202 4392 1344 4463 quia
1367 4408 1476 4464 pro
1508 4392 1759 4455 ltedem-

104 4481 260 4547 ptore
303 4484 516 4537 nostro
575 4480 826 4536 fundere
875 4480 1233 4549 sanguinein
1294 4497 1416 4537 non
1464 4482 1757 4547 valemus.
1791 4456 1837 4515 Π

104 4567 247 4631 Quid
274 4584 417 4639 ergo
442 4569 522 4627 de
543 4568 721 4627 nobis
752 4570 1063 4640 agendum
1094 4574 1183 4628 est
1210 4570 1238 4628 ?
1266 4586 1401 4643 quis
1435 4588 1574 4644 spes
1629 4570 1756 4637 erit.

101 4654 146 4709 si
189 4656 386 4716 nullus
430 4658 512 4715 ad
544 4674 801 4730 regnum
848 4660 1142 4731 pervenit,
1196 4659 1306 4715 nisi
1361 4659 1466 4732 qui
1504 4660 1759 4723 summis

101 4737 376 4815 praeditus
397 4748 718 4806 virtutibus
743 4749 916 4805 fuerit
943 4751 970 4807 ?
995 4748 1106 4805 Sed
1149 4749 1319 4806 adest
1348 4766 1591 4823 quoque
1618 4767 1762 4807 uos-

103 4838 186 4892 tra
237 4837 596 4895 consolatio:
664 4843 951 4894 Amemus
1006 4838 1369 4911 inquantum
1427 4855 1758 4914 possumus

104 4925 302 4997 Deum,
318 4927 647 4999 diligamus
665 4933 723 4984 et
743 4927 1111 5001 proximum,
1126 4934 1177 4984 et
1200 4929 1379 4985 simul
1399 4946 1644 5003 quoque
1676 4928 1757 4987 ad

102 5012 198 5068 Dei
227 5013 515 5075 ferculum
539 5017 907 5089 pertinemus
932 5036 943 5073 :
980 5016 1122 5089 quia
1149 5018 1298 5075 sicut
1323 5018 1611 5091 scriptum
1643 5023 1754 5085 est,

102 5102 295 5160 media
345 5105 632 5163 cbaritate
681 5106 1030 5163 constravit.
1093 5106 1279 5164 Habet
1332 5107 1559 5180 quippe
1616 5108 1756 5169 cha-

99 5189 350 5264 ritatem,
381 5198 438 5251 et
460 5193 542 5251 ibi
562 5195 692 5252 sine
720 5194 911 5252 dubio
951 5195 1269 5268 praevenis,
1300 5195 1403 5251 ubi
1430 5204 1487 5251 et
1528 5194 1754 5255 colum-

99 5295 177 5337 na
220 5288 505 5353 argentea
555 5285 819 5354 erigitur.
854 5290 911 5341 et
941 5301 1230 5343 ascensus
1272 5301 1615 5360 purpureus
1670 5289 1753 5341 te-

99 5374 304 5428 netur:
347 5388 491 5429 nam
519 5375 667 5448 quia
701 5375 818 5432 hoc
874 5381 1118 5448 prepter
1167 5379 1441 5432 nostram
1498 5374 1753 5435 inﬁrmi-

102 5463 272 5517 tatem
351 5461 604 5531 dicitur,
666 5469 870 5537 aperte
943 5468 1318 5520 monstratur
1411 5481 1548 5521 cum
1636 5464 1753 5519 illic

101 5548 411 5607 subditur:
474 5553 716 5609 «Media
773 5554 1059 5610 charitate
1137 5553 1457 5608 constravit
1511 5558 1753 5625 propter

102 5656 129 5685 οι
169 5637 318 5694 tilias
348 5640 737 5700 Hierusalem.
780 5666 811 5696 υ
865 5643 1037 5701 Filias
1087 5643 1296 5700 dicunt
1326 5657 1451 5698 non
1480 5642 1659 5712 ﬁlios,
1687 5641 1751 5697 id

98 5729 187 5782 est
209 5725 479 5787 inﬁrmos
510 5748 657 5806 :per
682 5732 839 5791 ﬁlios
891 5731 1257 5803 Hierusalem
1310 5731 1747 5801 inﬁrmantium

1907 453 2401 523 resetmartyres,
2441 468 2547 523 per
2566 457 2867 525 praecepta
2897 453 3200 513 charitatis
3220 454 3279 509 in
3312 456 3576 513 caelestia

1906 536 2110 594 locum
2137 541 2460 604 constituit,
2496 544 2641 616 quia
2694 548 2751 598 et
2792 543 2893 615 qui
2927 544 2986 598 in
3041 544 3358 600 virtutibus
3411 546 3575 601 inﬁr-

1906 631 2171 696 mantur,
2205 628 2255 687 si
2274 630 2406 702 ipsa
2422 632 2584 689 bona
2604 648 2739 705 quae
2765 637 3022 707 possunt
3050 633 3245 691 facere
3266 651 3405 697 cum
3436 636 3578 691 cha-

1905 716 2073 779 ritate
2103 733 2229 777 non
2255 719 2591 791 negligant,
2619 736 2656 783 a
2688 722 2785 777 Dei
2808 721 3202 779 aedificatione
3234 722 3409 779 alieni
3446 741 3571 785 non

1907 811 2065 862 sunt.
2098 808 2304 867 Omnis
2331 810 2497 869 enim
2524 810 2630 889 qui
2660 810 3011 867 charitatem
3039 811 3223 875 habet
3242 812 3336 868 Dei
3365 817 3571 891 ctpro-

1902 895 2071 963 ximi,
2099 896 2181 954 ad
2207 897 2364 957 hanc
2420 899 2693 973 requiem
2740 904 2797 955 et
2846 899 2923 955 ad
2973 901 3093 955 has
3126 900 3336 974 epulas
3394 901 3567 957 laetus

1899 985 2205 1055 pervenit:
2242 986 2367 1044 haec
2406 987 2614 1049 omnia
2643 994 3002 1051 ornamenta
3032 989 3302 1046 Ecclesiae
3344 991 3569 1065 praesti-

1900 1074 1966 1131 tit
1996 1075 2262 1133 Christus
2279 1075 2360 1132 ob
2390 1076 2643 1137 nimiam
2665 1078 3016 1143 charitatem
3047 1096 3171 1153 qua
3200 1080 3404 1137 dilexit
3428 1096 3565 1152 nos,

1899 1169 1955 1221 et
1988 1166 2227 1223 tradidit
2256 1168 2649 1241 semetipsum
2673 1185 2789 1241 pro
2816 1168 3013 1225 nobis.

1970 1277 1997 1302 ‹‹
2024 1256 2389 1324 Egredimini
2417 1262 2472 1313 et
2492 1256 2712 1323 videte.
2741 1256 2877 1317 ﬁliae
2921 1258 3309 1328 Hierusalem,
3360 1276 3566 1333 regem

1900 1366 1928 1394 α
1959 1343 2365 1403 Salomonem.
2400 1367 2428 1395 ››
2460 1345 2551 1401 Ad
2600 1345 2760 1407 hanc
2809 1347 3009 1420 itaque
3066 1347 3350 1413 laetitiam,
3398 1353 3455 1415 et
3486 1348 3564 1405 ad

1895 1431 2077 1507 huius
2108 1433 2379 1505 mysterii
2423 1434 2892 1505 contemplanda
2947 1439 3197 1509 secreta,
3241 1452 3365 1497 non
3407 1436 3567 1493 inﬁr-

1897 1536 2032 1587 mae,
2059 1520 2462 1593 scdperfectae
2493 1521 2709 1577 animae
2744 1527 3171 1592 convocantur,
3200 1540 3335 1597 quae
3381 1524 3441 1579 in
3471 1541 3563 1579 re-

1896 1624 1969 1680 ge
2002 1609 2325 1667 Salomone
2347 1610 2687 1667 dominium
2703 1612 3062 1684 intelligunt,
3083 1612 3306 1687 quibus
3325 1614 3562 1670 dicitur:

1898 1698 2262 1770 Egredimini
2307 1705 2509 1763 mente
2538 1705 2596 1756 et
2636 1706 2774 1767 actu
2825 1702 2900 1758 de
2960 1702 3303 1765 turbulenta
3351 1703 3563 1765 mundi

1896 1789 2375 1858 conversatione,
2427 1794 2492 1848 ut
2569 1808 2772 1862 regem
2850 1792 3099 1863 valeatis
3150 1792 3371 1851 videre.
3405 1815 3434 1844 «
3497 1796 3560 1849 In

1895 1877 2257 1945 diademate,
2294 1902 2321 1930 «
2380 1896 2503 1953 quo
2566 1882 2880 1938 coronavit
2936 1898 3076 1938 eum
3124 1889 3315 1937 mater
3364 1898 3494 1938 sua.
3530 1905 3559 1931 »

1894 1967 2095 2024 Videte
2130 1968 2451 2031 Dominum
2480 1969 2781 2026 Christum
2836 1971 2894 2025 in
2940 1970 3336 2044 humanitate,
3371 1988 3558 2049 quam

1892 2056 1968 2115 de
1997 2057 2227 2127 virgine
2284 2064 2474 2115 matre
2505 2064 2847 2135 susceptam
2892 2060 2953 2115 in
2988 2060 3317 2133 majestatis
3364 2065 3559 2137 pater-

1892 2163 1987 2203 nae
2016 2147 2263 2211 dextera
2325 2148 2657 2213 collocavit.
2689 2171 2717 2199 κ
2753 2153 2815 2205 In
2856 2148 2951 2213 die
2981 2149 3462 2227 desponsationis
3494 2149 3560 2205 il-

1890 2237 2075 2297 lius.»
2107 2243 2195 2297 est
2250 2238 2308 2295 in
2342 2244 2611 2312 tempore
2645 2240 3073 2299 incarnationis
3104 2238 3283 2308 illius,
3328 2256 3452 2313 quo
3478 2240 3558 2296 ad

1890 2327 2300 2403 copulandam
2342 2329 2454 2391 sibi
2488 2330 2813 2387 Eeclesiam
2845 2346 3139 2409 sponsam
3170 2345 3242 2384 ex
3280 2318 3558 2402 virginali

1891 2424 2059 2474 utero
2082 2419 2387 2491 processit.
2414 2442 2441 2471 ‹‹
2472 2423 2538 2476 Et
2570 2419 2632 2477 in
2671 2419 2767 2475 die
2796 2419 3005 2475 laetitiae
3036 2419 3234 2475 cordis
3262 2420 3462 2490 ejus.»
3492 2419 3555 2475 1d

1890 2514 1977 2565 est
2006 2509 2400 2585 redemptoris
2454 2510 2705 2566 humani
2759 2510 3018 2585 generis,
3078 2526 3212 2591 quae
3265 2508 3375 2564 fuit
3427 2509 3555 2577 dies

1888 2598 2093 2655 laetitiae
2145 2600 2394 2661 Christo.
2447 2600 2666 2657 Aliter:
2700 2599 2999 2659 Admonet
3039 2604 3103 2655 ut
3158 2615 3395 2674 semper
3417 2602 3556 2667 ante

1887 2687 2095 2745 oculos
2123 2688 2321 2747 cordis
2349 2688 2615 2751 habeant
2662 2691 2879 2746 sanctae
2910 2688 3123 2744 animae
3160 2704 3364 2759 regem
3396 2687 3558 2743 Salo-

1888 2793 2154 2848 monem,
2186 2778 2302 2837 hoc
2323 2784 2411 2835 est
2449 2778 2770 2852 paciﬁcum
2796 2784 3095 2851 nostrum,
3127 2779 3232 2861 qui
3257 2777 3555 2847 estChris-

1888 2872 2001 2927 tus.
2037 2871 2096 2929 In
2120 2867 2484 2939 diademate,
2510 2869 2570 2925 id
2593 2872 2682 2927 est
2705 2867 2764 2924 in
2795 2867 2898 2925 illa
2915 2868 3125 2942 spinea
3147 2884 3391 2932 corona,
3426 2883 3554 2942 qua

1886 2956 2197 3015 coronavit
2226 2973 2366 3014 eum
2391 2963 2583 3014 mater
2613 2975 2742 3014 sua.
2767 2959 3093 3031 Synagoga
3120 2957 3550 3023 scilicetJtldae-

1884 3062 2081 3111 orum,
2115 3062 2185 3100 ex
2236 3062 2360 3118 qua
2392 3047 2730 3101 secundum
2779 3045 3024 3101 carnem
3084 3047 3319 3114 genitus
3375 3048 3546 3115 estin

1884 3134 1979 3195 die
2028 3134 2512 3207 desponsationis
2548 3134 2700 3209 ejus,
2726 3150 2850 3215 quo
2881 3133 2993 3189 sibi
3025 3133 3417 3207 desponsavit
3450 3138 3548 3191 Ee-

1884 3223 2148 3279 clesiam.
2185 3228 2320 3289 Quae
2376 3224 2573 3295 major
2623 3222 2827 3289 laetitia
2870 3239 3002 3289 esse
3057 3222 3252 3295 potuit
3293 3224 3544 3294 Christo,

1882 3329 2068 3387 quam
2103 3328 2243 3371 cum
2273 3328 2380 3386 per
2411 3314 2541 3384 ejus
2593 3313 2945 3387 passionem
3004 3311 3336 3386 redemptio
3389 3314 3546 3383 facta

1881 3408 1972 3461 est
1990 3402 2242 3463 humani
2262 3403 2497 3474 generis
2518 3404 2545 3459 ?

2528 3548 2752 3603 CAPUT
2772 3548 2861 3601 ιν.

1952 3694 1978 3721 ‹‹
2016 3673 2207 3743 Quam
2246 3671 2500 3743 pulchra
2530 3688 2615 3740 es,
2647 3670 2843 3727 amica
2875 3687 3033 3742 mea,
3060 3687 3249 3745 quam
3290 3671 3546 3746 pulchra

1877 3763 1975 3823 es!
2000 3782 2029 3817 λ)
2061 3761 2296 3819 Abrasa
2327 3762 2549 3825 scilicet
2578 3762 2745 3823 omni
2797 3761 3079 3827 vitiorum
3105 3761 3542 3829 consuetudine

1877 3853 2075 3913 carnis
2102 3856 2157 3908 et
2189 3869 2223 3915 θ,
2266 3851 2599 3919 multorum
2629 3850 2884 3909 deorum
2929 3849 3196 3924 turpium
3230 3848 3413 3919 cultu,
3463 3850 3542 3906 ad

1878 3958 2068 4005 unum
2090 3958 2300 3999 verum
2327 3944 2515 4007 Deum
2555 3957 2860 3999 conversae
2907 3939 3181 4007 Ecclesiae
3234 3939 3541 4010 geminam

1874 4031 2383 4104 pulchritudinem
2412 4030 2640 4088 laudat.
2675 4028 2993 4087 Pulchram
3023 4028 3172 4084 dixit
3191 4028 3538 4103 Ecclesium,

1875 4125 1932 4183 et
1962 4121 2280 4194 pulchram
2333 4121 2564 4201 repetit,
2621 4119 2766 4192 quia
2794 4119 2950 4175 hanc
3006 4123 3063 4181 et
3115 4118 3540 4193 praedicatione

1874 4216 1930 4267 et
1959 4210 2192 4269 actione
2214 4210 2358 4271 vidit
2382 4226 2511 4267 esse
2527 4209 2919 4269 laudabilem.
2954 4230 2982 4258 ‹‹
3009 4208 3177 4277 Oculi
3200 4208 3283 4265 tui
3313 4208 3538 4277 colum-

1872 4300 2111 4361 barum.
2150 4323 2176 4351 »
2208 4302 2429 4365 Sensus
2460 4300 2565 4367 tui,
2596 4300 2813 4373 inquit,
2848 4297 3250 4373 spiritualium
3275 4304 3418 4363 sunt
3454 4316 3539 4359 re-

1871 4407 2008 4449 rum
2041 4390 2545 4463 contemplatione
2573 4388 2929 4446 excellentes
2960 4405 3030 4445 ac
3050 4389 3395 4463 verecundi.
3423 4391 3538 4447 Seu

1871 4480 2050 4551 oeuli,
2084 4480 2274 4539 sancti
2308 4479 2585 4536 doctores
2633 4480 2818 4535 decus
2867 4477 3075 4551 populi
3107 4478 3533 4552 intelliguntur.

1875 4570 2166 4643 «Absque
2198 4586 2270 4627 eo
2327 4570 2494 4642 quod
2540 4569 2899 4626 intrinsecus
2927 4566 3139 4624 latet.»
3188 4571 3404 4639 magna
3451 4574 3539 4629 est

1870 4660 2095 4734 quippe
2119 4659 2306 4728 gloria
2329 4658 2519 4731 aperfi
2545 4658 2763 4731 operis,
2797 4655 2903 4717 sed
2931 4655 3112 4726 longe
3146 4655 3536 4739 inoptabilior

1872 4753 2105 4807 aeternae
2130 4746 2557 4814 retributionis,
2603 4761 2739 4817 quae
2793 4743 3056 4799 necdum
3089 4744 3273 4805 videri
3312 4748 3526 4816 potest,

1871 4859 1898 4889 (ί
1934 4836 2139 4910 (lapilli
2165 4835 2247 4899 tui
2302 4835 2455 4895 sicut
2502 4849 2715 4913 greges
2772 4847 3119 4907 caprarum,
3159 4848 3295 4904 quae
3327 4848 3534 4889 ascen-

1869 4927 2085 4987 derunt
2114 4926 2190 4983 de
2237 4929 2442 4989 monte
2496 4946 2523 4975 ‹‹
2550 4921 2795 4987 Galaad,
2826 4942 2854 4977 »
2886 4921 3144 4985 Possunt
3172 4920 3233 4978 in
3295 4921 3531 4994 capillis

1869 5016 2073 5079 ﬁdeles
2105 5013 2315 5088 populi
2345 5011 2555 5087 accipi,
2587 5011 2691 5084 qui
2712 5009 3049 5077 maximum
3079 5008 3264 5077 decus
3290 5026 3403 5075 sua
3421 5026 3531 5077 nu-

1867 5106 2208 5169 merositate
2236 5103 2506 5179 praebent
2550 5099 2842 5163 Ecclesiae.
2877 5097 3103 5155 Galaad
3135 5114 3386 5169 acervus
3425 5107 3507 5171 (es

1867 5195 2102 5251 timonii
2128 5193 2567 5266 interpretatur,
2594 5189 2700 5263 qui
2730 5188 2884 5246 bene
2920 5189 3201 5245 convenit
3240 5189 3527 5261 adunatae

1866 5281 2233 5340 multitudini
2265 5284 2632 5345 sanctorum,
2695 5280 2950 5333 Possunt
2977 5293 3084 5351 per
3113 5277 3362 5351 capillos
3392 5292 3529 5359 spe-

1866 5371 2089 5429 cialiter
2122 5369 2241 5444 ipsi
2295 5368 2400 5442 qui
2430 5384 2500 5424 ex
2534 5365 2986 5433 circumcisione
3019 5365 3400 5435 crediderunt
3428 5364 3522 5421 de-

1866 5460 2124 5531 signari;
2163 5458 2224 5517 hi
2282 5458 2690 5519 accenderunt
2712 5455 2786 5512 de
2837 5459 3039 5511 monte
3082 5454 3330 5541 Galaad,
3379 5453 3530 5535 quia

1861 5549 2338 5623 pertcstimonia
2370 5563 2680 5611 sacrarum
2739 5543 3182 5625 Scripturarum
3231 5548 3525 5619 senerunt

1860 5640 2209 5793 aihggges
2234 5727 2323 5786 tui
2349 5726 2501 5787 sicut
2526 5742 2735 5800 greges
2764 5731 3099 5801 tonsamm,
3130 5740 3269 5815 (Ith
3313 5740 3527 5803 assen-
