3968 6388
458 261 562 314 607

1560 258 1918 314 ANGELOMI
1957 254 2409 312 LUXOVIENSIS
2448 253 2765 314 MONACHI

3773 255 3866 310 608

461 408 488 434 ‹‹
521 383 738 439 derunt
763 381 836 437 de
853 381 1110 438 lavacro.
1132 401 1161 434 »
1188 387 1248 437 ln
1275 383 1502 456 capillis
1526 382 1875 452 fragiliores,
1898 379 2104 436 viden-
2136 384 2183 436 Α
2221 384 2314 437 cto
2335 381 2498 439 illata
2517 382 2698 439 estad
2723 381 2876 437 iram
2899 395 3070 436 mens
3088 378 3457 449 accenditur,
3481 377 3689 435 audiat
3713 379 3867 450 quod

459 472 618 528 tibus
647 487 786 526 vero
819 470 1192 543 perfectiores
1224 473 1447 545 quique
1476 477 1943 544 sanctarumque
1964 469 2110 525 Scri-

459 568 773 635 pturarum
805 562 1196 633 expositores,
1230 567 1286 617 et
1315 562 1394 617 ad
1421 563 1742 633 regendam
1786 561 2109 617 Ecclesiam

461 649 586 722 apti
612 649 1018 719 designantur,
1042 651 1144 723 qui
1169 650 1318 706 lacte
1349 651 1632 706 doctrinae
1663 666 1787 706 non
1815 649 2106 719 indigent,

462 739 721 795 solidum
735 738 937 794 cibum
952 740 1299 795 mandendo
1339 740 1467 796 aliis
1499 740 1866 812 impertiunt.
1885 738 1994 805 Qui
2013 754 2109 793 as-

461 827 882 884 cenderuntdc
913 827 1174 896 lavacro,
1209 829 1265 885 id
1300 835 1389 886 est
1407 829 1566 886 fonte
1600 829 1750 885 sacri
1779 828 2109 900 baptisma-

461 918 550 983 tis,
575 917 679 989 qui
709 922 765 972 et
786 916 938 972 tonsi
970 918 1150 974 etloti
1179 924 1336 986 sunt,
1361 920 1476 975 hoc
1499 924 1604 986 est,
1661 918 1869 974 nudati
1927 917 2108 972 rebus

457 1006 865 1062 renuntiantes
892 1006 1133 1078 saeculo,
1147 1013 1203 1063 et
1219 1008 1351 1063 vita:
1372 1007 1618 1063 lavacro
1633 1005 1918 1062 mundati.
1939 1007 2110 1062 «0m-

459 1117 487 1146 (
521 1109 628 1148 nes
660 1094 928 1164 gemellis
959 1093 1197 1150 fetibus.
1224 1114 1253 1144 ι
1282 1095 1346 1150 Id
1379 1100 1467 1151 est
1497 1095 1738 1163 gemina
1798 1095 2104 1160 charitate,

456 1181 551 1236 vel
573 1181 691 1236 ﬁde
721 1187 777 1237 et
801 1197 980 1254 opere
1002 1183 1261 1239 fecundi.
1298 1205 1326 1234 «
1362 1186 1427 1238 Et
1455 1183 1666 1238 sterilis
1691 1199 1812 1239 non
1845 1187 1931 1238 est
1956 1181 2110 1237 inter

459 1293 485 1319 «
521 1287 623 1326 eas
647 1288 659 1325 :
688 1294 716 1320 »
739 1286 862 1326 non
892 1276 980 1327 est
1007 1272 1112 1343 qui
1135 1271 1287 1328 fetus
1303 1273 1448 1328 boni
1469 1273 1666 1344 operis
1692 1288 1815 1328 non
1845 1276 2006 1342 agat.

533 1361 743 1415 «Sicut
772 1361 913 1416 vitta
971 1361 1252 1416 coccinea
1302 1361 1468 1417 labia
1509 1367 1647 1430 .tua,
1702 1366 1757 1417 et
1801 1360 2109 1432 eloquium

459 1470 487 1498 ‹‹
520 1455 690 1504 tuum
710 1448 902 1504 dulce.
940 1473 966 1498 »
1003 1451 1258 1505 Coccum
1287 1451 1450 1506 color
1475 1456 1565 1507 est
1609 1451 1920 1522 sanguinis
1966 1450 2104 1505 vitta

461 1539 742 1594 coccinea
766 1540 1041 1611 (myrrha
1062 1540 1296 1609 dicitur)
1319 1557 1593 1597 cruorem
1620 1541 1893 1611 designat
1911 1539 2111 1596 beato-

458 1642 595 1681 rum
624 1633 978 1700 martyrum.
1013 1629 1111 1684 Vel
1141 1629 1286 1686 vitta
1308 1630 1586 1686 coccinea
1606 1631 1880 1687 doctrina
1904 1631 2112 1685 verita-

2219 470 2434 526 dicitur
2462 489 2523 527 τε
2555 475 2679 527 Non
2710 485 2950 543 quaeras
2983 468 3289 524 ultionem.
3323 485 3433 523 nec
3484 483 3716 522 memor
3764 468 3866 522 eris

2218 559 2447 630 injuriae
2471 561 2696 616 civium
2725 565 2964 615 tuorum
2995 559 3184 629 (Levit
3213 575 3329 614 xxx.
3355 579 3382 607 »
3412 561 3477 612 ln
3507 556 3705 612 carnis
3736 573 3866 612 con-

2221 649 2586 721 cupiscentia
2612 648 2768 704 male
2792 649 3059 703 sauciata
3091 663 3261 702 mens
3291 645 3662 715 accenditur,
3687 661 3762 701 ne
3793 661 3869 700 se-

2217 742 2440 811 quatur
2475 738 2684 795 oculus
2716 742 3000 808 mentem,
3030 736 3240 792 audiat
3284 734 3452 808 quod
3480 734 3708 790 dictum
3741 739 3827 791 est
3855 752 3866 790 :

2219 849 2246 877 ‹‹
2276 827 2383 892 Qui
2411 827 2622 883 viderit
2663 826 2976 882 mulierem
3005 825 3085 882 ad
3136 824 3690 897 concupiscendum
3721 839 3866 891 eam,

2212 917 2344 987 jam
2372 917 2709 972 moechatus
2736 919 2824 970 est
2853 930 2988 970 eam
3021 915 3080 970 in
3105 913 3287 970 corde
3319 929 3429 969 suo
3459 913 3701 984 (Matth.
3734 917 3815 980 v.)
3846 938 3868 961 ››

2219 1007 2436 1062 Contra
2462 1005 2774 1060 inimicum
2803 1002 3051 1059 forsitan
3094 1003 3354 1075 quisque
3384 1003 3658 1057 animum
3703 1017 3871 1056 suum

2216 1093 2486 1150 relaxare
2516 1093 2781 1166 disponit
2809 1092 2871 1147 in
2901 1092 3064 1162 odio,
3093 1091 3300 1148 audiat
3323 1091 3490 1164 quod
3539 1090 3657 1145 illic
3698 1090 3872 1162 scrip-

2217 1186 2346 1238 tum
2377 1187 2464 1238 est
2490 1199 2503 1237 :
2535 1206 2561 1232 ‹‹
2589 1181 2816 1252 Diligite
2840 1180 3115 1236 inimicos
3144 1185 3368 1236 vestros
3393 1180 3612 1251 (Ibid.),
3644 1203 3672 1228 ››
3719 1184 3776 1234 et
3795 1195 3873 1234 re-

2216 1271 2402 1344 liqua.
2438 1270 2551 1327 Sed
2577 1271 2626 1326 is
2656 1269 2761 1343 qui
2787 1269 2984 1325 aliena
3008 1271 3141 1341 jam
3163 1285 3285 1325 non
3318 1269 3493 1341 rapit,
3521 1267 3726 1324 adhuc
3758 1268 3869 1323 for-

2220 1359 2371 1415 sitan
2401 1359 2740 1415 inordinate
2760 1359 2992 1426 retinet,
3025 1358 3234 1414 audiat
3290 1357 3457 1430 quod
3485 1357 3602 1412 illic
3633 1357 3872 1412 dicitur:

2221 1470 2249 1498 «
2278 1448 2520 1504 Vendite
2553 1464 2688 1520 quae
2727 1447 3070 1519 possidetis,
3123 1452 3180 1502 et
3235 1447 3374 1502 date
3426 1446 3876 1518 eleemosynam

2224 1537 2385 1608 (Luc.
2415 1541 2540 1605 x11).
2567 1559 2594 1585 »
2627 1536 2988 1592 lnﬁrmantis
3011 1536 3250 1592 animus
3269 1536 3375 1608 qui
3403 1535 3626 1608 perfrui
3655 1534 3880 1590 deside-

2172 1623 2189 1644 ‘
2220 1630 2316 1682 rat
2337 1627 2455 1681 Deo
2483 1625 2664 1680 simul
2685 1629 2740 1680 et
2761 1625 3003 1696 saeculo,
3026 1624 3235 1680 audiat
3262 1624 3560 1696 quodillic
3593 1624 3876 1696 scriptum

459 1715 532 1772 tis
563 1715 924 1786 intelligitur.
959 1718 1142 1775 Labia
1160 1735 1418 1790 sponsae,
1450 1719 1512 1774 id
1542 1725 1630 1776 est
1657 1719 1953 1786 Ecclesiae,
1983 1736 2111 1775 coc-
2140 1737 2182 1792 Β
2226 1719 2313 1769 est
2337 1731 2348 1768 :
2371 1738 2398 1764 ‹‹
2426 1717 2608 1769 Nemo
2631 1713 3081 1786 potestduobus
3105 1712 3369 1768 dominis
3392 1713 3613 1768 servire
3636 1713 3873 1779 (Matth.

459 1820 529 1859 co
556 1805 980 1874 assimilantur,
1021 1807 1166 1880 quia
1197 1807 1484 1863 Dominici
1509 1809 1820 1877 sanguinis
1852 1808 2112 1881 pretium

456 1909 579 1965 quo
607 1894 918 1966 redempta
949 1901 1035 1952 est
1059 1897 1384 1969 praadicare
1411 1913 1533 1953 non
1564 1903 1774 1967 cessat,
1801 1903 1856 1954 et
1884 1899 1944 1953 in
1962 1915 2112 1971 prae-

457 1982 754 2038 dicatione
781 1984 858 2040 ab
891 1985 1103 2042 ardore
1131 1992 1352 2042 sanctae
1384 1987 1687 2043 charitatis
1731 1989 2108 2058 ﬂammescit,

455 2076 513 2126 et
541 2072 843 2128 auditores
874 2091 1014 2130 suos
1042 2076 1101 2131 in
1131 2076 1444 2132 dilectione
1474 2077 1576 2132 Dei
1603 2077 1880 2133 ardentes
1910 2077 2106 2133 efﬁcit.

456 2183 483 2208 «
517 2161 678 2217 Sicut
706 2162 980 2232 fragmen
1003 2164 1378 2238 malipunici,
1399 2165 1481 2221 ita
1509 2181 1678 2235 gente
1711 2170 1848 2232 tute,
1878 2165 2110 2238 absque

457 2253 590 2321 «:eo
619 2251 786 2323 quod
815 2252 1172 2310 intrinsecus
1199 2254 1358 2310 latet.
1397 2279 1423 2305 »
1449 2255 1514 2311 lu
1537 2255 1703 2326 genis
1725 2255 2106 2321 verecundia,

454 2340 516 2396 in
547 2341 710 2396 malo
737 2343 960 2414 punico
990 2345 1192 2418 passio
1243 2345 1452 2401 Christi
1503 2345 1870 2417 exprimitur.
1925 2345 2112 2402 Habet

453 2445 595 2499 ergo
626 2431 908 2487 ruborem
938 2434 999 2489 in
1036 2434 1204 2502 genis
1238 2450 1464 2505 sponsa
1492 2434 1636 2490 mali
1693 2433 1919 2508 punici,
1969 2452 2109 2490 cum

452 2525 899 2576 sacramentum
934 2522 1254 2578 Dominicae
1286 2523 1479 2578 crucis
1509 2522 1706 2578 verbis
1761 2523 1997 2593 fatetur,
2054 2528 2110 2578 et

452 2606 621 2662 factis
649 2608 885 2680 probat.
918 2609 1133 2665 Aliter:
1168 2610 1250 2666 Illi
1281 2611 1440 2666 enim
1460 2611 1672 2666 faciem
1707 2612 1977 2666 Ecclesiae
2001 2612 2105 2667 de-

453 2686 596 2751 cora
613 2695 858 2763 faciunt,
887 2700 1010 2769 qui,
1031 2699 1350 2754 comitante
1368 2699 1751 2770 verecundia,
1775 2700 2108 2756 castitatem

458 2789 713 2839 servant.
751 2785 855 2840 Vel
886 2791 1040 2842 certe
1065 2803 1232 2856 genas
1265 2788 1536 2844 Ecclesiae
1569 2793 1706 2844 sunt
1737 2789 1926 2844 sancti
1951 2806 2106 2844 mar-

455 2874 637 2943 tyres,
665 2873 769 2945 qui
800 2873 1100 2930 imitantes
1132 2876 1336 2932 Christi
1365 2878 1734 2950 passionem,
1763 2894 1936 2934 roseo
1967 2894 2106 2933 san-

457 2959 655 3030 guinis
684 2962 772 3018 sui
796 2962 953 3020 velut
976 2963 1250 3035 fragmen
1273 2965 1413 3022 mali
1466 2967 1668 3040 punici
1715 2967 1930 3023 decore
1977 2984 2108 3040 per-

454 3047 570 3104 fusi
595 3054 750 3106 sunt.

527 3159 556 3188 «
591 3138 749 3196 Sicut
775 3139 949 3196 turris
975 3141 1158 3197 David
1191 3142 1409 3200 collum
1427 3146 1623 3212 tuum,
1646 3160 1780 3218 quae
1813 3143 2107 3202 aediﬁcata

455 3249 482 3276 ‹‹
512 3231 600 3284 est
687 3245 828 3285 cum
881 3232 1355 3304 propugnaculis
1403 3232 1602 3288 suis.»
1660 3233 1865 3290 Turris
1919 3234 2106 3290 David

455 3321 664 3398 sancta
693 3318 951 3375 Ecclesia
973 3325 1077 3390 est,
1092 3321 1215 3377 sive
1232 3322 1515 3394 perfectio
1530 3322 1622 3378 vel
1642 3323 1915 3380 doctrina
1939 3339 2109 3378 sanc-

454 3408 673 3469 torum,
706 3423 842 3478 quae
871 3423 996 3463 non
1024 3425 1060 3464 a
1089 3425 1172 3477 se,
1201 3410 1305 3465 sed
1335 3427 1372 3466 a
1427 3411 1656 3468 Christo
1714 3417 1821 3468 est.
1875 3411 2108 3467 Collum

455 3491 572 3564 ipsi
599 3499 738 3548 sunt
767 3495 1213 3566 praedicatores,
1244 3515 1507 3570 quorum
1538 3504 1596 3556 et
1623 3501 1959 3556 constantia
2012 3517 2108 3556 ea-

455 3580 596 3636 dem
618 3581 824 3638 civitas
852 3582 1028 3640 ﬁrma
1059 3591 1165 3656 est,
1198 3591 1253 3642 et
1278 3587 1544 3660 undique
1600 3589 2104 3661 inexpugnabilis.

456 3670 922 3743 Propugnacula
945 3679 1148 3730 autem
1174 3675 1445 3746 ejusdem
1473 3677 1723 3734 civitatis
1781 3678 2108 3750 Scriptura-

454 3777 589 3816 rum
621 3778 929 3818 sacrarum
961 3765 1298 3820 munimina
1329 3771 1485 3833 sunt,
1518 3767 1612 3822 vel
1643 3772 1884 3839 patrum
1913 3784 2111 3840 prece-

455 3850 727 3907 dentium
755 3853 1053 3926 exempla.
1082 3877 1108 3905 «
1133 3854 1279 3912 Mille
1312 3855 1506 3927 clypei
1536 3855 1803 3929 pendent
1833 3873 1904 3912 ex
1961 3874 2051 3913 ea.
2080 3879 2108 3908 »

455 3940 604 4006 Quia
633 3947 780 4014 quot
808 3943 870 3998 in
889 3942 1107 4000 divinis
1138 3944 1304 4000 libris
1333 3950 1636 4018 praecepta
1667 3951 1825 4016 sunt,
1860 3951 1944 4003 tot
1971 3950 2110 4003 sunt

453 4031 640 4084 nostri
664 4033 918 4102 pectoris
946 4033 1304 4094 munimina.
1334 4035 1556 4107 quibus
1587 4043 1800 4092 contra
1855 4036 2106 4092 insidias

456 4129 668 4170 omnes
724 4119 1125 4178 defendimur.
1152 4146 1179 4174 «
1215 4125 1419 4180 Omnis
1451 4130 1757 4181 armatura
1785 4125 2045 4183 fortium.
2079 4149 2108 4177 π

459 4202 664 4259 Omnis
695 4206 1003 4266 instructio
1060 4215 1168 4280 est,
1225 4213 1319 4268 vel
1377 4215 1766 4286 operationis,
1821 4217 1915 4272 vel
1963 4216 2108 4272 doc-

455 4291 624 4347 trinae
702 4295 974 4366 caelestis,
1039 4314 1146 4371 per
1227 4318 1413 4374 quam
1498 4319 1620 4360 non
1681 4304 1877 4360 solum
1970 4322 2110 4362 eva-

456 4379 677 4446 dimus,
741 4385 848 4440 sed
908 4387 1086 4444 etiam
1135 4407 1510 4462 superamus.
1598 4393 1877 4450 Dicamus
1933 4399 2114 4467 prout

456 4483 618 4542 papa
649 4474 962 4544 Gregorius
995 4493 1151 4534 more
1200 4495 1310 4534 suo
1362 4480 1714 4538 mirabiliter
1760 4482 2010 4539 intonat.
2045 4484 2111 4538 In

458 4559 608 4615 collo
636 4563 853 4619 etenim
899 4570 1101 4636 guttur
1129 4567 1190 4623 in
1223 4572 1457 4638 gutture
1496 4586 1613 4626 vox
1654 4573 1762 4626 est.
1797 4571 1950 4636 Quid
2008 4587 2114 4643 per

456 4648 677 4706 collum
696 4658 914 4710 sanctae
930 4656 1218 4724 Ecclesiae,
1235 4657 1346 4712 nisi
1361 4675 1534 4714 sacra
1547 4659 1785 4732 eloquio
1799 4660 2116 4730 designan-

454 4741 577 4796 tur?
590 4744 653 4796 ln
667 4758 790 4814 qua
805 4744 963 4800 mille
977 4745 1169 4818 clypei
1189 4746 1530 4818 dependere
1547 4754 1992 4805 memorantur:
2010 4765 2116 4821 per

454 4826 616 4884 hunc
638 4832 967 4902 perfectum
992 4851 1314 4891 numerum
1347 4853 1637 4894 numerus
1661 4838 1978 4894 universus
2018 4855 2116 4893 os-

456 4919 739 4991 tenditur,
758 4924 904 4994 quia
920 4924 1200 4980 universa
1220 4931 1426 4981 nostra
1444 4927 1699 4981 munitio
1721 4926 1780 4980 in
1804 4943 1976 4982 sacro
1995 4927 2117 4982 elo-

456 5008 598 5077 quio
621 5013 978 5068 continetur.
1023 5015 1106 5069 Ibi
1124 5015 1350 5086 quippe
1377 5020 1518 5070 sunt
1539 5019 1840 5087 praecepta
1878 5017 2000 5085 Dei,
2035 5013 2119 5072 ibi

457 5096 733 5169 exempla
758 5101 1078 5169 justorum.
1101 5104 1156 5158 Si
1177 5104 1337 5158 enim
1355 5108 1549 5175 torpet
1567 5103 1807 5158 animus
1836 5121 1873 5160 a
1903 5105 2117 5161 Condi-

457 5185 601 5240 toris
648 5203 759 5242 suo
801 5189 1118 5258 desiderio,
1152 5192 1358 5247 audiat
1379 5191 1545 5263 quod
1562 5191 1777 5246 dicitur
1812 5211 1824 5248 :
1852 5213 1881 5246 «
1906 5194 2121 5264 Diliges

459 5271 779 5332 Dominum
804 5280 992 5334 Deum
1031 5284 1202 5334 tuum
1243 5279 1460 5349 (Exod.
1479 5279 1602 5350 xx),
1623 5301 1651 5328 ››
1683 5284 1739 5334 et
1761 5279 2008 5353 reliqua.
2057 5287 2120 5338 1n

462 5363 598 5419 odio
619 5363 875 5422 fortasse
900 5366 1121 5422 labitur
1142 5367 1422 5438 proximi,
1462 5366 1665 5422 audiat
1682 5367 1847 5439 quod
1872 5369 2117 5429 dicitur:

455 5473 482 5498 «
526 5453 741 5522 Diliges
777 5455 1125 5526 proximum
1179 5459 1350 5509 tuum
1392 5455 1544 5510 sicut
1591 5455 1846 5527 teipsum
1879 5460 2119 5529 (Matth.

456 5542 621 5609 xxn),
657 5564 684 5589 ››
715 5546 825 5597 Res
845 5543 1076 5597 alienas
1098 5543 1488 5613 concupiscit,
1539 5545 1744 5601 audiat
1791 5548 1958 5620 quod
2006 5549 2123 5605 illic

461 5628 747 5699 scriptum
769 5635 892 5685 est:
925 5650 953 5680 ‹
989 5634 1116 5684 Non
1167 5633 1562 5703 concupisces
1590 5651 1715 5690 rem
1747 5639 2007 5709 proximi
2042 5644 2125 5712 tui

463 5715 679 5773 \Exod.
709 5719 829 5788 xx).
858 5740 885 5767 »
917 5717 997 5772 De
1025 5717 1246 5788 injuria
1278 5735 1413 5791 quae
1439 5737 1475 5778 a
1505 5724 1760 5796 proximi
1791 5741 1894 5782 ore
1925 5727 2019 5783 vel
2032 5727 2120 5784 fa-

2223 1809 2327 1872 vi).
2362 1827 2390 1854 »
2410 1804 2572 1860 Alius
2598 1819 2719 1859 non
2750 1803 2829 1859 ad
2869 1804 3282 1858 necessitatem
3326 1803 3626 1876 stipendii,
3662 1803 3773 1858 sed
3804 1802 3874 1857 ad

2221 1893 2592 1949 voluntatem
2612 1892 2890 1948 desiderii
2917 1909 3200 1965 possessa
3222 1893 3449 1962 retinet,
3477 1892 3682 1949 audiat
3721 1892 3876 1965 quod

2220 1981 2337 2037 illic
2350 1982 2564 2038 dicitur
2589 1998 2601 2036 :
2633 2003 2660 2030 κ
2689 1982 2800 2047 Qui
2826 1997 2948 2036 non
2977 1981 3406 2037 renuntiaverit
3431 1981 3722 2036 omnibus
3752 1998 3875 2054 quae

2219 2071 2506 2144 possidet,
2555 2087 2679 2126 non
2709 2075 2904 2142 potest
2959 2087 3088 2126 esse
3136 2087 3308 2126 meus
3351 2071 3875 2143 discipulus;(Luc.

2219 2160 2407 2231 nv).»
2437 2161 2500 2214 In
2528 2159 2680 2215 collo
2735 2159 3032 2229 Ecclesiae,
3091 2159 3152 2215 id
3201 2165 3288 2215 est
3333 2160 3394 2215 in
3448 2159 3603 2215 sacri
3661 2160 3876 2232 eloquii

2220 2249 2665 2322 praedicatione,
2699 2264 2835 2320 quis
2865 2265 2975 2320 pro
3001 2249 3093 2304 sui
3121 2249 3453 2306 munitione
3483 2255 3541 2305 et
3569 2249 3876 2305 altitudine

2220 2338 2366 2395 turri
2394 2337 2585 2395 David
2616 2337 2822 2393 similis
2846 2337 3082 2407 dicitur,
3105 2338 3268 2394 mille
3299 2339 3492 2412 clypei
3515 2339 3876 2412 dependent,

2219 2427 2366 2499 quia
2391 2431 2538 2500 quot
2563 2426 2680 2481 illic
2733 2432 3038 2498 praecepta
3097 2432 3257 2494 sunt,
3292 2432 3376 2484 tot
3409 2429 3590 2484 etiam
3628 2429 3877 2500 pectoris

2219 2517 2408 2572 nostri
2433 2515 2793 2582 munimina,
2825 2515 2976 2572 sicut
2995 2516 3223 2572 dictum
3245 2522 3367 2573 est:
3404 2517 3493 2573 Ad
3519 2519 3876 2574 servandam

2217 2604 2421 2677 itaque
2447 2605 2860 2661 innocentiam
2889 2605 3069 2662 etiam
3100 2606 3225 2661 laesi
3255 2623 3290 2662 a
3327 2607 3606 2679 proximo
3665 2608 3876 2681 perdu-

2218 2710 2351 2750 rare
2382 2694 2444 2749 in
2475 2695 2807 2750 humilitate
2867 2694 3240 2752 festinamus.
3273 2697 3418 2752 Abel
3476 2703 3616 2753 ante
3674 2697 3874 2753 oculos

2216 2783 2436 2850 veniat,
2463 2784 2568 2854 qui
2596 2788 2652 2839 et
2681 2785 2914 2839 occisus
2956 2783 3172 2840 dicitur
3201 2801 3237 2840 a
3278 2785 3476 2853 fratre,
3510 2791 3568 2841 et
3589 2802 3720 2841 non
3745 2785 3876 2854 legi-

2217 2875 2314 2927 tur
2343 2871 2684 2928 reluctatus.
2722 2873 2813 2929 Sic
2843 2873 2917 2928 de
2948 2874 3173 2929 caeteris
3214 2879 3560 2931 sanctorum
3591 2876 3876 2947 exemplis

2219 2960 2620 3016 sentiendum.
2648 2961 2797 3027 Quia
2817 2978 2959 3032 ergo
2976 2964 3036 3018 in
3058 2979 3204 3018 voce
3227 2964 3381 3020 sacri
3403 2963 3627 3036 eloquii
3649 2964 3876 3036 cujusli-

2217 3049 2321 3104 bet
2359 3049 2408 3104 si
2466 3049 2797 3122 quaerimus
2859 3051 3195 3108 munimina
3252 3053 3483 3109 virtutis
3513 3053 3873 3110 invenimus.

2218 3137 2366 3194 Mille
2388 3137 2585 3210 clypei
2612 3139 2955 3212 dependent
2985 3157 3058 3196 ex
3087 3157 3178 3204 ea,
3203 3141 3400 3198 omnis
3427 3147 3740 3198 armatura
3764 3142 3872 3198 for-

2217 3227 2388 3284 tium.
2411 3231 2558 3284 Ecce
2584 3229 2746 3286 enim
2777 3234 2985 3286 contra
3016 3246 3223 3287 aereas
3264 3235 3610 3304 potestates,
3646 3233 3695 3288 si
3724 3231 3874 3289 festi-

2217 3332 2439 3373 namus
2467 3317 2652 3374 fortes
2680 3319 2928 3375 existere
2951 3319 3012 3375 in
3040 3321 3155 3376 hac
3182 3321 3326 3376 turri
3351 3327 3729 3378 armaturam
3752 3339 3876 3378 nos-

2218 3411 2323 3462 trae
2355 3407 2572 3462 mentis
2620 3407 2985 3470 invenimus,
3019 3414 3084 3464 ut
3112 3414 3177 3464 ut
3206 3410 3345 3466 inde
3376 3417 3680 3484 praecepta
3743 3416 3878 3468 Con-

2218 3493 2446 3563 ditoris,
2479 3494 2618 3551 inde
2651 3512 2946 3552 sumanus
3001 3498 3755 3570 exemplapraecedentiu'n
3787 3516 3878 3572 pa-

2218 3588 2400 3654 trum,
2432 3601 2538 3656 per
2565 3601 2753 3658 quam
2781 3592 2988 3642 contra
3012 3587 3393 3645 adversarios
3423 3595 3666 3646 nostros
3719 3591 3878 3646 inex-

2217 3673 2622 3746 pugnabiliter
2638 3692 2966 3733 armemur.
2992 3681 3057 3734 Et
3078 3680 3414 3735 notandum
3431 3679 3575 3752 quia
3591 3681 3879 3736 aedificata

2219 3779 2360 3817 cum
2383 3765 2854 3836 propugnaculis
2877 3766 2999 3820 suis
3029 3767 3260 3822 dicitur.
3286 3769 3392 3824 Hic
3428 3769 3659 3842 quippe
3702 3773 3877 3839 agunt

2218 3852 2677 3923 propugnacula
2705 3854 2871 3925 quod
2903 3854 3120 3927 clypei,
3143 3855 3289 3928 quia
3311 3862 3564 3930 utraque
3606 3872 3875 3930 pugnan-

2220 3944 2340 3996 tem
2351 3941 2650 3997 muniunt.
2671 3942 2912 3998 Sedhoc
2930 3943 3082 3999 inter
3098 3949 3353 4018 utraque
3368 3945 3572 4013 distat,
3593 3947 3745 4019 quia
3767 3945 3875 4017 cly-

2219 4044 2366 4102 peos
2383 4045 2492 4100 pro
2509 4037 2713 4087 nostro
2732 4032 3066 4088 munimine
3099 4033 3424 4108 ibicunque
3441 4035 3728 4091 volumus
3759 4051 3876 4090 mo-

2219 4134 2455 4186 vemus,
2473 4122 2931 4193 propugnaculo
2943 4128 3146 4178 autem
3159 4123 3398 4179 defendi
3416 4140 3769 4196 possumus,
3785 4122 3879 4180 sed

2220 4207 2335 4263 hoc
2358 4224 2601 4264 movere
2623 4225 2746 4265 non
2769 4226 3115 4283 possumus.
3149 4212 3405 4286 Clypeus
3425 4215 3488 4268 in
3531 4230 3724 4270 manu
3755 4218 3838 4269 est
3863 4216 3875 4265 ε

2221 4312 2366 4353 nam
2391 4299 2922 4372 propugnaculum
2956 4317 3080 4357 non
3104 4305 3352 4358 tenetur.
3384 4304 3535 4368 Quid
3563 4320 3712 4375 ergo
3741 4305 3880 4360 inter

2223 4389 2686 4460 propugnacula
2713 4398 2772 4444 et
2801 4390 3046 4463 clypeos
3072 4391 3272 4462 distat,
3303 4393 3418 4448 nisi
3433 4394 3602 4466 quod
3622 4396 3686 4450 in
3715 4407 3878 4450 sacro

2225 4477 2465 4550 eloquio
2481 4482 2720 4550 patrum
2733 4480 3201 4552 praecedentium
3226 4487 3280 4538 et
3298 4483 3590 4539 miracula
3607 4484 3878 4555 legimus,

2223 4583 2358 4639 qua:
2387 4569 2622 4640 operari
2638 4585 2760 4624 non
2778 4570 3068 4639 valemus,
3090 4577 3143 4626 et
3166 4573 3410 4628 virtutes
3432 4573 3738 4630 bonorum
3756 4589 3883 4647 0pc-

2222 4669 2359 4710 rum
2388 4656 2652 4725 odimus,
2678 4658 2900 4730 quibus
2931 4661 3242 4733 operando
3275 4663 3496 4718 muniri
3512 4662 3880 4736 possumus?

2297 4745 2473 4799 «Duo
2519 4746 2706 4802 ubera
2735 4752 2837 4804 tua
2868 4749 3021 4805 sicut
3073 4750 3194 4806 duo
3252 4752 3485 4807 hinnuli
3527 4770 3764 4826 capreae
3795 4769 3882 4821 ge-

2229 4855 2255 4881 «
2292 4833 2473 4897 melli,
2507 4836 2609 4906 qui
2641 4845 2970 4909 pascuntur
3000 4840 3058 4894 in
3099 4840 3235 4896 liliis
3270 4841 3463 4898 donec
3514 4844 3742 4916 aspiret
3765 4843 3881 4898 dies

2230 4943 2257 4970 ‹‹
2283 4926 2337 4977 et
2392 4923 2750 4982 inclinentur
2806 4928 3056 4985 umbrae.
3095 4952 3123 4978 »
3181 4934 3305 4986 Duo
3347 4931 3534 4988 ubera
3593 4934 3880 4999 Ecclesiae,

2227 5009 2350 5066 duo
2380 5016 2773 5072 Testamenta.
2815 5020 2940 5074 Duo
2990 5019 3245 5082 hinnuli,
3293 5021 3415 5076 duo
3472 5022 3686 5094 populi
3748 5026 3877 5076 sunt

2230 5115 2301 5155 ex
2331 5102 2780 5161 circumcisione
2810 5107 3112 5162 venientes
3135 5113 3191 5163 et
3208 5109 3554 5178 gentilitate,
3575 5112 3725 5182 quia
3746 5111 3874 5165 inde

2229 5192 2587 5250 nutriuntur.
2620 5195 2850 5266 Quique
2899 5212 3005 5268 per
3052 5197 3449 5254 humilitatem
3504 5201 3792 5271 parvulos
3829 5215 3882 5253 se

2230 5282 2565 5351 intelligunt
2591 5288 2647 5339 et
2674 5289 3040 5356 peccatores,
3077 5291 3132 5341 et
3163 5303 3303 5342 eum
3325 5289 3611 5344 charitate
3656 5305 3886 5345 curren-

2231 5377 2317 5427 tes
2347 5373 2553 5428 omnia
2609 5373 2824 5428 mundi
2878 5378 3188 5432 transeunt
3247 5377 3579 5433 obstacula.
3615 5380 3727 5444 Qui
3761 5396 3886 5451 pas-

2232 5465 2446 5516 cuntur
2466 5461 2526 5516 in
2550 5461 2705 5527 liliis,
2738 5463 2852 5517 hoc
2910 5467 2996 5518 est
3050 5465 3495 5521 caudidissimis
3544 5473 3886 5524 sanctorum

2232 5551 2520 5622 exemplis
2569 5551 2660 5606 vel
2688 5552 2990 5607 doctrinis.
3052 5557 3128 5608 De
3172 5557 3393 5627 quibus
3452 5559 3733 5628 superius
3775 5564 3888 5612 tan-

2233 5657 2418 5712 quam
2476 5658 2549 5696 ex
2619 5648 2927 5699 armatura
3008 5645 3249 5701 fortium
3311 5646 3690 5719 disputatum
3752 5648 3886 5714 legi-

2235 5747 2392 5786 mus.
2449 5733 2646 5787 Donec
2705 5733 2926 5806 aspiret
2968 5735 3096 5791 dies
3152 5740 3430 5807 aeternus,
3489 5741 3546 5793 et
3590 5741 3891 5795 transeant
