3968 6414
137 306 245 359 609

133 516 514 590 putavimus.
551 541 578 566 «
615 517 852 574 Vadam
910 519 987 574 ad
1029 527 1295 576 montem
1337 521 1598 592 myrrhae
1645 523 1702 574 et
1731 518 1809 573 ad

132 607 357 663 collem
393 607 606 664 thuris.
647 631 675 658 »
700 612 806 664 Per
833 610 1146 681 myrrham
1178 610 1556 666 mortiﬁcatio
1589 609 1804 674 carnis,

130 712 241 770 per
267 697 409 752 thus
435 697 678 753 devotio
707 698 996 754 orationis
1026 699 1390 772 exprimitur.
1424 698 1606 765 Quasi
1646 698 1806 753 dice-

129 787 220 838 ret
252 798 555 855 sponsus:
587 783 1003 855 Frequentabo
1030 801 1149 847 eos,
1195 789 1252 840 et
1293 785 1392 857 pia
1421 783 1714 857 propitius
1744 783 1808 838 il-

128 870 491 928 lustratione
506 871 858 941 gloriﬁcabo
884 889 1039 945 quos
1072 890 1178 946 per
1206 874 1518 946 passiones
1544 873 1666 928 sive
1679 889 1808 928 ora-

128 960 334 1016 tiones
366 960 426 1016 in
462 961 777 1016 virtutibus
808 961 1097 1018 sublimes
1127 979 1259 1018 esse
1289 963 1547 1018 invenio.
1581 962 1759 1018 Aliter
1789 980 1801 1018 :

127 1051 264 1105 Vox
323 1055 419 1106 est
466 1050 978 1122 imperfectorum,
1039 1052 1142 1125 qui
1202 1069 1341 1108 cum
1399 1052 1476 1108 ad
1536 1056 1805 1108 montem

125 1139 402 1212 myrrhae
429 1143 487 1196 et
513 1139 728 1196 collem
773 1141 959 1196 thuris
1011 1141 1368 1212 ascendunt,
1401 1141 1650 1214 quando
1681 1141 1806 1197 illo-

122 1245 267 1284 rum
291 1229 400 1302 qui
427 1245 536 1302 per
566 1229 1091 1286 mortificationem
1141 1231 1339 1287 carnis
1369 1236 1426 1287 et
1449 1231 1804 1304 purissimas

121 1318 438 1374 orationes
516 1318 896 1392 placuerunt,
963 1320 1292 1378 imitatores
1363 1337 1492 1376 esse
1566 1319 1801 1376 deside-

122 1413 288 1464 rant.

201 1521 231 1548 ‹‹
267 1501 419 1555 Tota
449 1499 706 1572 pulchra
735 1515 820 1569 es,
849 1499 1048 1556 amica
1079 1517 1234 1563 mea,
1281 1506 1338 1556 et
1395 1499 1639 1556 macula
1678 1516 1803 1556 non

121 1607 153 1640 ‹
188 1592 283 1644 est
312 1587 376 1642 in
399 1592 476 1644 te.
515 1610 542 1636 »
573 1591 692 1644 Hoc
719 1593 810 1644 est
847 1589 1013 1660 quod
1041 1590 1123 1645 ait
1151 1589 1472 1662 Apostolus
1494 1589 1674 1660 (Eph.
1703 1589 1755 1660 v)
1785 1606 1797 1644 :

122 1701 149 1727 ‹‹
188 1680 260 1733 Ut
290 1677 605 1733 exhiberet
635 1677 747 1734 sibi
778 1677 1103 1748 gloriosam
1160 1679 1483 1735 Ecclesiam
1527 1695 1649 1734 non
1689 1679 1798 1734 ha-

115 1768 374 1824 bentem
410 1768 718 1824 maculam
753 1792 780 1819 »
812 1769 988 1825 malae
1041 1770 1427 1843 operationis,
1463 1792 1490 1819 «
1539 1786 1649 1825 nec
1697 1786 1798 1825 ru-

117 1874 270 1929 gam
309 1881 336 1906 ››
372 1858 760 1932 induplicatze
789 1859 953 1915 ﬁdei.

192 1971 222 1996 «
261 1948 416 2003 Veni
455 1948 530 2003 de
565 1947 811 2018 Libano,
839 1965 1064 2021 sponsa
1093 1965 1250 2016 mea,
1283 1948 1414 2004 veni
1442 1949 1517 2005 de
1550 1948 1796 2020 Libano,

114 2060 142 2085 ι(
181 2037 348 2094 veni.
386 2061 413 2087 ‹‹
443 2036 704 2094 Libanus
731 2039 961 2094 candor
998 2038 1439 2111 interpretatur,
1464 2039 1526 2094 id
1552 2045 1639 2095 est
1677 2039 1800 2095 ani-

115 2145 229 2185 ma
257 2127 442 2184 bonis
474 2129 709 2185 actibus
740 2129 1085 2198 candidate,
1113 2146 1301 2202 quam
1331 2130 1499 2186 tertio
1527 2130 1800 2186 hortatur

112 2235 390 2292 sponsus
421 2223 487 2274 ut
515 2219 736 2275 veniat.
790 2218 985 2274 Primo
1017 2218 1346 2275 adveniens
1394 2219 1453 2274 in
1482 2235 1660 2276 carne
1692 2235 1800 2292 per

107 2308 290 2364 bona
323 2323 531 2381 opera,
565 2307 834 2364 secundo
861 2307 1140 2364 absoluta
1159 2325 1336 2364 carne
1354 2308 1433 2364 ad
1463 2308 1798 2381 percipien-

113 2399 270 2454 dam
310 2397 499 2454 vitam
545 2403 854 2469 aeternam,
905 2399 1076 2454 tertio
1130 2403 1369 2471 recepto
1413 2415 1664 2471 corpore
1718 2397 1798 2454 ad

109 2487 493 2561 perfruenda
540 2493 678 2561 post
705 2488 1204 2545 resurrectionem
1259 2487 1482 2560 gaudia
1510 2487 1792 2562 perfecta.

114 2602 142 2628 ‹‹
183 2577 615 2647 Coronaberis,
663 2577 738 2633 de
765 2579 958 2651 capite
985 2583 1240 2645 Amana,
1267 2579 1341 2633 de
1373 2578 1591 2634 vertice
1626 2577 1798 2634 Sanir

115 2691 145 2720 ‹‹
183 2671 247 2725 et
278 2669 568 2736 Hermon,
597 2667 671 2723 de
725 2666 1027 2722 cubilibus
1057 2667 1324 2735 leonum,
1355 2666 1429 2722 dc
1488 2667 1796 2723 montibus

109 2780 139 2806 ‹‹
173 2757 540 2830 pardorum.
580 2780 608 2806 »
658 2759 885 2813 Leones
929 2761 1175 2830 propter
1219 2757 1588 2830 superbiam,
1620 2757 1796 2830 pardi

105 2851 368 2921 propter
389 2846 802 2903 crudelitatem
818 2846 1070 2918 maligni
1093 2847 1363 2920 spiritus,
1381 2848 1679 2904 montium
1696 2865 1793 2905 ve-

106 2954 180 2994 ro
213 2937 466 2992 nomine
489 2937 755 3010 superba
785 2936 1120 2992 inﬁdelium
1158 2937 1361 3002 corda,
1388 2936 1494 2992 ubi
1523 2937 1790 2994 immun-

105 3028 173 3084 di
222 3027 469 3102 spiritus
500 3026 708 3082 sedem
734 3027 979 3096 habent,
1013 3027 1425 3098 designantur.
1464 3029 1616 3084 Dum
1649 3045 1788 3085 san-

1350 307 1604 363 ENARR.
1641 304 1704 360 IN
1742 301 2050 359 CANTICA
2082 305 2365 366 CANTIC.

135 427 374 484 umbrae
401 428 537 484 vitae
569 429 901 501 praesentis.
933 432 999 486 Et
1024 429 1164 486 hinc
1198 431 1327 502 jam
1361 431 1638 505 superius
1686 428 1806 483 dis-
1840 444 1886 497 Α

3481 327 3586 381 610

1995 449 2023 481 ‹
2057 431 2250 495 Quam
2275 433 2539 506 pulchrae
2573 440 2713 492 sunt
2740 453 3023 494 mammae
3058 443 3195 505 tute,
3231 459 3400 500 soror
3424 463 3582 517 mea,

1921 533 2173 589 sponsa,
2209 545 2236 570 »
2267 526 2328 578 ln
2359 541 2766 582 mammarum
2796 528 3062 602 nomine,
3090 533 3278 588 sancti
3307 533 3583 592 doctores

1918 613 2164 680 propter
2185 612 2660 670 consolationem
2690 615 3071 674 inﬁrmorum
3114 623 3172 676 et
3195 623 3584 692 parvulorum

1921 699 2418 786 sustentationem
2444 703 2882 776 exprimuntur.
2917 707 3188 764 Suavitas
3220 710 3422 780 gratiae
3455 714 3584 786 pul-

1897 785 2117 842 ‘chrior
2139 795 2228 846 est
2257 793 2597 850 austeritate
2613 794 2780 865 legis.
2813 819 2839 846 ‹‹
2865 799 2932 852 Et
2952 797 3104 854 odor
3132 785 3582 870 unguentorum

1919 892 1944 917 ‹‹
1973 875 2211 930 tuorum
2238 892 2421 948 super
2437 878 2643 934 omnia
2667 886 2995 937 aromata.»
3017 884 3202 940 Fama
3219 887 3584 946 suavissima

1916 960 2137 1020 diffusa
2167 983 2275 1038 per
2298 967 2507 1024 orbem
2544 973 2732 1026 totum
2762 971 2904 1028 ﬁdei
2930 972 3104 1030 latior
3129 979 3237 1044 est,
3278 993 3464 1050 quam
3488 995 3582 1036 ve-

1916 1051 2056 1106 teris
2088 1052 2256 1124 legis,
2289 1061 2615 1140 etpatrum
2646 1060 2706 1115 in
2738 1076 2808 1117 ea
2838 1078 2972 1134 quae
3001 1062 3062 1119 in
3086 1064 3213 1121 sola
3243 1066 3452 1124 Judaea
3479 1085 3578 1126 co-

1916 1146 2456 1211 angustatur.Quid
2484 1164 2591 1220 per
2613 1155 2908 1221 aromata,
2945 1153 3063 1208 nisi
3099 1153 3328 1211 Veteris
3379 1160 3579 1215 Testa-

1913 1232 2099 1287 menti
2130 1232 2312 1302 dona,
2337 1251 2472 1307 quae
2501 1237 2673 1293 odori
2704 1239 2998 1308 Ecclesiae,
3027 1241 3083 1297 id
3119 1248 3206 1298 est
3232 1245 3432 1313 gratiae
3458 1247 3582 1320 Spi-

1913 1320 2062 1375 ritus
2095 1323 2303 1391 sancti,
2341 1340 2447 1381 seu
2477 1326 2799 1384 virtutibus
2831 1337 3263 1403 comparantur
3305 1335 3580 1406 pulcher-

1912 1410 2100 1468 rimis.
2140 1415 2484 1472 Perseverat
2515 1432 2754 1490 semper
2785 1435 3046 1492 sponsus
3077 1421 3236 1477 vices
3268 1423 3578 1481 reddendo

1915 1499 2206 1572 Ecclesiae,
2232 1502 2384 1559 sicut
2405 1520 2544 1560 eum
2578 1506 2841 1563 Ecclesia
2887 1507 3249 1568 laudaverat
3278 1514 3574 1584 superius.

1913 1588 2052 1645 ldeo
2081 1590 2193 1646 ait:
2224 1610 2254 1643 ‹
2287 1591 2632 1651 Vulnerasti
2661 1611 2764 1652 cor
2809 1613 3037 1669 meum,
3082 1615 3250 1655 soror
3280 1617 3436 1669 mea,
3468 1625 3494 1652 »
3523 1606 3581 1659 et

1912 1678 2164 1751 reliqua.

1985 1791 2012 1818 «
2044 1771 2237 1825 Favus
2270 1770 2564 1828 distillans
2585 1773 2750 1831 labia
2777 1779 2899 1844 tua,
2933 1793 3180 1850 sponsa.
3218 1801 3245 1829 »
3271 1781 3423 1846 Quid
3471 1798 3580 1855 per

1911 1872 2135 1928 ceram,
2165 1859 2278 1914 nisi
2307 1859 2564 1918 litteram
2591 1864 2618 1919 ?
2651 1868 2708 1919 et
2747 1880 2855 1937 per
2881 1865 3021 1934 mel,
3056 1867 3171 1922 nisi
3203 1884 3419 1925 sensus
3458 1871 3577 1944 spi-

1908 1946 2138 2003 ritualis
2160 1948 2186 2002 ‘2
2212 1949 2317 2005 Mel
2346 1950 2406 2005 in
2435 1967 2571 2006 cera
2597 1957 2685 2008 est
2715 1954 3038 2025 spiritualis
3068 1956 3412 2014 divinorum
3459 1960 3577 2016 elo-

1909 2035 2192 2108 quiorum
2225 2054 2437 2094 sensus
2455 2039 2516 2094 in
2541 2040 2751 2101 littera.
2778 2041 2884 2098 Mel
2909 2060 3109 2100 ceram
3139 2045 3401 2110 distillat,
3430 2048 3577 2120 quia

1908 2124 2267 2198 multiplices
2291 2143 2502 2184 sensus
2530 2145 2684 2201 pene
2712 2130 2959 2200 singulae
2975 2133 3217 2205 pariunt
3246 2136 3569 2194 sententiae.

1910 2214 2095 2271 Labia
2127 2232 2362 2288 sponsae
2409 2223 2548 2274 sunt
2576 2218 2873 2286 doctores,
2907 2222 3012 2295 qui
3037 2223 3399 2282 multifarios
3446 2243 3580 2282 sen-

1909 2321 2012 2358 sus
2036 2305 2222 2360 sacris
2253 2305 2458 2362 litteris
2496 2307 2697 2366 inesse
2721 2311 3018 2382 pandunt.
3054 2336 3081 2362 ‹‹
3111 2313 3216 2370 Mel
3258 2319 3315 2370 et
3333 2315 3426 2372 lac
3457 2317 3572 2374 sub

1909 2391 2172 2465 «lingua
2203 2399 2382 2451 tua.»
2415 2400 2479 2452 In
2530 2397 2682 2454 lacte
2728 2399 2981 2456 eruditio
3034 2401 3452 2477 parvulorum,
3508 2407 3570 2462 in

1907 2483 2082 2539 melle
2113 2483 2321 2541 fortior
2370 2486 2642 2544 doctrina
2680 2489 3081 2562 perfectorum
3113 2493 3401 2563 signatur.
3442 2496 3565 2552 Sub

1905 2571 2133 2642 lingua,
2157 2573 2222 2629 id
2251 2579 2339 2631 est
2366 2575 2426 2631 in
2457 2577 2844 2634 meditatione
2866 2580 3084 2636 cordis.
3104 2585 3230 2638 Non
3253 2588 3341 2640 est
3369 2600 3574 2641 neces-

1907 2677 1970 2716 se
2004 2663 2378 2732 subnectere,
2411 2665 2559 2738 quid
2588 2665 2726 2722 inde
2758 2667 2975 2724 Paulus
3005 2671 3328 2743 Apostolus
3353 2673 3568 2747 loqua-

1906 2754 2033 2807 tur:
2065 2755 2184 2808 «Et
2213 2753 2364 2809 odor
2403 2755 2898 2814 vestimentorum
2945 2763 3189 2816 tuorum
3241 2761 3392 2819 sicut
3419 2763 3571 2820 odor

1907 2860 1938 2893 ‹
1965 2841 2210 2898 thuris.»
2233 2843 2601 2901 Vestimenta
2621 2845 2891 2902 Ecclesiae
2912 2847 3079 2906 bona
3107 2855 3248 2907 sunt
3276 2851 3406 2923 ejus
3429 2868 3570 2926 ope-

1901 2946 1988 2999 ra,
2019 2947 2153 3004 quae
2181 2932 2351 2988 odori
2385 2933 2570 2990 thuris
2628 2943 3098 3008 comparantur:
3157 2941 3303 3012 quia
3353 2947 3572 3000 cuncta

1901 3037 2037 3093 quae
2071 3027 2278 3079 sancta
2306 3039 2418 3096 pro
2466 3024 2717 3081 Domino
2740 3026 2865 3097 agit
2911 3028 3194 3101 Ecclesia,
3225 3031 3568 3090 orationum

105 3118 188 3172 cti
219 3116 651 3189 praedicatores
684 3116 830 3172 tales
858 3115 938 3171 ad
967 3116 1154 3172 vitam
1172 3115 1380 3172 salutis
1409 3122 1784 3188 convertunt,
1824 3113 1864 3167 (ἶ
1900 3126 2011 3182 pro
2051 3127 2122 3167 ea
2141 3112 2333 3167 vicem
2357 3112 2640 3169 reddunt.
2688 3114 3103 3188 Intelliguntur
3149 3120 3368 3176 etenim
3399 3123 3568 3178 vesti-

104 3211 488 3262 coronantur
535 3205 610 3262 de
641 3205 836 3278 capite
877 3209 936 3262 et
985 3205 1204 3262 vertice
1254 3206 1574 3274 montium,
1605 3207 1669 3262 id
1699 3212 1788 3263 est

103 3295 499 3369 principibus
525 3295 911 3368 iniquorum:
938 3294 1084 3368 quia
1111 3295 1186 3351 de
1206 3295 1415 3350 labore
1438 3297 1783 3352 certaminis

103 3384 330 3442 crescit
364 3401 591 3441 corona
623 3385 844 3456 gloriae.
873 3384 1053 3441 Aliter
1082 3401 1096 3439 :
1143 3384 1429 3455 Libanus,
1463 3389 1527 3442 ut
1555 3385 1785 3442 dictum

104 3480 221 3545 est,
253 3475 610 3532 candidatio
652 3475 1094 3548 interpretatur.
1147 3473 1269 3529 Nisi
1301 3473 1463 3530 enim
1492 3474 1628 3548 quis
1678 3492 1786 3548 per

103 3563 448 3620 candorem
481 3563 637 3620 sacri
664 3563 1046 3636 baptismatis
1067 3563 1486 3620 remissionem
1511 3570 1784 3636 peccato-

102 3671 247 3710 rum
283 3653 605 3725 acceperit,
631 3653 710 3709 ad
735 3653 1036 3711 Christum
1068 3654 1270 3709 venire
1308 3670 1433 3709 non
1454 3656 1784 3726 potest.Sa-

103 3744 203 3800 nir
223 3743 702 3816 interpretantur
731 3743 893 3799 enim
943 3745 1230 3801 lucerna:
1282 3747 1538 3813 Amana,
1567 3745 1785 3816 iniqui-

104 3843 236 3892 tas:
277 3835 543 3891 Hermon
575 3851 718 3891 vero
762 3838 1150 3891 consecratio.
1195 3837 1335 3901 Quae
1383 3835 1591 3891 omnia
1636 3836 1783 3891 refe-

101 3930 330 3981 runtur
359 3923 440 3979 ad
465 3924 789 3994 Christum,
815 3924 919 3996 qui
947 3941 1103 3997 quos
1140 3929 1277 3997 post
1304 3925 1681 3998 iniquitatem
1712 3925 1782 3980 il-

99 4015 392 4081 luminat,
425 4019 760 4082 consecrat,
795 4014 1086 4087 ipsosque
1141 4019 1411 4072 coronat.
1442 4015 1521 4070 De
1571 4015 1780 4071 cubili-

100 4105 228 4161 bus
253 4104 505 4160 leonum
529 4104 800 4174 veniunt,
833 4104 938 4176 qui
969 4103 1043 4159 de
1069 4120 1283 4173 regum
1315 4104 1780 4178 principumque

100 4195 296 4265 hujus
329 4193 532 4249 seaculi
563 4193 849 4249 domibus
880 4193 958 4249 ad
988 4193 1170 4249 ﬁdem
1204 4198 1471 4250 currunt.
1507 4196 1585 4249 De
1611 4211 1780 4250 mon-

101 4285 288 4347 tibus,
314 4283 528 4356 inquit,
567 4282 926 4355 pardorum,
956 4282 1060 4355 qui
1111 4283 1316 4338 relicta
1373 4283 1627 4339 elatione
1676 4301 1777 4339 su-

99 4373 331 4448 perbiae
360 4373 454 4429 vel
499 4373 878 4430 diversorum
904 4373 1406 4445 philosophorum
1435 4373 1772 4441 traditione,

101 4463 416 4536 simplices
447 4467 503 4520 et
533 4463 790 4518 humiles
821 4468 1080 4535 pergunt
1105 4462 1182 4518 ad
1213 4463 1530 4518 Christum.

174 4576 204 4604 ‹‹
243 4551 584 4610 Vulnerasti
610 4569 712 4608 cor
741 4568 970 4622 meum,
1000 4568 1170 4608 soror
1195 4568 1352 4623 mea,
1387 4567 1634 4624 sponsa,
1653 4551 1777 4608 vul-

97 4669 126 4694 ‹‹
163 4643 394 4700 nerasti
422 4660 526 4699 cor
545 4659 773 4699 meum.
808 4665 835 4691 ››
867 4644 930 4698 In
970 4641 1383 4698 vulneratione
1411 4641 1609 4698 cordis
1640 4659 1773 4700 ma-

97 4732 362 4806 gnitudo
395 4733 622 4788 amoris
652 4733 865 4789 Christi
889 4733 952 4788 in
980 4731 1242 4788 Ecclesia
1267 4731 1630 4802 intelligitur.
1657 4757 1684 4782 «
1711 4738 1774 4789 ln

99 4848 128 4874 «
165 4839 295 4880 uno
320 4823 638 4880 oculorum
661 4827 922 4892 tuorum,
948 4826 1002 4878 et
1031 4822 1094 4877 in
1124 4837 1246 4877 uno
1277 4821 1437 4878 crine
1469 4822 1602 4878 colli
1631 4823 1772 4880 tui.»

100 4915 164 4970 ld
200 4919 290 4970 est
317 4913 377 4969 in
409 4913 636 4969 unitate
672 4918 880 4969 sancta
911 4913 1250 4981 doctorum,
1287 4916 1344 4967 et
1371 4911 1430 4967 in
1459 4929 1581 4968 uno
1612 4913 1772 4969 crine

97 5003 238 5060 colli
272 5003 378 5072 tui,
411 5003 472 5058 id
500 5008 589 5060 est
618 5003 677 5058 in
710 5003 934 5060 unitate
982 5003 1084 5075 pia
1129 5001 1410 5072 subjectae
1466 5002 1679 5075 plebis,
1712 5002 1774 5058 id

94 5100 187 5150 est
215 5093 496 5149 crinium.
553 5097 728 5150 ltem:
779 5097 842 5149 In
895 5092 996 5148 illo
1049 5093 1251 5165 itaque
1295 5091 1470 5148 oculo
1503 5092 1773 5149 Ecclesiae

94 5183 338 5241 Christo
371 5181 754 5256 complacuit,
783 5199 907 5257 quo
934 5198 1057 5238 non
1075 5180 1453 5254 temporalia,
1481 5181 1586 5237 sed
1615 5186 1775 5238 aeter-

91 5292 177 5332 na
209 5274 551 5346 conspexit.
601 5273 767 5330 Unde
823 5273 1174 5330 Psalmista:
1210 5295 1239 5322 ‹‹
1302 5273 1492 5328 Unam
1540 5272 1681 5344 petii
1737 5288 1774 5330 a

92 5363 384 5430 Domino,
412 5363 572 5420 hanc
624 5363 933 5436 requiram
961 5381 974 5418 :
1036 5367 1103 5418 ut
1133 5360 1466 5418 inhabitem
1496 5361 1558 5416 in
1588 5361 1774 5419 domo

93 5451 341 5510 Domini
374 5452 662 5508 omnibus
715 5451 931 5509 diebus
961 5452 1095 5508 vitae
1128 5467 1276 5508 meae
1310 5473 1339 5500 ››
1368 5450 1557 5522 (Psal.
1590 5456 1772 5518 xxvx).

92 5567 120 5592 ‹‹
157 5547 225 5598 Et
256 5543 318 5598 in
353 5559 476 5598 uno
499 5542 660 5598 crine
687 5541 840 5609 colli,
875 5563 906 5596 ›
938 5541 1042 5615 qui
1065 5558 1188 5598 non
1210 5539 1410 5596 ornari
1439 5539 1774 5596 visibilibus

92 5632 350 5702 studuit,
385 5632 493 5687 sed
522 5631 776 5688 aeternis.
835 5635 975 5697 Quae
1010 5631 1290 5700 Ecclesia,
1347 5645 1520 5686 soror
1562 5629 1773 5686 Christi

90 5723 322 5796 pariter
351 5727 407 5778 et
435 5739 665 5794 sponsa
718 5726 829 5778 est.
875 5725 1109 5794 Sponsa
1157 5719 1378 5775 scilicet
1429 5736 1533 5791 per
1564 5719 1770 5791 ﬁdem,

92 5827 270 5871 soror
293 5827 401 5884 per
417 5811 824 5869 dilectionem.

1899 3205 2105 3257 menta
2136 3200 2406 3257 Ecclesiae
2437 3201 2627 3275 ipsius
2653 3204 3078 3276 praedicatores
3117 3223 3301 3280 puras
3346 3209 3422 3266 ad
3453 3211 3566 3267 Do-

1899 3290 2135 3347 minum
2160 3291 2547 3366 mundasque
2569 3293 2870 3350 mittentes
2899 3296 3224 3353 orationes.

1971 3401 2001 3434 ‹
2034 3381 2251 3437 Hortus
2279 3381 2621 3451 conclusus,
2657 3399 2830 3439 soror
2856 3401 3013 3452 mea,
3048 3402 3299 3460 sponsa,
3346 3387 3557 3445 hortus

1898 3492 1926 3519 «
1960 3470 2301 3539 conclusus,
2334 3471 2472 3528 fons
2497 3471 2833 3544 signatus.»
2868 3475 3153 3548 Superius
3175 3477 3234 3533 in
3266 3477 3560 3550 praefatio-

1895 3575 1971 3616 ne
2005 3560 2357 3616 succinctim
2406 3561 2714 3634 disputare
2743 3562 3143 3621 decrevimus.
3180 3568 3395 3624 Hortus
3423 3585 3563 3624 con-

1897 3650 2101 3706 clusus
2135 3649 2396 3707 Ecclesia
2426 3655 2552 3707 est:
2596 3652 2938 3723 conclusus,
2974 3654 3119 3726 quia
3149 3656 3386 3713 Domini
3426 3673 3563 3730 pro-

1896 3740 2150 3797 tectione
2198 3740 2452 3804 munita,
2487 3741 2547 3797 in
2579 3747 2787 3799 sancta
2817 3744 3087 3800 consistit
3137 3745 3278 3814 ﬁde,
3324 3747 3556 3816 hortus,

1893 3831 2038 3903 quia
2067 3831 2394 3887 multifaria
2444 3831 2843 3904 spiritualium
2875 3850 3129 3905 operum
3161 3835 3436 3906 germina
3469 3837 3556 3906 gi-

1894 3920 2040 3989 gnit,
2075 3920 2193 3976 sive
2218 3925 2462 3992 propter
2490 3919 2644 3976 ﬁlios
2672 3937 2778 3992 per
2813 3921 3186 3994 baptismum
3221 3924 3558 3996 spirituales

1891 4008 2127 4065 dicitur.
2163 4012 2314 4065 Fons
2345 4014 2452 4075 est,
2485 4010 2631 4080 quia
2660 4009 2934 4066 doctrina
2962 4009 3207 4068 salutari
3235 4012 3555 4072 redundat.

1893 4097 2174 4167 Signatus
2204 4098 2421 4154 dicitur
2450 4114 2728 4155 sermone
2757 4099 2919 4154 ﬁdei.

1963 4209 1991 4237 «
2013 4186 2376 4243 Emissiones
2391 4191 2505 4243 tuae
2525 4187 2844 4260 paradisus
2871 4187 3171 4246 malorum
3195 4192 3555 4264 punicorum

1892 4300 1920 4328 «
1955 4293 2094 4333 cum
2123 4293 2446 4350 pomorum
2467 4278 2780 4336 fructibus.
2809 4302 2835 4329 ››
2851 4283 2956 4337 Per
2977 4281 3382 4352 irrigationem
3404 4284 3559 4340 sacri

1891 4365 2299 4438 baptismatis,
2329 4372 2540 4423 sancta
2573 4367 2832 4425 Ecclesia
2848 4370 3200 4441 paradisum
3227 4389 3300 4429 ex
3331 4390 3394 4430 se
3425 4375 3558 4430 mit-

1808 4470 1852 4524 ι)
1893 4456 1978 4527 tit,
2011 4457 2156 4529 quia
2184 4457 2460 4513 homines
2489 4474 2644 4530 quos
2673 4475 2780 4532 per
2809 4466 3086 4517 sanctum
3140 4467 3384 4533 generat
3414 4463 3558 4538 bap-

1890 4546 2161 4614 tismum,
2203 4547 2282 4604 ad
2331 4547 2629 4606 caelestem
2678 4550 3031 4622 paradisum
3071 4550 3325 4622 dirigere
3371 4556 3554 4628 cupit.

1887 4635 2037 4693 Mala
2060 4637 2284 4709 punica
2315 4637 2508 4693 sancti
2537 4638 2820 4694 dicuntur
2842 4645 3138 4711 martyres
3165 4659 3178 4707 ;
3229 4657 3554 4712 pomorum

1882 4725 2114 4782 fructus
2143 4726 2446 4782 bonorum
2476 4743 2732 4798 operum
2771 4729 3095 4785 suavitates
3120 4729 3551 4799 intelliguntur.

1883 4815 2032 4877 Quia
2059 4832 2202 4872 vero
2224 4831 2347 4872 non
2379 4815 2578 4872 solum
2607 4817 2951 4888 imperium,
2983 4817 3089 4872 sed
3120 4818 3414 4874 adventus
3438 4819 3555 4874 ins-

1883 4908 1986 4977 tat,
2019 4904 2398 4961 festinantius
2414 4905 2542 4975 jam
2575 4905 2713 4961 hinc
2737 4904 3060 4961 sententias
3081 4905 3214 4960 libri
3231 4905 3553 4980 decerpere

1882 4994 2316 5068 disposuimus,
2373 5011 2561 5066 quam
2616 4993 2891 5067 superius
2931 4993 3225 5066 protelare
3275 4997 3555 5069 coepisse-

1881 5101 2040 5152 mus,
2067 5101 2144 5140 ne
2175 5084 2428 5140 modum
2461 5083 2641 5140 libelli
2671 5082 2956 5140 excedere
2986 5084 3346 5156 videremur,
3379 5087 3554 5162 sicuti

1881 5173 2024 5230 fassi
2055 5190 2285 5229 sumus.

1955 5286 1984 5313 «ι
2018 5267 2249 5336 Cyprus
2280 5279 2420 5318 cum
2450 5261 2666 5331 nardo,
2698 5262 2926 5319 nardus
2948 5280 3088 5320 cum
3119 5281 3318 5332 croco,
3351 5265 3554 5322 ﬁstula

1883 5376 1911 5404 α
1945 5358 2002 5410 et
2031 5354 2510 5409 cinnamomum.
2537 5375 2566 5403 ››
2581 5353 2812 5426 Cyprus
2851 5353 3032 5410 arbor
3061 5353 3398 5410 aromatica
3441 5359 3548 5424 est,

1885 5443 2232 5513 signiﬁcans
2259 5441 2513 5498 caelestis
2537 5443 2738 5513 gratiae
2767 5441 3272 5500 benedictionem.
3313 5443 3548 5500 Nardus

1885 5533 2209 5590 Dominicze
2239 5533 2540 5606 passionis
2570 5538 2782 5606 typum
2806 5537 2982 5589 tenet.
3002 5533 3224 5589 Crocus
3244 5534 3550 5592 charitatis

1886 5625 2180 5695 fervorem
2209 5621 2506 5695 exprimit.
2524 5624 2668 5694 Conj
2681 5623 2921 5692 ungitur
2938 5638 3160 5694 cyprus
3188 5623 3549 5690 nardo,cum

1887 5716 2097 5773 divina
2127 5715 2318 5785 gratia
2347 5713 2642 5770 confortat
2668 5729 2780 5768 nos
2825 5713 3053 5770 Christo
3085 5716 3369 5788 compati.
3405 5717 3551 5772 Item

1884 5808 2113 5866 nardus
2125 5823 2265 5864 cum
2291 5821 2468 5863 croco
2495 5805 2630 5878 conj
2642 5803 3055 5876 ungitur,cum
3075 5819 3184 5877 per
3196 5805 3550 5866 charitatem
