3968 6406
67 334 169 399 613

1276 322 1530 397 tritanii.
1573 324 1644 395 in
1692 320 1991 396 cANi‘tcit
2030 330 2309 400 CANTIC.

3410 348 3521 409 614

63 454 242 521 tionis
275 454 570 547 stddium.
606 448 1092 547 Cuip‘rovocanti
1121 462 1200 520 ad
1221 448 1493 520 laborem
1525 458 1744 518 docen-
1775 452 1822 516 Α
1862 462 1949 519 εἰει
1976 464 2293 536 peSsulu‘m
2347 469 2573 538 Sponso
2618 464 2885 539 aperuit:
2920 458 3064 541 quia
3112 462 3401 545 templum
3432 474 3525 532 sui

62 546 123 609 di
157 551 479 625 respondit
510 542 774 608 Ecclesia
799 568 811 608 :

136 665 165 693 ‹‹
193 640 539 715 Exspoliavi
595 658 692 697 me
747 641 948 697 tunica
996 658 1154 713 mea,
1186 639 1499 715 quomodo
1529 641 1750 697 induar

61 728 241 789 illa?»
266 736 350 788 ac
380 731 428 787 si
456 736 659 804 aperte
681 729 870 788 dicat:
898 731 1140 789 Deserui
1169 731 1411 802 negotia
1437 724 1751 789 saecularia

62 822 149 879 tul
201 822 414 891 causa,
450 819 763 895 quomodo
814 825 1081 894 repetam
1131 819 1275 877 illa?
1326 818 1517 877 «Lavi
1564 814 1752 894 pedes

64 920 261 979 meos,
299 909 615 985 quomodo
665 909 1000 984 inquinabo
1030 910 1163 967 illos
1185 910 1213 967 ?
1238 935 1265 963 ››
1303 908 1366 967 ld
1394 904 1482 967 est
1507 912 1635 983 jam
1665 918 1753 965 se-

66 1002 238 1061 cretae
303 1000 791 1074 cempunctionis
842 1000 1083 1057 ﬂetibus
1144 1000 1309 1057 ablui
1361 1000 1753 1073 cogitationes

66 1101 365 1159 terrenas,
381 1086 695 1163 quomodo
718 1078 930 1146 mundi
948 1080 1453 1146 sordibusiterum
1475 1088 1754 1163 polluar?

69 1184 226 1251 Quia
281 1180 730 1254 praedicationis
757 1179 1025 1236 ofﬁcium
1066 1181 1191 1238 'sine
1218 1179 1611 1253 occupatione
1644 1190 1752 1233 sae-

66 1271 264 1330 culari
297 1270 398 1325 'vi‘x
426 1274 626 1343 potest
656 1280 803 1325 esse.
841 1260 1059 1325 Aliter:
1092 1269 1443 1326 Sacerdotes
1472 1268 1532 1324 in
1566 1267 1756 1324 Eccle-

66 1365 178 1431 sia,
201 1361 311 1435 qui
334 1360 396 1417 in
422 1361 559 1433 ipsa
579 1360 1044 1430 congregatione
1067 1348 1358 1423 ﬁdelium,
1377 1361 1757 1415 sacramenta

63 1450 337 1508 visibilis.
389 1449 752 1515 ministrant,
781 1448 941 1505 velut
994 1444 1248 1522 quidam
1278 1447 1537 1505 cincinni
1565 1448 1627 1503 in
1658 1462 1754 1502 or-

65 1543 369 1598 namento
400 1536 845 1594 deseribuntur.
875 1537 990 1593 Sed
1022 1537 1167 1611 quia
1204 1537 1561 1611 plerumque
1593 1550 1754 1591 mor-

68 1624 320 1687 talitatis
379 1622 562 1699 hujus
624 1628 817 1698 vicus,
873 1626 965 1683 vel
1032 1626 1418 1683 tenebrarum
1471 1624 1755 1698 operibus

66 1714 500 1783 obfuscantur,
572 1708 729 1772 velut
795 1716 976 1786 guttis
1043 1716 1311 1773 noctium
1374 1713 1751 1788 praegravati,

1858 554 2115 625 pectoris
2145 554 2347 610 divina
2374 552 2709 611 visitatione
2731 562 2786 613 et
2802 548 3235 618 inhabitatione
3265 560 3521 634 dignum

1858 640 2016 725 facit.
2052 656 2078 692 ιι
2106 638 2176 699 At
2203 640 2299 699 ille
2322 642 2723 702 declinaverat
2752 650 2931 720 atque
2961 648 3335 707 transierat.»
3369 654 3521 718 Quia

1859 730 2007 787 nulli
2053 730 2115 817 in
2170 730 2453 817 hacvita
2503 732 2683 817 plena
2712 734 2858 791 visio
2891 732 3010 805 Dei,
3046 737 3197 795 sicut
3222 738 3282 795 in
3322 740 3523 799 futuro

1861 812 2226 884 conceditur,
2259 812 2394 877 ideo
2421 816 2672 879 transire
2704 823 2939 895 dicitur,
2973 826 3119 899 quia
3144 828 3206 883 in
3233 824 3433 885 futuro
3460 844 3522 887 se

1860 907 2189 966 videndum
2219 916 2275 967 et
2303 904 2736 983 perfruendum
2767 906 3004 987 plenius
3034 917 3311 974 ostendit.
3344 920 3525 976 «Ani-

1862 1000 1967 1054 ma
2013 1008 2149 1055 mea
2196 998 2521 1072 liquefacta
2563 1004 2670 1070 est,
2705 1004 2769 1059 ut
2821 1001 3073 1061 dilectus
3102 1004 3338 1063 locutuS
3368 1008 3521 1065 est.»

1863 1090 2202 1144 Perseverat
2248 1088 2506 1146 Ecclesia
2553 1090 2616 1146 in
2665 1088 3062 1150 admiratione
3107 1096 3201 1152 sui
3239 1098 3519 1170 stuporis.

1864 1179 2098 1240 Quanto
2151 1178 2417 1245 suavius,
2450 1178 2665 1252 inquit,
2695 1196 2908 1237 vocem
2953 1187 3133 1256 atque
3164 1188 3523 1261 propinqui-

1864 1271 2049 1322 tatem
2080 1264 2275 1324 dilecti
2297 1269 2415 1325 mei
2440 1270 2664 1342 accepi,
2690 1273 2855 1326 tanto
2888 1270 3205 1329 sublimius
3227 1275 3527 1350 quidquid

1862 1356 1925 1411 in
1956 1360 2052 1413 me
2075 1356 2199 1413 erat
2218 1355 2524 1427 frigidum,
2541 1354 2827 1416 charitate
2854 1359 3119 1429 incaluit,
3145 1366 3202 1419 et
3226 1360 3525 1439 quidquid

1863 1445 2146 1514 rigidum,
2169 1442 2464 1519 liquefuit.
2499 1448 2796 1513 «Quaesivi
2828 1447 2997 1505 illum
3030 1455 3084 1507 et
3107 1460 3231 1507 non
3262 1452 3522 1509 inveni.»

1866 1536 2016 1601 Quia
2044 1536 2276 1593 donum
2324 1540 2807 1611 compunctionis
2848 1543 2907 1596 et
2935 1539 3271 1599 dulcedinis
3304 1544 3527 1601 intimis

1864 1640 1989 1682 non
2020 1626 2263 1683 arbitrio
2292 1632 2383 1684 est
2409 1627 2653 1693 volenti,
2678 1628 2787 1685 sed
2808 1628 2869 1684 in
2896 1630 3279 1689 miseratione
3306 1632 3525 1690 dantis.

1866 1716 2007 1772 Ideo
2036 1732 2160 1772 non
2191 1734 2428 1789 semper
2449 1718 2673 1774 habent
2702 1718 2851 1775 illud
2881 1721 3211 1792 aequaliter,
3244 1722 3389 1796 quia
3404 1728 3530 1779 non

66 1808 312 1864 Christo
364 1804 547 1880 quasi
575 1804 880 1862 adhaerere
913 1804 1207 1861 videntur.
1239 1804 1356 1861 Sed
1402 1804 1549 1878 quia
1591 1818 1755 1858 eum—
1783 1800 1830 1871 Π
1865 1806 1945 1861 ita
1976 1822 2038 1861 se
2060 1804 2234 1862 oﬁ’ert
2254 1807 2407 1862 Deus
2428 1807 2487 1863 in
2514 1806 2721 1864 exsilio
2750 1806 3193 1883 laborantibus,
3216 1813 3528 1885 quomodo

65 1899 218 1954 dem
253 1895 562 1953 Christum
604 1906 727 1950 non
769 1893 997 1950 sincere
1024 1894 1404 1962 annuntiant,
1436 1898 1755 1967 propterea

65 1994 186 2061 pro
240 1982 468 2043 talibus
515 1984 916 2057 ingemiscens
973 1985 1379 2058 subsequitur.
1443 1982 1755 2057 «Spoliavi

68 2092 174 2135 me
208 2076 419 2133 tunica
450 2084 608 2142 mea,
643 2073 955 2147 quomodo
987 2074 1203 2130 induar
1222 2073 1370 2130 illa?
1402 2072 1540 2129 Lavi
1571 2071 1756 2146 pedes

69 2178 274 2233 meos,
296 2164 610 2239 quomodo
638 2156 974 2237 inquinabo
994 2161 1165 2220 illos?
1181 2176 1210 2215 ἡ
1242 2164 1357 2220 hoc
1378 2167 1485 2233 est,
1512 2163 1757 2219 veniens

69 2255 155 2313 ad
183 2253 378 2311 ﬁdem
403 2255 533 2325 jam
572 2252 834 2310 Veterem
860 2252 1173 2310 hominem
1204 2250 1541 2309 secundum
1566 2251 1757 2325 pristi-

68 2358 227 2401 nam
257 2342 782 2399 conversationem
812 2338 1093 2415 deposui,
1128 2345 1184 2397 et
1221 2339 1392 2397 indui
1420 2352 1668 2408 novum,
1703 2338 1759 2396 et

69 2435 122 2490 si
150 2431 308 2507 quid
339 2422 622 2501 contagii,
653 2430 802 2487 dum
860 2431 920 2486 in
952 2424 1198 2487 terrenis
1232 2426 1632 2500 ambularem,
1660 2438 1759 2503 pe-

69 2523 264 2579 dibus
295 2521 447 2578 meis
478 2520 750 2589 accessit,
786 2520 1017 2578 Christo
1048 2519 1308 2588 lavante,
1342 2516 1618 2576 ablutum
1649 2522 1755 2583 est,

68 2618 130 2671 et
182 2616 355 2668 nunc
403 2610 713 2667 ministros
771 2614 1289 2666 sacramentorum
1331 2614 1440 2682 per
1468 2622 1623 2682 quos
1667 2625 1760 2665 or-

68 2702 282 2759 dinari
332 2692 615 2770 debeam,
648 2698 989 2756 carnalibus
1022 2697 1271 2755 infectos
1316 2699 1470 2755 vitiis
1525 2699 1761 2772 conspi-

70 2792 195 2849 cio.
225 2786 514 2863 Nunquid
541 2798 786 2863 aequum
814 2793 902 2846 ’est
921 2802 1162 2844 rursum
1191 2802 1299 2862 per
1329 2802 1538 2845 eorum
1565 2804 1762 2845 exem-

68 2878 185 2957 pla
215 2875 374 2937 male
420 2878 685 2936 vivendo
731 2878 1035 2952 inquinari
1083 2895 1119 2935 a
1146 2878 1410 2951 pristinis
1440 2895 1537 2935 me
1569 2879 1763 2953 patiar

73 2968 265 3030 malis
281 2966 311 3027 ?

154 3078 187 3113 κ
224 3058 486 3117 Dilectus
518 3064 691 3116 incus
738 3059 900 3116 misit
942 3066 1196 3116 manum
1247 3066 1424 3117 suam
1468 3068 1576 3135 per
1605 3057 1762 3116 fora-

1865 1895 1926 1951 in
1959 1896 2155 1968 patria
2181 1896 2597 1967 regnantibus.

1938 2026 1965 2054 ‹‹
2002 2006 2360 2059 Invenerunt
2401 2020 2499 2059 me
2530 2002 2810 2061 Custodes
2849 2005 2955 2079 qui
2979 2002 3355 2067 circumeunt
3385 2000 3531 2066 civi-

1867 2117 1894 2145 ‹‹
1926 2096 2128 2159 tatem,
2188 2097 2613 2166 percusserunt
2675 2111 2771 2151 me
2839 2099 2895 2151 et
2953 2095 3348 2155 vulnaverunt
3406 2115 3530 2173 me,

1867 2181 2190 2238 «tulerunt
2235 2179 2485 2255 pallium
2539 2198 2743 2239 meum
2802 2183 2950 2239 mihi
2998 2182 3282 2242 custodes
3327 2203 3529 2244 muro-

1867 2294 1895 2321 «
1929 2286 2085 2325 rum.
2115 2280 2142 2319 ›’›
2176 2264 2466 2325 Cnstodes
2493 2269 2767 2340 civitatis,
2799 2266 2860 2327 id
2909 2276 2998 2328 est
3037 2273 3310 2329 Ecclesiae
3338 2270 3528 2333 sancti

1866 2356 2143 2416 doctores
2212 2362 2369 2425 sunt,
2420 2352 2525 2432 qui
2580 2350 2789 2417 sedula
2854 2362 3280 2435 prtedicatione
3346 2365 3532 2421 circu-

1868 2452 2079 2505 meunt
2133 2448 2317 2504 corda
2382 2448 2781 2519 singulorum,
2841 2455 2897 2507 et
2963 2442 3207 2524 spiculis
3273 2454 3529 2510 caelestis

1869 2538 2092 2595 amoris
2118 2537 2453 2607 vulnerant,
2486 2540 2542 2593 et
2584 2536 2649 2593 ut
2690 2538 2886 2609 magis
2922 2540 3174 2597 ardeant
3196 2536 3533 2600 inﬂamme-

1870 2631 2065 2693 scunt,
2098 2632 2154 2683 et
2182 2631 2429 2682 vetustte
2469 2626 2942 2683 Conversationis
2988 2634 3229 2699 tegmen
3279 2632 3364 2687 eis
3394 2633 3533 2688 sub-

1871 2716 2135 2773 trahunt.
2169 2712 2429 2771 Possunt
2477 2719 2533 2771 et
2570 2724 2679 2789 per
2709 2717 2992 2774 custodes
3036 2718 3286 2775 civitatis
3331 2718 3535 2777 saeculi

1871 2807 2055 2878 hujus
2096 2804 2342 2875 intelligi
2391 2806 2737 2878 potestates,
2769 2802 2873 2879 qui
2924 2818 3050 2865 rem
3103 2808 3410 2883 publicam
3440 2827 3538 2867 ve-

1870 2896 1959 2951 lut
2019 2886 2355 2969 quamdam
2420 2895 2716 2952 civitatem
2777 2908 2986 2967 regere
3045 2904 3400 2955 noscuntur.
3469 2896 3537 2957 lli

1874 2986 2035 3041 enim
2093 2983 2346 3040 electam
2411 2983 2734 3040 Ecclesiam
2792 2985 2852 3040 in
2901 2987 3247 3058 primordiis
3305 2986 3538 3046 Christo

1874 3073 2215 3131 credentem
2270 3071 2871 3144 comprehendentes,
2904 3073 3098 3146 plagis
3142 3080 3199 3131 et
3228 3076 3538 3149 suppliciis

74 3159 253 3209 men-
281 3172 311 3200 ”
340 3151 583 3207 Manum
611 3147 838 3222 (ῙιιίΡΡθ
867 3164 1043 3205 suam
1071 3147 1323 3206 dilectus
1354 3165 1461 3222 P8P
1490 3148 1765 3206 foramen
1797 3176 1837 3232 ο
1874 3163 2040 3219 illam
2092 3162 2578 3228 devastaverunt,
2610 3160 3074 3235 sacerdotesque
3120 3162 3177 3220 et
3226 3147 3535 3221 ministros

76 3240 292 3307 mittit,
320 3248 459 3296 cum
492 3255 605 3295 nos
635 3238 926 3294 Dominus
952 3238 1187 3295 occulta
1214 3236 1585 3295 invisibiliter
1606 3256 1767 3295 com-

78 3329 421 3405 punctione
471 3328 553 3385 ad
602 3336 757 3400 opus
802 3327 1091 3383 virtutum
1122 3328 1414 3394 accendit,
1450 3331 1630 3401 atque
1660 3343 1769 3401 per

75 3420 324 3477 arctam
350 3419 408 3472 et
428 3420 751 3486 angustam
778 3414 943 3471 viam
972 3413 1053 3471 ad
1074 3430 1262 3485 regna
1286 3414 1575 3471 ccelorum
1601 3420 1767 3472 tran-

80 3510 207 3565 sire
237 3506 441 3578 docet,
476 3502 773 3578 nobisque
822 3504 885 3561 in
933 3505 1292 3561 memoriam
1344 3509 1587 3562 revocat
1614 3513 1768 3578 quo-

80 3596 279 3655 modo
333 3602 393 3652 et
438 3598 669 3668 Quanta
726 3593 802 3650 de
850 3594 986 3650 sinu
1034 3594 1221 3667 patris
1252 3592 1628 3650 descendens
1656 3608 1769 3668 pro

82 3688 269 3747 nobis
300 3686 458 3742 eSSet
480 3694 722 3757 passus.
769 3706 799 3734 «
822 3686 890 3740 Et
916 3688 1121 3740 venter
1150 3700 1324 3739 meus
1354 3684 1661 3741 intremuit
1692 3683 1772 3741 ad

86 3782 326 3837 tactum
371 3774 523 3847 ejus.
554 3792 582 3824 η
636 3774 772 3830 Ητιςο
819 3774 1091 3831 recolens
1148 3773 1360 3831 intima
1408 3775 1773 3831 conscientia

82 3880 347 3942 sponsa,
404 3868 529 3919 tota
577 3878 1005 3936 expavescens,
1050 3861 1357 3934 pigritiam
1411 3862 1628 3932 Quietis
1680 3876 1777 3918 ac-

83 3968 331 4016 cusans
360 3953 440 4009 ad
469 3951 742 4008 laborem
775 3950 1219 4024 praedicationis
1250 3951 1512 4008 festinat.
1545 3950 1775 4008 Morali-

80 4055 228 4105 ter:
281 4042 545 4099 Dilectus
597 4054 854 4097 manum
908 4050 1089 4096 suam
1132 4052 1240 4114 per
1266 4040 1545 4097 foramen
1576 4041 1773 4110 mittit,

82 4133 352 4212 quando
384 4132 599 4188 virtute
622 4146 737 4187 sua
765 4130 1058 4187 Dominus
1080 4134 1354 4186 nostrum
1373 4130 1647 4187 animum
1670 4140 1779 4203 per

87 4217 385 4282 subtilem
440 4218 807 4277 intellectum
859 4217 1080 4293 pulsat.
1125 4219 1189 4275 Et
1239 4223 1447 4275 venter
1501 4219 1565 4275 in
1616 4223 1779 4276 tactu

84 4315 257 4373 illius
286 4308 716 4374 contremiscit,
748 4308 896 4382 quia
938 4307 1257 4364 inﬁrmitas
1294 4313 1502 4364 nostra
1525 4320 1634 4381 per
1662 4308 1779 4364 hoc

85 4401 271 4479 quod
305 4400 568 4457 caelestis
610 4398 815 4469 gaudii
844 4397 1145 4454 intellectu
1189 4398 1473 4467 tangitur,
1505 4397 1638 4471 ipsa
1669 4410 1779 4455 sua

86 4492 466 4552 exultatione
515 4488 809 4556 turbatur,
864 4492 924 4545 et
972 4487 1043 4543 ﬁt
1094 4487 1159 4543 in
1213 4491 1415 4543 mente
1470 4500 1664 4561 pavor
1714 4487 1777 4544 in

87 4580 327 4649 laetitia,
357 4578 505 4653 quia
549 4578 680 4649 jam
730 4576 907 4633 sentit
956 4575 1128 4649 quod
1176 4572 1252 4631 de
1300 4570 1524 4632 caelesti
1554 4576 1777 4646 gaudio

88 4670 335 4740 diligat,
365 4674 426 4724 et
467 4664 671 4725 adhuc
711 4666 924 4722 metuit
977 4680 1055 4721 ne
1100 4677 1226 4722 non
1267 4665 1581 4738 percipiat,
1611 4667 1776 4739 quod

88 4763 205 4818 vix
254 4756 513 4814 tenuiter
554 4754 753 4813 sentit»
780 4755 938 4822 Quid
982 4754 1162 4826 igitur
1208 4758 1415 4826 restat,
1444 4754 1565 4811 nisi
1611 4754 1779 4829 quod

91 4847 382 4921 sequitur
402 4858 417 4903 :

173 4950 209 4991 tt
238 4932 485 4995 Surrexi
514 4939 581 4992 ut
606 4933 905 5008 aperirem
932 4932 1151 4990 dilecto
1176 4946 1350 4991 meo:
1393 4937 1602 4991 Manus
1628 4942 1781 4990 meae

93 5044 127 5081 ει
151 5020 606 5086 distillaverunt
634 5024 968 5097 myrrham,
1000 5028 1059 5080 et
1086 5023 1255 5095 digiti
1276 5024 1398 5081 mei
1424 5024 1588 5097 plani
1617 5034 1784 5097 myre

93 5141 128 5172 α
160 5118 285 5175 rha
311 5114 815 5189 probatissima.»
848 5115 974 5169 Vox
996 5118 1093 5169 est
1129 5122 1388 5187 sponsae.
1420 5114 1673 5184 Surgere
1698 5112 1788 5169 est

95 5208 188 5267 ad
239 5204 544 5265 Christum
590 5200 773 5261 corde
817 5199 1120 5272 evigilare.
1150 5202 1389 5276 Aperite
1418 5206 1509 5259 est
1533 5202 1788 5259 verbum

97 5297 213 5357 Dei
241 5295 599 5370 pnedicare,
628 5292 726 5350 vel
766 5304 989 5366 puram
1035 5291 1459 5349 confusionem
1497 5290 1785 5365 proferre.

98 5391 173 5445 In
214 5384 509 5442 manibus
554 5397 762 5457 opera,
794 5382 858 5438 in
909 5380 1111 5452 digitis
1164 5380 1445 5437 discretio
1491 5378 1787 5452 signatur,

99 5478 239 5534 sive
268 5479 588 5548 martyres.
620 5476 687 5529 in
716 5470 967 5545 myrrha.
997 5470 1377 5528 mortiﬁcatio
1410 5470 1635 5541 carnis,
1660 5470 1790 5527 sive

101 5566 451 5643 passiones.
485 5567 630 5631 Quae
658 5567 799 5620 tunc
822 5561 1254 5635 probatissima
1280 5564 1370 5617 est
1399 5576 1539 5617 cum
1558 5559 1791 5617 solum--

101 5655 303 5724 modo
329 5668 445 5729 pro
473 5651 763 5711 eharitate
791 5652 891 5709 Dei
916 5657 979 5709 et
1008 5650 1292 5726 proximi,
1308 5650 1405 5708 vel
1425 5650 1793 5708 continentia

106 5748 201 5811 ﬁt,
230 5744 333 5801 vel
354 5744 674 5818 passiones
699 5741 871 5799 ﬁunt.

178 5854 215 5886 τι
241 5835 562 5894 Pessulum
589 5830 727 5891 ostii
1124 5831 1346 5890 “dilecto
1373 5844 1571 5891 meo.»
1598 5829 1793 5889 Recte»

1876 3252 2031 3309 illius
2062 3251 2491 3317 interimentes,
2522 3246 2699 3324 quasi
2723 3249 3039 3324 quoddam
3088 3250 3340 3326 pallium
3367 3262 3542 3311 orna-

1877 3342 2059 3398 menti
2093 3339 2186 3395 Sui
2217 3336 2497 3395 tulerunt.

1952 3471 1981 3497 «
2012 3444 2239 3518 Adjuro
2286 3460 2415 3513 vos,
2457 3443 2594 3500 ﬁlias
2653 3444 3045 3518 Hierusalem,
3098 3444 3147 3503 si
3198 3445 3543 3505 inVeneritis

1879 3562 1905 3589 ‹‹
1936 3536 2219 3593 dilectum
2252 3551 2476 3603 meum,
2510 3539 2576 3593 ut
2605 3534 2886 3592 nuntietis
2917 3535 2970 3591 ei
3000 3537 3144 3612 quia
3174 3552 3380 3595 amore
3409 3534 3542 3595 lan-

1880 3652 1907 3679 ‹‹
1940 3642 2117 3698 gueo.
2145 3647 2173 3675 »
2216 3625 2358 3691 Quae
2408 3626 2547 3680 sunt
2592 3622 2728 3679 ﬁlia?
2781 3620 3173 3695 Hierusalem,
3203 3624 3414 3683 crebro
3460 3624 3549 3683 di-

1880 3723 2045 3774 ctum
2098 3718 2222 3771 est:
2280 3713 2490 3769 merito
2545 3706 2791 3785 languet
2844 3731 3089 3788 sponsa,
3140 3732 3277 3772 cum
3342 3710 3545 3786 gladio

1879 3805 2050 3864 verbi
2099 3802 2199 3861 Dei
2248 3814 2557 3878 percussa,
2586 3803 2836 3861 actionis
2899 3808 3143 3861 terrente
3192 3804 3353 3862 exuit
3402 3806 3550 3862 ami-

1884 3901 2068 3953 ctum.
2100 3890 2166 3951 Et
2195 3892 2348 3951 ﬁlias
2379 3890 2769 3961 Hierusalem,
2801 3892 2863 3949 id
2894 3898 2981 3950 est
3009 3895 3127 3950 Deo
3169 3893 3386 3965 dignas
3416 3893 3548 3951 ani-

1885 4002 2020 4043 mas
2077 3983 2335 4056 adjurat,
2393 3986 2460 4039 ut
2506 3980 2599 4037 sui
2654 3972 2877 4039 amoris
2929 3978 3411 4052 magnitudinem
3471 3976 3551 4041 ad

1888 4068 2075 4132 Deum
2127 4065 2407 4141 referant,
2439 4075 2495 4128 et
2524 4068 2604 4128 ad
2646 4072 2776 4143 ejus
2806 4071 3134 4129 videndam
3165 4071 3420 4145 gloriam
3454 4091 3553 4130 su-

1884 4176 2145 4239 pernum
2171 4160 2284 4219 sibi
2308 4166 2565 4235 poscant
2585 4153 2900 4218 auxilium.

1960 4310 1989 4341 ‹‹
2023 4286 2226 4355 Qualis
2267 4290 2356 4343 est
2380 4286 2802 4344 dilectustuus
2844 4303 2917 4344 ex
2941 4287 3181 4356 dilecto,
3214 4305 3251 4347 ο
3282 4290 3558 4363 pulcher.

1890 4401 1918 4431 ‹‹
1944 4378 2101 4435 rima
2114 4376 2460 4439 mulierum,
2490 4376 2691 4450 qualis
2721 4382 2809 4433 est
2822 4376 3077 4434 dilectus
3106 4383 3246 4435 tuus
3274 4395 3349 4436 ex
3378 4380 3558 4437 dilect

1891 4492 1919 4520 «
1952 4473 2036 4540 to,
2086 4467 2234 4541 quia
2286 4467 2370 4523 sic
2423 4466 2718 4539 adjurasti
2769 4484 2883 4524 nos
2910 4468 2983 4524 ?»
3033 4471 3159 4526 Vox
3200 4476 3558 4528 sanctorum

1892 4557 2357 4633 praedicatorum
2408 4556 2908 4628 interrogantium
2955 4561 3014 4614 et
3054 4558 3238 4615 tidem
3280 4559 3557 4616 Ecclesia

1892 4664 1965 4704 ex
2008 4648 2137 4719 ejus
2165 4646 2559 4718 responsione
2587 4646 3042 4718 inquirentium,
3072 4646 3136 4703 id
3184 4651 3272 4704 est
3294 4647 3558 4705 obsecro

1892 4741 1968 4805 te,
2000 4736 2146 4809 quis.
2173 4735 2259 4791 sic
2288 4734 2581 4805 adjurasti
2620 4750 2743 4802 me,
2771 4739 2837 4791 ut
2870 4750 3141 4792 amorem
3171 4751 3297 4808 quo
3345 4740 3401 4792 te
3430 4734 3560 4792 lane

1893 4840 2177 4897 guescere
2204 4823 2353 4880 dicis
2383 4823 2532 4879 mihi
2561 4822 2867 4886 ostendas,
2895 4828 2954 4880 et
2971 4822 3169 4895 qualis
3194 4824 3271 4880 sit
3289 4822 3557 4881 delectus

1894 4933 1967 4973 ex
1997 4914 2234 4982 dilecto,
2264 4912 2328 4969 id
2367 4916 2457 4969 est
2507 4912 2682 4968 Filius
2719 4928 2795 4968 ex
2821 4915 3008 4980 Patre,
3044 4913 3198 4968 Deus
3224 4928 3301 4969 ex
3329 4915 3467 4980 Deo,
3494 4917 3561 4971 et

1895 5023 1968 5064 ex
1993 5022 2069 5064 eo.
2105 5020 2231 5078 qua
2256 5002 2451 5077 possit
2486 5007 2657 5075 parte
2686 5001 2854 5071 diligi
2879 5004 2940 5057 et
2976 5016 3101 5057 non
3124 5002 3338 5067 timeri,
3368 5002 3565 5060 nani-

1895 5095 2075 5152 festes
2113 5110 2128 5149 :
2176 5091 2471 5166 quoniam
2517 5112 2545 5143 «
2579 5089 2844 5164 perfecta
2883 5089 3149 5148 Charitas
3193 5090 3356 5150 foras
3384 5091 3563 5150 mittit

1896 5184 2194 5243 timorem.
2222 5203 2251 5233 η

1964 5300 1997 5341 vi
2032 5288 2289 5346 Dilectus
2315 5296 2490 5344 meus
2512 5284 3315 5355 candidus,etrubicundus,
3334 5286 3562 5343 electus

1897 5402 1926 5431 ‹‹
1953 5390 2028 5437 ex
2056 5378 2339 5435 millibus.
2366 5395 2395 5427 ιι
2440 5374 2696 5434 Dilectus
2738 5375 3033 5447 Ecclesiae,
3058 5375 3334 5432 Christus
3360 5374 3565 5431 caudis

1896 5470 2013 5526 dus
2045 5472 2154 5539 est,
2185 5467 2329 5540 quia
2357 5466 2487 5522 sine
2516 5470 2786 5539 peccato.
2815 5465 3033 5522 Aliter:
3072 5463 3384 5521 Candidus
3420 5463 3564 5520 diei-

1897 5563 2013 5631 tur,
2037 5556 2375 5613 secundum
2404 5555 2465 5611 id
2487 5554 2655 5628 quod
2682 5554 2786 5610 «in
2810 5552 3108 5626 principio
3128 5558 3261 5609 emt
3280 5552 3562 5621 Verbum,

1899 5653 1957 5705 et
1971 5646 2239 5703 Verbum
2269 5649 2396 5701 erat
2409 5644 2575 5717 apud
2601 5644 2813 5711 Deum,
2832 5646 2892 5699 et
2916 5642 3070 5698 Deus
3092 5645 3221 5698 erat
3242 5642 3563 5699 Verbum.»

1897 5735 2307 5806 Bubicundus,
2324 5737 2475 5808 quia
2504 5733 2800 5791 «Verbum
2832 5747 2975 5791 caro
2999 5731 3227 5789 factum
3250 5737 3347 5790 est
3372 5738 3434 5789 et
3460 5733 3565 5789 haa

1902 5827 2115 5887 bitavit
2133 5827 2199 5884 in
2224 5826 2462 5885 nobis.»
2493 5825 2593 5884 Vel
2620 5823 2918 5884 candidus
2944 5822 3008 5880 in
3033 5821 3568 5895 Mnibus,”
