3968 6430
450 309 554 362 615

1552 292 1911 348 ANGELOMI
1951 286 2400 344 LUXOVIENSIS
2438 289 2753 346 MONACHI

3776 293 3873 345 616

451 427 687 486 cundus
716 427 779 482 in
809 422 1098 492 sanguine
1124 417 1449 493 passionis.
1475 415 1705 471 Electus
1731 432 1804 470 ex
1820 413 2104 483 millibus,
2144 415 2192 468 Α
2222 412 2456 484 operari
2498 429 2622 468 non
2651 413 2950 476 desinunt,
2979 412 3084 486 qui
3131 411 3212 468 ad
3249 427 3430 467 omne
3459 427 3615 485 opus
3643 411 3873 468 bonum

451 518 596 591 quia
626 516 787 572 solus
818 512 1109 569 mediator
1136 508 1234 564 Dei
1267 512 1321 562 et
1346 506 1687 562 hominum.

2220 499 2298 555 ob
2353 518 2521 573 spem
2581 503 2748 574 regni
2807 503 3097 558 caelorum
3156 517 3396 573 semper
3441 500 3790 573 persistunt,
3823 506 3874 558 et

527 631 554 658 ‹‹
589 609 778 677 Caput
821 603 949 672 ejus
992 615 1208 656 aurum
1253 597 1570 669 optimum.
1601 619 1626 643 ››
1678 597 1869 666 Caput
1899 590 2108 647 Christi
2215 590 2478 662 prompti
2510 596 2649 647 sunt
2677 591 2756 648 ad
2781 591 3236 664 perﬁciendum.

455 700 627 753 Deus.
665 694 822 750 Sicut
841 693 992 746 inter
1022 685 1262 743 metalla
1292 685 1440 740 nihil
1468 684 1682 739 melius
1707 699 1876 753 auro,
1899 682 1979 737 ita
1994 696 2105 736 nec

449 786 509 842 in
527 782 806 841 creaturis
827 779 1164 853 quidquam
1190 775 1642 849 comparabitur
1663 772 1942 838 Creatori,
1963 771 2105 843 quia

452 876 612 932 solus
636 875 835 929 bonus
865 875 952 926 est
977 875 1033 925 et
1061 869 1349 942 optimus.
1379 890 1405 916 «
1429 869 1628 922 Coma:
1654 865 1785 936 ejus
1807 863 1958 918 sicut
1985 861 2103 917 ela-

449 989 476 1015 «
507 970 577 1020 tae
609 959 1179 1036 palmarum,nigrae
1205 956 1377 1030 quasi
1402 972 1635 1011 corvus.
1665 977 1692 1004 ››
1726 956 1921 1010 Coma:
1944 949 2103 1007 Chri-

447 1056 521 1111 sti
547 1058 793 1110 catervae
823 1055 966 1106 sunt
1006 1053 1373 1114 sanctorum,
1401 1062 1537 1118 quae
1570 1048 1689 1100 Deo
1719 1041 1882 1098 ﬁdeli
1905 1041 2101 1096 famu-

445 1145 570 1201 latu
593 1143 920 1199 adhaerent.
951 1139 1127 1194 Elatze
1160 1136 1397 1210 palmae,
1419 1136 1590 1205 juxta
1619 1132 1767 1188 illud
1796 1129 2058 1202 Apostoli
2085 1147 2097 1184 :

449 1257 477 1286 «
511 1231 895 1290 Conversatio
947 1231 1158 1283 nostra
1215 1226 1276 1281 in
1330 1223 1493 1280 ccelis
1547 1227 1637 1279 est
1690 1222 1878 1289 (Phil.
1913 1221 2035 1292 111):
2074 1242 2100 1268 »

445 1323 635 1393 Nigrae
684 1323 927 1393 propter
977 1314 1429 1388 despectionem
1478 1311 1641 1386 apud
1679 1310 1975 1378 homines,
2009 1308 2102 1363 vel

443 1412 589 1484 quia
619 1412 961 1482 peccatores
1007 1423 1069 1462 se
1098 1421 1230 1461 esse
1271 1406 1580 1463 testantur,
1609 1402 1868 1456 Possunt
1895 1403 1952 1454 et
1979 1397 2100 1453 ela-

446 1505 519 1557 tae
549 1499 629 1555 ob
649 1497 993 1554 victoriam:
1023 1495 1208 1564 nigrae
1236 1493 1315 1549 ob
1342 1507 1660 1564 pressuras
1690 1488 1832 1545 dici:
1868 1487 2099 1544 Lauda-

443 1590 530 1646 vit
558 1605 818 1663 sponsus
839 1585 1343 1660 pulchritudinem
1374 1599 1634 1656 sponsae,
1657 1580 1880 1637 idcirco
1908 1579 2102 1635 reddit

447 1695 672 1752 sponsa
694 1679 850 1733 vices
880 1680 938 1733 et
959 1675 1169 1731 laudat
1189 1690 1348 1730 eum.

2288 682 2543 735 «Venter
2595 680 2750 736 illius
2803 680 3126 750 eburneus,
3159 679 3472 736 distinctus
3503 680 3870 753 sapphiris.»

2215 769 2423 823 Venter
2443 785 2584 840 ergo
2601 769 2795 825 dilecti
2813 770 3194 840 fragilitatem
3220 768 3610 824 humanitatis
3626 769 3679 840 ej
3691 786 3762 824 us
3777 768 3873 824 de-

2216 857 2431 925 signat.
2453 858 2627 921 Ebur,
2652 858 2930 916 decorem
2961 857 3282 925 castitatis;
3317 857 3663 930 sapphirus,
3687 857 3870 913 subli-

2211 947 2482 1002 mitatem
2511 947 2794 1003 virtutum
2826 948 3174 1004 caelestium.
3202 947 3518 1002 Distinctus
3548 947 3870 1019 sapphiris,

2211 1035 2354 1108 quia
2384 1035 2601 1108 partim
2633 1037 2905 1092 humana
2948 1036 3236 1108 fragilitas
3275 1035 3490 1099 esurie,
3523 1039 3868 1104 tentatione,

2212 1124 2580 1196 fatigatione,
2610 1129 2832 1181 morte:
2866 1125 3084 1197 partim
3133 1124 3338 1180 divina
3369 1123 3661 1180 celsitudo
3691 1123 3870 1180 mira-

2211 1213 2378 1282 culis,
2407 1214 2839 1270 resurrectione
2885 1219 2942 1270 et
2979 1213 3346 1270 ascensionis
3374 1212 3566 1284 gloria
3589 1212 3866 1283 intelligi-

2211 1305 2322 1358 tur.
2355 1305 2609 1358 Possunt
2637 1319 2744 1375 per
2786 1307 3052 1359 ventrem
3081 1302 3143 1358 hi
3170 1302 3232 1358 in
3264 1318 3512 1375 corpore
3544 1301 3759 1359 Christi
3789 1303 3872 1358 in-
3944 1337 3945 1346 η

2212 1391 2410 1462 telligi,
2442 1393 2548 1464 qui
2605 1393 2912 1449 credentes
2968 1392 3030 1448 in
3085 1391 3203 1447 ﬁde
3255 1391 3486 1448 bonum
3530 1393 3871 1465 parturiunt

2210 1498 2383 1554 opus.
2417 1482 2766 1552 lntelligitur
2795 1487 2996 1539 venter
3025 1482 3346 1553 eburneus,
3379 1483 3514 1538 fons
3544 1483 3698 1539 sacri
3718 1482 3871 1556 bap-

2211 1570 2480 1639 tismatis,
2536 1571 2629 1626 vel
2691 1572 3012 1639 eburneus,
3061 1576 3305 1645 propter
3356 1572 3868 1644 perseverantiam

2211 1661 2414 1716 castita
2426 1661 2519 1729 tis,
2544 1678 2616 1717 ex
2643 1678 2765 1734 quo
2797 1677 3011 1717 omnes
3043 1661 3352 1717 credentes
3382 1661 3444 1716 in
3468 1661 3587 1717 ﬁde
3604 1677 3867 1718 nascun-

517 1793 546 1820 «
576 1769 742 1827 Oculi
771 1769 900 1840 ejus
931 1769 1082 1824 sicut
1113 1765 1407 1822 columba
1438 1779 1617 1837 super
1643 1761 1869 1818 rivmos
1909 1775 2098 1832 aqua-
2128 1764 2174 1818 Β
2211 1753 2322 1820 tur,
2351 1755 2407 1806 et
2435 1751 2904 1840 perseverantia
2936 1751 3202 1806 castitate
3227 1749 3367 1806 ﬁdei
3397 1755 3453 1806 et
3477 1751 3721 1840 mentis.

396 1862 397 1865 “
449 1882 478 1911 ‹‹
505 1875 708 1916 rum.»
740 1859 804 1914 1d
847 1862 937 1914 est
967 1856 1152 1912 sancti
1181 1855 1455 1911 doctores
1512 1869 1617 1925 per
1647 1868 1800 1925 quos
1841 1850 2101 1906 Ecclesia

444 1949 607 2005 videt
634 1965 768 2020 qua:
796 1951 957 2003 recta
1000 1949 1170 2000 sunt:
1209 1944 1318 2010 Qui
1344 1943 1498 1999 bene
1529 1941 1824 1998 columbae
1857 1944 2100 2012 propter

444 2037 881 2106 simplicitatem
930 2041 985 2092 et
1018 2033 1425 2091 innocentiam
1459 2035 1906 2104 comparantur,
1939 2034 1996 2084 et
2024 2029 2096 2084 ri-

441 2128 595 2184 vulis
638 2143 938 2200 aquarum
967 2129 1212 2198 propter
1251 2123 1615 2178 charismata
1645 2119 1868 2175 divina.
1904 2141 1931 2168 «
1959 2119 2096 2184 Quae

444 2241 472 2267 «
499 2217 650 2273 lacte
681 2221 822 2271 sunt
849 2214 1001 2286 lotae,
1035 2218 1091 2269 et
1130 2211 1392 2268 resident
1431 2211 1604 2282 juxta
1629 2209 1855 2264 ﬂuenta
1879 2207 2097 2280 plenis-

443 2329 471 2356 «
501 2306 673 2362 sima.
697 2323 727 2358 ›
761 2308 931 2360 Lacte
972 2303 1124 2358 lotas
1153 2301 1315 2370 dicit,
1339 2300 1402 2356 id
1428 2304 1515 2355 est
1535 2299 1724 2371 gratia
1744 2297 2098 2353 dulcissima

437 2395 784 2466 mundatas,
815 2394 940 2449 sive
969 2409 1076 2466 per
1095 2391 1468 2464 baptismum
1490 2388 1862 2461 puriﬁcatas.
1894 2386 2096 2442 Fluen-

439 2490 498 2541 ta
526 2484 873 2558 plenissima
901 2481 1174 2538 omnium
1214 2479 1513 2535 donorum
1562 2475 1962 2548 spiritualium
2010 2479 2098 2531 est

437 2573 836 2630 abundantia.
859 2571 1065 2627 Potest
1092 2569 1150 2624 in
1177 2568 1384 2623 rivulis
1409 2565 1624 2622 veteris
1641 2565 1788 2634 legis
1819 2563 2092 2634 eruditio,

438 2666 496 2718 et
532 2661 595 2717 in
640 2660 879 2716 ﬂuentis
907 2657 1256 2731 plenissima
1285 2655 1566 2728 perfectio
1597 2651 1953 2720 evangelicae
1985 2652 2092 2708 d0-

439 2751 642 2808 ctrinae
706 2747 1030 2819 designari,
1088 2747 1232 2819 quia
1292 2744 1482 2801 sancti
1532 2743 1952 2816 praedicatores
2017 2741 2092 2797 de

437 2838 733 2896 thesauris
781 2837 904 2893 suis
953 2835 1262 2910 proferunt
1308 2850 1468 2890 nova
1520 2836 1577 2888 et
1615 2836 1816 2887 vetera
1848 2831 2087 2902 (Matth.

436 2931 584 2994 xm).

510 3040 537 3068 ‹‹
571 3020 743 3074 Genae
775 3015 929 3072 illius
960 3014 1112 3071 sicut
1141 3011 1354 3070 areolae
1381 3015 1744 3079 aromatum,
1777 3009 2023 3065 consitae
2053 3024 2090 3064 a

436 3131 465 3157 «
495 3105 927 3180 pigmentariis.
957 3127 985 3154 ››
1038 3109 1100 3160 In
1152 3103 1320 3174 genis
1377 3101 1698 3156 Salvatoris
1742 3098 1926 3155 nostri
1960 3099 2088 3169 ejus
2127 3126 2168 3181 ρ

431 3197 705 3254 modesta
767 3196 976 3268 pietas,
1037 3193 1214 3249 simul
1268 3196 1325 3248 et
1379 3191 1658 3247 severitas
1715 3188 2086 3262 exprimitur.

431 3286 658 3342 Areolaa
711 3288 1052 3340 aromatum
1100 3283 1346 3337 virtutes
1398 3284 1454 3336 et
1506 3279 1765 3334 dulcedo
1823 3281 1880 3332 et
1925 3277 2089 3332 fama

430 3375 630 3444 gloriae
661 3374 791 3444 ejus
817 3372 1186 3441 designatur.
1222 3370 1470 3426 Consitae
1503 3385 1538 3423 a
1559 3365 1993 3440 pigmentariis,
2025 3363 2088 3419 id

430 3468 523 3520 est
551 3462 882 3536 prophetis,
914 3460 1220 3532 apostolis,
1255 3459 1452 3514 futura
1496 3456 1927 3514 incarnationis
1958 3455 2087 3527 ejus

430 3567 672 3620 arcana,
705 3555 762 3605 et
806 3549 962 3604 illius
1001 3548 1157 3603 facta
1202 3551 1536 3604 narrantes.
1574 3546 1786 3602 Aliter:
1845 3545 2002 3601 Sicut
2026 3543 2087 3598 in

429 3640 618 3697 oculis
648 3637 923 3711 apostoli,
950 3637 1032 3692 ita
1078 3637 1139 3691 in
1196 3635 1364 3707 genis
1394 3635 1550 3690 illius
1583 3635 1853 3690 Ecclesiae
1883 3633 2088 3688 intelli-

429 3734 669 3801 guntur,
702 3744 837 3801 quae
890 3726 968 3782 ab
1011 3725 1297 3798 apostolis
1345 3724 1406 3779 in
1453 3723 1796 3796 primordiis
1827 3721 2089 3777 credide-

428 3822 586 3888 runt,
614 3822 671 3873 et
698 3833 770 3872 ex
796 3819 1008 3872 sancta
1055 3814 1507 3870 conversatione
1542 3811 1621 3867 ad
1649 3811 1880 3866 donum
1910 3811 2087 3866 virtu-

425 3911 555 3964 tum
602 3906 762 3962 velut
804 3905 1004 3961 areola
1049 3908 1392 3960 aromatum
1445 3918 1518 3958 ex
1563 3917 1625 3956 se
1655 3900 2082 3972 perduxerunt,

427 4011 561 4068 quae
602 4011 638 4051 a
684 3996 798 4068 piis
839 3993 1061 4050 scilicet
1090 3990 1585 4065 praedicatoribus
1619 3990 1880 4060 consitae,
1908 3989 1969 4046 id
1999 3995 2087 4046 est

429 4085 674 4141 eruditae
724 4090 882 4153 sunt,
916 4107 943 4132 ‹‹
968 4082 1154 4139 Labia
1174 4081 1331 4136 illius
1364 4080 1484 4136 lilia
1529 4079 1875 4136 distillantia
1924 4096 2084 4153 myr-

425 4175 602 4230 rham
630 4174 913 4246 primam.
939 4196 966 4223 »
999 4171 1182 4228 Labia
1230 4170 1384 4226 illius
1416 4170 1601 4227 verba
1634 4170 1938 4226 doctrinae.
1975 4173 2081 4226 La-

425 4262 550 4330 bia,
613 4262 757 4334 quia
823 4261 1086 4317 claritate
1151 4259 1407 4316 cmlestis
1473 4259 1642 4330 regni
1705 4260 2077 4332 promittunt.

427 4351 776 4407 Distillantia
804 4351 1114 4422 myrrham
1145 4349 1425 4420 primam,
1458 4349 1602 4422 quia
1631 4364 1738 4420 per
1767 4353 2078 4419 contemp-

427 4444 556 4496 tum
587 4440 963 4514 voluptatum
993 4438 1377 4512 praesentium
1422 4438 1502 4494 ad
1532 4439 1690 4494 hanc
1727 4437 2076 4509 pervenien-

425 4529 575 4586 dum
605 4546 736 4585 esse
767 4529 1115 4602 praedicant.
1148 4527 1327 4584 Aliter
1352 4545 1365 4583 :
1399 4526 1584 4583 Labia
1634 4526 1843 4583 Christi
1872 4526 2078 4582 docto-

423 4637 518 4678 res
558 4625 698 4679 sunt
743 4621 919 4688 illius,
951 4624 1150 4676 mente
1198 4619 1293 4674 vel
1342 4619 1522 4674 etiam
1571 4633 1751 4673 carne
1793 4617 2078 4687 virgines.

423 4713 492 4767 Et
517 4712 578 4767 in
606 4711 720 4768 hoc
750 4711 1094 4783 passionem
1144 4713 1202 4765 et
1229 4713 1486 4764 mortem
1531 4707 1720 4780 ipsius
1749 4706 2080 4779 praedican-

422 4804 528 4869 tes,
561 4805 626 4857 ut
653 4817 762 4874 pro
791 4800 891 4856 illo
921 4800 1026 4873 qui
1055 4815 1165 4872 pro
1213 4798 1388 4857 nobis
1418 4802 1692 4854 mortuus
1721 4801 1810 4853 est
1837 4813 1962 4853 non
1990 4813 2076 4853 re-

421 4906 705 4946 cusemus
731 4891 1032 4963 suscipere
1052 4893 1327 4945 mortem.

493 5001 522 5030 «
550 4983 757 5037 Manus
810 4980 967 5034 illius
1023 4977 1326 5035 tornatiles
1385 4993 1603 5046 aureae,
1627 4999 1656 5026 »
1711 4979 1819 5031 etc.
1873 4978 2077 5033 Manus

421 5085 606 5142 opera
634 5073 775 5124 sunt
801 5069 977 5138 illius,
1001 5070 1144 5141 quia
1173 5085 1310 5141 quae
1329 5067 1528 5123 verbis
1557 5066 1762 5122 docuit
1783 5065 1952 5121 factis
1971 5067 2077 5121 im-

419 5157 951 5231 plevit.Tornati1es
973 5173 1190 5228 aureae,
1213 5157 1357 5229 quia
1373 5157 1433 5212 in
1456 5173 1517 5213 se
1538 5171 1782 5211 omnem
1803 5155 2076 5225 regulam

413 5247 656 5319 justitiaa
698 5251 916 5317 tenent,
947 5252 1012 5304 ut
1038 5247 1166 5320 ipse
1192 5246 1333 5303 dicit
1357 5264 1369 5300 :
1405 5269 1431 5298 ‹
1455 5245 1546 5301 Sic
1573 5245 1734 5302 enim
1763 5245 1934 5301 decet
1961 5261 2072 5301 nos

416 5336 668 5410 implere
707 5353 953 5394 omnem
987 5337 1280 5409 justitiam
1317 5337 1558 5409 (Matth.
1587 5338 1728 5408 111).»
1759 5340 1966 5392 Aureae
1990 5336 2076 5392 di-

418 5433 654 5493 cuntur,
671 5429 815 5502 quia
836 5429 1044 5485 omnia
1063 5445 1199 5501 quae
1219 5428 1280 5483 in
1301 5428 1546 5484 homine
1571 5428 1768 5497 gessit,
1795 5427 2071 5484 divinita-

417 5519 489 5574 tis
517 5519 702 5588 gloria
730 5521 1014 5592 implevit.
1038 5520 1230 5574 Plenae
1257 5519 1620 5590 hyacinthis,
1652 5518 1757 5591 qui
1789 5518 1867 5574 ad
1897 5535 2070 5590 spem

415 5623 528 5662 nos
558 5609 889 5666 caelestium
915 5615 1095 5682 atque
1120 5625 1390 5666 amorem
1411 5610 1644 5671 excitat,
1663 5609 1805 5680 quia
1825 5609 2072 5681 hyacin-

416 5695 555 5749 thus
584 5699 822 5753 aetherei
869 5698 1083 5754 coloris
1124 5714 1366 5768 gemma
1397 5703 1502 5753 est.
1527 5702 1781 5754 Possunt
1800 5698 1981 5754 etiam
2007 5698 2070 5752 in

415 5781 700 5840 manibus
714 5784 927 5841 Christi
952 5784 1035 5841 illi
1056 5785 1352 5855 deputari,
1369 5785 1473 5856 qui
1494 5801 1567 5843 ea
1590 5799 1726 5856 quae
1745 5785 1910 5842 bona
1931 5790 2070 5842 sunt

2284 1862 2310 1888 ‹‹
2343 1841 2528 1895 Crura
2565 1839 2719 1894 illius
2750 1839 3045 1895 columnae
3078 1855 3455 1912 marmoreae,
3485 1856 3622 1912 quae
3650 1838 3868 1896 funda-

2209 1950 2236 1978 ‹‹
2265 1933 2336 1984 ιω
2369 1933 2508 1985 sunt
2538 1946 2718 2002 super
2750 1929 2927 1986 bases
2958 1945 3242 1984 aureas.»
3289 1932 3540 1986 Crurum
3567 1928 3864 1985 vocabulo

2205 2018 2415 2074 itinera
2446 2019 2870 2075 incarnationis
2919 2019 3132 2074 Christi
3161 2019 3562 2088 insinuantur,
3595 2035 3734 2092 quae
3765 2035 3867 2076 co-

2203 2106 2426 2163 lumnis
2453 2109 2809 2164 marmoreis
2839 2113 3082 2181 propter
3105 2107 3448 2164 ﬁrmitatem
3479 2113 3536 2164 et
3560 2108 3868 2164 rectitudi-

2207 2212 2342 2252 nem
2364 2202 2813 2270 comparantur.
2838 2200 2979 2263 Quae
3009 2196 3271 2254 fundatae
3305 2201 3445 2254 sunt
3473 2213 3655 2270 super
3682 2197 3868 2255 bases

2204 2302 2437 2353 aureas,
2466 2287 2610 2358 quia
2645 2285 2943 2359 quidquid
2968 2303 3076 2359 per
3101 2303 3261 2357 eum,
3291 2286 3387 2342 vel
3416 2285 3491 2342 de
3521 2302 3593 2343 eo
3623 2291 3869 2358 gestum

2203 2379 2310 2446 est,
2341 2376 2546 2432 omnia
2575 2375 2791 2431 divinae
2821 2375 3237 2448 promissionis
3263 2375 3510 2432 consilio
3549 2381 3688 2432 ante
3721 2381 3870 2432 tem-

2202 2481 2352 2537 pora
2397 2466 2708 2522 saocularia
2745 2466 3041 2539 disposita
3079 2471 3234 2523 sunt.
3267 2466 3476 2522 Aliter:
3510 2468 3696 2522 Crura
3730 2483 3868 2540 quae

2202 2560 2392 2612 totum
2420 2572 2638 2628 corpus
2667 2555 2962 2627 bajulant,
2990 2555 3071 2611 illi
3103 2561 3241 2612 sunt
3268 2557 3374 2629 qui
3403 2557 3637 2612 donum
3666 2557 3870 2613 Eccle-

2200 2646 2321 2714 site,
2355 2646 2514 2701 velut
2559 2645 2788 2701 donum
2837 2645 3131 2702 columnae
3164 2647 3475 2702 sustinent.
3511 2646 3779 2720 Denique
3811 2654 3871 2704 et

2197 2734 2260 2790 in
2315 2733 2703 2790 tabernaculo
2753 2739 2810 2790 et
2847 2735 2908 2790 in
2961 2735 3184 2809 templo
3233 2735 3528 2792 columnae
3562 2740 3868 2806 argenteae

2198 2824 2503 2882 fabricatae
2560 2830 2718 2896 sunt,
2767 2825 2828 2880 in
2879 2825 3312 2896 signiﬁcatione
3370 2826 3708 2895 doctorum,
3754 2827 3870 2900 qui

2198 2915 2490 2972 fabricam
2539 2917 2808 2972 Ecclesiae
2845 2919 3196 2973 sustentant.
3231 2917 3485 2974 Fundati
3537 2933 3719 2990 super
3748 2917 3867 2976 ba—

2198 3021 2294 3060 ses
2326 3021 2563 3073 aureas,
2597 3005 2712 3061 hoc
2743 3009 2830 3062 est
2866 3005 3328 3079 praecedentium
3368 3009 3612 3078 patrum
3641 3006 3869 3078 praedi-

2198 3093 2517 3162 cationem,
2561 3099 2618 3150 et
2647 3111 2752 3166 per
2792 3095 2978 3150 libros
3023 3094 3169 3166 legis
3219 3099 3276 3151 et
3325 3094 3629 3166 Evangelii
3676 3095 3867 3152 robo-

2197 3185 2326 3241 rati.
2363 3185 2651 3259 «Species
2682 3186 2812 3256 ejus
2843 3189 2908 3240 ut
2936 3185 3161 3241 Libani.
3194 3207 3221 3236 »
3274 3187 3342 3241 Ut
3388 3184 3648 3241 Libanus
3689 3185 3867 3242 celsi-

2199 3273 2403 3333 tudine
2444 3279 2500 3330 et
2527 3274 2718 3345 gratia
2747 3274 3036 3330 arborum
3085 3273 3234 3330 alios
3277 3279 3532 3342 montes,
3565 3273 3649 3330 sic
3687 3275 3866 3331 nimi-

2197 3381 2334 3420 rum
2362 3365 2652 3420 Dominus
2685 3363 2947 3420 Christus
2973 3379 3185 3420 omnes
3216 3368 3458 3420 sanctos
3499 3364 3863 3420 meritorum

2198 3454 2567 3520 celsitudine,
2597 3459 2652 3510 et
2677 3454 2868 3524 gratia
2898 3453 3186 3510 virtutum
3215 3453 3533 3510 antecellit.
3569 3476 3597 3504 ‹‹
3627 3453 3862 3510 Electus

2196 3548 2262 3600 ut
2313 3543 2600 3599 cedrus.»
2654 3543 2814 3600 Sicut
2857 3542 3072 3598 cedrus
3117 3541 3265 3598 alias
3313 3541 3559 3599 arbores
3609 3559 3750 3615 quae
3799 3543 3860 3598 in

2197 3633 2420 3689 Libano
2463 3636 2797 3688 nascuntur
2825 3636 3068 3704 superat
3094 3631 3383 3702 dignitate
3431 3648 3561 3699 sua,
3588 3631 3674 3688 ita
3702 3632 3860 3689 Chri-

2197 3729 2323 3780 stus
2366 3740 2577 3779 omnes
2623 3723 2728 3795 qui
2775 3723 2835 3778 in
2887 3723 3147 3780 Ecclesia
3178 3723 3256 3779 ad
3285 3723 3471 3780 vitam
3499 3728 3854 3791 nascuntur,

2195 3831 2308 3870 sua
2335 3814 2707 3870 transcendit
2735 3813 2944 3884 gloria.

2268 3928 2295 3955 «
2327 3906 2535 3961 Guttur
2581 3903 2736 3959 illius
2781 3904 3231 3970 suavissimum,
3264 3907 3321 3961 et
3367 3907 3524 3960 totus
3554 3903 3857 3960 desidera-

2196 4017 2222 4044 α
2253 3993 2408 4050 bilis.
2436 4016 2464 4042 »
2497 3993 2558 4048 In
2595 3998 2830 4064 gutture
2879 3993 3115 4050 interna
3151 3993 3408 4050 dulcedo
3437 3993 3764 4050 verborum
3786 3993 3856 4049 il-

2190 4083 2305 4138 lius
2337 4088 2723 4150 memoratur,
2756 4099 2944 4156 quam
2988 4083 3092 4156 qui
3119 4085 3276 4156 sapit
3315 4099 3438 4139 non
3467 4083 3676 4140 esurit.
3713 4083 3858 4139 Pos-

2193 4179 2331 4230 sunt
2358 4178 2415 4230 et
2444 4174 2503 4230 in
2530 4178 2765 4245 gutture
2787 4173 2868 4229 illi
2896 4174 3139 4244 intelligi
3178 4176 3286 4248 qui
3325 4173 3613 4247 mysteria
3639 4173 3858 4230 Christi

2191 4269 2521 4339 exponunt,
2553 4269 2607 4320 et
2656 4264 2716 4320 in
2766 4264 2897 4334 lege
2946 4264 3134 4338 ipsius
3163 4264 3430 4337 quotidie
3460 4264 3854 4329 meditantur,

2189 4355 2296 4428 qui
2321 4355 2574 4410 verbum
2615 4353 3057 4426 praedicationis
3096 4371 3170 4410 ex
3212 4370 3314 4410 ore
3362 4354 3754 4426 depromunt.
3790 4357 3858 4408 Et

2192 4449 2346 4500 totus
2367 4443 2781 4500 desiderabilis
2806 4461 2818 4498 :
2844 4445 2886 4499 Ο
2908 4443 3114 4511 homo,
3141 4443 3288 4517 quid
3305 4443 3566 4516 amplius
3585 4443 3811 4515 quaeris
3831 4443 3859 4499 ‘?

2189 4537 2367 4589 Totus
2417 4531 2854 4603 desiderabilis,
2886 4533 3031 4605 quia
3060 4537 3218 4589 totus
3264 4534 3420 4588 Deus
3463 4535 3520 4589 et
3558 4537 3720 4588 totus
3746 4533 3859 4589 ho-

2193 4639 2290 4678 mo
2341 4627 2453 4686 est,
2502 4622 2564 4678 in
2609 4639 2792 4694 quem
2840 4622 3184 4679 desiderant
3239 4621 3437 4694 angeli
3483 4621 3855 4696 prospicere.

2187 4712 2343 4767 Deus
2381 4711 2442 4767 in
2471 4712 2783 4782 majestate
2813 4712 3024 4779 Patris,
3055 4712 3239 4770 homo
3267 4713 3329 4770 in
3353 4711 3692 4782 virginitate
3723 4729 3859 4769 ma-

2185 4801 2321 4856 tris:
2352 4801 2414 4855 in
2443 4799 2543 4856 illa
2571 4800 2832 4866 Creator,
2863 4801 2925 4856 in
2953 4801 3069 4858 hac
3096 4801 3383 4858 Salvator.
3410 4823 3440 4851 «
3463 4799 3618 4856 Talis
3643 4805 3734 4856 est
3765 4801 3861 4856 di-

2187 4888 2434 4944 «lectus
2491 4904 2682 4957 meus,
2739 4892 2794 4945 et
2850 4889 2978 4962 ipse
3035 4894 3123 4947 est
3177 4889 3409 4947 amicus
3459 4905 3653 4957 meus,
3711 4889 3858 4946 ﬁliae

2187 5001 2214 5029 «
2248 4977 2643 5034 Hierusalem.
2672 5000 2700 5029 »
2769 4979 3135 5036 Gratulando
3223 4979 3530 5037 exsultans
3583 4978 3861 5052 loquitur

2185 5067 2444 5124 Ecclesia
2485 5073 2731 5140 propter
2765 5069 3333 5137 reconciliationem,
3365 5074 3422 5124 et
3449 5069 3694 5138 cognita
3722 5085 3860 5142 my-

2185 5159 2366 5214 steria
2414 5158 2506 5214 sui
2551 5161 2781 5232 sponsi,
2831 5175 2902 5215 ac
2945 5160 2994 5216 si
3054 5159 3502 5231 gratulabunda
3557 5159 3741 5227 dicat,
3800 5165 3861 5216 et

2182 5247 2535 5305 familiarius
2620 5249 2875 5305 effecta:
2949 5251 3186 5315 Quanto
3253 5249 3527 5306 devotius
3588 5248 3859 5322 quisque

2181 5338 2372 5409 diligit
2429 5343 2636 5408 Deum,
2693 5344 2856 5396 tanto
2922 5340 3272 5398 familiarius
3341 5340 3525 5396 habet
3579 5340 3858 5396 amicum

2181 5442 2343 5498 eum,
2387 5431 2444 5484 et
2495 5428 2673 5484 talem
2725 5444 2967 5484 necesse
3011 5433 3121 5497 est,
3167 5429 3380 5502 inquit,
3433 5433 3500 5486 ut
3544 5428 3858 5500 intelligas

2181 5531 2343 5587 eum,
2373 5517 2424 5572 si
2453 5517 2543 5572 vis
2573 5517 2742 5572 illum
2768 5517 2992 5573 habere
3017 5519 3283 5574 amicum
3315 5522 3506 5574 tuum.

2251 5625 2280 5659 «
2308 5608 2436 5671 Quo
2483 5606 2629 5662 abiit
2657 5606 2908 5663 dilectus
2935 5612 3092 5674 tuus,
3125 5625 3161 5665 o
3186 5608 3595 5681 pulcherrima
3625 5606 3858 5664 mulie-

2181 5719 2209 5746 ‹‹
2241 5713 2398 5764 rum,
2424 5714 2547 5769 quo
2576 5697 2897 5754 declinavit
2924 5698 3174 5755 dilectus
3203 5703 3341 5755 tuus
3359 5699 3386 5753 ‘I
3418 5702 3484 5754 Et
3498 5715 3853 5771 quaeremus

2179 5809 2208 5837 «
2238 5801 2378 5843 eum
2402 5791 2658 5845 tecum.»
2686 5791 2818 5845 Haec
2839 5804 2958 5845 vox
2973 5789 3561 5849 adolescentularum
3595 5794 3689 5848 est
3708 5806 3852 5864 quae
