3968 6414
186 282 293 338 617
1395 280 1654 338 ENARR.
1696 277 1766 334 1N
1807 270 2108 330 CANTICA
2146 271 2421 332 CANTIC.
3573 289 3640 343 l8

180 392 525 477 loquuntur
545 404 625 462 ad
661 421 968 478 sponsam.
998 408 1106 462 Pro
1135 405 1351 462 decore
1381 406 1542 462 enim
1569 400 1853 462 carminis
1889 397 1938 450 Α
1972 410 2082 469 per
2104 395 2242 470 ipsa
2260 399 2390 470 jam
2421 401 2644 460 amoris
2675 403 2767 460 sui
2814 403 3110 462 desideria
3163 406 3391 477 angelis
3430 408 3638 468 similis

190 494 506 551 variantur
534 511 808 568 persona
833 494 1234 568 loquentium,
1275 495 1380 551 sed
1411 499 1613 551 tamen
1647 489 1857 550 Christi
1972 483 2229 543 dicatur.
2259 489 2401 555 Qua
2432 496 2662 564 quanto
2694 496 2813 550 Deo
2845 493 3124 550 amabilis
3171 495 3442 568 eﬂicitur,
3475 501 3640 556 tanto

187 583 543 654 Ecclesiam,
568 600 703 656 qua
730 584 1027 640 vocabulo
1050 599 1289 657 sponsa
1317 583 1687 656 exprimitur,
1707 579 1860 637 desi-
1971 573 2096 644 agit
2131 579 2194 631 ut
2239 577 2523 650 malignis
2558 581 2864 655 spiritibus
2906 583 3181 640 terribilis
3225 584 3350 642 ﬁat.
3380 587 3641 652 Qualiter

188 676 338 741 gnat
381 671 510 727 hac
565 672 973 745 pulcherrima
1028 671 1370 728 mulierum.
1403 671 1669 728 Pulchra
1721 671 1861 724 sunt
1971 668 2176 721 autem
2200 667 2275 722 sit
2305 669 2599 737 terribilis,
2620 671 2942 744 subjuncta
2964 674 3417 746 comparatione
3441 681 3640 734 osten-

189 759 447 830 singula
480 766 829 818 sanctorum
866 761 1150 828 ecclesia,
1185 762 1293 817 sed
1324 759 1730 834 pulcherrima
1772 760 1862 814 est
1969 751 2154 827 ditur,
2188 755 2251 812 id
2271 761 2360 814 est
2381 763 2446 814 ut
2475 764 2812 818 castrorum
2842 761 3001 818 acies
3034 767 3175 820 tunc
3224 763 3500 821 hostibus
3531 771 3645 824 ter.

187 850 550 907 universitas
581 850 758 907 totius
802 855 1023 908 sancta
1055 850 1327 908 Ecclesia
1378 866 1486 924 per
1530 853 1724 907 totum
1767 861 1860 904 or-

186 936 357 994 bem.
391 939 596 996 Aliter:
625 943 796 997 Recte
819 940 980 996 enim
1015 945 1224 997 sancta
1255 939 1516 996 Ecclesia
1537 936 1862 1012 pulcherri-

187 1042 298 1082 ma
339 1027 660 1085 mulierum
693 1029 1048 1102 appellatur,
1086 1029 1190 1102 qui
1222 1029 1389 1100 virgo
1420 1033 1476 1086 et
1518 1028 1865 1099 incorrupta

189 1120 306 1183 est,
353 1118 449 1172 cui
477 1118 796 1192 Apostolus
835 1119 1113 1193 loquens,
1147 1119 1259 1176 ait:
1292 1143 1318 1170 ‹‹
1357 1117 1664 1190 Despondi
1702 1117 1864 1171 enim

188 1220 302 1260 vos
337 1206 439 1262 uni
465 1206 595 1262 viro
618 1207 915 1277 virginem
958 1213 1188 1265 castam
1208 1207 1489 1264 exhibere
1521 1206 1751 1262 Christo
1781 1204 1867 1275 (II

193 1293 339 1350 Cor.
367 1297 470 1368 x1).
500 1318 529 1346 »
563 1297 850 1353 Dicuntur
872 1297 1074 1371 itaque
1096 1298 1377 1354 mulieres
1406 1297 1614 1371 plebes
1640 1293 1870 1351 hareti-

191 1399 408 1440 corum
437 1386 805 1452 Judaorum,
838 1387 1434 1461 hypocritarumque,
1456 1386 1562 1443 sed
1587 1388 1870 1458 corrupta

189 1472 317 1529 ﬁde
335 1479 390 1531 et
407 1476 726 1548 opere.Sed
749 1476 876 1533 sola
901 1477 1160 1534 Ecclesia
1177 1494 1300 1534 non
1319 1477 1516 1534 solum
1543 1475 1705 1532 fonte
1720 1474 1869 1548 bap-

197 1563 461 1620 tismatis
493 1571 549 1622 et
581 1567 862 1624 varietate
891 1568 1178 1625 virtutum
1213 1567 1616 1641 pulcherrima
1636 1569 1745 1633 est,
1763 1563 1871 1621 sed

195 1653 324 1709 ﬁde
356 1659 412 1710 et
441 1671 644 1728 opere,
677 1673 802 1713 non
848 1657 1084 1714 habens
1123 1657 1428 1715 maculam
1475 1661 1580 1714 aut
1628 1672 1868 1726 rugam.

1969 841 2158 899 ribilis
2185 849 2296 917 est,
2320 848 2568 920 quando
2597 849 2678 905 ita
2701 850 2874 906 fuerit
2900 852 3236 925 constipata
3265 869 3337 910 ac
3367 855 3640 925 densata,

1971 931 2117 987 utin
2138 933 2306 991 nullo
2327 934 2464 992 loco
2493 937 2824 1012 interrupta
2853 938 3148 997 videatur.
3167 945 3316 998 Nam
3347 943 3396 998 si
3425 944 3507 1000 ita
3526 943 3643 1028 dis:

1971 1021 2236 1094 ponitur,
2269 1029 2334 1080 ut
2361 1025 2532 1082 locus
2573 1043 2805 1084 vacuus
2838 1045 2946 1101 per
2970 1047 3153 1104 quem
3185 1033 3373 1105 possit
3411 1021 3642 1105 ingredi

1973 1109 2326 1184 dimittatur,
2355 1114 2623 1186 profecto
2675 1117 2805 1188 jam
2862 1118 2986 1174 suis
3046 1120 3318 1178 hostibus
3368 1123 3643 1180 terribilis

1974 1213 2100 1256 non
2131 1205 2238 1258 est.
2273 1204 2341 1257 Et
2362 1219 2476 1259 nos
2508 1219 2654 1274 ergo
2703 1222 2843 1261 cum
2890 1212 3098 1265 contra
3146 1210 3448 1281 malignos
3477 1211 3644 1286 spiri-

1975 1289 2153 1346 tualis
2179 1292 2522 1349 certaminis
2551 1294 2743 1351 aciem
2791 1297 3098 1368 ponimus,
3128 1315 3513 1375 summopere
3537 1318 3642 1359 ne-

1977 1394 2144 1436 cesse
2181 1387 2268 1438 est
2307 1387 2372 1438 ut
2417 1399 2525 1455 per
2577 1383 2924 1442 charitatem
2977 1403 3216 1460 semper
3265 1390 3417 1446 uniti
3464 1397 3645 1465 atque

1979 1472 2324 1541 constructi,
2355 1477 2412 1528 et
2430 1489 2748 1547 nunquam
2797 1474 3108 1550 interrupti
3138 1494 3248 1551 per
3278 1479 3645 1538 discordiam

1979 1558 2392 1618 inveniamur:
2425 1563 2569 1636 quia
2621 1565 2905 1637 qualibet
2951 1566 3011 1622 in
3065 1567 3240 1624 nobis
3269 1567 3434 1626 bona
3461 1586 3648 1644 opera

1979 1647 2218 1719 fuerint,
2245 1651 2294 1706 si
2345 1651 2602 1709 charitas
2659 1653 2854 1711 desit?
2898 1657 3003 1711 Per
3030 1656 3266 1714 malum
3307 1657 3645 1725 discordia,

186 1741 379 1799 Aiunt
409 1745 570 1801 enim
597 1746 1060 1804 adolescentula
1089 1767 1102 1804 :
1128 1749 1258 1814 Qua
1282 1746 1604 1804 declinavit
1621 1745 1872 1801 dilectus
1912 1765 1954 1820 Β
1979 1737 2150 1795 locus
2173 1741 2439 1813 aperitur
2463 1741 2524 1798 in
2556 1743 2704 1814 acie,
2737 1744 2896 1801 unde
2928 1745 3002 1801 ad
3036 1745 3371 1803 feriendum
3398 1764 3511 1804 nos
3549 1765 3648 1806 va-

189 1834 381 1888 tuus‘?
411 1851 749 1907 quaeremus
781 1853 921 1893 eum
947 1841 1166 1902 tecum,
1198 1837 1259 1893 id
1290 1842 1378 1893 est
1403 1836 1510 1910 qui
1540 1834 1871 1908 aliquando

193 1923 506 1994 corporali
538 1925 734 1996 specie
763 1925 826 1981 in
851 1929 1004 1986 terra
1034 1929 1303 1982 versatus
1341 1930 1448 1993 est,
1479 1925 1577 1981 dic
1617 1940 1742 1997 quo
1769 1923 1871 1979 de-

190 2009 449 2068 clinavit
478 2012 596 2081 ille,
626 2018 692 2069 ut
718 2013 885 2070 illum
908 2030 1237 2088 sequamur
1264 2018 1482 2071 tecum.

856 2212 1082 2268 CAPUT
1117 2212 1208 2267 VI.

267 2391 297 2418 ‹‹
341 2367 597 2424 Dilectus
627 2385 800 2426 meus
847 2369 1156 2426 descendit
1188 2370 1249 2426 in
1283 2370 1526 2426 hortum
1569 2385 1749 2426 suum
1788 2367 1868 2425 ad

191 2479 226 2508 ‹‹
269 2456 538 2513 areolam
560 2463 926 2528 aromatum,
952 2480 980 2507 κ
1012 2462 1070 2514 et
1093 2458 1344 2531 reliqua.
1375 2457 1554 2522 Quasi
1583 2457 1864 2514 dixisset:

189 2545 321 2601 Illic
371 2547 664 2618 ascendit,
697 2547 856 2603 unde
910 2547 1238 2604 descendit.
1282 2551 1346 2603 In
1392 2547 1657 2617 hortum,
1688 2546 1749 2602 id
1781 2549 1870 2603 est

195 2635 534 2692 Ecclesiam
565 2653 765 2707 suam,
799 2641 864 2693 ut
891 2653 1028 2693 eam
1072 2637 1236 2693 fonte
1283 2637 1487 2707 gratia
1519 2653 1663 2707 suae,
1689 2635 1869 2709 quasi

195 2723 474 2780 areolam
504 2730 845 2782 aromatum
887 2726 1178 2796 irrigaret,
1206 2729 1272 2781 ut
1299 2725 1588 2780 virtutum
1619 2721 1870 2779 ﬂoribus

195 2816 584 2883 germinaret.
603 2814 813 2871 Aliter:
839 2815 1096 2872 Dilectus
1126 2814 1425 2881 Ecclesia,
1460 2813 1745 2883 Christus,
1763 2811 1869 2866 de-

196 2902 435 2959 scendit
458 2903 520 2958 in
549 2903 791 2960 hortum
814 2921 1018 2975 suum,
1051 2903 1300 2978 quando
1322 2901 1582 2959 visitavit
1604 2900 1868 2976 priorem

195 2989 501 3063 populum
531 2992 1024 3048 suum.Areolam
1055 2992 1341 3050 aromatis
1364 2991 1562 3064 ipsam
1595 2992 1872 3046 sanctam

198 3078 448 3135 Mariam
473 3079 788 3152 virginem,
813 3080 888 3137 de
913 3097 1038 3154 qua
1062 3081 1399 3138 secundum
1429 3095 1672 3136 carnem
1694 3082 1874 3134 natus

201 3172 316 3238 est,
342 3166 513 3224 dicit:
541 3191 568 3218 «
596 3171 666 3225 Ut
693 3173 979 3242 pascatur
1000 3170 1063 3227 in
1092 3170 1302 3240 hortis,
1331 3173 1388 3226 et
1405 3169 1528 3226 lilia
1550 3167 1810 3238 colligat.
1842 3187 1872 3216 »

201 3257 269 3312 Id
301 3261 408 3319 est,
435 3261 498 3313 ut
527 3262 734 3328 regnet
761 3259 824 3315 in
855 3258 1134 3329 gentibus
1165 3275 1272 3316 seu
1298 3259 1360 3314 in
1384 3256 1660 3314 Ecclesiis
1685 3255 1876 3312 delec-

203 3349 382 3412 tetur,
413 3350 481 3402 ut
509 3362 580 3402 ex
613 3347 697 3403 eis
726 3347 988 3416 virgines
1018 3364 1295 3422 quasque
1317 3347 1408 3403 vel
1431 3350 1678 3402 sanctos
1707 3361 1876 3402 assu-

201 3439 353 3490 mat.
403 3433 616 3490 Aliter:
667 3458 695 3485 ‹‹
731 3439 799 3492 Ut
823 3443 1110 3510 pascatur
1132 3437 1194 3492 in
1238 3437 1426 3492 hortis
1455 3439 1513 3492 et
1552 3434 1678 3490 lilia
1716 3432 1876 3491 colli-

203 3528 367 3595 gat.»
399 3525 666 3582 Pascitur
685 3525 746 3582 in
783 3526 991 3594 hortis,
1025 3527 1173 3583 dum
1194 3526 1310 3599 piis
1339 3529 1688 3582 sanctorum
1707 3523 1876 3580 labo-

200 3613 376 3670 ribus
406 3612 752 3670 delectatur.
807 3615 948 3670 Lilia
991 3614 1236 3684 colligit,
1277 3613 1426 3670 dum
1458 3613 1537 3670 ad
1587 3612 1877 3686 perfecto-

201 3719 346 3759 rum
378 3703 728 3759 meritorum
754 3703 1081 3760 candorem
1108 3703 1524 3778 pervenientes
1554 3702 1634 3759 ad
1667 3701 1876 3760 coeles-

203 3793 291 3849 tia
319 3807 508 3863 regna
535 3793 829 3865 perducit.

284 3958 314 3985 «
344 3937 467 4006 Ego
513 3934 731 3992 dilecto
781 3952 919 3993 meo
948 3941 1007 3994 et
1061 3936 1313 3994 dilectus
1343 3951 1516 3992 meus
1564 3934 1730 4003 mihi,
1772 3934 1880 4008 qui

208 4048 239 4077 α
280 4024 548 4100 pascitur
573 4025 728 4081 inter
753 4025 951 4082 lilia.»
1001 4026 1138 4082 Hac
1189 4025 1454 4099 loquitur
1507 4025 1769 4082 Ecclesia
1807 4040 1882 4081 ex

204 4115 436 4172 ﬁducia
457 4116 681 4172 amoris
708 4115 820 4170 sui.
845 4118 967 4186 Ego
993 4115 1210 4172 dilecto
1241 4131 1377 4172 meo
1407 4115 1610 4172 locum
1639 4114 1879 4171 habita-

207 4205 391 4262 tionis
423 4221 700 4278 praparo
741 4206 802 4261 in
833 4221 953 4270 me,
985 4210 1043 4262 et
1079 4205 1207 4278 ipse
1247 4205 1396 4262 mihi
1426 4205 1592 4279 apud
1633 4221 1719 4260 se.
1760 4207 1882 4274 Ego

207 4310 468 4364 regnum
502 4294 676 4363 illius,
719 4299 776 4351 et
799 4295 928 4368 ipse
967 4311 1072 4351 rex
1102 4311 1294 4351 meus.
1328 4297 1451 4365 Ego
1481 4310 1702 4367 corpus
1731 4294 1884 4365 ejus,

209 4389 269 4441 et
288 4384 416 4457 ipse
443 4389 627 4458 caput
651 4401 889 4441 meum:
921 4385 1027 4458 qui
1055 4400 1294 4457 semper
1319 4384 1474 4440 inter
1503 4388 1712 4440 sancta
1733 4381 1885 4438 desi-

210 4474 382 4530 deria
405 4479 713 4532 castarum
744 4475 1058 4541 mentium,
1093 4474 1213 4530 sive
1243 4489 1567 4548 corporum
1595 4473 1884 4547 pascitur,

209 4565 278 4620 id
303 4569 391 4620 est
418 4564 767 4623 delectatur.
803 4569 1100 4623 Hactenus
1117 4569 1339 4621 sancta
1366 4563 1641 4622 Ecclesia
1665 4580 1782 4621 vox
1799 4567 1888 4621 est

212 4655 542 4728 quarentis
572 4671 643 4713 ac
668 4655 995 4721 laudantis,
1046 4671 1210 4712 nunc
1239 4653 1388 4728 quid
1431 4655 1724 4728 quasitus
1763 4670 1888 4711 res-

209 4745 504 4818 pondeat,
535 4744 917 4802 subinfertur.

292 4894 321 4921 «
353 4870 608 4928 Pulchra
631 4887 715 4940 es,
750 4869 948 4927 amica
969 4885 1132 4942 mea,
1165 4869 1368 4927 suavis
1396 4874 1455 4927 et
1491 4869 1713 4928 decora
1742 4869 1900 4927 sicut

216 4985 246 5013 α
291 4960 682 5029 Hierusalem,
735 4959 1012 5016 terribilis
1062 4963 1129 5015 ut
1171 4963 1514 5016 castrorum
1552 4961 1711 5017 acies
1740 4959 1900 5016 ordi-

217 5073 250 5103 ‹‹
295 5055 496 5107 nata.»
513 5050 774 5106 Pulchra
795 5053 1118 5124 es,_sancta
1138 5047 1420 5120 Ecclesia,
1433 5065 1542 5122 per
1566 5049 1898 5121 justitiam:

218 5140 442 5211 amica,
489 5140 634 5213 quia
665 5123 1211 5212 semper'paciﬁca,
1242 5139 1390 5212 quia
1417 5138 1580 5195 enim
1623 5139 1902 5196 Hierusa-

216 5230 342 5286 lem
371 5231 539 5300 pacis
570 5230 717 5286 υἱείο
747 5229 1192 5302 interpretatur,
1232 5228 1406 5300 cujus
1432 5227 1678 5284 nomine
1705 5228 1903 5301 patria

220 5318 480 5377 caelestis
511 5317 886 5392 exprimitur.
917 5319 1136 5375 Sancta
1187 5315 1450 5374 Ecclesia
1475 5315 1676 5373 suavis
1708 5320 1766 5374 et
1801 5316 1904 5373 de-

220 5425 368 5466 cora
391 5412 458 5465 ut
497 5407 863 5465 Hierusalem
905 5407 1144 5478 dicitur,
1177 5406 1323 5482 quia
1351 5407 1482 5478 ejus
1509 5405 1636 5463 vita
1663 5409 1720 5462 et
1743 5406 1903 5464 desi-

221 5497 463 5555 derium
489 5497 708 5554 visioni
728 5497 877 5568 jam
893 5495 1060 5569 pacis
1090 5495 1316 5552 intima
1343 5498 1796 5569 comparantur,
1836 5499 1905 5553 ut

225 5589 289 5645 in
319 5605 391 5645 eo
421 5588 588 5660 quod
618 5591 929 5644 auctorem
958 5602 1139 5643 suum
1169 5585 1378 5656 diligit,
1406 5585 1575 5659 quod
1604 5587 1734 5658 ejus
1766 5603 1904 5660 spe-

1979 1826 2100 1884 leat
2139 1828 2327 1885 hostis
2357 1829 2598 1888 intrare.
2645 1833 2943 1905 Antiquus
2973 1851 3116 1891 vero
3169 1835 3448 1893 inimicus
3477 1838 3648 1895 casti-

1980 1919 2164 1973 tatem
2203 1917 2266 1974 in
2295 1918 2472 1975 nobis
2505 1921 2556 1975 si
2609 1921 2736 1976 sine
2787 1922 3074 1979 charitate
3107 1923 3284 1981 fuerit
3306 1941 3431 1982 non
3461 1927 3645 1997 timet,

1979 2004 2125 2077 quia
2151 2005 2284 2078 ipse
2313 2022 2425 2064 nec
2456 2024 2635 2065 carne
2665 2010 2976 2082 premitur,
3010 2017 3075 2068 ut
3098 2013 3161 2068 in
3190 2013 3321 2084 ejus
3341 2013 3648 2072 luxuriam

1979 2092 2810 2154 dissolvatur.Abstinentiam
2838 2114 2963 2155 non
2985 2099 3171 2168 timet,
3202 2101 3347 2174 quia
3363 2102 3493 2176 ipse
3513 2103 3650 2161 cibo

1975 2197 2101 2239 non
2144 2183 2347 2251 utitur,
2377 2186 2484 2258 qui
2511 2188 2864 2244 necessitate
2910 2190 3180 2263 corporis
3212 2207 3338 2248 non
3383 2197 3647 2264 urgetur.

1975 2271 2431 2330 Distributiones
2460 2279 2827 2332 terrenarum
2860 2294 3062 2334 rerum
3085 2295 3208 2335 non
3242 2279 3426 2349 timet,
3461 2281 3509 2338 si
3535 2282 3651 2338 eis-

1975 2358 2114 2416 dem
2147 2376 2334 2434 opera
2363 2363 2668 2421 charitatis
2689 2365 2909 2437 desint,
2944 2367 3090 2440 quia
3117 2368 3465 2427 divitiarum
3509 2371 3656 2428 sub-

1977 2448 2144 2506 sidiis
2171 2466 2284 2507 nec
2313 2451 2445 2525 ipse
2467 2459 2620 2524 eget.
2651 2454 2833 2512 Valde
2863 2455 2978 2512 hoc
3007 2457 3068 2512 in
3100 2458 3276 2514 nobis
3300 2459 3652 2518 charitatem

1975 2554 2204 2607 veram,
2237 2540 2299 2596 id
2325 2546 2415 2598 est
2443 2559 2716 2599 amorem
2737 2545 3029 2601 humilem
3062 2563 3247 2620 quem
3276 2548 3452 2605 nobis
3482 2548 3678 2606 vicis--

1980 2627 2095 2685 sim
2119 2629 2531 2702 impendimus
2559 2633 2743 2690 timet.
2781 2637 2845 2690 Et
2865 2635 3044 2692 nimis
3069 2638 3406 2695 concordiae
3429 2645 3649 2696 nostra

1975 2715 2220 2790 invidet,
2251 2719 2399 2791 quia
2417 2720 2575 2777 hanc
2595 2736 2707 2777 nos
2739 2722 3020 2780 timemus
3038 2725 3098 2780 in
3124 2730 3279 2782 terra
3303 2743 3490 2800 quam
3521 2727 3648 2801 ipse

1977 2806 2190 2864 nolens
2243 2811 2443 2866 tenere
2495 2810 2696 2868 amisit
2744 2812 2805 2868 in
2855 2814 3028 2870 coelo.
3063 2818 3216 2872 Bene
3247 2832 3390 2888 ergo
3438 2817 3655 2874 dicitur

1979 2896 2278 2968 terribilis,
2298 2903 2355 2955 et
2393 2899 2655 2973 reliqua:
2709 2902 2853 2974 quia
2900 2903 3225 2962 electorum
3271 2907 3653 2964 multitudine

1981 3002 2052 3042 eo
2075 2986 2325 3058 maligni
2351 2989 2596 3060 spiritus
2636 2991 3084 3062 pertimescunt,
3109 3011 3233 3068 quo
3263 3012 3366 3053 eos
3385 3013 3495 3070 per
3517 2998 3656 3055 cha-

1913 3119 1954 3175 C
1981 3073 2169 3131 ritatis
2200 3076 2589 3134 concordiam
2620 3079 2824 3136 unitos
2856 3086 3068 3138 contra
3093 3098 3156 3138 se
3179 3087 3236 3140 et
3257 3085 3654 3155 conglobatos

1984 3163 2304 3237 aspiciunt.

2059 3276 2087 3303 ‹‹
2118 3254 2334 3312 Averte
2361 3256 2569 3313 oculos
2600 3261 2735 3314 tuos
2772 3274 2809 3314 a
2855 3275 2973 3326 me,
3008 3260 3112 3333 qui
3141 3261 3255 3334 ipsi
3285 3279 3382 3319 me
3413 3264 3656 3322 avolare

1952 3419 1960 3425 η
1984 3367 2014 3397 κ
2045 3343 2335 3402 fecerunt.
2364 3367 2394 3396 ››
2431 3345 2497 3402 Id
2519 3352 2607 3404 est
2632 3347 2820 3429 oculis
2849 3350 3066 3406 mentis
3091 3355 3206 3407 tua
3237 3353 3360 3409 noli
3387 3370 3656 3427 quarere

1981 3433 2043 3490 in
2083 3438 2200 3490 tua
2230 3436 2759 3508 perregrinationis
2780 3438 2985 3495 itinere
3011 3456 3106 3496 me
3147 3441 3403 3514 perfecte
3435 3461 3659 3516 cogno-

1984 3539 2169 3591 scere,
2204 3523 2373 3597 quod
2431 3525 2558 3582 ﬁeri
2589 3542 2711 3583 non
2758 3533 2972 3600 potest,
3010 3529 3155 3602 quia
3198 3547 3324 3604 quo
3371 3533 3656 3591 intentius

1982 3630 2081 3670 me
2103 3629 2430 3684 agnoscere
2456 3615 2776 3688 quaris,ea
2793 3618 3009 3675 certius
3026 3635 3124 3676 me
3146 3619 3660 3695 incomprehensi-

1984 3701 2169 3760 bilem
2203 3720 2332 3760 esse
2358 3703 2656 3774 intelligis.
2680 3709 2748 3762 Et
2771 3723 2846 3764 ne
2866 3724 3105 3781 quaras
3133 3708 3194 3765 in
3218 3711 3316 3767 via
3337 3712 3657 3783 pramium

1986 3793 2153 3868 quod
2174 3793 2279 3850 tibi
2307 3793 2371 3849 in
2401 3794 2597 3866 patria
2626 3801 2981 3853 reservatur.
3005 3797 3184 3854 Aliter
3211 3815 3354 3855 vero
3387 3801 3661 3878 sentitur,

1988 3898 2058 3938 ac
2086 3882 2136 3938 si
2165 3882 2416 3939 diceret:
2444 3884 2654 3939 Nonne
2680 3886 2992 3957 semperin
3027 3901 3276 3960 corpore
3297 3889 3666 3961 conSpicien-

1990 3971 2142 4028 dum
2167 3971 2463 4045 requiras,
2489 3988 2674 4045 quem
2697 3989 2937 4046 semper
2964 3990 3073 4048 per
3097 3975 3283 4032 ﬁdem
3299 3977 3514 4034 melius
3544 3995 3667 4035 cer-

1991 4060 2136 4118 nis?
2166 4061 2394 4119 Idcirco
2433 4062 2654 4119 etenim
2691 4063 2754 4119 in
2785 4063 3006 4120 calum
3036 4065 3302 4134 ascendi,
3334 4071 3397 4123 ut
3428 4085 3668 4142 semper

1990 4149 2098 4207 tibi
2128 4151 2333 4208 localis
2362 4168 2717 4226 appaream.
2747 4175 2775 4204 ‹‹
2808 4154 3014 4226 Capilli
3047 4155 3127 4211 tui
3159 4156 3311 4212 sicut
3341 4173 3552 4230 greges
3573 4175 3657 4216 ca-

1992 4263 2022 4296 ς
2069 4257 2341 4314 prarum,
2373 4258 2511 4314 qua
2561 4245 2966 4302 ascenderunt
3010 4246 3083 4303 de
3114 4253 3318 4304 monte
3349 4249 3594 4307 Galaad.
3639 4273 3668 4302 ››

1995 4331 2108 4398 Qui
2137 4331 2413 4388 versiculi
2443 4331 2610 4405 prius
2635 4334 2892 4406 expositi
2926 4341 3084 4400 sunt,
3119 4337 3226 4394 sed
3255 4339 3527 4412 repetitio
3574 4339 3672 4396 ﬁr-

1994 4423 2217 4480 mitatis
2246 4422 2540 4481 indicium
2565 4428 2674 4481 est.
2703 4429 2767 4481 In
2787 4426 3018 4499 capillis
3040 4428 3272 4502 populi,
3297 4429 3358 4485 in
3389 4429 3674 4488 dentibus

1993 4511 2292 4579 doctores,
2320 4512 2384 4570 in
2432 4529 2505 4586 ge
2521 4513 2713 4572 mellis
2743 4515 2964 4573 fetibus
3022 4523 3326 4591 pracepta
3367 4519 3674 4578 charitatis

1993 4601 2425 4675 intelliguntur.

2075 4711 2108 4747 e
2133 4693 2295 4750 Sicut
2323 4696 2528 4750 cortex
2556 4693 2702 4750 mali
2729 4694 2955 4765 Punici,
2980 4695 3063 4751 sic
3093 4710 3261 4765 gena
3291 4700 3408 4752 tua
3441 4696 3674 4770 absque

2005 4805 2036 4832 «
2076 4781 2265 4839 oculis
2289 4781 2425 4837 tuis.
2457 4802 2487 4831 ››
2513 4783 2688 4837 Gena
2714 4781 2988 4839 Ecclesia
3014 4782 3353 4856 spirituales
3403 4788 3543 4840 sunt
3570 4800 3678 4858 pa-

2007 4875 2148 4941 tres,
2180 4876 2247 4928 ut
2275 4870 2555 4944 superius
2597 4869 2884 4938 diximus,
2917 4871 3023 4945 qui
3050 4871 3370 4929 virtutibus
3400 4877 3540 4930 sunt
3567 4874 3678 4931 mi-

2006 4962 2230 5020 rabiles
2259 4965 2318 5018 et
2341 4960 2613 5018 moribus
2641 4959 3037 5032 venerabiles,
3088 4963 3146 5017 et
3175 4961 3236 5017 in
3261 4961 3470 5020 Christi
3500 4979 3677 5023 cruce

2011 5052 2253 5124 gloriari
2295 5067 2422 5108 non
2471 5050 2921 5108 erubescentes.
2955 5053 3022 5107 Et
3068 5050 3198 5108 hac
3253 5068 3483 5124 magna
3539 5059 3680 5113 sunt

2009 5139 2183 5198 valde
2225 5156 2363 5214 qua
2391 5139 2672 5196 videntur
2697 5139 2759 5196 in
2784 5154 2877 5208 ea,
2911 5138 3017 5196 sed
3046 5140 3238 5198 multo
3281 5143 3520 5215 majora
3540 5161 3679 5218 qua

2009 5246 2136 5289 non
2165 5229 2463 5298 videntur,
2513 5233 2570 5286 et
2625 5229 2689 5286 in
2734 5229 3006 5286 futurum
3056 5236 3460 5290 reservantur.
3507 5232 3681 5290 Unde

2012 5318 2349 5392 Propheta:
2377 5339 2407 5368 «
2432 5317 2639 5375 Omnis
2664 5317 2856 5390 gloria
2885 5318 3017 5390 ejus
3043 5318 3183 5377 ﬁlia
3208 5321 3366 5392 regis
3396 5321 3476 5378 ab
3495 5321 3677 5379 intus.

2012 5409 2206 5479 (Psal.
2237 5409 2418 5480 κων).
2444 5429 2473 5458 ››

2088 5519 2116 5549 ‹‹
2169 5497 2491 5568 Sexaginta
2540 5501 2680 5554 sunt
2717 5496 2961 5567 regina,
3012 5500 3070 5554 et
3113 5497 3419 5570 octoginta
3465 5514 3684 5557 concu-

2015 5606 2046 5636 «ι
2084 5585 2266 5658 bina,
2299 5590 2356 5644 et
2403 5584 2990 5643 adolescentularum
3020 5600 3145 5642 non
3188 5591 3278 5644 est
3328 5603 3621 5645 numerus
3653 5611 3686 5640 ιο

228 5679 383 5742 ciem
408 5677 608 5734 videre
647 5676 1041 5750 concupiscit,
1075 5677 1150 5732 de
1201 5693 1326 5750 quo
1378 5675 1666 5748 scriptum
1724 5682 1812 5733 est
1850 5678 1911 5749 (Ι
2014 5676 2252 5747 Regina
2317 5680 2458 5733 sunt
2527 5692 2662 5750 quae
2733 5690 2941 5733 amore
3011 5677 3237 5750 sponsi,
3306 5681 3365 5734 et
3428 5678 3686 5736 calestis

232 5765 487 5843 Pen-.1):
530 5786 560 5820 ‹
590 5748 667 5821 Ιιὶ
692 5748 878 5838 quem
933 5748 1282 5822 desiderant
1334 5763 1534 5836 angeli
1561 5764 1904 5838 prospicere
1992 5766 2261 5841 «pramii
2309 5765 2527 5824 intuitu
2547 5748 2673 5840 per
2713 5748 3204 5840 pradicationem
3233 5768 3495 5827 veritatis
3541 5772 3597 5824 et
3624 5767 3688 5822 ﬁ-

521 5859 767 5912 PATBOL.
809 5855 962 5911 CXV.

3333 5861 3403 5916 20
