3968 6434
390 303 495 361 019

1495 284 1855 346 ANGELOII
1895 280 2349 339 ωχονιεΝειε
2394 281 2711 340 IONACHI

391 422 509 494 dei,
537 427 596 481 et
640 423 796 481 sacri
822 417 1197 494 baptismatis
1227 416 1471 481 fontem,
1516 411 1790 469 sobolem
1829 412 2051 465 aeterno
2082 406 2130 460 Α
2161 405 2483 476 designari:
2510 405 2575 461 in
2589 420 2714 478 quo
2735 403 2849 459 sub
2867 402 3127 472 tegmine
3148 401 3351 457 litterae
3372 399 3536 456 velut
3560 398 3677 454 sub
3704 379 3872 453 cor.

391 515 521 587 regi
570 511 938 586 spiritualem
992 510 1296 580 generant.
1331 504 1608 561 Senarius
1652 515 1942 558 numerus
1975 496 2054 553 ad

392 601 819 679 perfectionem
850 598 1157 672 prmsentis
1206 596 1343 652 vita:
1370 594 1644 667 pertinet,
1677 593 1922 679 propter
1948 602 2056 642 sex

395 678 601 749 diesin
629 688 852 763 quibus
879 685 1014 743 licet
1040 684 1206 741 bona
1234 682 1489 756 operari.
1514 678 1880 738 Concubinae
1912 689 2053 732 vero

396 779 695 853 simplices
722 776 784 833 iu
806 774 1063 831 Ecclesia
1087 772 1447 844 signiﬁcant,
1488 769 1593 843 qui
1619 770 1900 839 suscepto
1927 779 2057 820 ver-

395 869 459 927 bi
489 866 735 933 semine,
768 879 893 921 non
919 862 1277 937 spiritaliter,
1308 860 1414 916 sed
1440 858 1757 916 carnaliter
1788 854 2053 928 sapiunt,

396 957 518 1014 sive
553 955 658 1030 qui
683 954 909 1011 carnali
941 950 1329 1010 solummodo
1376 945 1834 1023 quodammodo
1860 944 2056 1001 Chris-

396 1049 525 1105 tum
568 1043 961 1119 praedicando
988 1041 1081 1100 vel
1126 1038 1492 1114 baptizando
1538 1037 1778 1093 docent.
1812 1034 2056 1090 Adoles-

394 1134 647 1195 centulae
676 1137 818 1192 sunt
845 1133 1064 1191 animm
1092 1146 1288 1204 nuper
1317 1129 1379 1186 in
1413 1127 1643 1186 Christo
1664 1129 2058 1196 renatae,qua-

394 1240 533 1286 rum
564 1238 810 1281 summa
854 1226 1100 1296 propter
1128 1216 1571 1276 multitudinem
1602 1215 1816 1271 civium
1850 1212 2057 1269 cceles-

396 1314 547 1372 tium
568 1324 895 1375 numerum
915 1306 1298 1367 transcendit.
1326 1309 1577 1361 Possunt
1604 1304 1807 1376 itaque
1829 1303 1890 1358 in
1920 1301 2062 1356 ado-

397 1400 741 1467 lescentulis
770 1399 853 1456 illi
909 1396 1176 1468 intelligi,
1220 1395 1328 1469 qui
1382 1409 1619 1466 semper
1673 1408 1810 1465 quae
1851 1394 2061 1446 sancta

400 1496 542 1549 sunt
570 1489 782 1548 audire
827 1487 1100 1561 cupiunt,
1128 1500 1253 1543 non
1304 1490 1504 1542 tamen
1536 1482 1739 1539 audita
1776 1479 2060 1553 operibus

398 1580 650 1655 implere
677 1582 979 1649 satagunt.

477 1692 507 1721 κ
539 1673 672 1727 Una
696 1672 792 1726 est
816 1665 1104 1724 columba
1142 1679 1297 1729 mea,
1328 1662 1592 1736 perfecta
1628 1677 1795 1729 mea;
1827 1675 1952 1717 una
1976 1664 2063 1715 est

2162 498 2274 553 tice
2305 496 2626 569 spiritualis
2649 495 2790 551 latet
2819 510 3054 560 sensus,
3088 510 3119 545 α
3152 495 3223 548 Ut
3250 491 3608 563 inspicerem
3645 489 3694 544 si
3726 489 3865 544 ﬂo-

2161 587 2424 643 ruissent
2464 586 2673 653 vineae,
2709 603 2738 637 ›
2771 585 2827 639 ld
2868 590 2977 649 est,
3006 582 3051 637 si
3082 581 3253 655 plebs
3282 580 3476 637 ﬁdelis
3527 580 3589 635 in
3629 579 3863 635 studio

2163 677 2451 733 virtutum
2480 674 2797 732 ﬂoruisset.
2831 696 2858 723 ‹‹
2886 677 2953 729 Et
2999 672 3441 743 germinassent
3464 669 3627 727 mala
3657 668 3864 724 Puni-

2165 782 2255 823 ca.
2289 784 2320 820 ›
2354 766 2411 822 Si
2440 764 2587 838 quid
2637 764 2715 819 ad
2773 762 3111 835 exemplum
3164 761 3485 817 Dominicae
3524 759 3862 832 passionis

2165 855 2484 929 praeparati
2515 857 2718 913 essent
2748 869 2925 907 suum
2956 851 3205 907 fundere
3231 850 3609 919 sanguinem.

2238 968 2266 996 «
2297 944 2553 1001 Nescivi:
2586 944 2793 998 anima
2839 958 2976 997 mea
3022 940 3400 997 conturbavit
3456 955 3552 995 me
3585 945 3862 1011 propter

2168 1057 2197 1086 «
2236 1034 2565 1108 quadrigas
2596 1030 3060 1088 Amminadab.»
3088 1033 3211 1086 Vox
3243 1032 3601 1102 Synagogae:
3638 1028 3860 1084 Nesci-

2168 1124 2225 1179 vi
2251 1124 2415 1180 dona
2467 1123 2667 1193 gratiae
2700 1121 3022 1195 spiritualis
3053 1121 3113 1177 in
3164 1126 3219 1175 te
3246 1136 3381 1175 esse
3438 1135 3690 1193 sponsa,
3725 1118 3856 1173 sed

2168 1214 2372 1269 anima
2396 1229 2535 1269 mea
2563 1212 2942 1268 conturbavit
2972 1227 3087 1277 me,
3139 1214 3383 1283 propter
3412 1209 3857 1265 inductionem

2168 1302 2313 1359 Novi
2346 1302 2710 1359 Testamenti
2765 1307 2824 1358 et
2853 1299 3219 1371 Evangelieae
3243 1298 3574 1372 quadrigae.
3606 1298 3860 1353 Ammi-

2166 1391 2371 1448 nadab
2431 1391 2658 1465 quippe
2711 1390 3129 1462 interpretatur
3171 1389 3387 1458 populi
3440 1390 3557 1444 mei
3583 1395 3861 1457 sponta-

2168 1496 2335 1545 ηεαδ,
2352 1481 2413 1536 id
2440 1486 2528 1536 est
2557 1481 2842 1547 Christus,
2866 1479 2971 1552 qui
2991 1494 3099 1551 per
3129 1483 3319 1533 totum
3342 1477 3576 1533 vehitur
3594 1476 3856 1536 orbem.

2170 1571 2275 1627 Cui
2308 1569 2569 1626 Ecclesia
2593 1568 2966 1625 consolando
2997 1583 3138 1623 mox
3165 1567 3502 1639 respondit:

2242 1683 2271 1710 κ
2306 1662 2633 1725 Revertere,
2667 1664 2975 1726 revertere,
3010 1656 3371 1724 Sunamitis;
3399 1661 3717 1725 revertere,
3754 1674 3861 1714 re-

403 1776 436 1816 e
473 1758 651 1815 matri
686 1772 834 1825 suae,
863 1756 1051 1812 electa
1104 1754 1399 1824 genitricis
1457 1767 1601 1806 suae.
1635 1774 1662 1800 ››
1715 1753 1933 1807 Sancta
1971 1750 2058 1804 vi-
2088 1763 2132 1818 Β
2172 1772 2201 1800 α
2240 1756 2481 1817 vertere,
2514 1754 2579 1804 ut
2605 1748 2948 1804 intueamur
2993 1750 3066 1802 te.
3103 1768 3131 1796 »
3177 1744 3241 1802 ld
3286 1750 3399 1816 est,
3431 1745 3554 1802 Noli
3595 1747 3862 1803 turbata

400 1848 615 1906 delicat
643 1845 902 1903 Ecclesia
930 1842 1285 1902 universalis
1315 1858 1420 1914 per
1456 1845 1646 1896 totum
1680 1839 1887 1895 orbem
1937 1855 2063 1895 una

401 1942 493 1994 est
536 1934 712 1992 matri
763 1949 909 2005 ωδε,
932 1932 993 1989 id
1020 1936 1111 1988 est
1156 1930 1381 1987 caelesti
1407 1928 1760 1997 Jerusalem,
1808 1944 1945 2001 quae
1976 1931 2064 1983 est

400 2028 597 2081 mater
617 2023 893 2079 omnium
919 2026 1219 2086 nostrum,
1252 2018 1413 2074 unde
1444 2017 1521 2073 ad
1552 2034 1664 2073 nos
1691 2017 1883 2088 gratia
1933 2017 2062 2090 Spi-

399 2114 548 2170 ritus
576 2111 767 2171 sancti
820 2109 1132 2167 descendit
1160 2124 1267 2182 per
1294 2123 1481 2181 quam
1512 2106 1889 2162 renascimur
1922 2109 2061 2178 Deo.

401 2206 531 2261 Una
552 2216 697 2259 vero
727 2199 959 2268 dicitur,
992 2198 1156 2273 quia,
1201 2197 1467 2270 expulsis
1513 2197 1741 2251 cunctis
1767 2194 2061 2267 reprobis,

400 2292 535 2366 ipsa
581 2288 1005 2349 tantummodo
1063 2287 1387 2344 sociabitur
1414 2285 1665 2342 Christo.
1710 2308 1741 2335 «
1773 2285 2066 2339 Viderunt

400 2404 433 2433 α
454 2396 596 2438 eam
623 2379 761 2436 ﬁliai
790 2379 933 2436 Sion
946 2382 1005 2434 et
1033 2377 1445 2433 beatissimam
1472 2374 1951 2447 praedicaverunt
1975 2390 2064 2429 re-

398 2493 431 2523 α
462 2472 640 2541 gina,
666 2473 727 2526 et
778 2466 1133 2525 concubinas
1187 2465 1588 2522 laudaverunt
1638 2479 1796 2520 eam.
1830 2486 1859 2513 υ
1898 2465 2064 2529 Quas

397 2560 568 2634 prius
614 2558 768 2615 dixit
821 2554 1320 2624 adolescentulus,
1351 2570 1513 2610 nunc
1552 2553 1706 2609 tilias
1764 2553 2060 2609 nominat.

400 2650 640 2720 Regina:
664 2651 728 2704 et
762 2646 1116 2703 concubinae
1145 2644 1307 2699 idem
1328 2648 1467 2698 sunt
1489 2658 1626 2714 quae
1656 2648 1712 2697 et
1733 2647 1891 2712 ante,
1923 2659 2062 2714 quae

398 2752 615 2795 omnes
643 2735 1003 2794 catholicam
1032 2732 1284 2789 laudant
1315 2732 1657 2786 Ecclesium.

473 2846 504 2877 «
536 2827 678 2892 Quae
702 2829 794 2881 est
818 2824 935 2879 ista
979 2839 1115 2896 quas
1146 2821 1416 2878 ascendit
1444 2819 1619 2892 quasi
1659 2835 1880 2875 aurora
1926 2836 2065 2876 con-

399 2936 435 2967 ιι
474 2929 749 2986 surgens,
782 2911 1036 2985 pulchra
1065 2915 1129 2968 ut
1149 2910 1314 2978 luna,
1346 2910 1531 2964 electa
1554 2914 1615 2963 ut
1646 2910 1752 2971 sol,
1788 2910 2061 2966 terribilis

402 3024 437 3061 ι
468 3010 541 3061 ut
568 3009 906 3063 castorum
931 3001 1088 3058 acies
1117 3000 1391 3056 ordinata
1410 3002 1437 3055 ?
1470 3021 1496 3047 »
1530 3001 1647 3053 Vox
1694 3004 1783 3055 est
1808 3000 1920 3055 ista
1953 3002 2061 3072 Sy-

2169 1855 2322 1906 esse,
2357 1838 2462 1895 sed
2490 1842 2780 1894 revertere
2828 1836 2906 1892 ad
2935 1836 3339 1905 cognitionem
3370 1836 3452 1891 tui
3482 1836 3859 1909 Redempto-

2168 1929 2270 2000 ris,
2300 1928 2407 2000 qui
2431 1927 2539 1983 tibi
2564 1927 2762 1999 potius
2791 1926 2853 1981 in
2906 1924 3215 1997 prophetis
3263 1930 3316 1980 et
3343 1924 3471 1996 lege
3496 1926 3857 2005 promissus

2173 2024 2277 2075 est.
2306 2020 2614 2073 Revertere
2640 2016 2892 2089 puritate
2914 2015 3073 2077 ﬁdei,
3101 2018 3394 2070 revertere
3421 2031 3678 2087 operum
3708 2032 3859 2088 per-

2142 2108 2441 2164 -fectione.
2468 2109 2510 2163 Ο
2537 2104 2903 2175 Sunamittis,
2939 2103 2999 2159 id
3021 2108 3109 2158 est
3133 2103 3387 2176 captiva,
3413 2104 3542 2175 jam
3564 2119 3601 2160 a
3628 2106 3859 2161 vincu-

2171 2197 2230 2253 lo
2250 2196 2613 2252 inﬁdelitatis
2629 2198 2916 2251 revertere
2946 2192 3024 2251 ad
3054 2198 3225 2250 tuum
3252 2191 3742 2267 Redemptorem,
3782 2201 3857 2253 ut

2174 2286 2416 2343 salvcris
2457 2284 2470 2340 l

2815 2424 3043 2489 CAPUT
3073 2426 3185 2483 Vll.

2243 2576 2272 2605 ‹‹
2304 2552 2458 2619 Quid
2483 2551 2711 2607 videbis
2743 2552 2804 2607 in
2829 2551 3155 2619 Sunamite,
3185 2550 3300 2606 nisi
3324 2555 3658 2608 castrorum
3689 2555 3851 2611 clio-

2171 2661 2201 2697 ‹
2240 2643 2383 2698 ros?
2412 2659 2443 2693 ›
2475 2641 2595 2696 Hoc
2626 2645 2752 2696 est:
2785 2642 2869 2696 Tu
2899 2639 3067 2695 doles
3128 2640 3514 2711 Synagogam
3564 2642 3849 2701 obdura—

2169 2736 2316 2800 tam,
2346 2746 2533 2804 prope
2555 2734 2643 2785 est
2669 2735 2908 2801 tempus
2931 2729 3093 2801 quod
3123 2730 3340 2784 choros
3357 2729 3716 2788 bellantium
3737 2734 3851 2790 ad-

2170 2837 2380 2877 versus
2413 2819 2711 2888 malignOs
2742 2819 3004 2891 spiritus,
3035 2823 3092 2874 et
3129 2818 3507 2875 laudantium
3552 2824 3747 2878 Deum
3780 2824 3847 2879 in

2170 2926 2244 2966 ea
2269 2908 2521 2964 videbis.
2560 2911 2754 2964 Potest
2782 2913 2840 2964 et
2869 2908 3039 2963 aliter
3065 2906 3312 2976 intelligi
3342 2909 3583 2966 nescivi.
3616 2912 3846 2969 Anima

2170 3015 2309 3055 mea
2337 2997 2715 3054 conturbavit
2740 3014 2856 3064 me,
2886 3002 3129 3070 propter
3158 2997 3487 3070 quadrigas
3520 3002 3844 3059 Ammina-

394 3107 655 3165 negogm
702 3090 1054 3149 admirantis
1106 3088 1613 3163 pulchritudinem
1658 3088 1930 3143 Ecclesiae
1990 3106 2063 3145 ex
2089 3112 2131 3166 ο
2171 3088 2312 3144 dab.
2344 3086 2497 3155 Quid
2526 3086 2775 3142 nescivit
2805 3087 3089 3154 Christus,
3114 3086 3226 3141 nisi
3252 3082 3611 3158 peccatum?
3642 3093 3850 3147 Νεεσεὶ-

400 3182 701 3255 gentibus,
727 3196 800 3237 eo
827 3178 993 3253 quod
1015 3178 1141 3234 sine
1163 3177 1403 3249 judiciis
1420 3176 1566 3245 legis
1589 3182 1645 3233 et
1670 3177 2061 3234 instructions

394 3272 830 3346 prophetarum
856 3268 940 3325 ad
962 3266 1447 3340 praedicationem
1480 3266 1779 3331 Evangelii
1806 3271 1931 3321 tam
1967 3281 2061 3321 su-

393 3360 521 3418 bito
562 3363 731 3425 tanta
772 3357 1133 3431 perfectione
1190 3356 1474 3411 virtutum
1530 3358 1872 3421 excreverit,
1908 3356 2062 3413 sicut

392 3447 674 3520 asperius
698 3445 1138 3516 admiratajam
1168 3444 1378 3500 fuerat.
1408 3447 1499 3500 Ait
1530 3461 1831 3517 namque:
1869 3467 1897 3493 ‹‹
1916 3447 2060 3509 Qum

390 3540 490 3592 est
512 3536 627 3591 iam
651 3550 790 3607 quas
842 3533 1109 3589 ascendit
1156 3532 1309 3588 sicut
1336 3549 1559 3589 aurora
1599 3549 1994 3601 consurgens,
2029 3556 2058 3583 ››

388 3627 508 3681 etc.
552 3622 927 3695 Progreditur
963 3621 1223 3679 Ecclesia
1270 3623 1444 3694 quasi
1490 3637 1727 3685 aurora,
1758 3623 1898 3692 quia
1926 3623 2055 3691 jam

393 3713 521 3770 veri
560 3711 804 3770 luminis
830 3712 893 3769 in
919 3727 990 3769 ea
1014 3710 1105 3768 sol
1154 3716 1322 3766 ortus
1351 3711 1579 3765 mnu-lo
1612 3718 1743 3780 post
1776 3711 2056 3766 tenebras

391 3801 589 3872 longae
616 3802 968 3873 ignorantiae
1016 3803 1408 3864 monstratur,
1442 3798 1535 3853 vel
1583 3798 1832 3869 quando
1880 3798 2056 3854 relin-

388 3907 587 3965 quens
614 3896 847 3965 poetse
898 3890 1284 3947 tenebrarum
1331 3903 1517 3960 Opera
1546 3891 1707 3941 caste
1758 3891 1817 3941 et
1859 3886 2055 3943 sobrie

392 3980 559 4052 vivit,
582 3984 643 4037 et
670 3981 749 4037 ad
784 3978 1114 4053 perfectum
1167 3977 1329 4033 diem
1380 3975 1599 4032 tendit:
1634 3997 1663 4025 «
1696 3975 1948 4031 Pulchra
1992 3980 2057 4032 ut

388 4067 598 4141 luna,»
621 4069 824 4142 quisa
848 4068 976 4124 sole
1000 4065 1243 4137 justitite
1265 4064 1580 4131 illustrata,
1606 4069 1845 4119 noctem
1874 4080 2054 4120 mun-

386 4158 457 4215 di
483 4158 803 4215 illuminas.
832 4175 867 4209 ‹
892 4156 1088 4211 Electa
1114 4159 1178 4210 ut
1208 4152 1320 4221 sol,
1354 4174 1382 4202 η
1405 4153 1551 4225 quia
1596 4152 1930 4223 imaginem
1962 4154 2057 4210 sui

387 4245 732 4304 Conditoris
759 4244 825 4300 in
878 4244 1046 4299 omni
1095 4242 1335 4315 iustitiae
1386 4243 1698 4301 sanctitate
1731 4250 1789 4300 et
1813 4246 2056 4302 veritate

392 4338 615 4409 portat.
646 4332 859 4389 Aliter:
887 4353 917 4381 κ
940 4331 1196 4387 Pulchra
1226 4336 1294 4387 ut
1307 4330 1474 4399 luna,
1493 4352 1523 4385 ›
1552 4348 1661 4405 per
1688 4333 1965 4391 virtutem
1994 4335 2058 4390 in

394 4419 677 4495 praesenti
701 4418 922 4479 modo
948 4425 1008 4475 et
1033 4420 1337 4477 demam.
1361 4419 1593 4477 «Electa
1620 4425 1684 4477 ut
1708 4421 1855 4491 soi,»
1874 4422 1938 4478 in
1960 4423 2056 4478 fu-

392 4507 941 4571 amheetitudine.
973 4508 1073 4564 Vel
1092 4529 1131 4559 -«
1148 4507 1403 4581 pulchra
1431 4513 1498 4565 ut
1522 4508 1725 4578 luna,»
1753 4510 1819 4565 in
1845 4512 2057 4583 conju-

398 4596 589 4669 gatis:
621 4619 651 4647 «
672 4597 861 4655 electa
886 4602 953 4655 ut
982 4596 1091 4666 sol,
1124 4616 1155 4651 ›
1179 4597 1242 4653 in
1271 4597 1640 4668 virginibus:
1665 4599 1938 4672 terribilis
1958 4617 2059 4658 ae-

390 4686 513 4747 reis
541 4687 959 4761 potestatibus,
988 4692 1046 4744 et
1070 4702 1179 4760 per
1206 4691 1565 4760 potestatem
1592 4687 1824 4759 ligandi
1852 4693 1911 4744 et
1938 4690 2061 4747 sol-

394 4778 598 4836 vendi.
624 4778 916 4837 Ordinata
936 4777 1002 4835 in
1032 4778 1256 4835 unitate
1283 4777 1445 4847 ﬁdei,
1470 4778 1621 4852 spei,
1644 4784 1704 4835 et
1730 4779 2060 4851 charitatis,

392 4872 456 4925 et
476 4869 541 4925 in
566 4868 997 4942 mysteriorum
1024 4867 1450 4940 dispositione.

458 4980 498 5010 ια
528 4959 824 5017 Descendi
840 4959 907 5015 in
931 4959 1176 5015 hortum
1203 4973 1453 5028 nucum,
1482 4960 1549 5013 ut
1575 4956 1846 5012 viderem
1877 4973 2065 5031 poma

390 5068 428 5105 α
464 5047 856 5109 acnuam.
879 5070 910 5099 »
936 5049 1159 5105 Hortus
1183 5046 1401 5104 ete
1428 5060 1659 5101 nucum
1686 5048 1775 5101 est
1802 5045 2066 5105 Ecclesia

386 5150 686 5209 means,
712 5135 822 5192 ubi
857 5141 1097 5194 uestras
1120 5134 1524 5193 conscientias
1556 5131 1921 5191 alterutrum
1949 5135 2063 5192 mi-

384 5224 561 5283 nime
604 5224 903 5289 videntis,
930 5226 1044 5282 sed
1084 5224 1281 5281 tracta
1316 5230 1425 5295 per
1472 5222 1859 5280 mutationem
1906 5228 2065 5283 testa

388 5314 597 5372 cunis
622 5314 721 5371 vel
760 5314 1058 5387 corporis,
1086 5309 1410 5386 apparebit
1436 5309 1682 5366 internae
1724 5312 2060 5370 dulcedinis

397 5408 820 5475 gustus.Poma
839 5402 1147 5470 convallis,
1162 5400 1388 5456 fructus
1416 5400 1763 5458 humilitatis
1786 5421 1799 5459 :
1819 5403 2064 5460 descen-

382 5492 483 5550 dit
504 5493 668 5551 enim
692 5497 907 5551 suae
937 5489 1197 5548 Ecclesia
1242 5503 1351 5560 per
1378 5489 1655 5547 doctores
1701 5495 1968 5561 sanctos,
1996 5496 2063 5550 ut

388 5580 599 5638 videat
612 5582 724 5655 qui
770 5578 1091 5654 proﬁciant
1142 5576 1224 5634 ad
1251 5577 1477 5635 fructus
1519 5578 1840 5650 bonorum,
1876 5579 2060 5652 quive

380 5668 596 5726 adhuc
644 5670 954 5740 indigeant
1006 5666 1292 5723 doctrinae
1347 5668 1712 5739 irrigatione.
1762 5673 1953 5726 Potest
2003 5672 2061 5726 et

386 5758 602 5817 hortus
628 5774 859 5815 nam
890 5771 1089 5815 canon
1121 5757 1269 5815 Novi
1314 5773 1389 5817 ac
1439 5758 1665 5816 Veteris
1696 5757 2055 5817 Testameni

2171 3177 2255 3233 vit
2302 3176 2432 3233 illos
2480 3176 2660 3232 etiam
2713 3175 2936 3249 quibus
2986 3176 3047 3231 in
3099 3174 3329 3247 judicio
3382 3176 3650 3234 dicturus
3703 3184 3844 3236 est:

2173 3289 2201 3316 ‹‹
2252 3268 2466 3337 Amen,
2498 3265 2634 3321 dico
2685 3265 2881 3331 vobis,
2932 3265 3136 3321 nescio
3175 3281 3283 3321 vos
3333 3266 3575 3328 (Matth.
3602 3271 3776 3345 xxv).
3818 3293 3847 3320 ››

2172 3356 2505 3425 Quadrigas
2535 3352 2959 3416 Amminadab,
2987 3352 3387 3421 evangelistas
3416 3355 3577 3424 dicit,
3608 3359 3847 3414 Ammi-

2166 3444 2374 3499 nadab
2404 3443 2629 3516 quippe
2672 3442 3090 3514 interpretatur
3112 3445 3327 3511 populi
3353 3451 3744 3513 spontaneus,
3782 3448 3847 3502 id

2170 3539 2256 3588 est
2281 3533 2452 3607 plebs
2476 3533 2742 3588 Ecclesiae
2766 3531 2976 3587 ﬁdelis.
3004 3533 3328 3588 Sunamitis
3358 3533 3471 3590 ista
3500 3524 3841 3593 Ecclesiam

2169 3623 2484 3691 signiﬁcat,
2539 3623 2711 3693 cujus
2764 3625 3023 3691 ﬁguram
3074 3623 3400 3678 Sunamitis
3442 3623 3543 3679 illa
3583 3625 3643 3680 in
3680 3625 3843 3681 libro

2168 3716 2396 3780 Regum
2428 3712 2698 3781 gestavit.
2744 3712 2851 3776 Qui
2883 3712 2963 3767 ob
2993 3712 3108 3767 hoc
3137 3713 3242 3784 qui
3296 3713 3502 3769 Christi
3539 3716 3843 3785 sanguine

2166 3801 2504 3869 decoratur,
2537 3800 2819 3857 coccinea
2850 3801 2912 3855 in
2940 3801 3147 3857 Latino
3170 3806 3345 3858 sonat
3374 3802 3470 3858 cui
3494 3802 3845 3876 frequenter

2164 3907 2203 3947 a
2233 3890 2456 3951 sanctis
2486 3888 2980 3962 praedicatoribus
3018 3889 3237 3951 dicitur
3266 3913 3293 3941 ‹‹
3328 3893 3673 3961 Revertere:
3709 3916 3741 3951 υ
3778 3894 3845 3950 ut

2164 3978 2398 4049 etiamsi
2442 3994 2549 4052 per
2578 3978 2832 4037 adversa
2879 3977 3215 4052 deliquerit,
3244 3978 3308 4037 in
3336 3979 3834 4053 desperationem

2164 4084 2288 4137 non
2331 4066 2586 4133 decidat,
2640 4067 2744 4129 sed
2799 4083 2836 4135 8
2888 4067 3180 4140 peccandi
3228 4069 3665 4133 consuetudine
3694 4088 3843 4135 cum

2164 4172 2272 4231 ape
2302 4154 2685 4226 indulgentiae
2733 4155 3062 4229 resipiscat.
3116 4158 3370 4223 «Quam
3418 4158 3654 4232 pulchri
3693 4164 3843 4221 sunt

2171 4261 2409 4319 gressus
2439 4245 2523 4307 tui
2575 4244 2637 4305 in
2684 4244 3130 4316 calceamentis,
3175 4268 3203 4303 ς
3256 4246 3380 4303 tilia
3434 4247 3724 4322 principis
3756 4249 3773 4307 l
3809 4271 3838 4300 ››

2170 4337 2337 4399 Nunc
2358 4333 2569 4402 laudes
2597 4332 2868 4399 Ecclesiae
2894 4332 2973 4391 ab
3002 4334 3135 4411 ipso
3166 4351 3390 4410 sponso
3427 4333 3839 4414 proferuntur;

2172 4428 2226 4483 et
2254 4421 2452 4497 primo
2483 4439 2735 4501 operum
2762 4423 3118 4499 constantia,
3146 4428 3204 4493 et
3226 4424 3606 4485 mortiﬁcatio
3628 4424 3840 4500 volup-

2171 4516 2362 4587 tatum
2381 4511 2706 4571 laudantur
2734 4513 2793 4570 in
2818 4527 2893 4571 ea
2913 4528 3101 4587 quam
3130 4517 3189 4579 et
3213 4513 3405 4573 ﬁliam
3430 4513 3737 4588 principis,
3774 4513 3836 4587 id

2172 4606 2260 4663 est
2291 4600 2520 4672 Christi,
2552 4600 2632 4659 ob
2652 4601 2911 4677 gratiam
2940 4601 3323 4676 baptismatis
3354 4607 3414 4660 et
3459 4602 3834 4679 nobilitatem

2170 4690 2459 4745 virtutum
2494 4689 2791 4746 nominat.
2821 4712 2850 4740 ‹‹
2880 4693 3178 4753 iuncturae
3226 4690 3527 4759 femorum
3588 4698 3833 4755 tuorum

2173 4800 2201 4829 ‹‹
2231 4778 2383 4834 sicut
2411 4778 2656 4835 monilia
2675 4795 2811 4859 quae
2839 4779 3134 4836 fabricata
3154 4786 3294 4837 sunt
3312 4797 3503 4837 manu
3522 4781 3784 4837 artiﬁcis.
3800 4801 3829 4831 π

2172 4868 2440 4923 Duorum
2456 4867 2779 4925 concordia
2798 4868 3163 4941 populorum
3181 4869 3424 4942 speciali
3447 4869 3616 4943 prole
3633 4870 3831 4927 fecun-

2170 4956 2468 5028 dentium,
2498 4956 2561 5012 in
2598 4957 2881 5028 junctura
2931 4957 3234 5014 femorum
3291 4958 3661 5031 designatur,
3694 4976 3827 5033 quae

2172 5048 2328 5103 sicut
2348 5046 2597 5104 monilia
2640 5046 2932 5104 fabricata
2977 5053 3119 5106 sunt
3144 5064 3337 5105 manu
3364 5048 3630 5115 artiﬁcis,
3658 5049 3719 5105 id
3744 5050 3830 5106 est

2168 5136 2458 5193 ineffabili
2478 5136 2750 5207 largitate
2780 5136 3118 5195 Conditoris
3144 5139 3366 5195 nostri:
3418 5137 3481 5194 in
3504 5138 3827 5196 monilibus

2170 5226 2335 5283 bona
2355 5242 2541 5303 opera
2570 5226 3007 5299 exprimuntur.

2242 5337 2272 5366 «
2302 5315 2629 5371 Umbilicus
2646 5319 2783 5371 tuus
2799 5315 2951 5372 sicut
2975 5319 3166 5372 crater
3184 5314 3496 5390 tornatilis,
3513 5331 3829 5390 nunquam

2172 5423 2197 5456 ι
2221 5404 2499 5477 indigens
2527 5404 2779 5478 poculis.
2807 5428 2835 5457 »
2890 5405 3213 5464 Umbilicus
3242 5410 3382 5463 tuus
3412 5406 3700 5477 fragilitas
3728 5422 3831 5463 no-

2168 5497 2303 5550 strae
2330 5494 2710 5550 inﬁrmitatis.
2734 5494 2939 5551 Crater
2956 5493 3021 5551 ﬁt
3036 5495 3346 5563 toruatilis,
3370 5512 3509 5552 cum
3529 5496 3829 5553 conscien-

2166 5582 2249 5639 tia
2275 5582 2647 5639 mortalitatis
2674 5587 2890 5640 nostra
2925 5583 3238 5657 admoniti,
3271 5584 3519 5642 calicem
3550 5584 3829 5641 salutaris

2166 5669 2332 5726 verbi
2358 5674 2641 5743 prompta
2669 5676 2865 5727 mente
2895 5672 3217 5744 propinare
3239 5673 3747 5744 satagimus.ltem
3767 5673 3827 5730 in

2162 5758 2455 5815 umbilico
2475 5759 2886 5829 intelliguntur
2900 5761 3010 5833 qui
3031 5777 3154 5819 non
3182 5762 3594 5835 extremo,sed
3618 5762 3681 5819 in
3706 5777 3827 5818 me-
