3968 6394
131 256 234 337 921

1338 263 1591 331 ΕΝᾼΗΒ·
1634 264 1701 324 ΙΝ
1741 260 2055 325 βλιτισλ
2091 265 2362 330 ελητιο.

130 380 230 438 dio
263 380 542 453 Ecclesiae
598 397 851 462 corpore
891 390 1365 459 commorantur.
1400 390 1465 449 In
1510 386 1605 449 his
1653 402 1796 454 ergo
1824 389 1873 449 Α
1913 388 2161 450 Canales
2186 389 2522 462 praecordia
2549 392 2692 453 sunt
2714 393 3084 464 sanctorum,
3107 393 3170 452 in
3198 395 3424 470 quibus
3452 398 3578 457 alli-

128 470 513 546 reperiuntur
542 488 677 544 quae
711 477 849 533 sunt
874 491 1018 537 vasa
1052 474 1250 549 utilia:
1288 475 1348 537 in
1380 492 1450 533 eo
1483 475 1797 544 tornatilis,

128 560 275 631 quia
332 559 413 617 ad
465 559 873 619 obediendum
922 564 1012 619 vel
1054 564 1131 627 ad
1164 580 1344 623 omne
1383 581 1537 637 opus
1567 565 1801 627 bonum

128 665 372 725 semper
402 650 620 722 parati.
653 650 716 707 In
761 668 831 725 co
874 668 1188 726 utinquam
1236 653 1514 723 indigens
1546 654 1797 727 poculis.

127 744 434 817 quantum
490 740 681 811 sancti
724 741 974 817 Spiritus
1025 744 1219 821 gratia
1265 761 1337 807 ex
1395 750 1515 800 toto
1570 744 1799 817 repleti.

130 853 153 878 ‹‹
193 829 417 885 Venter
446 833 583 885 tuus
611 829 762 894 sicut
790 848 1041 889 acervus
1073 833 1254 899 tricici
1288 833 1541 897 vallatus
1582 833 1734 897 liliis.
1771 856 1799 884 »

131 918 195 974 lii
227 934 499 992 namque
529 919 633 992 qui
677 936 916 993 semper
964 928 1312 991 sanctarum
1362 924 1802 996 Scripturarum

129 1007 422 1064 alimenta
469 1010 827 1091 percipiunt,
875 1017 930 1066 et
959 1028 1031 1068 ca
1059 1029 1195 1084 quae
1228 1016 1366 1069 sunt
1393 1012 1680 1075 salutaria
1710 1013 1802 1075 in-

128 1097 221 1153 fra
253 1114 318 1157 se
346 1103 698 1169 congerunt,
732 1104 911 1172 atque
941 1100 1070 1163 aliis
1110 1102 1445 1168 doctrinam
1478 1120 1651 1171 suam
1700 1120 1802 1157 ve-

126 1190 217 1263 jut
249 1186 510 1245 triticum
542 1193 858 1257 erogantes
889 1189 1218 1262 praedicare
1253 1207 1375 1249 non
1408 1191 1709 1261 desinunt,
1744 1192 1801 1247 in

128 1276 327 1331 ventri
365 1276 840 1343 similitudinem,
890 1278 1273 1358 deputantur.
1321 1286 1581 1345 Acervus
1636 1280 1805 1337 tritici

126 1364 390 1423 vallatus
419 1364 557 1421 liliis
583 1370 689 1433 est,
720 1382 858 1435 cum
887 1367 1263 1425 abundantia
1284 1368 1425 1437 boni
1449 1370 1646 1443 operis
1676 1371 1805 1426 sola

127 1459 439 1529 perpetua:
464 1454 614 1511 lucis
647 1471 754 1528 spe
782 1456 1093 1527 colligitur.
1135 1461 1196 1531 lu
1242 1464 1444 1523 ventre
1489 1461 1803 1532 memoria,

128 1544 187 1599 in
217 1543 410 1600 tritico
441 1544 854 1618 multiplicatio
878 1546 1021 1607 lieni
1041 1548 1257 1620 operis,
1288 1548 1348 1605 in
1377 1548 1513 1607 liliis
1546 1551 1797 1609 castitas

134 1633 265 1713 spei
292 1634 673 1707 exprimitur.

1911 480 2128 545 gantur
2175 478 2321 536 tales
2366 479 2776 550 cogitationes.
2811 481 2993 539 Aliter
3023 501 3037 539 :
3070 484 3261 558 Caput
3302 487 3578 546 Ecclesia:

1910 566 2197 632 Christus,
2229 585 2352 642 quo
2409 569 2726 628 sublimius
2765 570 2916 627 nihil
2968 577 3075 629 est.
3126 574 3315 631 Coma
3348 570 3577 651 capitis

1909 656 2333 714 eminentiores
2385 659 2612 733 quique
2669 660 2880 728 sancti,
2912 660 3075 719 beati
3102 664 3324 722 scilicet
3354 672 3581 742 marty-

1910 761 2025 813 res,
2063 747 2420 805 consimilati
2450 764 2741 822 purpura.
2772 750 3076 821 regalibus
3124 753 3495 814 ornamentis
3521 759 3582 815 et

1910 834 2275 893 salutaribus
2297 837 2560 910 copulati
2589 839 2894 898 doctrinis.

1984 946 2013 973 ιι
2054 926 2246 987 Quam
2276 927 2510 998 puchra
2538 944 2602 984 es
2632 933 2692 985 et
2714 929 2953 999 decora,
2972 930 3329 993 charissima
3354 933 3416 991 in
3436 934 3581 993 deii-

1912 1033 1941 1063 «ς
1982 1011 2106 1094 ciis.
2134 1034 2162 1063 »
2190 1014 2443 1072 Pulchra
2464 1015 2682 1074 dicitur
2709 1018 2991 1089 Ecclesia,
3022 1005 3143 1078 ﬁde
3164 1027 3223 1079 et
3246 1039 3447 1096 opere.
3475 1027 3583 1081 De-

1911 1115 2052 1161 cora
2078 1104 2450 1162 ornamentis
2475 1105 2784 1162 virtutum.
2800 1107 3168 1166 Charissima
3187 1126 3295 1183 per
3316 1108 3580 1173 dilectio—

1911 1205 2110 1246 nem.«
2127 1194 2189 1249 in
2210 1191 2495 1261 deliciis,»
2513 1193 2574 1250 id
2592 1197 2682 1251 est
2699 1193 2761 1250 in
2787 1195 3199 1269 spiritualibus
3230 1199 3575 1259 virtutibus.

1985 1301 2012 1329 «
2058 1281 2293 1338 Statura
2317 1287 2418 1343 tua
2443 1282 2774 1340 assimilata
2799 1288 2892 1341 est
2915 1285 3157 1358 palmae,
3180 1291 3238 1344 et
3261 1287 3449 1345 ubera
3474 1295 3582 1349 tua

1914 1389 1941 1419 ι(
1983 1366 2189 1425 botris.
2219 1391 2245 1420 »
2279 1370 2339 1427 td
2375 1375 2464 1428 est
2490 1372 2785 1429 rectitudo
2814 1372 2994 1430 bona;
3015 1376 3405 1448 operationis,
3428 1394 3583 1435 sem-

1912 1472 2019 1529 per
2047 1457 2125 1519 ad
2155 1459 2468 1519 victoriam
2490 1461 2696 1518 tendit.
2745 1462 3033 1520 Uberibus
3076 1463 3353 1522 doctores
3383 1467 3581 1524 Eccle-

1914 1546 2038 1618 siae,
2070 1553 2312 1622 propter
2339 1549 2433 1608 lac
2462 1551 2673 1624 primm
2715 1551 3069 1613 eruditionis
3118 1560 3577 1629 comparantur,

1912 1641 1971 1693 et
1995 1637 2186 1696 botris
2216 1647 2556 1713 aequantur,
2586 1645 2834 1716 propter
2875 1643 3169 1717 mysteria
3214 1644 3581 1704 dulcissimus

204 1746 232 1773 ‹‹
277 1723 409 1779 Duo
437 1724 625 1789 ubera
670 1730 793 1796 tua,
826 1726 979 1785 sicut
1021 1725 1144 1789 duo
1175 1726 1409 1789 hinnuli
1435 1728 1672 1800 gemelli
1704 1745 1803 1784 ca-
1834 1748 1875 1812 α
1913 1727 2275 1785 mternitatis.

134 1836 162 1862 ι(
207 1830 395 1889 prece.
429 1833 459 1866 ›
495 1817 573 1870 De
598 1814 716 1870 hoc
747 1832 928 1872 versu
959 1816 1186 1883 dictum
1240 1822 1327 1881 est
1370 1818 1663 1893 superius,
1698 1819 1804 1875 se'i

132 1903 409 1976 repetitio
439 1904 738 1961 firmitatis
765 1905 1053 1969 indicium
1082 1911 1188 1971 est.
1227 1909 1352 1971 Duo
1380 1908 1570 1975 ubera
1594 1908 1801 1965 docto-

130 2010 225 2049 res
258 1998 400 2051 sunt
430 1995 741 2078 utriusque
769 1996 995 2073 populi.
1032 1997 1273 2059 Hinnuli
1290 1998 1524 2068 gemelli
1560 2003 1806 2073 propter

136 2101 323 2140 unam
351 2082 741 2142 concordiam
777 2104 788 2142 :
818 2086 960 2151 item
992 2086 1114 2159 duo
1154 2086 1344 2153 ubera
1376 2088 1648 2155 Ecclesiae
1680 2089 1803 2160 duo

134 2178 275 2229 sunt
304 2176 683 2239 Testamenta
711 2173 953 2237 duobus
983 2174 1222 2249 populis
1270 2192 1344 2241 ex
1390 2177 1637 2251 traduce
1664 2194 1802 2251 pec—

136 2262 251 2317 cati
282 2261 661 2317 venientibus
687 2262 995 2335 coaptata.
1036 2265 1101 2335 iii
1133 2263 1293 2325 enim
1356 2270 1645 2339 tanquam
1675 2266 1805 2333 hin-

135 2351 260 2407 nuli
316 2352 373 2407 in
428 2351 659 2427 Christo
701 2358 1102 2423 renascuntur
1127 2359 1307 2427 atque
1338 2370 1411 2421 ex
1440 2354 1532 2425 his
1562 2354 1806 2427 duobus

135 2442 528 2498 Testamentis
554 2441 645 2498 lac
679 2442 985 2516 sapientiae
1020 2450 1319 2515 sugentes.

207 2551 238 2586 ‹
278 2531 512 2588 Collum
542 2537 717 2591 tuum
748 2533 898 2597 sicut
929 2534 1105 2599 turris
1151 2534 1440 2609 eburnea.
1477 2556 1505 2585 ››
1537 2535 1602 2599 In
1651 2535 1806 2594 collo

134 2620 417 2681 doctores
459 2621 873 2692 designantur,
922 2624 1025 2703 qui
1077 2624 1220 2689 turri
1251 2624 1533 2695 eburneae
1562 2630 1808 2701 propter

134 2709 481 2767 ﬁrmitatem
528 2716 585 2767 et
631 2711 1142 2791 pulchritudinem
1174 2720 1623 2789 comparantur,
1662 2716 1808 2789 quia

134 2799 358 2856 civitati
394 2800 493 2856 Dei
546 2801 733 2857 robur
783 2807 1066 2875 praestant
1109 2808 1166 2859 et
1206 2804 1412 2863 decus.
1444 2807 1639 2863 Potest
1663 2810 1719 2861 et
1743 2805 1805 2869 in

134 2891 294 2947 collo
354 2891 566 2948 notitia
615 2907 927 2948 sacrarum
987 2893 1430 2969 Scripturarum
1478 2894 1805 2977 designari,

133 2998 274 3054 quae
305 2980 530 3037 idcirco
581 2981 756 3055 turris
804 2983 1072 3049 eburnea
1128 2983 1487 3058 appellatur,
1519 2985 1665 3059 quia
1702 2985 1807 3059 qui

132 3070 326 3127 verbo
359 3070 458 3127 Dei
483 3070 784 3140 insistunt,
814 3072 1167 3163 quotidiana
1221 3073 1490 3149 profectu
1519 3091 1626 3149 per
1656 3075 1801 3131 nilo
1838 3101 1881 3163 ο

132 3179 266 3218 rem
293 3161 536 3232 justitiae
564 3161 627 3216 in
677 3160 1009 3218 excelsiora
1063 3163 1410 3239 proﬁciunt.
1441 3185 1469 3229 ις
1502 3164 1666 3231 Oculi
1725 3165 1809 3229 tui

137 3274 166 3302 ‹‹
211 3252 368 3307 sicut
407 3250 651 3341 piscinae
702 3250 766 3307 in
824 3250 1117 3341 Hesehon,
1148 3268 1286 3341 quae
1334 3256 1475 3321 sunt
1529 3252 1591 3315 in
1637 3261 1811 3327 porta

136 3362 167 3390 ιι
208 3339 349 3396 ﬁliae
373 3338 793 3396 multitudinis.
824 3361 852 3389 ››
877 3339 1040 3396 Oculi
1073 3340 1344 3411 Ecclesia:
1367 3340 1642 3409 doctores
1673 3347 1814 3407 sunt

133 3434 388 3505 propter
411 3428 873 3503 providentiam,
908 3428 1059 3485 sicut
1087 3429 1308 3509 collum
1336 3435 1580 3505 propter
1630 3430 1813 3493 nutri-

136 3516 437 3577 'mentum.
512 3520 577 3574 Et
646 3524 801 3574 recte
859 3519 1107 3605 piscinae
1164 3524 1618 3599 comparantur,
1668 3520 1811 3594 quia

134 3609 372 3667 ﬂuenta
427 3606 715 3663 doctrinae
764 3607 890 3668 suis
941 3608 1319 3667 auditoribus
1372 3608 1638 3681 praebere
1688 3626 1811 3667 non

137 3701 402 3755 cessant.
430 3696 703 3753 Hesebon
735 3698 1044 3773 cingulum
1070 3699 1342 3764 maeroris
1368 3697 1806 3771 interpretatur,

135 3789 287 3862 quia
317 3786 506 3843 sancti
536 3802 646 3863 pro
678 3801 838 3845 vana
862 3786 1064 3843 laetitia
1090 3786 1311 3858 carnis,
1351 3786 1592 3859 cingulo
1624 3787 1808 3843 absti-

133 3876 358 3934 nentiae
414 3875 927 3946 constringuntur.
990 3878 1057 3932 Et
1103 3875 1258 3941 bene
1310 3876 1373 3932 in
1430 3876 1619 3959 portis
1672 3876 1809 3933 filiae

132 3964 566 4031 multitudinis,
589 3963 668 4020 ob
695 3963 1139 4021 abundantiam
1161 3964 1529 4041 populorum
1558 3982 1809 4031 concur-

130 4054 402 4113 rentium
430 4069 540 4127 per
586 4058 826 4127 portam
869 4053 1012 4110 fidei
1036 4054 1099 4110 in
1132 4044 1481 4133 Ecclesium.
1511 4058 1705 4123 Potest
1756 4059 1814 4119 et

130 4161 244 4221 per
275 4151 515 4218 portam
547 4142 811 4201 Christus
870 4143 1136 4214 intelligi.
1170 4166 1197 4194 «
1228 4147 1425 4200 Nasus
1484 4150 1620 4209 tuus
1660 4145 1813 4207 sicut

130 4234 315 4293 turris
362 4233 589 4291 Libani.
629 4257 655 4283 ››
692 4236 753 4289 In
781 4250 932 4299 naso
985 4233 1154 4299 verbi
1192 4234 1294 4299 Dei
1343 4234 1809 4309 dispensatores,

131 4340 327 4394 causa
353 4323 732 4380 discretionis
757 4323 1177 4397 designantur,
1211 4322 1318 4396 qui
1365 4324 1617 4399 odorem
1643 4324 1812 4397 justi-

132 4416 232 4472 tim
259 4414 367 4487 qui
413 4418 504 4470 est
531 4412 593 4469 in
627 4414 854 4471 Christo
902 4413 1320 4493 percipientes,
1345 4413 1468 4489 suis
1496 4413 1812 4492 porrigunt

134 4502 539 4571 auditoribus,
563 4506 745 4577 atque
773 4501 1075 4559 intellectu
1090 4501 1463 4565 discretionis
1483 4503 1636 4577 inter
1664 4504 1809 4561 odo—

134 4611 271 4653 rem
302 4593 593 4650 virtutum
622 4596 680 4649 et
702 4592 983 4655 vitiorum
1038 4592 1258 4655 fetores
1313 4608 1387 4665 ex
1431 4591 1551 4665 alio
1594 4592 1812 4661 discer-

136 4687 319 4743 nunt.
346 4682 525 4739 Turri
554 4681 982 4754 assimilantur,
1010 4681 1116 4757 qui
1144 4698 1253 4763 per
1281 4683 1639 4763 sapientiam
1670 4682 1815 4741 emi-

138 4773 573 4833 nentissimum
615 4772 819 4829 locum
867 4764 1069 4851 tenent
1104 4772 1169 4837 in
1220 4771 1499 4831 Ecclesia.
1553 4775 1696 4845 Quae
1726 4789 1815 4831 re-

141 4859 322 4934 spicit
358 4861 574 4915 contra
622 4858 1006 4927 Damascum,
1031 4857 1094 4914 id
1148 4861 1238 4913 est
1292 4858 1713 4929 sanguinariae
1762 4863 1819 4919 et

140 4948 391 5022 impios,
428 4947 575 5021 quia
618 4949 949 5025 Damascus
1000 4947 1355 5018 sanguinem
1390 4948 1589 5023 bibens
1636 4949 1815 5006 inter-

139 5038 438 5109 pretatur,
484 5031 782 5103 signiﬁcat
836 5032 1111 5091 carnales
1163 5036 1218 5090 et
1267 5030 1558 5105 crudeles,
1609 5037 1818 5090 contra

139 5141 304 5199 quos
334 5123 528 5180 sancti
558 5123 834 5180 doctores
862 5123 925 5180 in
980 5122 1126 5181 turri
1158 5120 1386 5193 Libani,
1416 5122 1481 5179 id
1509 5127 1599 5180 est
1627 5122 1815 5183 ﬁrmi-

142 5219 265 5273 tate
295 5212 575 5271 Ecclesiee
601 5229 840 5288 semper
866 5214 1135 5287 vigilant.

218 5327 249 5354 ‹‹
291 5305 486 5378 Caput
512 5307 687 5360 tuum
716 5308 782 5361 ut
807 5304 1135 5371 Carmelus,
1167 5308 1226 5362 et
1259 5320 1449 5361 comae
1493 5302 1704 5379 capitis
1734 5302 1822 5369 tui

143 5417 174 5446 «
220 5396 377 5451 sicut
403 5409 681 5468 purpura
708 5393 867 5465 regis
897 5394 1100 5452 vincta
1119 5395 1457 5472 canalibus.
1482 5415 1510 5445 »
1535 5395 1600 5453 ln
1623 5394 1819 5468 capite

142 5500 346 5550 mens,
379 5483 440 5539 in
468 5482 660 5540 comis
683 5484 1075 5555 cogitationes
1112 5484 1510 5554 designantur
1539 5502 1552 5541 :
1584 5488 1642 5541 et
1671 5485 1823 5540 sicut

144 5574 345 5646 capite
377 5572 654 5640 menbra,
672 5573 756 5631 ita
786 5578 983 5630 mente
1010 5573 1400 5645 cogitationes
1418 5577 1730 5643 reguntur,
1758 5576 1822 5629 ut

144 5665 211 5721 in
230 5662 606 5728 Carmelo,id
625 5667 713 5720 est
741 5663 1106 5723 sublimitate
1131 5664 1420 5729 virtutum
1451 5667 1507 5721 et
1536 5663 1821 5741 passione

149 5752 365 5809 Christi
380 5770 519 5827 quas
536 5754 785 5811 nomine
801 5769 1086 5826 purpuras
1103 5752 1469 5833 exprimitur,
1489 5757 1820 5819 versentur.

1985 1838 2014 1868 ‹‹
2056 1816 2184 1875 Dixi
2218 1835 2230 1875 :
2262 1819 2603 1888 Ascendam
2657 1820 2721 1877 in
2774 1819 3069 1895 palmam,
3120 1823 3582 1897 apprehendam

1914 1927 1942 1965 ς(
1985 1904 2214 1964 fructus
2247 1908 2400 1980 ejus.
2435 1930 2465 1961 υ
2496 1913 2646 1982 Apte
2698 1910 2862 1967 enim
2908 1910 3409 1971 victoriosissima
3432 1928 3584 1970 crux

1913 1993 2131 2068 palmas
2175 2002 2583 2070 comparatur,
2612 1998 2676 2056 in
2724 2015 2916 2072 quam
2947 1999 3214 2058 Christus
3243 2001 3581 2061 ascendens

1913 2084 2312 2157 apprehendit
2360 2086 2624 2145 fructum
2672 2088 2823 2160 ejus.
2858 2088 2945 2144 Illi
2999 2088 3163 2147 enim
3204 2088 3266 2146 in
3304 2082 3581 2163 palmam

1913 2175 2252 2235 ascendunt
2278 2176 2383 2250 qui
2425 2176 2488 2234 in
2537 2194 2715 2235 cruce
2742 2178 2955 2237 Christi
2979 2178 3320 2252 proﬁciunt.
3353 2184 3433 2238 De
3455 2196 3582 2254 quo

1913 2264 2235 2337 Apostolus
2285 2265 2409 2324 ait:
2438 2288 2468 2320 «
2500 2266 2609 2334 Qui
2659 2267 2821 2323 enim
2869 2271 3014 2325 sunt
3052 2267 3285 2338 Christi,
3333 2282 3583 2328 carnem

1914 2369 2090 2415 suam
2138 2354 2564 2414 eriiciﬁxerunt
2599 2372 2740 2413 eum
2792 2355 2950 2414 vitiis
2978 2360 3037 2414 et
3078 2358 3585 2432 concupiscentiis

1913 2442 2071 2513 (Gal.
2105 2442 2179 2516 ν).
2213 2465 2242 2501 υ
2273 2476 2340 2487 --
2362 2466 2391 2499 ‹‹
2416 2447 2483 2502 Et
2506 2450 2681 2502 erunt
2710 2445 2902 2504 ubera
2951 2450 3058 2509 tua
3107 2446 3263 2505 sicut
3304 2446 3466 2505 botri
3502 2434 3587 2505 vi-

1918 2553 1947 2581 «
1984 2532 2253 2604 neas,»id
2273 2533 2538 2591 estdona
2557 2550 2696 2608 quas
2713 2535 2966 2606 largitus
3004 2539 3096 2593 est
3122 2539 3349 2594 sanctae
3383 2536 3586 2595 Εοοιος

1914 2619 2039 2690 site,
2069 2637 2206 2694 quas
2236 2638 2309 2683 ex
2337 2622 2439 2680 illo
2472 2627 2739 2697 tempore
2763 2623 2972 2682 botros
2996 2624 3185 2683 vinem
3206 2623 3584 2697 germinavit,

1914 2707 1977 2771 id
2005 2714 2095 2771 est
2123 2716 2366 2773 sanctos
2385 2711 2685 2785 doctores,
2710 2714 2819 2787 qui
2839 2714 3074 2786 majore
3095 2713 3344 2772 scientia
3365 2720 3424 2772 et
3453 2729 3591 2786 gra-

1916 2798 1997 2864 tia
2022 2804 2163 2871 post
2188 2816 2431 2861 erucem
2446 2804 2505 2858 et
2522 2802 3025 2861 resurrectionem
3046 2803 3372 2861 Salvatoris
3396 2802 3591 2862 abun-

1915 2887 2167 2961 dabant.
2200 2890 2463 2951 Possunt
2490 2894 2548 2949 et
2589 2890 2782 2949 ubera
2826 2891 3258 2966 praedicatores
3311 2893 3590 2955 Ecclesia

1916 2977 2021 3049 qui
2052 2985 2436 3041 renascentes
2460 2979 2522 3038 in
2541 2980 2663 3037 ﬁde
2683 2982 2974 3050 nutriunt,
3008 2982 3276 3055 intelligi.
3296 3005 3326 3034 «
3351 2986 3418 3041 Et
3439 2983 3595 3041 odor

1921 3091 1947 3117 ‹‹
1993 3067 2110 3128 oris
2142 3067 2294 3127 sicut
2318 3068 2472 3125 odor
2499 3068 2823 3126 malorum.
2856 3071 3069 3128 Guttur
3096 3076 3270 3128 tuum
3317 3072 3470 3130 sicut
3509 3073 3594 3131 Vir

1921 3175 1952 3219 ς
1991 3172 2140 3217 num
2189 3158 2488 3229 optimum
2513 3158 2593 3226 ad
2621 3159 2984 3232 potandum.
3025 3181 3054 3212 υ
3084 3164 3147 3219 In
3204 3164 3441 3230 gutture
3469 3176 3593 3219 vox

1920 3246 2229 3319 praesentis
2264 3246 2575 3315 doctrinm,
2599 3246 2664 3304 in
2695 3248 2880 3305 odore
2909 3248 3077 3307 fama
3123 3248 3392 3306 absentis
3437 3249 3595 3307 desi-

1920 3339 2155 3404 gnatur.
2186 3338 2255 3395 Et
2282 3335 2418 3392 ideo
2474 3335 2619 3394 vino
2648 3336 2750 3394 illa
2778 3342 3024 3411 propter
3063 3338 3446 3409 ﬂagrantiam
3476 3338 3595 3397 vir-

1920 3428 2138 3489 tutum,
2168 3424 2296 3481 htec
2322 3424 2522 3497 malis,
2553 3430 2801 3500 propter
2831 3427 3191 3484 suavitatem
3217 3427 3486 3485 absentis
3505 3428 3595 3488 fa.-

1919 3531 2056 3583 mai,
2076 3530 2208 3573 com
2219 3520 2511 3586 parantur
2531 3532 2545 3572 :
2566 3537 2595 3566 ς(
2616 3516 2877 3587 Dignum
2902 3516 3118 3575 dilecto
3142 3532 3303 3576 meo.
3325 3540 3354 3569 ››
3377 3518 3596 3595 Rapuit

1920 3603 2079 3661 enim
2112 3619 2336 3675 sponsa
2365 3604 2622 3661 verbum
2649 3620 2722 3662 ex
2754 3620 2857 3662 ore
2889 3606 3118 3680 sponsi,
3141 3607 3287 3681 quia
3322 3606 3419 3664 ille
3448 3600 3594 3665 vine

1920 3693 2149 3763 Optimo
2180 3709 2315 3751 eam
2348 3694 2742 3767 comparavit,
2775 3699 2836 3752 et
2863 3695 3137 3767 subjecit.
3194 3698 3455 3767 Dignum
3504 3696 3595 3753 di-

1917 3782 2069 3837 lecto
2097 3799 2254 3853 meo,
2287 3782 2350 3839 id
2375 3788 2468 3839 est
2498 3787 2667 3841 tanta
2717 3789 2808 3841 est
2858 3784 3199 3844 sublimitas
3225 3784 3592 3856 evangelica

1918 3870 2385 3944 praedicationis,
2412 3877 2479 3929 ut
2526 3873 2656 3945 ipse
2708 3873 2963 3930 dilectus
3003 3889 3178 3929 meus
3226 3872 3459 3947 primus
3482 3889 3594 3947 per

1919 3960 2399 4021 incarnationem
2429 3977 2754 4035 apparens,
2788 3960 3024 4021 mundo
3046 3962 3158 4019 iter
3185 3962 3424 4019 caeleste
3445 3977 3592 4036 ape-

1920 4050 2037 4111 ruit
2066 4066 2078 4111 :
2112 4055 2372 4123 possunt
2398 4049 2462 4107 in
2495 4055 2733 4121 gutture
2763 4050 2843 4108 illi
2872 4050 3119 4123 intelligi
3144 4051 3252 4125 qui
3278 4068 3388 4126 per
3411 4067 3595 4110 evan-

1923 4138 2180 4209 gelicam
2238 4138 2730 4212 praedicationem
2794 4141 2980 4198 corda
3047 4142 3397 4199 auditoriun
3462 4143 3594 4217 ine-

1921 4228 2122 4289 briant
2153 4245 2166 4284 :
2199 4229 2363 4285 unde
2387 4229 2655 4287 Christus
2685 4235 2947 4304 potatur,
2977 4247 3119 4288 cum
3147 4248 3219 4289 ex
3244 4248 3317 4289 ea
3348 4230 3596 4291 Chistia-

1923 4319 2036 4387 nis,
2073 4318 2180 4392 qui
2210 4318 2490 4376 membra
2512 4319 2703 4393 ipsius
2752 4324 2911 4390 sunt,
2944 4321 3411 4397 incomparabili
3462 4321 3595 4399 dul-

1924 4408 2135 4468 cedine
2168 4409 2482 4467 satiantur.
2511 4431 2541 4461 «
2574 4408 2896 4484 Labiisque
2925 4414 2981 4468 et
3012 4411 3295 4469 dentibus
3324 4412 3482 4469 illius
3511 4410 3595 4470 ad

1923 4497 2380 4567 ruminandum,
2413 4516 2445 4553 ι
2475 4498 2541 4556 id
2569 4503 2660 4557 est
2688 4499 2978 4574 apostolis
3003 4506 3060 4558 et
3091 4500 3592 4581 prmdicatoribus

1922 4588 2147 4661 quibus
2171 4589 2437 4646 maxime
2466 4588 2631 4646 dedit
2659 4590 2739 4646 ad
2770 4590 3212 4648 meditandum.

1996 4699 2025 4728 «
2067 4679 2189 4747 Ego
2219 4676 2434 4734 dilecto
2461 4693 2619 4747 meo,
2650 4698 2679 4727 »
2710 4683 2768 4736 et
2794 4694 2919 4736 non
2950 4678 3119 4735 alteri
3143 4678 3239 4735 cui
3267 4681 3457 4734 totam
3486 4694 3593 4734 cu-

1922 4782 2057 4822 ram
2085 4764 2384 4822 servitutis
2417 4769 2475 4822 et
2501 4764 2835 4825 dilectionis
2879 4766 3188 4840 impendo.
3224 4788 3253 4817 «
3286 4769 3353 4823 Et
3382 4765 3463 4822 ad
3491 4780 3592 4822 me

1925 4877 1953 4919 ις
1996 4854 2306 4922 conversio
2363 4854 2520 4927 ejus,
2553 4877 2582 4906 »
2612 4854 2677 4910 id
2730 4860 2838 4923 est,
2883 4870 2982 4911 me
3040 4854 3233 4911 solam
3289 4852 3500 4927 diligit,
3532 4858 3593 4912 et

1924 4946 2175 5017 adjuvat
2225 4962 2344 5015 me,
2381 4961 2459 5002 ne
2511 4943 2789 5007 deﬁciam
2845 4943 2909 5000 in
2949 4942 3067 5000 via.
3102 4944 3207 5000 Cui
3253 4944 3471 5001 dilecto
3517 4959 3593 5001 ex

1924 5051 2068 5093 vero
2100 5034 2373 5093 Ecclesia
2425 5049 2536 5108 per
2562 5032 2942 5090 Psalmistam
2972 5032 3191 5090 dicitur
3225 5049 3238 5090 :
3269 5055 3297 5084 «
3332 5032 3598 5091 Adhaesit

1927 5123 2135 5181 anima
2182 5140 2320 5184 mea
2366 5127 2504 5198 post
2555 5126 2635 5195 te,
2693 5137 2791 5179 me
2857 5123 3121 5196 suscepit
3178 5123 3427 5182 dextera
3490 5127 3600 5181 tua

1931 5214 2115 5285 (Psat.
2149 5214 2308 5285 ιλιι).
2332 5235 2362 5265 ››
3504 5208 3513 5219 ’

2001 5324 2029 5359 ις
2072 5302 2234 5371 Veni,
2266 5302 2477 5366 dilecte
2507 5301 2611 5371 mi,
2643 5302 3030 5374 egrediamur
3057 5301 3122 5359 in
3167 5318 3405 5374 agrum,
3437 5316 3600 5358 com-

1932 5416 1960 5445 ‹‹
1999 5409 2307 5451 moremur
2335 5392 2397 5449 in
2425 5391 2579 5449 villis
2607 5410 2622 5461 ;
2669 5407 2851 5450 mane
2882 5405 3208 5473 surgamus
3252 5391 3332 5447 ad
3361 5391 3598 5473 vineas,

1932 5507 1960 5537 ιι
2000 5482 2318 5543 videamus
2345 5482 2394 5537 si
2413 5481 2615 5539 ﬂoruit
2634 5482 2829 5547 vinea,
2859 5481 2907 5537 si
2935 5479 3115 5537 ﬂores
3138 5480 3371 5539 fructus
3399 5484 3603 5555 partu-

1932 5596 1960 5624 «
2002 5573 2046 5629 ri
2059 5578 2180 5640 unt,
2196 5572 2244 5629 si
2264 5571 2599 5629 ﬂoruerunt
2614 5570 2776 5628 mala
2792 5570 3072 5627 Punica.»
3085 5570 3237 5637 Quia
3253 5570 3599 5628 nullatenus

1935 5661 2310 5730 Ecclesia,vel
2332 5659 2412 5719 ad
2428 5659 2657 5727 bonum
2679 5658 3060 5733 operandam
3082 5659 3447 5730 egrediendo
3466 5675 3606 5736 pro-

1933 5752 2164 5822 cedere,
2178 5750 2274 5813 vel
2287 5750 2349 5813 in
2361 5750 2639 5808 exercitio
2651 5750 2828 5808 boum
2840 5748 3208 5825 operationis
3222 5746 3604 5826 persistcndo
