3968 6420
365 321 477 376 623

1463 300 1820 360 ANGELOMI
1857 288 2327 352 LUXOVIENSIS
2363 289 2674 348 MONACHI

3696 291 3834 346 624

372 434 868 504 commorari,vel
893 432 1102 490 saltem
1129 430 1206 486 ad
1227 427 1603 502 propositum
1624 425 1777 480 bene
1806 416 2024 489 agendi
2058 417 2106 470 Α
2136 413 2413 504 Ecclesia,
2437 419 2574 486 post
2597 414 3012 504 ascensionem
3045 413 3104 469 in
3138 417 3258 470 toto
3283 412 3513 470 mundo
3543 413 3834 504 dilatata

371 502 823 594 assurgere,vel
841 518 1076 574 animos
1097 514 1440 570 auditorum
1465 526 1711 566 suorum
1729 510 2025 580 quantum
2137 502 2266 569 fuit,
2311 507 2369 558 et
2414 504 2772 559 venerabilis
2816 503 3048 560 effecta.
3082 506 3244 559 Prius
3297 504 3523 560 dictum
3576 503 3828 567 fuerat,

373 592 733 691 profecerint
758 610 1092 666 discernere
1117 604 1352 669 sufficit,
1373 602 1487 658 nisi
1509 599 1609 655 Dei
1640 597 1833 668 gratia
1861 592 2030 691 adju-

375 681 438 762 ta
466 701 571 776 qui
596 700 742 756 dixit
768 716 781 754 :
817 722 844 748 «
875 700 1020 752 Ecce
1049 709 1162 764 ego
1207 691 1523 748 vobiscum
1575 681 2028 776 sumpoinnibus

376 768 613 858 diebus,
638 802 829 860 usque
853 784 931 841 ad
960 779 1543 840 consummationem
1561 774 1762 831 δέρουιί
1789 768 2029 860 (Manli.

376 857 605 951 xxvul).
655 900 682 928 »
730 857 1054 947 Egreditur
1117 871 1381 928 Christus
1453 884 1591 924 cum
1659 861 1916 921 Ecclesia
1972 857 2034 913 in

379 985 616 1042 agrum,
645 965 894 1040 quando
921 979 1030 1037 per
1053 965 1291 1018 sanctos
1329 960 1604 1015 doctores
1633 954 2034 1042 visitatmun-

381 1037 548 1117 dum.
584 1037 1002 1115 Coinmoratur
1029 1052 1092 1107 in
1137 1050 1311 1116 villis,
1340 1065 1446 1121 per
1497 1046 1680 1102 ﬁdem
1727 1041 1950 1097 scilicet
1977 1037 2038 1092 in

381 1149 625 1225 populis
668 1163 742 1202 ex
792 1142 1071 1215 gentibus
1122 1138 1523 1202 credentibus,
1568 1135 2040 1225 circumquaque

385 1221 636 1296 diffusis.
667 1238 833 1292 Mane
863 1228 1173 1299 consurgit
1199 1227 1276 1282 ad
1303 1227 1530 1292 vineas,
1565 1227 1630 1278 ut
1657 1221 1875 1277 animae
1906 1231 2041 1289 qua;

383 1343 494 1401 per
544 1324 730 1380 ﬁdem
775 1322 904 1392 jam
959 1321 1307 1374 meruerunt
1362 1313 1579 1382 colligi,
1616 1311 1678 1366 in
1733 1303 2043 1401 matutinis

389 1393 694 1472 Christum
747 1407 1143 1465 resurrexisse
1191 1407 1578 1473 cognoscant,
1605 1415 1716 1455 nec
1768 1396 1923 1453 ultra
1968 1393 2044 1449 de

392 1504 486 1559 sui
527 1499 795 1572 corporis
835 1494 1264 1553 resurrectione
1312 1493 1603 1548 dubitent.
1652 1487 1974 1543 Videamus
1998 1481 2046 1537 si

391 1590 692 1648 ﬂoruisset
717 1588 915 1656 vinea,
937 1585 987 1640 si
1015 1583 1273 1640 Ecclesia
1296 1581 1473 1638 ﬂores
1502 1579 1619 1635 ﬁde
1650 1582 1707 1634 et
1734 1573 2044 1648 parturiat,

395 1680 446 1735 si
474 1679 651 1736 ﬂores
679 1677 906 1733 fructus
931 1672 1287 1747 parturiunt,
1320 1670 1382 1726 id
1412 1674 1500 1725 est
1527 1669 1574 1724 si
1626 1665 1815 1722 sancti
1841 1661 2049 1718 ﬁdeles

2140 614 2168 641 ‹‹
2212 595 2393 648 Notus
2442 592 2503 648 in
2551 592 2756 648 Iudaea
2801 596 2975 657 Deus,
3007 616 3033 643 »
3059 609 3220 648 nunc
3267 597 3470 649 autem
3529 592 3777 648 dicitur
3817 608 3832 645 :

2141 703 2170 729 ‹‹
2213 681 2482 738 Exaltare
2536 698 2714 754 super
2765 682 2969 746 ccelos,
3003 686 3177 750 Deus,
3208 688 3264 739 et
3313 698 3492 755 super
3549 697 3834 737 omnem

2143 775 2362 827 terram
2405 771 2595 842 gloria
2621 776 2740 828 tua.
2776 794 2803 821 ››
2837 774 3035 830 Potest
3063 779 3120 830 et
3144 774 3311 830 aliter
3333 772 3600 842 intelligi.
3633 770 3842 840 Sugit

2143 860 2332 917 ubera
2359 862 2566 917 matris
2599 862 2882 933 Christus,
2929 879 3068 919 cum
3109 863 3369 920 historiis
3413 863 3625 936 priscae
3648 860 3838 932 legis

2145 951 2514 1008 Christianus
2542 951 2804 1024 populus
2835 952 3113 1010 reﬁcitur.
3147 957 3387 1010 Matrem
3438 953 3667 1026 quippe
3710 954 3838 1006 Ec-

2148 1040 2364 1112 clesiae,
2392 1041 2453 1097 id
2483 1047 2570 1097 est
2595 1058 2812 1115 corpus
2844 1043 3049 1098 Christi
3075 1045 3400 1116 Synagoga
3428 1042 3660 1112 dicunt,
3725 1039 3840 1096 cui

2148 1130 2208 1186 in
2240 1130 2571 1204 primordio
2620 1131 2860 1204 eloquia
2899 1132 3102 1189 divina
3146 1133 3369 1188 credita
3427 1136 3586 1200 sunt,
3614 1135 3676 1186 et
3711 1129 3838 1203 qui

2151 1220 2212 1275 in
2261 1221 2447 1276 Veteri
2502 1220 2884 1276 Testamento
2932 1221 3046 1277 sub
3089 1221 3285 1292 ﬁgura
3335 1223 3670 1291 tegebatur,
3711 1235 3844 1292 per

2152 1309 2540 1380 Evangelium
2569 1310 2632 1366 in
2662 1326 2822 1367 novo
2851 1311 2913 1366 in
2942 1311 3180 1368 veritate
3210 1312 3517 1384 reperitur.

2225 1421 2253 1449 ‹‹
2295 1400 2759 1473 Apprehendam
2791 1406 2865 1473 te,
2897 1421 2928 1454 ›
2973 1401 3033 1456 id
3077 1406 3164 1457 est
3210 1406 3492 1474 prompta
3544 1417 3614 1457 ac
3647 1399 3845 1456 ﬁdeli

2154 1487 2471 1545 devotione
2501 1489 2836 1546 venientem
2875 1490 3186 1564 accipiam.
3218 1513 3245 1540 «
3283 1494 3348 1546 Et
3393 1491 3618 1546 ducam
3651 1494 3717 1545 te
3772 1489 3845 1545 in

2159 1601 2186 1628 ‹‹
2227 1579 2480 1634 domum
2504 1580 2710 1635 matris
2741 1597 2908 1636 meae.
2941 1604 2967 1629 ι)
3000 1585 3241 1637 Peracta
3271 1581 3467 1637 carnis
3499 1581 3849 1653 dispensa-

2160 1669 2339 1738 tione,
2386 1669 2734 1725 redeuntem
2787 1669 2938 1725 laetis
2986 1670 3208 1726 ducam
3255 1670 3585 1726 luminibus
3611 1670 3676 1725 in
3714 1670 3839 1726 do-

395 1767 564 1841 quod
615 1765 793 1822 corde
840 1761 1220 1819 crediderunt
1265 1775 1366 1814 ore
1408 1754 1818 1830 pronuntiant.
1859 1751 1916 1808 Si
1945 1750 2050 1841 ηρ·
2079 1769 2124 1824 Β
2160 1774 2330 1813 mum
2373 1757 2600 1825 matris,
2631 1757 2691 1812 id
2721 1762 2810 1814 est
2837 1758 3090 1814 caelestis
3116 1759 3501 1826 Hierusalem,
3540 1775 3685 1831 qute
3747 1762 3850 1814 est

393 1838 645 1914 ruerunt
672 1852 836 1910 mala
865 1850 1110 1914 Punica,
1144 1849 1194 1904 si
1237 1848 1319 1903 illi
1359 1847 1464 1920 qui
1507 1847 1567 1900 in
1600 1843 1828 1901 Christo
1859 1838 2049 1896 credi-

396 1947 614 2002 derunt
637 1943 698 1999 in
731 1945 898 1997 tanta
924 1938 1238 1995 dilectione
1268 1935 1610 2010 proﬁciunt,
1639 1937 1702 1988 ut
1729 1931 1909 1988 etiam
1940 1943 2051 2000 pro

395 2035 528 2107 ipso
568 2031 761 2089 occidi
789 2029 1171 2085 delectentur.
1218 2026 1316 2081 His
1350 2024 1510 2081 enim
1543 2021 1795 2093 singulis
1827 2032 2055 2107 sponsa

394 2105 595 2179 dilecti
643 2119 733 2175 sui
786 2116 1198 2191 paenitentiam
1255 2113 1485 2186 quaerit.
1519 2134 1546 2162 ‹‹
1593 2111 1681 2167 Ibi
1735 2108 1840 2166 tibi
1891 2105 2054 2162 dabo

397 2235 426 2262 ‹‹
468 2211 656 2267 ubera
684 2207 926 2277 mea,id
957 2211 1050 2263 est
1095 2204 1488 2278 parvulorum
1535 2216 1812 2258 meorum
1853 2196 2054 2270 paeda-

397 2317 606 2373 gogos.
643 2299 793 2366 Quia
824 2298 884 2354 in
910 2297 1002 2352 his
1033 2294 1317 2352 omnibus
1343 2292 1666 2368 proﬁciunt
1695 2289 1884 2346 sancti
1911 2287 2054 2343 doc-

397 2395 573 2457 tores,
597 2390 659 2445 in
687 2389 801 2444 hac
845 2389 1056 2442 sancta
1102 2383 1476 2440 confessione
1523 2379 1913 2437 sociabuntur
1950 2375 2058 2432 tibi

398 2480 673 2536 doctores
702 2477 841 2534 mei.
871 2479 937 2532 Et
963 2474 1109 2548 quia
1137 2473 1331 2546 parati
1359 2475 1499 2528 sunt
1522 2476 1588 2527 ut
1610 2469 1917 2543 patiantur
1946 2481 2056 2539 pro

397 2576 476 2636 te,
506 2568 852 2639 regnabunt
880 2564 1046 2637 apud
1071 2569 1146 2620 te.

471 2683 501 2712 ‹‹
543 2658 951 2727 Mandragorae
981 2653 1277 2709 dederunt
1297 2652 1546 2708 odorem
1579 2665 1757 2704 suum
1783 2649 1845 2703 in
1871 2646 2060 2720 portis

403 2772 434 2802 ‹‹
472 2745 712 2804 nostris.
746 2767 774 2794 »
796 2741 1206 2810 Mandragorze
1237 2739 1360 2795 duo
1391 2743 1531 2794 sunt
1559 2751 1800 2807 genera,
1818 2751 2058 2791 mascu-

400 2837 497 2894 lus
543 2839 600 2890 et
649 2831 894 2888 femina.
943 2829 1186 2886 Femina
1229 2827 1436 2894 rubea,
1493 2824 1798 2882 masculus
1841 2823 2057 2879 albus:

402 2925 672 2996 utrisque
715 2935 841 2976 una
880 2919 968 2975 vis
1011 2917 1090 2973 ad
1145 2916 1605 2973 medicamenta.
1655 2913 2059 2982 Mandragorae

403 3013 598 3081 dictae,
629 3026 702 3067 eo
728 3008 896 3083 quod
924 3007 1187 3064 habeant
1217 3005 1379 3062 mala
1402 3003 1834 3074 suaveolentia,
1856 3002 1916 3058 in
1939 3018 2063 3057 ma-

2161 1853 2353 1904 mater
2380 1854 2603 1905 nostra.
2641 1871 2668 1897 ‹‹
2693 1848 2777 1904 lbi
2808 1865 2905 1905 me
2935 1849 3199 1918 docebis,
3237 1873 3264 1899 ››
3294 1849 3355 1906 id
3385 1854 3473 1905 est
3508 1848 3698 1905 facies
3735 1864 3845 1904 me

2158 1939 2395 2012 potiora
2447 1955 2687 2011 sperare
2718 1939 2901 2009 dona,
2926 1956 3112 2012 quam
3161 1939 3222 1996 in
3271 1940 3401 2010 lege
3443 1939 3844 1995 habuissem.

2161 2051 2188 2078 ‹‹
2235 2031 2299 2084 Et
2326 2028 2486 2084 dabo
2530 2028 2634 2084 tibi
2673 2028 2959 2101 poculum
3004 2045 3077 2085 ex
3118 2030 3259 2086 vino
3289 2029 3552 2099 condito,
3584 2049 3612 2081 ›
3639 2029 3709 2084 id
3745 2033 3849 2084 est

2161 2117 2487 2174 ferventem
2517 2134 2786 2174 amorem
2822 2119 2998 2174 variis
3021 2119 3306 2175 virtutum
3337 2120 3662 2192 pigmentis
3685 2120 3850 2175 odo-

2163 2212 2360 2264 ratum
2404 2207 2498 2263 vel
2547 2213 2850 2265 ornatum.
2884 2232 2912 2258 ‹‹
2944 2212 3009 2265 Et
3037 2214 3306 2265 mustum
3355 2211 3657 2266 malorum
3693 2227 3844 2282 gra-

2164 2302 2448 2352 natorum
2477 2312 2772 2364 meorum,
2803 2319 2831 2346 »
2863 2297 2924 2352 id
2949 2303 3034 2353 est
3061 2298 3458 2367 gloriosorum
3485 2305 3847 2371 martyrum

2167 2391 2514 2443 sanctorum
2562 2387 2956 2460 triumphum,
2989 2389 3093 2460 qui
3143 2389 3580 2445 ferventissima
3628 2391 3846 2446 chari-

2165 2479 2282 2532 tate
2327 2492 2434 2549 per
2486 2476 2707 2532 ferrum
2758 2477 3162 2550 ﬂammasque
3205 2478 3282 2535 ad
3315 2483 3370 2534 te
3420 2478 3674 2535 transire
3710 2495 3846 2536 non

2167 2564 2464 2622 dubitant.
2498 2566 2720 2622 Aliter:
2762 2567 2930 2622 Ducit
2976 2567 3235 2624 Ecclesia
3278 2567 3578 2624 Christum
3625 2568 3694 2623 in
3728 2569 3848 2625 do-

2168 2669 2338 2709 mum
2389 2654 2596 2710 matris
2645 2655 2898 2710 ccelestis
2951 2655 3340 2723 Hierusalem,
3393 2657 3644 2730 quando
3693 2675 3848 2714 cum

2168 2742 2453 2801 omnibus
2476 2742 2652 2798 bonis
2679 2761 2814 2816 quae
2842 2761 2950 2817 per
2979 2762 3152 2801 suam
3204 2745 3455 2817 gratiam
3505 2751 3850 2803 consecuta

2169 2836 2276 2899 est,
2319 2831 2496 2887 etiam
2551 2833 2683 2905 ipsa
2738 2835 2983 2906 perduci
3011 2841 3288 2892 meretur.
3327 2836 3528 2909 Ibique
3557 2836 3842 2902 docetur,

2171 2942 2199 2970 «
2245 2925 2307 2977 ut
2329 2921 2458 2991 jam
2488 2937 2610 2977 non
2638 2922 2699 2978 in
2731 2923 3047 2995 (enigmate
3077 2942 3185 2998 per
3225 2925 3490 2997 specula,
3525 2926 3632 2982 sed
3686 2927 3846 2983 facie

2171 3010 2249 3066 ad
2272 3010 2487 3067 faciem
2516 3011 2732 3078 videat,
2759 3031 2788 3065 ι
2811 3013 3058 3086 quando
3079 3017 3342 3088 optimos
3365 3021 3420 3072 et
3449 3015 3846 3073 dulcissimos

405 3100 782 3172 gnitudinem
807 3097 972 3166 mali,
997 3095 1157 3151 unde
1189 3099 1245 3151 et
1264 3111 1399 3151 eam
1424 3092 1612 3150 Latini
1635 3091 1866 3148 malum
1895 3096 2062 3182 terra?
2091 3129 2134 3182 ο
2169 3099 2480 3172 protulerit
2507 3101 2863 3174 martyrium
2894 3103 3140 3172 fructus,
3173 3104 3333 3161 velut
3384 3110 3653 3161 mustum
3707 3122 3847 3162 ma-

402 3194 620 3247 vocant
649 3208 662 3244 :
686 3189 844 3244 hanc
875 3191 1067 3259 poetae
1094 3184 1517 3260 ἀνθροπόμορφον
1548 3183 1873 3256 appellant,
1897 3179 2064 3254 quod

2240 3206 2366 3246 rum
2399 3196 2811 3260 granatorum.

401 3279 626 3336 habeat
666 3276 931 3333 radicem
976 3275 1237 3331 formam
1290 3273 1552 3329 hominis
1584 3271 2014 3328 assimilantem
2046 3287 2060 3337 ;

403 3383 541 3440 quae
571 3370 748 3421 datur
779 3364 841 3419 in
873 3363 1014 3418 vino
1039 3363 1119 3418 ad
1147 3361 1504 3430 bibendum,
1536 3377 1797 3432 quorum
1843 3374 2064 3431 corpus

402 3458 650 3528 pr0pter
680 3468 886 3508 curam
919 3449 1252 3507 secandum
1281 3454 1389 3515 est,
1407 3454 1470 3504 ut
1500 3448 1765 3520 soporati
1792 3447 2064 3504 dolorem

405 3556 532 3597 non
558 3539 836 3596 sentiant.
866 3537 1275 3606 Mandragorae
1299 3541 1544 3608 propter
1564 3535 1923 3592 multimoda
1942 3551 2065 3590 me-

408 3628 786 3685 dicaminum
833 3641 1054 3696 genera
1099 3629 1444 3680 sanctorum
1483 3623 1797 3679 virtutibus
1827 3639 2069 3696 compa-

406 3722 638 3788 rantur,
665 3731 802 3789 quae
846 3730 1008 3771 more
1039 3713 1413 3769 medicorum
1441 3711 1521 3768 ad
1549 3711 1802 3767 salutem
1833 3712 2067 3767 anima-

406 3823 546 3866 rum
577 3823 613 3863 a
644 3805 927 3862 vitiorum
946 3803 1391 3860 inﬁrmitatibus
1412 3805 1718 3868 sanentur,
1745 3801 2069 3857 ostendun-

409 3901 526 3953 tur.
555 3899 739 3952 Portae
766 3894 1037 3951 Ecclesiae
1068 3892 1344 3949 doctores
1372 3896 1513 3947 sunt
1541 3890 1752 3952 sancti,
1783 3895 1841 3945 et
1865 3890 1924 3944 in
1954 3891 2066 3944 hu-

406 3983 675 4056 jusmodi
722 3983 908 4056 portis
965 3981 1387 4051 mandragorae
1435 3979 1585 4035 dant
1629 3977 1900 4046 odorem,
1927 3995 2068 4033 cum

413 4071 750 4144 spirituales
779 4071 1006 4143 quique
1035 4087 1110 4126 ex
1152 4087 1214 4125 se
1258 4069 1538 4124 virtutum
1591 4067 1860 4140 palmam
1888 4067 2066 4138 longe

410 4159 650 4231 lateque
681 4163 992 4231 spargunt.
1027 4180 1054 4207 ‹‹
1089 4158 1305 4214 Omnia
1337 4173 1543 4230 poma,
1576 4172 1736 4214 nova
1761 4161 1818 4212 et
1843 4162 2066 4223 vetera,

415 4270 444 4297 ‹‹
486 4246 683 4303 dilecti
734 4246 838 4318 mi,
869 4245 1098 4301 servavi
1128 4245 1254 4300 tibi.
1290 4267 1317 4294 ››
1350 4248 1530 4302 Poma
1557 4262 1720 4302 nova
1761 4251 1818 4303 et
1845 4251 2064 4303 vetera.

411 4340 714 4409 praecepta
740 4334 862 4390 sive
893 4333 1196 4406 promissa
1230 4339 1368 4390 sunt
1422 4335 1562 4391 Novi
1615 4336 1972 4392 Testamenti
2015 4339 2072 4391 et

413 4423 656 4490 Veteris,
682 4439 818 4496 quae
849 4423 1056 4478 omnia
1087 4423 1166 4478 ad
1187 4422 1318 4492 ejus
1351 4424 1605 4493 gratiam
1656 4423 1834 4480 refert
1881 4423 2072 4480 Eccle-

415 4513 523 4579 sia,
553 4511 675 4567 sive
703 4515 902 4568 Patres
925 4512 1069 4568 Novi
1106 4511 1454 4568 l‘estamenti
1481 4518 1538 4568 et
1565 4513 1783 4568 Veteris
1812 4518 2073 4585 possunt

413 4601 679 4673 intelligi,
705 4601 850 4675 quia
877 4617 997 4657 una
1021 4599 1357 4673 eademque
1387 4599 1648 4657 Ecclesia
1677 4607 1785 4656 est.

1048 4745 1272 4801 CAPUT
1309 4745 1444 4801 Vlll.

489 4893 518 4922 «
557 4869 698 4936 Quis
729 4868 879 4925 mihi
911 4867 1015 4925 dat
1033 4868 1278 4925 fratrem
1307 4885 1514 4925 meum
1545 4873 1860 4939 sugentem
1890 4871 2079 4928 ubera

416 4982 446 5011 «
485 4961 664 5016 mea?
689 4981 716 5009 ››
740 4961 864 5014 Vox
889 4958 1004 5014 ista
1033 4962 1125 5014 est
1154 4957 1541 5030 antiquorum
1570 4959 1843 5015 vivorum
1868 4965 2079 5033 optan-

415 5049 566 5104 tium
597 5047 926 5103 adventum
957 5047 1168 5105 Christi
1205 5047 1268 5102 in
1312 5062 1491 5102 carne
1523 5051 1580 5103 et
1607 5047 1776 5104 illum
1803 5049 1865 5104 in
1895 5052 2080 5122 Syna-

417 5151 576 5208 goga
612 5135 779 5191 nasci
828 5151 899 5190 ac
930 5136 1159 5203 nutriri,
1188 5137 1363 5206 juxta
1386 5136 1671 5192 humanae
1720 5139 2078 5197 conditionis

414 5228 718 5281 naturam.
753 5246 782 5273 «
815 5226 884 5280 Ut
939 5224 1243 5280 inveniam
1299 5227 1352 5278 te
1379 5224 1547 5280 foris
1595 5229 1652 5281 et
1679 5226 2010 5286 deosculer.
2045 5251 2074 5282 ι

415 5317 580 5370 Intus
618 5317 745 5369 erat
789 5312 1062 5382 dilectus,
1093 5313 1241 5368 dum
1280 5334 1308 5360 «
1349 5311 1412 5368 in
1444 5313 1738 5387 principio
1791 5323 1918 5374 erat
1947 5321 2080 5375 Ver-

412 5402 587 5473 bum,
621 5424 651 5452 «
680 5401 846 5473 foris,
877 5403 1026 5458 dum
1059 5424 1086 5450 «
1128 5401 1384 5457 verbum
1438 5417 1579 5459 caro
1628 5404 1853 5463 factum
1905 5413 2010 5465 est.
2044 5429 2075 5462 ι

417 5514 447 5542 ‹‹
489 5495 556 5549 Et
586 5491 918 5561 deosculer,
946 5515 974 5541 »
1001 5491 1150 5547 facie
1181 5491 1260 5546 ad
1287 5491 1524 5562 faciem,
1556 5499 1614 5550 et
1641 5511 1743 5553 ore
1787 5498 1865 5554 ad
1897 5515 1965 5556 os
1993 5500 2078 5557 lo-

418 5596 592 5652 quar.
635 5583 715 5636 De
742 5597 866 5652 quo
889 5579 1095 5637 osculo
1121 5580 1182 5634 in
1213 5580 1458 5638 exordio
1484 5581 1620 5640 libri
1649 5586 1791 5643 satis
1823 5589 2078 5649 arbitror

417 5668 667 5724 dictum.
697 5691 726 5718 «
758 5672 824 5724 Et
842 5669 970 5740 jam
1017 5684 1114 5723 me
1156 5684 1338 5724 nemo
1387 5670 1696 5744 despiciat.
1727 5699 1754 5727 »
1788 5683 1933 5736 Ante
1965 5681 2072 5737 ad-

417 5760 666 5814 ventum
694 5757 908 5813 Christi
935 5757 1093 5814 intra
1115 5761 1424 5827 angustias
1452 5762 1672 5820 Judeeae
1702 5771 1934 5825 tantum
1966 5770 2073 5828 fuit

2245 3303 2272 3330 ‹‹
2317 3283 2488 3337 Laeva
2517 3282 2647 3353 ejus
2674 3282 2786 3338 sub
2845 3284 3038 3355 capite
3088 3300 3244 3349 meo,
3278 3289 3334 3341 et
3374 3285 3619 3342 dextera
3675 3287 3847 3343 illius

2175 3392 2202 3420 «
2245 3370 2688 3443 amplexabitur
2716 3388 2831 3428 me.
2857 3395 2884 3422 »
2908 3373 2970 3428 In
2997 3373 3150 3429 laeva
3174 3375 3602 3431 incarnationis
3624 3377 3848 3432 Christi

2174 3459 2376 3525 dona;
2404 3460 2464 3516 in
2504 3460 2770 3531 dextera,
2798 3461 2996 3518 futura
3041 3468 3389 3519 sanctorum
3435 3481 3574 3521 cum
3607 3465 3847 3522 Christo

2178 3549 2403 3618 gaudia
2447 3551 2882 3622 exprimuntur.
2933 3551 3031 3608 Vel
3078 3553 3138 3608 in
3189 3553 3339 3610 laeva
3386 3570 3653 3627 praesens
3697 3557 3843 3624 vita,

2177 3653 2362 3708 quam
2397 3639 2590 3696 sancti
2635 3641 2749 3696 sub
2778 3641 2994 3696 mentis
3045 3643 3236 3715 capite
3282 3648 3534 3716 ponunt,
3569 3644 3720 3717 quia
3750 3645 3848 3701 de-

2179 3727 2456 3799 spiciunt.
2495 3734 2557 3784 In
2613 3729 2858 3787 dextera
2903 3731 3232 3795 beatitudo.
3266 3750 3452 3807 quam
3513 3734 3712 3790 sancti
3769 3733 3844 3790 ob

2177 3816 2432 3872 nimium
2456 3817 2818 3876 desiderium
2861 3821 3387 3894 amplexabuntur.
3411 3824 3489 3878 De
3519 3823 3634 3879 hoc
3661 3838 3846 3880 versu

2179 3906 2455 3978 superius
2477 3908 2655 3963 latius
2685 3910 3050 3983 abundeque
3071 3911 3444 3985 disputatum
3477 3918 3584 3968 est.

2251 4017 2278 4046 ‹‹
2323 3996 2465 4060 Quae
2511 4002 2601 4053 est
2638 3998 2752 4054 ista
2783 4016 2918 4072 quae
2946 4001 3216 4058 ascendit
3243 4001 3317 4057 de
3348 4002 3583 4058 deserto
3613 4001 3843 4059 deliciis

2181 4105 2209 4132 ‹‹
2252 4083 2550 4141 afﬂuens?
2583 4109 2609 4136 ››
2637 4086 2861 4143 Verum
2891 4093 2948 4144 et
2973 4089 3112 4145 hinc
3134 4090 3261 4161 jam
3288 4090 3706 4164 disseruimus,
3743 4092 3844 4148 sed

2177 4173 2322 4246 quia
2345 4176 2615 4248 repetitio
2635 4179 3270 4250 versuum,ﬁrmitatis,
3285 4186 3350 4237 ut
3376 4199 3534 4254 saepe
3555 4182 3840 4250 diximus,

2179 4262 2469 4319 indicium
2499 4270 2608 4334 est,
2638 4282 2800 4322 nunc
2827 4272 3148 4338 tangamus
3177 4270 3450 4327 breviter.
3482 4271 3612 4328 Vox
3651 4273 3841 4346 Syna-

2181 4365 2351 4420 gogae
2378 4351 2471 4407 vel
2501 4353 2808 4426 prophetae
2840 4355 3212 4425 admirantis,
3242 4359 3552 4432 quomodo
3584 4361 3843 4418 Ecclesia

2183 4440 2259 4496 de
2289 4441 2524 4498 deserto
2557 4443 2900 4514 gentilitatis
2928 4447 2989 4502 in
3023 4449 3229 4520 sponsi
3269 4449 3469 4506 subito
3525 4451 3841 4524 amplexus

2187 4531 2553 4588 ascendisset
2581 4551 2594 4587 :
2628 4535 2722 4589 cui
2751 4551 2860 4608 per
2888 4537 3250 4610 prophetam
3280 4539 3531 4596 dicitur:
3569 4564 3596 4590 n
3636 4545 3743 4598 Pro
3772 4557 3839 4596 eo

2186 4620 2352 4692 quod
2380 4621 2539 4677 fuisti
2559 4622 2859 4693 derelicta,
2889 4630 2942 4682 et
2974 4627 3113 4684 odio
3133 4628 3342 4685 habita
3368 4630 3509 4700 (Isa.
3540 4633 3659 4702 Lx),
3686 4651 3716 4684 ›
3735 4635 3837 4687 etc.

2186 4711 2254 4764 Et
2277 4709 2340 4764 in
2362 4709 2599 4782 psalmo
2634 4729 2646 4767 :
2683 4715 3037 4772 Erraverunt
3066 4716 3126 4772 in
3159 4717 3477 4774 solitudine
3505 4719 3569 4775 in
3595 4720 3839 4794 inaquo‘

2188 4813 2257 4854 so
2287 4799 2535 4870 (Psalm.
2571 4804 2705 4867 CVI).
2743 4826 2770 4852 »
2807 4803 3033 4860 Deliciis
3063 4804 3338 4878 afﬂuens,
3369 4807 3431 4864 id
3453 4813 3542 4865 est
3570 4810 3837 4866 omnium

2185 4887 2487 4944 donorum
2543 4889 3005 4962 pulchritudine.
3061 4896 3270 4953 lnnixa
3326 4915 3509 4972 super
3559 4900 3836 4957 dilectum

2185 4993 2414 5034 meum.
2462 5001 2491 5028 »
2538 4980 2688 5044 Quia
2743 4983 2949 5040 omnia
3001 5001 3139 5057 quae
3199 4987 3404 5054 habet,
3462 4989 3541 5045 ad
3590 4992 3837 5059 gratiam

2186 5065 2377 5139 ipsius
2426 5068 2602 5125 refert
2644 5070 2902 5128 stabilita
2938 5073 3001 5129 in
3031 5090 3102 5132 eo
3144 5075 3286 5145 ﬁde,
3321 5094 3426 5150 spe
3452 5083 3510 5134 et
3537 5078 3833 5137 charitate.

2185 5172 2369 5228 quem
2395 5157 2542 5213 mihi
2563 5158 2674 5214 soli
2721 5162 3215 5220 committendam
3240 5166 3585 5223 credebant.
3601 5190 3630 5216 ‹‹
3657 5165 3838 5225 Susci-

2185 5245 2305 5300 tavi
2332 5249 2386 5301 te
2433 5246 2546 5302 sub
2576 5248 2792 5305 arbore
2831 5251 3015 5307 malo.
3061 5277 3087 5301 ››
3120 5255 3445 5328 Respondit
3482 5273 3710 5329 sponsa
3737 5269 3836 5329 pro

2190 5334 2532 5406 Synagoga.
2562 5341 2697 5409 lpse
2729 5356 2993 5412 sponsus
3024 5342 3137 5399 sub
3182 5343 3396 5400 arbore
3427 5346 3618 5401 crucis
3649 5362 3685 5401 a
3719 5359 3838 5418 per-

2187 5427 2370 5494 petua
2398 5429 2588 5482 morte
2616 5426 2863 5485 liberavi
2896 5433 2971 5502 te,
3021 5435 3087 5486 ut
3138 5433 3444 5506 apostolos
3488 5438 3546 5490 et
3604 5440 3837 5490 caeteros

2189 5509 2406 5568 electos
2436 5529 2508 5568 ex
2536 5514 2762 5572 Judaea.
2787 5539 2816 5566 «
2846 5517 2931 5573 Ibi
2961 5526 3245 5593 corrupta
3271 5525 3360 5577 est
3385 5527 3577 5578 mater
3608 5527 3731 5590 tua,
3766 5517 3839 5576 ibi

2188 5622 2217 5649 ‹‹
2257 5601 2480 5658 violata
2529 5608 2620 5660 est
2667 5606 2917 5675 genitrix
2962 5611 3085 5664 tua.
3133 5633 3161 5659 »
3195 5609 3257 5665 ld
3307 5614 3416 5681 est,
3463 5612 3661 5682 major
3709 5625 3838 5685 pars

2185 5688 2376 5759 plebis
2406 5691 2700 5750 Christum
2732 5697 3015 5766 negando
3063 5703 3120 5753 et
3164 5699 3492 5755 Barrabam
3548 5700 3835 5771 eligendo,

2181 5777 2259 5832 ad
2290 5794 2528 5835 crucem
2551 5784 2951 5854 reparobatet.
