  <div class='ocr_page' id='page_1' title='image "/cluster/home/n/w/nwhite01/storage/ocr_20150623/115-116/uc1.31175006916467/320.png"; bbox 0 0 3968 6398; ppageno 0'>
   <div class='ocr_carea' id='block_1_1' title="bbox 131 269 234 323">
    <p class='ocr_par' dir='ltr' id='par_1_1' title="bbox 131 269 234 323">
     <span class='ocr_line' id='line_1_1' title="bbox 131 269 234 323; baseline 0.019 -2"><span class='ocrx_word' id='word_1_1' title='bbox 131 269 234 323; x_wconf 76' lang='lat'>625</span> 
     </span>
    </p>
   </div>
   <div class='ocr_carea' id='block_1_2' title="bbox 1345 266 2363 337">
    <p class='ocr_par' dir='ltr' id='par_1_2' title="bbox 1345 266 2363 337">
     <span class='ocr_line' id='line_1_2' title="bbox 1345 266 2363 337; baseline 0.012 -12"><span class='ocrx_word' id='word_1_2' title='bbox 1345 270 1599 326; x_wconf 79' lang='lat' dir='ltr'>ENARR.</span> <span class='ocrx_word' id='word_1_3' title='bbox 1640 268 1710 323; x_wconf 86' lang='lat' dir='ltr'>IN</span> <span class='ocrx_word' id='word_1_4' title='bbox 1750 266 2056 330; x_wconf 78' lang='lat' dir='ltr'>CANTICA</span> <span class='ocrx_word' id='word_1_5' title='bbox 2094 278 2363 337; x_wconf 83' lang='lat' dir='ltr'>CANTIC.</span> 
     </span>
    </p>
   </div>
   <div class='ocr_carea' id='block_1_3' title="bbox 3469 289 3573 345">
    <p class='ocr_par' dir='ltr' id='par_1_3' title="bbox 3469 289 3573 345">
     <span class='ocr_line' id='line_1_3' title="bbox 3469 289 3573 345; baseline 0.01 -1"><span class='ocrx_word' id='word_1_6' title='bbox 3469 289 3573 345; x_wconf 80' lang='lat'>626</span> 
     </span>
    </p>
   </div>
   <div class='ocr_carea' id='block_1_4' title="bbox 202 391 3576 486">
    <p class='ocr_par' dir='ltr' id='par_1_4' title="bbox 202 391 3576 486">
     <span class='ocr_line' id='line_1_4' title="bbox 202 391 3576 486; baseline 0.008 -43"><span class='ocrx_word' id='word_1_7' title='bbox 202 413 231 441; x_wconf 84' lang='grc'>‹‹</span> <span class='ocrx_word' id='word_1_8' title='bbox 274 393 434 486; x_wconf 80' lang='lat' dir='ltr'>Pone</span> <span class='ocrx_word' id='word_1_9' title='bbox 461 405 556 446; x_wconf 92' lang='lat' dir='ltr'>me</span> <span class='ocrx_word' id='word_1_10' title='bbox 587 396 654 486; x_wconf 81' lang='lat' dir='ltr'>ut</span> <span class='ocrx_word' id='word_1_11' title='bbox 682 391 1065 486; x_wconf 76' lang='lat' dir='ltr'>signaculum</span> <span class='ocrx_word' id='word_1_12' title='bbox 1087 410 1267 486; x_wconf 83' lang='lat' dir='ltr'>super</span> <span class='ocrx_word' id='word_1_13' title='bbox 1293 409 1397 450; x_wconf 90' lang='lat' dir='ltr'>cor</span> <span class='ocrx_word' id='word_1_14' title='bbox 1420 396 1705 486; x_wconf 26' lang='lat' dir='ltr'>tuumpet</span> <span class='ocrx_word' id='word_1_15' title='bbox 1726 391 1800 448; x_wconf 91' lang='lat' dir='ltr'>si-</span> <span class='ocrx_word' id='word_1_16' title='bbox 1833 395 1879 447; x_wconf 89' lang='lat' dir='ltr'>A</span> <span class='ocrx_word' id='word_1_17' title='bbox 1912 418 1940 445; x_wconf 87' lang='grc'>‹‹</span> <span class='ocrx_word' id='word_1_18' title='bbox 1983 399 2122 458; x_wconf 88' lang='lat' dir='ltr'>cula</span> <span class='ocrx_word' id='word_1_19' title='bbox 2150 409 2452 485; x_wconf 80' lang='lat' dir='ltr'>argentea.</span> <span class='ocrx_word' id='word_1_20' title='bbox 2486 428 2513 455; x_wconf 86' lang='lat'><strong>»</strong></span> <span class='ocrx_word' id='word_1_21' title='bbox 2547 411 2628 463; x_wconf 83' lang='lat' dir='ltr'>Ac</span> <span class='ocrx_word' id='word_1_22' title='bbox 2661 408 2708 464; x_wconf 91' lang='lat' dir='ltr'>si</span> <span class='ocrx_word' id='word_1_23' title='bbox 2739 408 2992 466; x_wconf 90' lang='lat' dir='ltr'>diceret:</span> <span class='ocrx_word' id='word_1_24' title='bbox 3039 411 3094 468; x_wconf 90' lang='lat' dir='ltr'>Si</span> <span class='ocrx_word' id='word_1_25' title='bbox 3125 411 3360 486; x_wconf 89' lang='lat' dir='ltr'>aliquos</span> <span class='ocrx_word' id='word_1_26' title='bbox 3390 412 3576 470; x_wconf 87' lang='lat' dir='ltr'><strong>habet</strong></span> 
     </span>
    </p>
   </div>
   <div class='ocr_carea' id='block_1_5' title="bbox 132 480 1800 555">
    <p class='ocr_par' dir='ltr' id='par_1_5' title="bbox 132 480 1800 555">
     <span class='ocr_line' id='line_1_5' title="bbox 132 480 1800 555; baseline 0.001 -19"><span class='ocrx_word' id='word_1_27' title='bbox 132 505 156 530; x_wconf 88' lang='grc'>‹‹</span> <span class='ocrx_word' id='word_1_28' title='bbox 201 485 304 536; x_wconf 91' lang='lat' dir='ltr'>cut</span> <span class='ocrx_word' id='word_1_29' title='bbox 335 480 716 551; x_wconf 85' lang='lat' dir='ltr'>signaculum</span> <span class='ocrx_word' id='word_1_30' title='bbox 739 498 921 555; x_wconf 86' lang='lat' dir='ltr'>super</span> <span class='ocrx_word' id='word_1_31' title='bbox 951 482 1265 539; x_wconf 84' lang='lat' dir='ltr'>brachium</span> <span class='ocrx_word' id='word_1_32' title='bbox 1299 488 1490 540; x_wconf 93' lang='lat' dir='ltr'>tuum.</span> <span class='ocrx_word' id='word_1_33' title='bbox 1524 506 1552 533; x_wconf 83' lang='lat'>»</span> <span class='ocrx_word' id='word_1_34' title='bbox 1590 481 1800 551; x_wconf 89' lang='lat' dir='ltr'>Signa-</span> 
     </span>
    </p>
   </div>
   <div class='ocr_carea' id='block_1_6' title="bbox 131 571 1802 644">
    <p class='ocr_par' dir='ltr' id='par_1_6' title="bbox 131 571 1802 644">
     <span class='ocr_line' id='line_1_6' title="bbox 131 571 1802 644; baseline 0.001 -18"><span class='ocrx_word' id='word_1_35' title='bbox 131 571 337 627; x_wconf 89' lang='lat' dir='ltr'>culum</span> <span class='ocrx_word' id='word_1_36' title='bbox 369 572 430 626; x_wconf 92' lang='lat' dir='ltr'>in</span> <span class='ocrx_word' id='word_1_37' title='bbox 451 571 702 627; x_wconf 86' lang='lat' dir='ltr'>brachio</span> <span class='ocrx_word' id='word_1_38' title='bbox 724 571 816 627; x_wconf 90' lang='lat' dir='ltr'>vel</span> <span class='ocrx_word' id='word_1_39' title='bbox 832 572 1040 644; x_wconf 78' lang='lat' dir='ltr'>digito,</span> <span class='ocrx_word' id='word_1_40' title='bbox 1063 572 1143 629; x_wconf 93' lang='lat' dir='ltr'>ob</span> <span class='ocrx_word' id='word_1_41' title='bbox 1173 573 1534 629; x_wconf 79' lang='lat' dir='ltr'>memoriam</span> <span class='ocrx_word' id='word_1_42' title='bbox 1559 571 1802 627; x_wconf 83' lang='lat' dir='ltr'>cuilibet</span> 
     </span>
    </p>
   </div>
   <div class='ocr_carea' id='block_1_7' title="bbox 131 659 1799 734">
    <p class='ocr_par' dir='ltr' id='par_1_7' title="bbox 131 659 1799 734">
     <span class='ocr_line' id='line_1_7' title="bbox 131 659 1799 734; baseline 0.001 -19"><span class='ocrx_word' id='word_1_43' title='bbox 131 660 212 716; x_wconf 92' lang='lat' dir='ltr'>rei</span> <span class='ocrx_word' id='word_1_44' title='bbox 235 659 527 730; x_wconf 87' lang='lat' dir='ltr'>ligamus.</span> <span class='ocrx_word' id='word_1_45' title='bbox 567 663 671 717; x_wconf 92' lang='lat' dir='ltr'>Per</span> <span class='ocrx_word' id='word_1_46' title='bbox 715 683 742 712; x_wconf 82' lang='lat'><strong>«</strong></span> <span class='ocrx_word' id='word_1_47' title='bbox 774 677 896 729; x_wconf 90' lang='lat' dir='ltr'>cor,</span> <span class='ocrx_word' id='word_1_48' title='bbox 932 684 962 712; x_wconf 75' lang='lat'>»</span> <span class='ocrx_word' id='word_1_49' title='bbox 1010 663 1312 733; x_wconf 79' lang='lat' dir='ltr'>cogitatio,</span> <span class='ocrx_word' id='word_1_50' title='bbox 1357 666 1412 718; x_wconf 91' lang='lat' dir='ltr'>et</span> <span class='ocrx_word' id='word_1_51' title='bbox 1441 677 1550 734; x_wconf 91' lang='lat' dir='ltr'>per</span> <span class='ocrx_word' id='word_1_52' title='bbox 1590 684 1618 712; x_wconf 86' lang='grc'><em>‹‹</em></span> <span class='ocrx_word' id='word_1_53' title='bbox 1660 660 1799 716; x_wconf 92' lang='lat' dir='ltr'>bra-</span> 
     </span>
    </p>
   </div>
   <div class='ocr_carea' id='block_1_8' title="bbox 132 748 1800 821">
    <p class='ocr_par' dir='ltr' id='par_1_8' title="bbox 132 748 1800 821">
     <span class='ocr_line' id='line_1_8' title="bbox 132 748 1800 821; baseline -0.001 -17"><span class='ocrx_word' id='word_1_54' title='bbox 132 748 360 815; x_wconf 91' lang='lat' dir='ltr'>chium,</span> <span class='ocrx_word' id='word_1_55' title='bbox 397 772 425 798; x_wconf 83' lang='lat'><em>»</em></span> <span class='ocrx_word' id='word_1_56' title='bbox 457 749 725 821; x_wconf 81' lang='lat' dir='ltr'>operatio</span> <span class='ocrx_word' id='word_1_57' title='bbox 753 749 1122 819; x_wconf 84' lang='lat' dir='ltr'>designatur.</span> <span class='ocrx_word' id='word_1_58' title='bbox 1158 749 1221 805; x_wconf 92' lang='lat' dir='ltr'>Id</span> <span class='ocrx_word' id='word_1_59' title='bbox 1253 754 1378 806; x_wconf 88' lang='lat' dir='ltr'>est:</span> <span class='ocrx_word' id='word_1_60' title='bbox 1439 749 1497 807; x_wconf 90' lang='lat' dir='ltr'>Si</span> <span class='ocrx_word' id='word_1_61' title='bbox 1527 765 1623 805; x_wconf 89' lang='lat' dir='ltr'>me</span> <span class='ocrx_word' id='word_1_62' title='bbox 1651 748 1800 804; x_wconf 85' lang='lat' dir='ltr'>velis</span> 
     </span>
    </p>
   </div>
   <div class='ocr_carea' id='block_1_9' title="bbox 130 838 1798 910">
    <p class='ocr_par' dir='ltr' id='par_1_9' title="bbox 130 838 1798 910">
     <span class='ocr_line' id='line_1_9' title="bbox 130 838 1798 910; baseline 0 -16"><span class='ocrx_word' id='word_1_63' title='bbox 130 838 356 896; x_wconf 89' lang='lat' dir='ltr'>habere</span> <span class='ocrx_word' id='word_1_64' title='bbox 387 854 704 910; x_wconf 90' lang='lat' dir='ltr'>sponsum,</span> <span class='ocrx_word' id='word_1_65' title='bbox 736 839 898 894; x_wconf 90' lang='lat' dir='ltr'>intus</span> <span class='ocrx_word' id='word_1_66' title='bbox 927 839 1000 895; x_wconf 85' lang='lat' dir='ltr'>sit</span> <span class='ocrx_word' id='word_1_67' title='bbox 1029 840 1290 896; x_wconf 85' lang='lat' dir='ltr'>charitas</span> <span class='ocrx_word' id='word_1_68' title='bbox 1334 839 1454 895; x_wconf 90' lang='lat' dir='ltr'>ﬁde</span> <span class='ocrx_word' id='word_1_69' title='bbox 1484 854 1608 895; x_wconf 90' lang='lat' dir='ltr'>non</span> <span class='ocrx_word' id='word_1_70' title='bbox 1636 838 1798 908; x_wconf 90' lang='lat' dir='ltr'>ﬁcta,</span> 
     </span>
    </p>
   </div>
   <div class='ocr_carea' id='block_1_10' title="bbox 131 925 1798 999">
    <p class='ocr_par' dir='ltr' id='par_1_10' title="bbox 131 925 1798 999">
     <span class='ocr_line' id='line_1_10' title="bbox 131 925 1798 999; baseline -0.001 -17"><span class='ocrx_word' id='word_1_71' title='bbox 131 931 186 982; x_wconf 90' lang='lat' dir='ltr'>et</span> <span class='ocrx_word' id='word_1_72' title='bbox 203 925 348 982; x_wconf 86' lang='lat' dir='ltr'>foris</span> <span class='ocrx_word' id='word_1_73' title='bbox 368 927 638 999; x_wconf 86' lang='lat' dir='ltr'>operatio</span> <span class='ocrx_word' id='word_1_74' title='bbox 653 925 956 996; x_wconf 90' lang='lat' dir='ltr'>devota,et</span> <span class='ocrx_word' id='word_1_75' title='bbox 971 927 1054 983; x_wconf 88' lang='lat' dir='ltr'>sic</span> <span class='ocrx_word' id='word_1_76' title='bbox 1065 927 1348 999; x_wconf 91' lang='lat' dir='ltr'>respicies</span> <span class='ocrx_word' id='word_1_77' title='bbox 1370 925 1553 982; x_wconf 88' lang='lat' dir='ltr'>ﬁdem</span> <span class='ocrx_word' id='word_1_78' title='bbox 1572 940 1798 992; x_wconf 88' lang='lat' dir='ltr'>meam,</span> 
     </span>
    </p>
   </div>
   <div class='ocr_carea' id='block_1_11' title="bbox 132 1015 1800 1088">
    <p class='ocr_par' dir='ltr' id='par_1_11' title="bbox 132 1015 1800 1088">
     <span class='ocr_line' id='line_1_11' title="bbox 132 1015 1800 1088; baseline -0.002 -16"><span class='ocrx_word' id='word_1_79' title='bbox 132 1022 194 1072; x_wconf 91' lang='lat' dir='ltr'>ut</span> <span class='ocrx_word' id='word_1_80' title='bbox 209 1032 346 1072; x_wconf 91' lang='lat' dir='ltr'>eam</span> <span class='ocrx_word' id='word_1_81' title='bbox 373 1015 828 1072; x_wconf 90' lang='lat' dir='ltr'>immaculatam</span> <span class='ocrx_word' id='word_1_82' title='bbox 846 1015 1171 1072; x_wconf 89' lang='lat' dir='ltr'>custodias.</span> <span class='ocrx_word' id='word_1_83' title='bbox 1188 1019 1254 1073; x_wconf 85' lang='lat' dir='ltr'>Et</span> <span class='ocrx_word' id='word_1_84' title='bbox 1272 1015 1416 1088; x_wconf 85' lang='lat' dir='ltr'>quia</span> <span class='ocrx_word' id='word_1_85' title='bbox 1436 1031 1543 1088; x_wconf 92' lang='lat' dir='ltr'>per</span> <span class='ocrx_word' id='word_1_86' title='bbox 1557 1029 1800 1070; x_wconf 91' lang='lat' dir='ltr'>crucem</span> 
     </span>
    </p>
   </div>
   <div class='ocr_carea' id='block_1_12' title="bbox 132 1102 1799 1178">
    <p class='ocr_par' dir='ltr' id='par_1_12' title="bbox 132 1102 1799 1178">
     <span class='ocr_line' id='line_1_12' title="bbox 132 1102 1799 1178; baseline -0.002 -17"><span class='ocrx_word' id='word_1_87' title='bbox 132 1122 333 1162; x_wconf 89' lang='lat' dir='ltr'>meam</span> <span class='ocrx_word' id='word_1_88' title='bbox 366 1104 750 1175; x_wconf 84' lang='lat' dir='ltr'>signaculum</span> <span class='ocrx_word' id='word_1_89' title='bbox 803 1105 1102 1178; x_wconf 90' lang='lat' dir='ltr'>accepisti,</span> <span class='ocrx_word' id='word_1_90' title='bbox 1155 1105 1505 1162; x_wconf 89' lang='lat' dir='ltr'>thesaurum</span> <span class='ocrx_word' id='word_1_91' title='bbox 1552 1102 1799 1175; x_wconf 64' lang='lat' dir='ltr'>justitiaz</span> 
     </span>
    </p>
   </div>
   <div class='ocr_carea' id='block_1_13' title="bbox 129 1193 1801 1268">
    <p class='ocr_par' dir='ltr' id='par_1_13' title="bbox 129 1193 1801 1268">
     <span class='ocr_line' id='line_1_13' title="bbox 129 1193 1801 1268; baseline -0.002 -18"><span class='ocrx_word' id='word_1_92' title='bbox 129 1211 313 1268; x_wconf 90' lang='lat' dir='ltr'>quem</span> <span class='ocrx_word' id='word_1_93' title='bbox 338 1194 401 1250; x_wconf 93' lang='lat' dir='ltr'>in</span> <span class='ocrx_word' id='word_1_94' title='bbox 435 1199 488 1250; x_wconf 89' lang='lat' dir='ltr'>te</span> <span class='ocrx_word' id='word_1_95' title='bbox 515 1193 760 1262; x_wconf 89' lang='lat' dir='ltr'>contuli,</span> <span class='ocrx_word' id='word_1_96' title='bbox 793 1211 830 1251; x_wconf 93' lang='lat' dir='ltr'>a</span> <span class='ocrx_word' id='word_1_97' title='bbox 868 1194 1034 1250; x_wconf 91' lang='lat' dir='ltr'>nullo</span> <span class='ocrx_word' id='word_1_98' title='bbox 1075 1194 1204 1251; x_wconf 92' lang='lat' dir='ltr'>fure</span> <span class='ocrx_word' id='word_1_99' title='bbox 1229 1194 1449 1250; x_wconf 89' lang='lat' dir='ltr'>auferri</span> <span class='ocrx_word' id='word_1_100' title='bbox 1495 1193 1801 1266; x_wconf 88' lang='lat' dir='ltr'>pertimes-</span> 
     </span>
    </p>
   </div>
   <div class='ocr_carea' id='block_1_14' title="bbox 132 1281 1800 1357">
    <p class='ocr_par' dir='ltr' id='par_1_14' title="bbox 132 1281 1800 1357">
     <span class='ocr_line' id='line_1_14' title="bbox 132 1281 1800 1357; baseline -0.002 -17"><span class='ocrx_word' id='word_1_101' title='bbox 132 1302 253 1348; x_wconf 85' lang='lat' dir='ltr'>cas,</span> <span class='ocrx_word' id='word_1_102' title='bbox 277 1288 343 1340; x_wconf 89' lang='lat' dir='ltr'>ut</span> <span class='ocrx_word' id='word_1_103' title='bbox 368 1289 494 1340; x_wconf 89' lang='lat' dir='ltr'>tam</span> <span class='ocrx_word' id='word_1_104' title='bbox 523 1284 882 1354; x_wconf 88' lang='lat' dir='ltr'>cogitatione</span> <span class='ocrx_word' id='word_1_105' title='bbox 909 1300 1097 1357; x_wconf 85' lang='lat' dir='ltr'>quam</span> <span class='ocrx_word' id='word_1_106' title='bbox 1127 1285 1310 1341; x_wconf 90' lang='lat' dir='ltr'>etiam</span> <span class='ocrx_word' id='word_1_107' title='bbox 1341 1283 1688 1356; x_wconf 87' lang='lat' dir='ltr'>operatione</span> <span class='ocrx_word' id='word_1_108' title='bbox 1720 1281 1800 1338; x_wconf 93' lang='lat' dir='ltr'>ad</span> 
     </span>
    </p>
   </div>
   <div class='ocr_carea' id='block_1_15' title="bbox 130 1369 1800 1444">
    <p class='ocr_par' dir='ltr' id='par_1_15' title="bbox 130 1369 1800 1444">
     <span class='ocr_line' id='line_1_15' title="bbox 130 1369 1800 1444; baseline -0.002 -14"><span class='ocrx_word' id='word_1_109' title='bbox 130 1373 275 1430; x_wconf 92' lang='lat' dir='ltr'>illud</span> <span class='ocrx_word' id='word_1_110' title='bbox 306 1373 552 1444; x_wconf 87' lang='lat' dir='ltr'>signum</span> <span class='ocrx_word' id='word_1_111' title='bbox 578 1389 873 1443; x_wconf 85' lang='lat' dir='ltr'>recurras,</span> <span class='ocrx_word' id='word_1_112' title='bbox 907 1379 964 1429; x_wconf 88' lang='lat' dir='ltr'>et</span> <span class='ocrx_word' id='word_1_113' title='bbox 990 1374 1143 1430; x_wconf 88' lang='lat' dir='ltr'>sicut</span> <span class='ocrx_word' id='word_1_114' title='bbox 1169 1389 1282 1444; x_wconf 90' lang='lat' dir='ltr'>ego</span> <span class='ocrx_word' id='word_1_115' title='bbox 1304 1378 1358 1430; x_wconf 92' lang='lat' dir='ltr'>te</span> <span class='ocrx_word' id='word_1_116' title='bbox 1387 1373 1688 1428; x_wconf 91' lang='lat' dir='ltr'>intantum</span> <span class='ocrx_word' id='word_1_117' title='bbox 1713 1369 1800 1426; x_wconf 92' lang='lat' dir='ltr'>di-</span> 
     </span>
    </p>
   </div>
   <div class='ocr_carea' id='block_1_16' title="bbox 131 1459 1801 1536">
    <p class='ocr_par' dir='ltr' id='par_1_16' title="bbox 131 1459 1801 1536">
     <span class='ocr_line' id='line_1_16' title="bbox 131 1459 1801 1536; baseline -0.002 -16"><span class='ocrx_word' id='word_1_118' title='bbox 131 1463 264 1530; x_wconf 87' lang='lat' dir='ltr'>lexi,</span> <span class='ocrx_word' id='word_1_119' title='bbox 291 1468 356 1519; x_wconf 94' lang='lat' dir='ltr'>ut</span> <span class='ocrx_word' id='word_1_120' title='bbox 384 1463 541 1520; x_wconf 91' lang='lat' dir='ltr'>mori</span> <span class='ocrx_word' id='word_1_121' title='bbox 569 1463 892 1520; x_wconf 89' lang='lat' dir='ltr'>voluissem</span> <span class='ocrx_word' id='word_1_122' title='bbox 917 1479 1029 1536; x_wconf 91' lang='lat' dir='ltr'>pro</span> <span class='ocrx_word' id='word_1_123' title='bbox 1048 1463 1220 1531; x_wconf 90' lang='lat' dir='ltr'>te,ita</span> <span class='ocrx_word' id='word_1_124' title='bbox 1249 1461 1584 1519; x_wconf 91' lang='lat' dir='ltr'>econtrario</span> <span class='ocrx_word' id='word_1_125' title='bbox 1609 1459 1801 1517; x_wconf 87' lang='lat' dir='ltr'>sancti</span> 
     </span>
    </p>
   </div>
   <div class='ocr_carea' id='block_1_17' title="bbox 135 1551 1803 1626">
    <p class='ocr_par' dir='ltr' id='par_1_17' title="bbox 135 1551 1803 1626">
     <span class='ocr_line' id='line_1_17' title="bbox 135 1551 1803 1626; baseline -0.002 -15"><span class='ocrx_word' id='word_1_126' title='bbox 135 1555 214 1612; x_wconf 92' lang='lat' dir='ltr'>tui</span> <span class='ocrx_word' id='word_1_127' title='bbox 245 1559 505 1611; x_wconf 91' lang='lat' dir='ltr'>mortem</span> <span class='ocrx_word' id='word_1_128' title='bbox 537 1569 660 1610; x_wconf 93' lang='lat' dir='ltr'>non</span> <span class='ocrx_word' id='word_1_129' title='bbox 692 1557 970 1610; x_wconf 72' lang='lat' dir='ltr'>recusent</span> <span class='ocrx_word' id='word_1_130' title='bbox 996 1569 1108 1626; x_wconf 93' lang='lat' dir='ltr'>pro</span> <span class='ocrx_word' id='word_1_131' title='bbox 1133 1569 1250 1610; x_wconf 91' lang='lat' dir='ltr'>me.</span> <span class='ocrx_word' id='word_1_132' title='bbox 1284 1576 1311 1604; x_wconf 93' lang='grc'><em>‹‹</em></span> <span class='ocrx_word' id='word_1_133' title='bbox 1343 1552 1494 1619; x_wconf 87' lang='lat' dir='ltr'>Quia</span> <span class='ocrx_word' id='word_1_134' title='bbox 1523 1551 1688 1607; x_wconf 89' lang='lat' dir='ltr'>fortis</span> <span class='ocrx_word' id='word_1_135' title='bbox 1714 1555 1803 1608; x_wconf 87' lang='lat' dir='ltr'>est</span> 
     </span>
    </p>
   </div>
   <div class='ocr_carea' id='block_1_18' title="bbox 135 1640 1800 1710">
    <p class='ocr_par' dir='ltr' id='par_1_18' title="bbox 135 1640 1800 1710">
     <span class='ocr_line' id='line_1_18' title="bbox 135 1640 1800 1710; baseline -0.002 -12"><span class='ocrx_word' id='word_1_136' title='bbox 135 1664 164 1698; x_wconf 86' lang='grc'><strong>‹</strong></span> <span class='ocrx_word' id='word_1_137' title='bbox 196 1649 259 1700; x_wconf 91' lang='lat' dir='ltr'>ut</span> <span class='ocrx_word' id='word_1_138' title='bbox 281 1660 452 1700; x_wconf 92' lang='lat' dir='ltr'>mors</span> <span class='ocrx_word' id='word_1_139' title='bbox 477 1643 733 1710; x_wconf 90' lang='lat' dir='ltr'>dilectio,</span> <span class='ocrx_word' id='word_1_140' title='bbox 756 1643 912 1699; x_wconf 85' lang='lat' dir='ltr'>dura</span> <span class='ocrx_word' id='word_1_141' title='bbox 941 1643 1093 1699; x_wconf 81' lang='lat' dir='ltr'>sicut</span> <span class='ocrx_word' id='word_1_142' title='bbox 1115 1642 1386 1698; x_wconf 91' lang='lat' dir='ltr'>infernus</span> <span class='ocrx_word' id='word_1_143' title='bbox 1411 1640 1735 1697; x_wconf 62' lang='lat' dir='ltr'>aemulatio.</span> <span class='ocrx_word' id='word_1_144' title='bbox 1772 1662 1800 1690; x_wconf 89' lang='lat'><em>»</em></span> 
     </span>
    </p>
   </div>
   <div class='ocr_carea' id='block_1_19' title="bbox 1910 487 3574 574">
    <p class='ocr_par' dir='ltr' id='par_1_19' title="bbox 1910 487 3574 574">
     <span class='ocr_line' id='line_1_19' title="bbox 1910 487 3574 574; baseline 0.008 -30"><span class='ocrx_word' id='word_1_145' title='bbox 1910 487 1973 544; x_wconf 92' lang='lat' dir='ltr'>in</span> <span class='ocrx_word' id='word_1_146' title='bbox 2001 506 2065 546; x_wconf 90' lang='lat' dir='ltr'>se</span> <span class='ocrx_word' id='word_1_147' title='bbox 2087 491 2265 550; x_wconf 80' lang='lat' dir='ltr'>fortes</span> <span class='ocrx_word' id='word_1_148' title='bbox 2291 495 2352 551; x_wconf 91' lang='lat' dir='ltr'>in</span> <span class='ocrx_word' id='word_1_149' title='bbox 2381 494 2521 564; x_wconf 88' lang='lat' dir='ltr'>ﬁde,</span> <span class='ocrx_word' id='word_1_150' title='bbox 2546 496 2636 552; x_wconf 87' lang='lat' dir='ltr'>vel</span> <span class='ocrx_word' id='word_1_151' title='bbox 2667 497 2863 554; x_wconf 89' lang='lat' dir='ltr'>claros</span> <span class='ocrx_word' id='word_1_152' title='bbox 2892 499 3154 570; x_wconf 89' lang='lat' dir='ltr'>ingenio,</span> <span class='ocrx_word' id='word_1_153' title='bbox 3185 501 3281 558; x_wconf 91' lang='lat' dir='ltr'>vel</span> <span class='ocrx_word' id='word_1_154' title='bbox 3311 500 3574 574; x_wconf 88' lang='lat' dir='ltr'>philoso-</span> 
     </span>
    </p>
   </div>
   <div class='ocr_carea' id='block_1_20' title="bbox 1909 577 3573 662">
    <p class='ocr_par' dir='ltr' id='par_1_20' title="bbox 1909 577 3573 662">
     <span class='ocr_line' id='line_1_20' title="bbox 1909 577 3573 662; baseline 0.008 -28"><span class='ocrx_word' id='word_1_155' title='bbox 1909 577 2054 650; x_wconf 90' lang='lat' dir='ltr'>phia</span> <span class='ocrx_word' id='word_1_156' title='bbox 2082 579 2426 650; x_wconf 88' lang='lat' dir='ltr'>instructos,</span> <span class='ocrx_word' id='word_1_157' title='bbox 2476 584 2777 642; x_wconf 86' lang='lat' dir='ltr'>addamus</span> <span class='ocrx_word' id='word_1_158' title='bbox 2820 586 2934 642; x_wconf 89' lang='lat' dir='ltr'>illis</span> <span class='ocrx_word' id='word_1_159' title='bbox 2977 590 3439 662; x_wconf 91' lang='lat' dir='ltr'>propugnacula</span> <span class='ocrx_word' id='word_1_160' title='bbox 3476 605 3573 646; x_wconf 91' lang='lat' dir='ltr'>ar-</span> 
     </span>
    </p>
   </div>
   <div class='ocr_carea' id='block_1_21' title="bbox 1909 670 3569 752">
    <p class='ocr_par' dir='ltr' id='par_1_21' title="bbox 1909 670 3569 752">
     <span class='ocr_line' id='line_1_21' title="bbox 1909 670 3569 752; baseline 0.008 -30"><span class='ocrx_word' id='word_1_161' title='bbox 1909 673 2144 736; x_wconf 90' lang='lat' dir='ltr'>gentea,</span> <span class='ocrx_word' id='word_1_162' title='bbox 2166 670 2228 726; x_wconf 88' lang='lat' dir='ltr'>id</span> <span class='ocrx_word' id='word_1_163' title='bbox 2258 677 2350 728; x_wconf 90' lang='lat' dir='ltr'>est</span> <span class='ocrx_word' id='word_1_164' title='bbox 2379 674 2693 730; x_wconf 88' lang='lat' dir='ltr'>scientiam</span> <span class='ocrx_word' id='word_1_165' title='bbox 2731 675 3074 733; x_wconf 91' lang='lat' dir='ltr'>divinarum</span> <span class='ocrx_word' id='word_1_166' title='bbox 3116 678 3569 752; x_wconf 89' lang='lat' dir='ltr'>scripturarum,</span> 
     </span>
    </p>
   </div>
   <div class='ocr_carea' id='block_1_22' title="bbox 1911 758 3571 840">
    <p class='ocr_par' dir='ltr' id='par_1_22' title="bbox 1911 758 3571 840">
     <span class='ocr_line' id='line_1_22' title="bbox 1911 758 3571 840; baseline 0.008 -30"><span class='ocrx_word' id='word_1_167' title='bbox 1911 760 1974 811; x_wconf 90' lang='lat' dir='ltr'>ut</span> <span class='ocrx_word' id='word_1_168' title='bbox 2004 773 2074 812; x_wconf 92' lang='lat' dir='ltr'>eo</span> <span class='ocrx_word' id='word_1_169' title='bbox 2107 758 2336 816; x_wconf 84' lang='lat' dir='ltr'>facilius</span> <span class='ocrx_word' id='word_1_170' title='bbox 2360 762 2594 835; x_wconf 91' lang='lat' dir='ltr'>possint</span> <span class='ocrx_word' id='word_1_171' title='bbox 2619 769 2930 836; x_wconf 86' lang='lat' dir='ltr'>protegere</span> <span class='ocrx_word' id='word_1_172' title='bbox 2960 765 3233 823; x_wconf 89' lang='lat' dir='ltr'>inﬁrmos</span> <span class='ocrx_word' id='word_1_173' title='bbox 3273 772 3454 840; x_wconf 90' lang='lat' dir='ltr'>atque</span> <span class='ocrx_word' id='word_1_174' title='bbox 3482 769 3571 824; x_wconf 91' lang='lat' dir='ltr'>in-</span> 
     </span>
    </p>
   </div>
   <div class='ocr_carea' id='block_1_23' title="bbox 1908 845 3572 927">
    <p class='ocr_par' dir='ltr' id='par_1_23' title="bbox 1908 845 3572 927">
     <span class='ocr_line' id='line_1_23' title="bbox 1908 845 3572 927; baseline 0.007 -26"><span class='ocrx_word' id='word_1_175' title='bbox 1908 845 2138 904; x_wconf 91' lang='lat' dir='ltr'>doctos.</span> <span class='ocrx_word' id='word_1_176' title='bbox 2171 871 2199 897; x_wconf 90' lang='grc'>‹‹</span> <span class='ocrx_word' id='word_1_177' title='bbox 2227 849 2284 905; x_wconf 93' lang='lat' dir='ltr'>Si</span> <span class='ocrx_word' id='word_1_178' title='bbox 2308 851 2529 908; x_wconf 92' lang='lat' dir='ltr'>ostium</span> <span class='ocrx_word' id='word_1_179' title='bbox 2559 857 2666 920; x_wconf 89' lang='lat' dir='ltr'>est,</span> <span class='ocrx_word' id='word_1_180' title='bbox 2693 854 3160 927; x_wconf 89' lang='lat' dir='ltr'>compingamus</span> <span class='ocrx_word' id='word_1_181' title='bbox 3179 855 3326 912; x_wconf 91' lang='lat' dir='ltr'>illud</span> <span class='ocrx_word' id='word_1_182' title='bbox 3351 856 3572 913; x_wconf 88' lang='lat' dir='ltr'>tabulis</span> 
     </span>
    </p>
   </div>
   <div class='ocr_carea' id='block_1_24' title="bbox 1910 936 3572 1017">
    <p class='ocr_par' dir='ltr' id='par_1_24' title="bbox 1910 936 3572 1017">
     <span class='ocr_line' id='line_1_24' title="bbox 1910 936 3572 1017; baseline 0.009 -29"><span class='ocrx_word' id='word_1_183' title='bbox 1910 954 1941 988; x_wconf 86' lang='grc'><strong>‹</strong></span> <span class='ocrx_word' id='word_1_184' title='bbox 1981 936 2257 994; x_wconf 90' lang='lat' dir='ltr'>cedrinis.</span> <span class='ocrx_word' id='word_1_185' title='bbox 2293 961 2321 988; x_wconf 89' lang='grc'><strong>››</strong></span> <span class='ocrx_word' id='word_1_186' title='bbox 2373 941 2436 996; x_wconf 95' lang='lat' dir='ltr'>Id</span> <span class='ocrx_word' id='word_1_187' title='bbox 2477 946 2588 1006; x_wconf 86' lang='lat' dir='ltr'>est,</span> <span class='ocrx_word' id='word_1_188' title='bbox 2620 942 2669 998; x_wconf 91' lang='lat' dir='ltr'>si</span> <span class='ocrx_word' id='word_1_189' title='bbox 2694 943 2812 998; x_wconf 90' lang='lat' dir='ltr'>sint</span> <span class='ocrx_word' id='word_1_190' title='bbox 2861 944 3182 1017; x_wconf 88' lang='lat' dir='ltr'>simplices,</span> <span class='ocrx_word' id='word_1_191' title='bbox 3217 950 3418 1002; x_wconf 89' lang='lat' dir='ltr'>tamen</span> <span class='ocrx_word' id='word_1_192' title='bbox 3461 947 3572 1002; x_wconf 84' lang='lat' dir='ltr'>do-</span> 
     </span>
    </p>
   </div>
   <div class='ocr_carea' id='block_1_25' title="bbox 1908 1024 3573 1108">
    <p class='ocr_par' dir='ltr' id='par_1_25' title="bbox 1908 1024 3573 1108">
     <span class='ocr_line' id='line_1_25' title="bbox 1908 1024 3573 1108; baseline 0.008 -30"><span class='ocrx_word' id='word_1_193' title='bbox 1908 1024 2085 1096; x_wconf 90' lang='lat' dir='ltr'>cendi</span> <span class='ocrx_word' id='word_1_194' title='bbox 2115 1027 2315 1083; x_wconf 89' lang='lat' dir='ltr'>studio</span> <span class='ocrx_word' id='word_1_195' title='bbox 2345 1029 2664 1097; x_wconf 87' lang='lat' dir='ltr'>inhiantes,</span> <span class='ocrx_word' id='word_1_196' title='bbox 2697 1037 2754 1088; x_wconf 89' lang='lat' dir='ltr'>et</span> <span class='ocrx_word' id='word_1_197' title='bbox 2779 1033 2943 1089; x_wconf 89' lang='lat' dir='ltr'>velut</span> <span class='ocrx_word' id='word_1_198' title='bbox 2987 1036 3210 1090; x_wconf 89' lang='lat' dir='ltr'>ostium</span> <span class='ocrx_word' id='word_1_199' title='bbox 3237 1035 3403 1106; x_wconf 90' lang='lat' dir='ltr'>quod</span> <span class='ocrx_word' id='word_1_200' title='bbox 3433 1050 3573 1108; x_wconf 90' lang='lat' dir='ltr'>ape-</span> 
     </span>
    </p>
   </div>
   <div class='ocr_carea' id='block_1_26' title="bbox 1909 1114 3571 1197">
    <p class='ocr_par' dir='ltr' id='par_1_26' title="bbox 1909 1114 3571 1197">
     <span class='ocr_line' id='line_1_26' title="bbox 1909 1114 3571 1197; baseline 0.007 -28"><span class='ocrx_word' id='word_1_201' title='bbox 1909 1114 2057 1170; x_wconf 91' lang='lat' dir='ltr'>ritur</span> <span class='ocrx_word' id='word_1_202' title='bbox 2081 1119 2139 1172; x_wconf 90' lang='lat' dir='ltr'>et</span> <span class='ocrx_word' id='word_1_203' title='bbox 2167 1117 2483 1189; x_wconf 88' lang='lat' dir='ltr'>clauditur,</span> <span class='ocrx_word' id='word_1_204' title='bbox 2515 1143 2540 1168; x_wconf 95' lang='grc'><strong>‹‹</strong></span> <span class='ocrx_word' id='word_1_205' title='bbox 2573 1125 2815 1194; x_wconf 85' lang='lat' dir='ltr'>tempus</span> <span class='ocrx_word' id='word_1_206' title='bbox 2846 1124 3083 1180; x_wconf 89' lang='lat' dir='ltr'>tacendi</span> <span class='ocrx_word' id='word_1_207' title='bbox 3106 1124 3198 1180; x_wconf 91' lang='lat' dir='ltr'>vel</span> <span class='ocrx_word' id='word_1_208' title='bbox 3220 1124 3511 1197; x_wconf 90' lang='lat' dir='ltr'>loquendi</span> <span class='ocrx_word' id='word_1_209' title='bbox 3542 1147 3571 1174; x_wconf 84' lang='lat'>»</span> 
     </span>
    </p>
   </div>
   <div class='ocr_carea' id='block_1_27' title="bbox 1909 1202 3573 1286">
    <p class='ocr_par' dir='ltr' id='par_1_27' title="bbox 1909 1202 3573 1286">
     <span class='ocr_line' id='line_1_27' title="bbox 1909 1202 3573 1286; baseline 0.007 -28"><span class='ocrx_word' id='word_1_210' title='bbox 1909 1202 2276 1274; x_wconf 89' lang='lat' dir='ltr'>intelligunt:</span> <span class='ocrx_word' id='word_1_211' title='bbox 2309 1223 2725 1281; x_wconf 89' lang='lat' dir='ltr'>proponamus</span> <span class='ocrx_word' id='word_1_212' title='bbox 2743 1211 2857 1266; x_wconf 89' lang='lat' dir='ltr'>illis</span> <span class='ocrx_word' id='word_1_213' title='bbox 2887 1212 3157 1284; x_wconf 90' lang='lat' dir='ltr'>priorum</span> <span class='ocrx_word' id='word_1_214' title='bbox 3180 1213 3458 1286; x_wconf 90' lang='lat' dir='ltr'>exempla</span> <span class='ocrx_word' id='word_1_215' title='bbox 3473 1215 3573 1284; x_wconf 86' lang='lat' dir='ltr'>ju-</span> 
     </span>
    </p>
   </div>
   <div class='ocr_carea' id='block_1_28' title="bbox 1910 1296 3574 1368">
    <p class='ocr_par' dir='ltr' id='par_1_28' title="bbox 1910 1296 3574 1368">
     <span class='ocr_line' id='line_1_28' title="bbox 1910 1296 3574 1368; baseline 0.007 -21"><span class='ocrx_word' id='word_1_216' title='bbox 1910 1296 2163 1362; x_wconf 90' lang='lat' dir='ltr'>storum,</span> <span class='ocrx_word' id='word_1_217' title='bbox 2191 1311 2314 1368; x_wconf 90' lang='lat' dir='ltr'>quo</span> <span class='ocrx_word' id='word_1_218' title='bbox 2342 1298 2557 1353; x_wconf 89' lang='lat' dir='ltr'>certius</span> <span class='ocrx_word' id='word_1_219' title='bbox 2592 1303 2650 1354; x_wconf 91' lang='lat' dir='ltr'>et</span> <span class='ocrx_word' id='word_1_220' title='bbox 2687 1299 2988 1356; x_wconf 79' lang='lat' dir='ltr'>efﬁcacius</span> <span class='ocrx_word' id='word_1_221' title='bbox 3022 1302 3281 1357; x_wconf 91' lang='lat' dir='ltr'>docendi</span> <span class='ocrx_word' id='word_1_222' title='bbox 3305 1301 3574 1359; x_wconf 83' lang='lat' dir='ltr'>ofﬁcium</span> 
     </span>
    </p>
   </div>
   <div class='ocr_carea' id='block_1_29' title="bbox 1909 1381 3574 1460">
    <p class='ocr_par' dir='ltr' id='par_1_29' title="bbox 1909 1381 3574 1460">
     <span class='ocr_line' id='line_1_29' title="bbox 1909 1381 3574 1460; baseline 0.007 -24"><span class='ocrx_word' id='word_1_223' title='bbox 1909 1381 2158 1454; x_wconf 90' lang='lat' dir='ltr'>implere</span> <span class='ocrx_word' id='word_1_224' title='bbox 2176 1385 2424 1456; x_wconf 89' lang='lat' dir='ltr'>possint.</span> <span class='ocrx_word' id='word_1_225' title='bbox 2445 1387 2615 1443; x_wconf 90' lang='lat' dir='ltr'>Cedri</span> <span class='ocrx_word' id='word_1_226' title='bbox 2634 1388 2877 1444; x_wconf 89' lang='lat' dir='ltr'>virtutes</span> <span class='ocrx_word' id='word_1_227' title='bbox 2894 1395 3264 1460; x_wconf 89' lang='lat' dir='ltr'>sanctorum,</span> <span class='ocrx_word' id='word_1_228' title='bbox 3281 1396 3339 1447; x_wconf 92' lang='lat' dir='ltr'>et</span> <span class='ocrx_word' id='word_1_229' title='bbox 3355 1391 3574 1448; x_wconf 70' lang='lat' dir='ltr'>tabulae</span> 
     </span>
    </p>
   </div>
   <div class='ocr_carea' id='block_1_30' title="bbox 1908 1470 3576 1553">
    <p class='ocr_par' dir='ltr' id='par_1_30' title="bbox 1908 1470 3576 1553">
     <span class='ocr_line' id='line_1_30' title="bbox 1908 1470 3576 1553; baseline 0.005 -26"><span class='ocrx_word' id='word_1_230' title='bbox 1908 1470 2286 1530; x_wconf 89' lang='lat' dir='ltr'>latitudinem</span> <span class='ocrx_word' id='word_1_231' title='bbox 2315 1475 2637 1545; x_wconf 87' lang='lat' dir='ltr'>designant</span> <span class='ocrx_word' id='word_1_232' title='bbox 2666 1477 2991 1534; x_wconf 89' lang='lat' dir='ltr'>charitatis.</span> <span class='ocrx_word' id='word_1_233' title='bbox 3036 1481 3101 1534; x_wconf 88' lang='lat' dir='ltr'>Et</span> <span class='ocrx_word' id='word_1_234' title='bbox 3130 1484 3195 1535; x_wconf 90' lang='lat' dir='ltr'>ut</span> <span class='ocrx_word' id='word_1_235' title='bbox 3223 1496 3361 1535; x_wconf 91' lang='lat' dir='ltr'>cum</span> <span class='ocrx_word' id='word_1_236' title='bbox 3389 1483 3576 1553; x_wconf 85' lang='lat' dir='ltr'>Apos-</span> 
     </span>
    </p>
   </div>
   <div class='ocr_carea' id='block_1_31' title="bbox 1911 1560 3573 1638">
    <p class='ocr_par' dir='ltr' id='par_1_31' title="bbox 1911 1560 3573 1638">
     <span class='ocr_line' id='line_1_31' title="bbox 1911 1560 3573 1638; baseline 0.004 -20"><span class='ocrx_word' id='word_1_237' title='bbox 1911 1560 2033 1618; x_wconf 90' lang='lat' dir='ltr'>tolo</span> <span class='ocrx_word' id='word_1_238' title='bbox 2063 1561 2260 1619; x_wconf 89' lang='lat' dir='ltr'>dicere</span> <span class='ocrx_word' id='word_1_239' title='bbox 2304 1563 2580 1621; x_wconf 79' lang='lat' dir='ltr'>valeant:</span> <span class='ocrx_word' id='word_1_240' title='bbox 2617 1566 2810 1623; x_wconf 85' lang='lat' dir='ltr'>«Mihi</span> <span class='ocrx_word' id='word_1_241' title='bbox 2860 1571 3063 1624; x_wconf 87' lang='lat' dir='ltr'>autem</span> <span class='ocrx_word' id='word_1_242' title='bbox 3107 1567 3264 1624; x_wconf 87' lang='lat' dir='ltr'>absit</span> <span class='ocrx_word' id='word_1_243' title='bbox 3311 1569 3573 1638; x_wconf 89' lang='lat' dir='ltr'>gloriari,</span> 
     </span>
    </p>
   </div>
   <div class='ocr_carea' id='block_1_32' title="bbox 1911 1649 3576 1731">
    <p class='ocr_par' dir='ltr' id='par_1_32' title="bbox 1911 1649 3576 1731">
     <span class='ocr_line' id='line_1_32' title="bbox 1911 1649 3576 1731; baseline 0.006 -26"><span class='ocrx_word' id='word_1_244' title='bbox 1911 1649 2026 1706; x_wconf 91' lang='lat' dir='ltr'>nisi</span> <span class='ocrx_word' id='word_1_245' title='bbox 2055 1650 2117 1706; x_wconf 92' lang='lat' dir='ltr'>in</span> <span class='ocrx_word' id='word_1_246' title='bbox 2144 1667 2319 1709; x_wconf 91' lang='lat' dir='ltr'>cruce</span> <span class='ocrx_word' id='word_1_247' title='bbox 2341 1653 2579 1710; x_wconf 90' lang='lat' dir='ltr'>Domini</span> <span class='ocrx_word' id='word_1_248' title='bbox 2609 1656 2796 1711; x_wconf 85' lang='lat' dir='ltr'>nostri</span> <span class='ocrx_word' id='word_1_249' title='bbox 2845 1659 2985 1713; x_wconf 84' lang='lat' dir='ltr'>Jesu</span> <span class='ocrx_word' id='word_1_250' title='bbox 3020 1656 3230 1713; x_wconf 89' lang='lat' dir='ltr'>Christi</span> <span class='ocrx_word' id='word_1_251' title='bbox 3254 1673 3362 1730; x_wconf 90' lang='lat' dir='ltr'>per</span> <span class='ocrx_word' id='word_1_252' title='bbox 3391 1675 3576 1731; x_wconf 92' lang='lat' dir='ltr'>quem</span> 
     </span>
    </p>
   </div>
   <div class='ocr_carea' id='block_1_33' title="bbox 135 1729 3574 1818">
    <p class='ocr_par' dir='ltr' id='par_1_33' title="bbox 135 1729 3574 1818">
     <span class='ocr_line' id='line_1_33' title="bbox 135 1729 3574 1818; baseline 0.001 -31"><span class='ocrx_word' id='word_1_253' title='bbox 135 1733 322 1788; x_wconf 91' lang='lat' dir='ltr'>Fortis</span> <span class='ocrx_word' id='word_1_254' title='bbox 351 1737 442 1788; x_wconf 90' lang='lat' dir='ltr'>est</span> <span class='ocrx_word' id='word_1_255' title='bbox 475 1747 664 1805; x_wconf 90' lang='lat' dir='ltr'>usque</span> <span class='ocrx_word' id='word_1_256' title='bbox 704 1731 783 1788; x_wconf 92' lang='lat' dir='ltr'>ad</span> <span class='ocrx_word' id='word_1_257' title='bbox 812 1736 1071 1788; x_wconf 90' lang='lat' dir='ltr'>mortem</span> <span class='ocrx_word' id='word_1_258' title='bbox 1117 1730 1355 1786; x_wconf 90' lang='lat' dir='ltr'>dilectio</span> <span class='ocrx_word' id='word_1_259' title='bbox 1383 1745 1522 1786; x_wconf 90' lang='lat' dir='ltr'>mea</span> <span class='ocrx_word' id='word_1_260' title='bbox 1550 1729 1611 1818; x_wconf 90' lang='lat' dir='ltr'>in</span> <span class='ocrx_word' id='word_1_261' title='bbox 1644 1733 1719 1818; x_wconf 89' lang='lat' dir='ltr'>te,</span> <span class='ocrx_word' id='word_1_262' title='bbox 1763 1743 1801 1784; x_wconf 96' lang='lat' dir='ltr'>o</span> <span class='ocrx_word' id='word_1_263' title='bbox 1833 1758 1873 1812; x_wconf 73' lang='grc' dir='ltr'>Β</span> <span class='ocrx_word' id='word_1_264' title='bbox 1913 1740 2061 1796; x_wconf 77' lang='lat' dir='ltr'>mihi</span> <span class='ocrx_word' id='word_1_265' title='bbox 2092 1743 2360 1798; x_wconf 75' lang='lat' dir='ltr'>mundus</span> <span class='ocrx_word' id='word_1_266' title='bbox 2399 1743 2720 1801; x_wconf 67' lang='lat' dir='ltr'>cruciﬁxus</span> <span class='ocrx_word' id='word_1_267' title='bbox 2743 1749 2855 1816; x_wconf 58' lang='lat' dir='ltr'>est,</span> <span class='ocrx_word' id='word_1_268' title='bbox 2905 1750 2962 1803; x_wconf 66' lang='lat' dir='ltr'>et</span> <span class='ocrx_word' id='word_1_269' title='bbox 2991 1763 3104 1818; x_wconf 72' lang='lat' dir='ltr'>ego</span> <span class='ocrx_word' id='word_1_270' title='bbox 3147 1729 3381 1803; x_wconf 63' lang='lat' dir='ltr'>muhdo</span> <span class='ocrx_word' id='word_1_271' title='bbox 3411 1729 3574 1816; x_wconf 68' lang='grc' dir='ltr'>ξθαι,</span> 
     </span>
    </p>
   </div>
   <div class='ocr_carea' id='block_1_34' title="bbox 137 1817 1804 1894">
    <p class='ocr_par' dir='ltr' id='par_1_34' title="bbox 137 1817 1804 1894">
     <span class='ocr_line' id='line_1_34' title="bbox 137 1817 1804 1894; baseline -0.004 -16"><span class='ocrx_word' id='word_1_272' title='bbox 137 1825 485 1894; x_wconf 85' lang='lat' dir='ltr'>Synagoga,</span> <span class='ocrx_word' id='word_1_273' title='bbox 521 1822 628 1878; x_wconf 90' lang='lat' dir='ltr'>sed</span> <span class='ocrx_word' id='word_1_274' title='bbox 656 1825 758 1878; x_wconf 91' lang='lat' dir='ltr'>tua</span> <span class='ocrx_word' id='word_1_275' title='bbox 787 1821 1090 1877; x_wconf 73' lang='lat' dir='ltr'>aemulatio</span> <span class='ocrx_word' id='word_1_276' title='bbox 1119 1820 1275 1877; x_wconf 88' lang='lat' dir='ltr'>dura</span> <span class='ocrx_word' id='word_1_277' title='bbox 1300 1819 1362 1875; x_wconf 90' lang='lat' dir='ltr'>in</span> <span class='ocrx_word' id='word_1_278' title='bbox 1389 1835 1486 1875; x_wconf 93' lang='lat' dir='ltr'>me</span> <span class='ocrx_word' id='word_1_279' title='bbox 1518 1817 1628 1874; x_wconf 89' lang='lat' dir='ltr'>fuit</span> <span class='ocrx_word' id='word_1_280' title='bbox 1652 1817 1804 1873; x_wconf 92' lang='lat' dir='ltr'>sicut</span> 
     </span>
    </p>
   </div>
   <div class='ocr_carea' id='block_1_35' title="bbox 135 1907 1801 1976">
    <p class='ocr_par' dir='ltr' id='par_1_35' title="bbox 135 1907 1801 1976">
     <span class='ocr_line' id='line_1_35' title="bbox 135 1907 1801 1976; baseline -0.003 -10"><span class='ocrx_word' id='word_1_281' title='bbox 135 1911 443 1967; x_wconf 86' lang='lat' dir='ltr'>infernus:</span> <span class='ocrx_word' id='word_1_282' title='bbox 478 1910 584 1967; x_wconf 91' lang='lat' dir='ltr'>sed</span> <span class='ocrx_word' id='word_1_283' title='bbox 612 1915 774 1966; x_wconf 91' lang='lat' dir='ltr'>verte</span> <span class='ocrx_word' id='word_1_284' title='bbox 815 1909 1262 1967; x_wconf 66' lang='lat' dir='ltr'>aemulationem</span> <span class='ocrx_word' id='word_1_285' title='bbox 1309 1908 1372 1965; x_wconf 93' lang='lat' dir='ltr'>in</span> <span class='ocrx_word' id='word_1_286' title='bbox 1398 1907 1801 1976; x_wconf 89' lang='lat' dir='ltr'>dilectionem,</span> 
     </span>
    </p>
   </div>
   <div class='ocr_carea' id='block_1_36' title="bbox 137 1997 1805 2072">
    <p class='ocr_par' dir='ltr' id='par_1_36' title="bbox 137 1997 1805 2072">
     <span class='ocr_line' id='line_1_36' title="bbox 137 1997 1805 2072; baseline -0.004 -16"><span class='ocrx_word' id='word_1_287' title='bbox 137 2005 190 2056; x_wconf 90' lang='lat' dir='ltr'>et</span> <span class='ocrx_word' id='word_1_288' title='bbox 219 2003 336 2056; x_wconf 88' lang='lat' dir='ltr'>eris</span> <span class='ocrx_word' id='word_1_289' title='bbox 369 1999 521 2056; x_wconf 91' lang='lat' dir='ltr'>mihi</span> <span class='ocrx_word' id='word_1_290' title='bbox 548 2015 792 2072; x_wconf 91' lang='lat' dir='ltr'>sponsa,</span> <span class='ocrx_word' id='word_1_291' title='bbox 817 2003 874 2054; x_wconf 88' lang='lat' dir='ltr'>et</span> <span class='ocrx_word' id='word_1_292' title='bbox 903 2015 1093 2068; x_wconf 92' lang='lat' dir='ltr'>soror,</span> <span class='ocrx_word' id='word_1_293' title='bbox 1125 2003 1184 2055; x_wconf 92' lang='lat' dir='ltr'>et</span> <span class='ocrx_word' id='word_1_294' title='bbox 1224 1997 1443 2054; x_wconf 91' lang='lat' dir='ltr'>amica.</span> <span class='ocrx_word' id='word_1_295' title='bbox 1490 2020 1518 2047; x_wconf 86' lang='lat'><strong>«</strong></span> <span class='ocrx_word' id='word_1_296' title='bbox 1555 1999 1805 2068; x_wconf 88' lang='lat' dir='ltr'>Lampa-</span> 
     </span>
    </p>
   </div>
   <div class='ocr_carea' id='block_1_37' title="bbox 139 2087 1804 2161">
    <p class='ocr_par' dir='ltr' id='par_1_37' title="bbox 139 2087 1804 2161">
     <span class='ocr_line' id='line_1_37' title="bbox 139 2087 1804 2161; baseline -0.002 -15"><span class='ocrx_word' id='word_1_297' title='bbox 139 2114 163 2138; x_wconf 89' lang='grc'><em>‹‹</em></span> <span class='ocrx_word' id='word_1_298' title='bbox 203 2090 308 2146; x_wconf 91' lang='lat' dir='ltr'>des</span> <span class='ocrx_word' id='word_1_299' title='bbox 331 2089 490 2160; x_wconf 90' lang='lat' dir='ltr'>ejus,</span> <span class='ocrx_word' id='word_1_300' title='bbox 521 2087 838 2161; x_wconf 86' lang='lat' dir='ltr'>lampades</span> <span class='ocrx_word' id='word_1_301' title='bbox 886 2087 1064 2158; x_wconf 89' lang='lat' dir='ltr'>ignis,</span> <span class='ocrx_word' id='word_1_302' title='bbox 1113 2093 1293 2161; x_wconf 88' lang='lat' dir='ltr'>atque</span> <span class='ocrx_word' id='word_1_303' title='bbox 1336 2087 1747 2143; x_wconf 87' lang='lat' dir='ltr'>ﬂammarum.</span> <span class='ocrx_word' id='word_1_304' title='bbox 1775 2108 1804 2135; x_wconf 86' lang='lat'><em>»</em></span> 
     </span>
    </p>
   </div>
   <div class='ocr_carea' id='block_1_38' title="bbox 140 2174 1804 2250">
    <p class='ocr_par' dir='ltr' id='par_1_38' title="bbox 140 2174 1804 2250">
     <span class='ocr_line' id='line_1_38' title="bbox 140 2174 1804 2250; baseline -0.002 -16"><span class='ocrx_word' id='word_1_305' title='bbox 140 2178 477 2236; x_wconf 90' lang='lat' dir='ltr'>Dilectionis</span> <span class='ocrx_word' id='word_1_306' title='bbox 497 2177 813 2250; x_wconf 89' lang='lat' dir='ltr'>lampades</span> <span class='ocrx_word' id='word_1_307' title='bbox 834 2176 1022 2233; x_wconf 90' lang='lat' dir='ltr'>corda</span> <span class='ocrx_word' id='word_1_308' title='bbox 1037 2189 1178 2233; x_wconf 90' lang='lat' dir='ltr'>sunt</span> <span class='ocrx_word' id='word_1_309' title='bbox 1194 2177 1486 2244; x_wconf 89' lang='lat' dir='ltr'>ﬁdelium,</span> <span class='ocrx_word' id='word_1_310' title='bbox 1501 2175 1563 2231; x_wconf 92' lang='lat' dir='ltr'>in</span> <span class='ocrx_word' id='word_1_311' title='bbox 1577 2174 1804 2248; x_wconf 88' lang='lat' dir='ltr'>quibus</span> 
     </span>
    </p>
   </div>
   <div class='ocr_carea' id='block_1_39' title="bbox 138 2264 1805 2340">
    <p class='ocr_par' dir='ltr' id='par_1_39' title="bbox 138 2264 1805 2340">
     <span class='ocr_line' id='line_1_39' title="bbox 138 2264 1805 2340; baseline -0.004 -14"><span class='ocrx_word' id='word_1_312' title='bbox 138 2269 396 2326; x_wconf 90' lang='lat' dir='ltr'>charitas</span> <span class='ocrx_word' id='word_1_313' title='bbox 424 2266 742 2336; x_wconf 90' lang='lat' dir='ltr'>inhabitat,</span> <span class='ocrx_word' id='word_1_314' title='bbox 764 2282 1002 2340; x_wconf 91' lang='lat' dir='ltr'>semper</span> <span class='ocrx_word' id='word_1_315' title='bbox 1019 2265 1341 2340; x_wconf 91' lang='lat' dir='ltr'>splendida</span> <span class='ocrx_word' id='word_1_316' title='bbox 1371 2271 1429 2322; x_wconf 92' lang='lat' dir='ltr'>et</span> <span class='ocrx_word' id='word_1_317' title='bbox 1455 2265 1644 2321; x_wconf 91' lang='lat' dir='ltr'>nitore</span> <span class='ocrx_word' id='word_1_318' title='bbox 1666 2264 1805 2320; x_wconf 91' lang='lat' dir='ltr'>cha-</span> 
     </span>
    </p>
   </div>
   <div class='ocr_carea' id='block_1_40' title="bbox 140 2352 1804 2429">
    <p class='ocr_par' dir='ltr' id='par_1_40' title="bbox 140 2352 1804 2429">
     <span class='ocr_line' id='line_1_40' title="bbox 140 2352 1804 2429; baseline -0.004 -15"><span class='ocrx_word' id='word_1_319' title='bbox 140 2358 320 2415; x_wconf 88' lang='lat' dir='ltr'>ritatis</span> <span class='ocrx_word' id='word_1_320' title='bbox 348 2355 583 2414; x_wconf 88' lang='lat' dir='ltr'>munda</span> <span class='ocrx_word' id='word_1_321' title='bbox 614 2361 796 2429; x_wconf 90' lang='lat' dir='ltr'>atque</span> <span class='ocrx_word' id='word_1_322' title='bbox 822 2356 960 2426; x_wconf 84' lang='lat' dir='ltr'>igne</span> <span class='ocrx_word' id='word_1_323' title='bbox 991 2356 1242 2429; x_wconf 89' lang='lat' dir='ltr'>Spiritus</span> <span class='ocrx_word' id='word_1_324' title='bbox 1290 2354 1482 2412; x_wconf 89' lang='lat' dir='ltr'>sancti</span> <span class='ocrx_word' id='word_1_325' title='bbox 1512 2352 1804 2420; x_wconf 89' lang='lat' dir='ltr'>ardentia,</span> 
     </span>
    </p>
   </div>
   <div class='ocr_carea' id='block_1_41' title="bbox 140 2441 1802 2519">
    <p class='ocr_par' dir='ltr' id='par_1_41' title="bbox 140 2441 1802 2519">
     <span class='ocr_line' id='line_1_41' title="bbox 140 2441 1802 2519; baseline -0.004 -15"><span class='ocrx_word' id='word_1_326' title='bbox 140 2447 649 2519; x_wconf 84' lang='lat' dir='ltr'>ﬂammarumque</span> <span class='ocrx_word' id='word_1_327' title='bbox 673 2444 851 2502; x_wconf 85' lang='lat' dir='ltr'>bonae</span> <span class='ocrx_word' id='word_1_328' title='bbox 880 2444 1245 2518; x_wconf 88' lang='lat' dir='ltr'>operationis</span> <span class='ocrx_word' id='word_1_329' title='bbox 1287 2443 1571 2501; x_wconf 89' lang='lat' dir='ltr'>enitentia</span> <span class='ocrx_word' id='word_1_330' title='bbox 1600 2441 1802 2513; x_wconf 87' lang='lat' dir='ltr'>globo.</span> 
     </span>
    </p>
   </div>
   <div class='ocr_carea' id='block_1_42' title="bbox 207 2531 1807 2610">
    <p class='ocr_par' dir='ltr' id='par_1_42' title="bbox 207 2531 1807 2610">
     <span class='ocr_line' id='line_1_42' title="bbox 207 2531 1807 2610; baseline -0.003 -19"><span class='ocrx_word' id='word_1_331' title='bbox 207 2557 236 2591; x_wconf 83' lang='grc'><strong>‹</strong></span> <span class='ocrx_word' id='word_1_332' title='bbox 275 2543 463 2610; x_wconf 71' lang='lat' dir='ltr'>Aquae</span> <span class='ocrx_word' id='word_1_333' title='bbox 493 2534 695 2592; x_wconf 71' lang='lat' dir='ltr'>multae</span> <span class='ocrx_word' id='word_1_334' title='bbox 725 2551 849 2591; x_wconf 92' lang='lat' dir='ltr'>non</span> <span class='ocrx_word' id='word_1_335' title='bbox 890 2539 1215 2608; x_wconf 90' lang='lat' dir='ltr'>potuerunt</span> <span class='ocrx_word' id='word_1_336' title='bbox 1244 2534 1589 2604; x_wconf 82' lang='lat' dir='ltr'>extinguere</span> <span class='ocrx_word' id='word_1_337' title='bbox 1611 2531 1807 2588; x_wconf 88' lang='lat' dir='ltr'>chari-</span> 
     </span>
    </p>
   </div>
   <div class='ocr_carea' id='block_1_43' title="bbox 143 2623 1808 2695">
    <p class='ocr_par' dir='ltr' id='par_1_43' title="bbox 143 2623 1808 2695">
     <span class='ocr_line' id='line_1_43' title="bbox 143 2623 1808 2695; baseline -0.005 -12"><span class='ocrx_word' id='word_1_338' title='bbox 143 2650 168 2676; x_wconf 85' lang='lat'><strong>«</strong></span> <span class='ocrx_word' id='word_1_339' title='bbox 208 2630 412 2694; x_wconf 88' lang='lat' dir='ltr'>tatem,</span> <span class='ocrx_word' id='word_1_340' title='bbox 444 2641 558 2682; x_wconf 88' lang='lat' dir='ltr'>nec</span> <span class='ocrx_word' id='word_1_341' title='bbox 583 2624 839 2681; x_wconf 88' lang='lat' dir='ltr'>ﬂumina</span> <span class='ocrx_word' id='word_1_342' title='bbox 867 2623 1126 2680; x_wconf 90' lang='lat' dir='ltr'>obruent</span> <span class='ocrx_word' id='word_1_343' title='bbox 1174 2623 1362 2680; x_wconf 88' lang='lat' dir='ltr'>illam.</span> <span class='ocrx_word' id='word_1_344' title='bbox 1389 2642 1419 2676; x_wconf 79' lang='grc'>›</span> <span class='ocrx_word' id='word_1_345' title='bbox 1449 2627 1655 2695; x_wconf 82' lang='lat' dir='ltr'>Aquas</span> <span class='ocrx_word' id='word_1_346' title='bbox 1677 2636 1808 2676; x_wconf 86' lang='lat' dir='ltr'>mu-</span> 
     </span>
    </p>
   </div>
   <div class='ocr_carea' id='block_1_44' title="bbox 141 2709 1807 2785">
    <p class='ocr_par' dir='ltr' id='par_1_44' title="bbox 141 2709 1807 2785">
     <span class='ocr_line' id='line_1_44' title="bbox 141 2709 1807 2785; baseline -0.004 -14"><span class='ocrx_word' id='word_1_347' title='bbox 141 2715 246 2773; x_wconf 91' lang='lat' dir='ltr'>Itas</span> <span class='ocrx_word' id='word_1_348' title='bbox 261 2721 317 2772; x_wconf 90' lang='lat' dir='ltr'>et</span> <span class='ocrx_word' id='word_1_349' title='bbox 345 2715 622 2782; x_wconf 82' lang='lat' dir='ltr'>flumina,</span> <span class='ocrx_word' id='word_1_350' title='bbox 651 2714 1043 2771; x_wconf 88' lang='lat' dir='ltr'>tentationum</span> <span class='ocrx_word' id='word_1_351' title='bbox 1066 2713 1208 2769; x_wconf 87' lang='lat' dir='ltr'>dicit</span> <span class='ocrx_word' id='word_1_352' title='bbox 1231 2713 1531 2782; x_wconf 88' lang='lat' dir='ltr'>incursus,</span> <span class='ocrx_word' id='word_1_353' title='bbox 1555 2726 1693 2785; x_wconf 73' lang='lat' dir='ltr'>qute</span> <span class='ocrx_word' id='word_1_354' title='bbox 1723 2709 1807 2766; x_wconf 91' lang='lat' dir='ltr'>vi-</span> 
     </span>
    </p>
   </div>
   <div class='ocr_carea' id='block_1_45' title="bbox 145 2801 1805 2874">
    <p class='ocr_par' dir='ltr' id='par_1_45' title="bbox 145 2801 1805 2874">
     <span class='ocr_line' id='line_1_45' title="bbox 145 2801 1805 2874; baseline -0.003 -14"><span class='ocrx_word' id='word_1_355' title='bbox 145 2805 378 2862; x_wconf 85' lang='lat' dir='ltr'>sibiliter</span> <span class='ocrx_word' id='word_1_356' title='bbox 421 2821 530 2862; x_wconf 92' lang='lat' dir='ltr'>seu</span> <span class='ocrx_word' id='word_1_357' title='bbox 573 2803 946 2861; x_wconf 90' lang='lat' dir='ltr'>invisibiliter</span> <span class='ocrx_word' id='word_1_358' title='bbox 997 2802 1232 2860; x_wconf 90' lang='lat' dir='ltr'>animas</span> <span class='ocrx_word' id='word_1_359' title='bbox 1288 2801 1560 2858; x_wconf 89' lang='lat' dir='ltr'>ﬁdelium</span> <span class='ocrx_word' id='word_1_360' title='bbox 1602 2801 1805 2874; x_wconf 90' lang='lat' dir='ltr'>impu-</span> 
     </span>
    </p>
   </div>
   <div class='ocr_carea' id='block_1_46' title="bbox 144 2890 1805 2969">
    <p class='ocr_par' dir='ltr' id='par_1_46' title="bbox 144 2890 1805 2969">
     <span class='ocr_line' id='line_1_46' title="bbox 144 2890 1805 2969; baseline -0.004 -18"><span class='ocrx_word' id='word_1_361' title='bbox 144 2901 342 2965; x_wconf 89' lang='lat' dir='ltr'>gnant,</span> <span class='ocrx_word' id='word_1_362' title='bbox 375 2895 602 2969; x_wconf 90' lang='lat' dir='ltr'>quibus</span> <span class='ocrx_word' id='word_1_363' title='bbox 634 2893 892 2950; x_wconf 89' lang='lat' dir='ltr'>charitas</span> <span class='ocrx_word' id='word_1_364' title='bbox 922 2909 1044 2950; x_wconf 93' lang='lat' dir='ltr'>non</span> <span class='ocrx_word' id='word_1_365' title='bbox 1075 2892 1251 2949; x_wconf 91' lang='lat' dir='ltr'>cedit.</span> <span class='ocrx_word' id='word_1_366' title='bbox 1285 2915 1312 2942; x_wconf 88' lang='lat'><strong>«</strong></span> <span class='ocrx_word' id='word_1_367' title='bbox 1350 2891 1406 2949; x_wconf 93' lang='lat' dir='ltr'>Si</span> <span class='ocrx_word' id='word_1_368' title='bbox 1437 2890 1668 2947; x_wconf 87' lang='lat' dir='ltr'>dederit</span> <span class='ocrx_word' id='word_1_369' title='bbox 1695 2891 1805 2946; x_wconf 87' lang='lat' dir='ltr'>ho-</span> 
     </span>
    </p>
   </div>
   <div class='ocr_carea' id='block_1_47' title="bbox 147 2981 1808 3056">
    <p class='ocr_par' dir='ltr' id='par_1_47' title="bbox 147 2981 1808 3056">
     <span class='ocr_line' id='line_1_47' title="bbox 147 2981 1808 3056; baseline -0.005 -11"><span class='ocrx_word' id='word_1_370' title='bbox 147 3011 171 3036; x_wconf 87' lang='lat'><strong>«</strong></span> <span class='ocrx_word' id='word_1_371' title='bbox 211 3004 308 3044; x_wconf 91' lang='lat' dir='ltr'>mo</span> <span class='ocrx_word' id='word_1_372' title='bbox 332 3003 582 3045; x_wconf 89' lang='lat' dir='ltr'>omnem</span> <span class='ocrx_word' id='word_1_373' title='bbox 605 2984 1006 3042; x_wconf 87' lang='lat' dir='ltr'>substantiam</span> <span class='ocrx_word' id='word_1_374' title='bbox 1033 2984 1254 3040; x_wconf 92' lang='lat' dir='ltr'>domus</span> <span class='ocrx_word' id='word_1_375' title='bbox 1277 3001 1401 3039; x_wconf 65' lang='lat' dir='ltr'>suae</span> <span class='ocrx_word' id='word_1_376' title='bbox 1417 2999 1528 3056; x_wconf 91' lang='lat' dir='ltr'>pro</span> <span class='ocrx_word' id='word_1_377' title='bbox 1543 2981 1808 3038; x_wconf 88' lang='lat' dir='ltr'>dilectio-</span> 
     </span>
    </p>
   </div>
   <div class='ocr_carea' id='block_1_48' title="bbox 147 3074 1877 3167">
    <p class='ocr_par' dir='ltr' id='par_1_48' title="bbox 147 3074 1877 3167">
     <span class='ocr_line' id='line_1_48' title="bbox 147 3074 1877 3167; baseline -0.005 -32"><span class='ocrx_word' id='word_1_378' title='bbox 147 3100 172 3126; x_wconf 89' lang='grc'>‹‹</span> <span class='ocrx_word' id='word_1_379' title='bbox 210 3095 304 3150; x_wconf 91' lang='lat' dir='ltr'>ne,</span> <span class='ocrx_word' id='word_1_380' title='bbox 334 3077 512 3152; x_wconf 90' lang='lat' dir='ltr'>quasi</span> <span class='ocrx_word' id='word_1_381' title='bbox 541 3076 688 3133; x_wconf 89' lang='lat' dir='ltr'>nihil</span> <span class='ocrx_word' id='word_1_382' title='bbox 725 3074 1062 3148; x_wconf 90' lang='lat' dir='ltr'>despicient</span> <span class='ocrx_word' id='word_1_383' title='bbox 1101 3090 1258 3130; x_wconf 90' lang='lat' dir='ltr'>eam.</span> <span class='ocrx_word' id='word_1_384' title='bbox 1291 3096 1318 3124; x_wconf 84' lang='lat'>»</span> <span class='ocrx_word' id='word_1_385' title='bbox 1371 3075 1530 3131; x_wconf 87' lang='lat' dir='ltr'>Sicut</span> <span class='ocrx_word' id='word_1_386' title='bbox 1553 3088 1690 3128; x_wconf 91' lang='lat' dir='ltr'>vero</span> <span class='ocrx_word' id='word_1_387' title='bbox 1720 3076 1808 3127; x_wconf 86' lang='lat' dir='ltr'>to-</span> <span class='ocrx_word' id='word_1_388' title='bbox 1837 3115 1877 3167; x_wconf 70' lang='grc' dir='ltr'>Ο</span> 
     </span>
    </p>
   </div>
   <div class='ocr_carea' id='block_1_49' title="bbox 150 3163 1803 3238">
    <p class='ocr_par' dir='ltr' id='par_1_49' title="bbox 150 3163 1803 3238">
     <span class='ocr_line' id='line_1_49' title="bbox 150 3163 1803 3238; baseline -0.005 -12"><span class='ocrx_word' id='word_1_389' title='bbox 150 3169 254 3225; x_wconf 90' lang='lat' dir='ltr'>tius</span> <span class='ocrx_word' id='word_1_390' title='bbox 283 3167 631 3226; x_wconf 79' lang='lat' dir='ltr'>substantiae</span> <span class='ocrx_word' id='word_1_391' title='bbox 662 3167 898 3223; x_wconf 89' lang='lat' dir='ltr'>divitias</span> <span class='ocrx_word' id='word_1_392' title='bbox 929 3181 1040 3238; x_wconf 90' lang='lat' dir='ltr'>pro</span> <span class='ocrx_word' id='word_1_393' title='bbox 1069 3164 1401 3221; x_wconf 88' lang='lat' dir='ltr'>dilectionis</span> <span class='ocrx_word' id='word_1_394' title='bbox 1431 3163 1643 3219; x_wconf 90' lang='lat' dir='ltr'>Christi</span> <span class='ocrx_word' id='word_1_395' title='bbox 1673 3178 1803 3218; x_wconf 92' lang='lat' dir='ltr'>ma-</span> 
     </span>
    </p>
   </div>
   <div class='ocr_carea' id='block_1_50' title="bbox 149 3251 1806 3330">
    <p class='ocr_par' dir='ltr' id='par_1_50' title="bbox 149 3251 1806 3330">
     <span class='ocr_line' id='line_1_50' title="bbox 149 3251 1806 3330; baseline -0.004 -16"><span class='ocrx_word' id='word_1_396' title='bbox 149 3259 448 3328; x_wconf 90' lang='lat' dir='ltr'>gnitudine</span> <span class='ocrx_word' id='word_1_397' title='bbox 469 3258 710 3327; x_wconf 87' lang='lat' dir='ltr'>dantes,</span> <span class='ocrx_word' id='word_1_398' title='bbox 736 3255 910 3330; x_wconf 90' lang='lat' dir='ltr'>quasi</span> <span class='ocrx_word' id='word_1_399' title='bbox 940 3255 1087 3311; x_wconf 90' lang='lat' dir='ltr'>nihil</span> <span class='ocrx_word' id='word_1_400' title='bbox 1117 3253 1528 3326; x_wconf 89' lang='lat' dir='ltr'>despiciebant</span> <span class='ocrx_word' id='word_1_401' title='bbox 1557 3269 1719 3321; x_wconf 92' lang='lat' dir='ltr'>eum,</span> <span class='ocrx_word' id='word_1_402' title='bbox 1743 3251 1806 3308; x_wconf 89' lang='lat' dir='ltr'>id</span> 
     </span>
    </p>
   </div>
   <div class='ocr_carea' id='block_1_51' title="bbox 150 3341 1806 3416">
    <p class='ocr_par' dir='ltr' id='par_1_51' title="bbox 150 3341 1806 3416">
     <span class='ocr_line' id='line_1_51' title="bbox 150 3341 1806 3416; baseline -0.004 -12"><span class='ocrx_word' id='word_1_403' title='bbox 150 3353 230 3404; x_wconf 91' lang='lat' dir='ltr'>est</span> <span class='ocrx_word' id='word_1_404' title='bbox 256 3349 578 3405; x_wconf 93' lang='lat' dir='ltr'>mundum.</span> <span class='ocrx_word' id='word_1_405' title='bbox 603 3347 730 3403; x_wconf 84' lang='lat' dir='ltr'>Alio</span> <span class='ocrx_word' id='word_1_406' title='bbox 755 3361 898 3402; x_wconf 90' lang='lat' dir='ltr'>vero</span> <span class='ocrx_word' id='word_1_407' title='bbox 919 3344 1104 3401; x_wconf 93' lang='lat' dir='ltr'>modo</span> <span class='ocrx_word' id='word_1_408' title='bbox 1130 3360 1202 3400; x_wconf 87' lang='lat' dir='ltr'>ex</span> <span class='ocrx_word' id='word_1_409' title='bbox 1229 3341 1640 3416; x_wconf 89' lang='lat' dir='ltr'>superioribus</span> <span class='ocrx_word' id='word_1_410' title='bbox 1665 3357 1806 3415; x_wconf 91' lang='lat' dir='ltr'>pen-</span> 
     </span>
    </p>
   </div>
   <div class='ocr_carea' id='block_1_52' title="bbox 150 3432 1804 3504">
    <p class='ocr_par' dir='ltr' id='par_1_52' title="bbox 150 3432 1804 3504">
     <span class='ocr_line' id='line_1_52' title="bbox 150 3432 1804 3504; baseline -0.005 -10"><span class='ocrx_word' id='word_1_411' title='bbox 150 3438 242 3495; x_wconf 91' lang='lat' dir='ltr'>det</span> <span class='ocrx_word' id='word_1_412' title='bbox 269 3438 572 3496; x_wconf 85' lang='lat' dir='ltr'>sententiae</span> <span class='ocrx_word' id='word_1_413' title='bbox 599 3452 834 3493; x_wconf 90' lang='lat' dir='ltr'>sensus.</span> <span class='ocrx_word' id='word_1_414' title='bbox 888 3438 1036 3492; x_wconf 89' lang='lat' dir='ltr'>Cum</span> <span class='ocrx_word' id='word_1_415' title='bbox 1063 3434 1226 3490; x_wconf 92' lang='lat' dir='ltr'>enim</span> <span class='ocrx_word' id='word_1_416' title='bbox 1261 3432 1524 3500; x_wconf 80' lang='lat' dir='ltr'>dixisset,</span> <span class='ocrx_word' id='word_1_417' title='bbox 1569 3453 1597 3481; x_wconf 84' lang='lat'><strong>«</strong></span> <span class='ocrx_word' id='word_1_418' title='bbox 1628 3447 1804 3504; x_wconf 63' lang='lat' dir='ltr'>aqua;</span> 
     </span>
    </p>
   </div>
   <div class='ocr_carea' id='block_1_53' title="bbox 151 3520 1804 3596">
    <p class='ocr_par' dir='ltr' id='par_1_53' title="bbox 151 3520 1804 3596">
     <span class='ocr_line' id='line_1_53' title="bbox 151 3520 1804 3596; baseline -0.005 -12"><span class='ocrx_word' id='word_1_419' title='bbox 151 3529 342 3585; x_wconf 70' lang='lat' dir='ltr'>multae</span> <span class='ocrx_word' id='word_1_420' title='bbox 368 3552 398 3580; x_wconf 91' lang='grc'><strong>››</strong></span> <span class='ocrx_word' id='word_1_421' title='bbox 428 3527 527 3584; x_wconf 86' lang='lat' dir='ltr'>vel</span> <span class='ocrx_word' id='word_1_422' title='bbox 553 3526 807 3583; x_wconf 87' lang='lat' dir='ltr'>ﬂumina</span> <span class='ocrx_word' id='word_1_423' title='bbox 835 3547 864 3575; x_wconf 85' lang='lat'><strong>«</strong></span> <span class='ocrx_word' id='word_1_424' title='bbox 909 3540 1034 3580; x_wconf 92' lang='lat' dir='ltr'>non</span> <span class='ocrx_word' id='word_1_425' title='bbox 1065 3527 1390 3596; x_wconf 88' lang='lat' dir='ltr'>potuerunt</span> <span class='ocrx_word' id='word_1_426' title='bbox 1427 3520 1804 3590; x_wconf 81' lang='lat' dir='ltr'>exstinguere</span> 
     </span>
    </p>
   </div>
   <div class='ocr_carea' id='block_1_54' title="bbox 151 3609 1806 3688">
    <p class='ocr_par' dir='ltr' id='par_1_54' title="bbox 151 3609 1806 3688">
     <span class='ocr_line' id='line_1_54' title="bbox 151 3609 1806 3688; baseline -0.005 -16"><span class='ocrx_word' id='word_1_427' title='bbox 151 3618 517 3688; x_wconf 88' lang='lat' dir='ltr'>charitatem,</span> <span class='ocrx_word' id='word_1_428' title='bbox 551 3638 579 3666; x_wconf 89' lang='grc'><strong>››</strong></span> <span class='ocrx_word' id='word_1_429' title='bbox 603 3614 950 3687; x_wconf 83' lang='lat' dir='ltr'>subjunxit:</span> <span class='ocrx_word' id='word_1_430' title='bbox 985 3633 1016 3667; x_wconf 85' lang='grc'><strong>‹</strong></span> <span class='ocrx_word' id='word_1_431' title='bbox 1045 3613 1103 3670; x_wconf 91' lang='lat' dir='ltr'>Si</span> <span class='ocrx_word' id='word_1_432' title='bbox 1133 3612 1364 3668; x_wconf 89' lang='lat' dir='ltr'>dederit</span> <span class='ocrx_word' id='word_1_433' title='bbox 1390 3626 1636 3667; x_wconf 91' lang='lat' dir='ltr'>omnem</span> <span class='ocrx_word' id='word_1_434' title='bbox 1668 3609 1806 3665; x_wconf 84' lang='lat' dir='ltr'>sub-</span> 
     </span>
    </p>
   </div>
   <div class='ocr_carea' id='block_1_55' title="bbox 152 3699 1806 3774">
    <p class='ocr_par' dir='ltr' id='par_1_55' title="bbox 152 3699 1806 3774">
     <span class='ocr_line' id='line_1_55' title="bbox 152 3699 1806 3774; baseline -0.004 -14"><span class='ocrx_word' id='word_1_435' title='bbox 152 3707 421 3764; x_wconf 91' lang='lat' dir='ltr'>stantiam</span> <span class='ocrx_word' id='word_1_436' title='bbox 453 3709 679 3764; x_wconf 89' lang='lat' dir='ltr'>domus</span> <span class='ocrx_word' id='word_1_437' title='bbox 704 3720 850 3771; x_wconf 73' lang='lat' dir='ltr'>suae,</span> <span class='ocrx_word' id='word_1_438' title='bbox 884 3726 912 3753; x_wconf 87' lang='grc'><strong>››</strong></span> <span class='ocrx_word' id='word_1_439' title='bbox 967 3707 1101 3774; x_wconf 90' lang='lat' dir='ltr'>etc.,</span> <span class='ocrx_word' id='word_1_440' title='bbox 1144 3707 1208 3758; x_wconf 90' lang='lat' dir='ltr'>ut</span> <span class='ocrx_word' id='word_1_441' title='bbox 1252 3701 1392 3756; x_wconf 89' lang='lat' dir='ltr'>illuc</span> <span class='ocrx_word' id='word_1_442' title='bbox 1440 3699 1806 3770; x_wconf 88' lang='lat' dir='ltr'>intelligatur</span> 
     </span>
    </p>
   </div>
   <div class='ocr_carea' id='block_1_56' title="bbox 152 3788 1803 3871">
    <p class='ocr_par' dir='ltr' id='par_1_56' title="bbox 152 3788 1803 3871">
     <span class='ocr_line' id='line_1_56' title="bbox 152 3788 1803 3871; baseline -0.004 -21"><span class='ocrx_word' id='word_1_443' title='bbox 152 3796 307 3868; x_wconf 92' lang='lat' dir='ltr'>quod</span> <span class='ocrx_word' id='word_1_444' title='bbox 353 3796 680 3871; x_wconf 79' lang='lat' dir='ltr'>Apostolus</span> <span class='ocrx_word' id='word_1_445' title='bbox 712 3795 828 3851; x_wconf 90' lang='lat' dir='ltr'>ait:</span> <span class='ocrx_word' id='word_1_446' title='bbox 883 3816 910 3842; x_wconf 88' lang='grc'><em>‹‹</em></span> <span class='ocrx_word' id='word_1_447' title='bbox 949 3795 1011 3848; x_wconf 86' lang='lat' dir='ltr'>Et</span> <span class='ocrx_word' id='word_1_448' title='bbox 1049 3792 1096 3848; x_wconf 89' lang='lat' dir='ltr'>si</span> <span class='ocrx_word' id='word_1_449' title='bbox 1143 3789 1502 3846; x_wconf 89' lang='lat' dir='ltr'>distribuero</span> <span class='ocrx_word' id='word_1_450' title='bbox 1535 3789 1596 3844; x_wconf 88' lang='lat' dir='ltr'>in</span> <span class='ocrx_word' id='word_1_451' title='bbox 1635 3788 1803 3844; x_wconf 92' lang='lat' dir='ltr'>cibos</span> 
     </span>
    </p>
   </div>
   <div class='ocr_carea' id='block_1_57' title="bbox 152 3877 1802 3960">
    <p class='ocr_par' dir='ltr' id='par_1_57' title="bbox 152 3877 1802 3960">
     <span class='ocr_line' id='line_1_57' title="bbox 152 3877 1802 3960; baseline -0.007 -16"><span class='ocrx_word' id='word_1_452' title='bbox 152 3903 474 3960; x_wconf 86' lang='lat' dir='ltr'>pauperum</span> <span class='ocrx_word' id='word_1_453' title='bbox 503 3902 718 3942; x_wconf 91' lang='lat' dir='ltr'>omnes</span> <span class='ocrx_word' id='word_1_454' title='bbox 748 3882 1060 3940; x_wconf 84' lang='lat' dir='ltr'>facultates</span> <span class='ocrx_word' id='word_1_455' title='bbox 1088 3897 1277 3947; x_wconf 91' lang='lat' dir='ltr'>meas,</span> <span class='ocrx_word' id='word_1_456' title='bbox 1319 3883 1376 3936; x_wconf 89' lang='lat' dir='ltr'>et</span> <span class='ocrx_word' id='word_1_457' title='bbox 1405 3879 1450 3935; x_wconf 89' lang='lat' dir='ltr'>si</span> <span class='ocrx_word' id='word_1_458' title='bbox 1501 3877 1802 3934; x_wconf 84' lang='lat' dir='ltr'>tradidero</span> 
     </span>
    </p>
   </div>
   <div class='ocr_carea' id='block_1_58' title="bbox 153 3969 1802 4049">
    <p class='ocr_par' dir='ltr' id='par_1_58' title="bbox 153 3969 1802 4049">
     <span class='ocr_line' id='line_1_58' title="bbox 153 3969 1802 4049; baseline -0.005 -18"><span class='ocrx_word' id='word_1_459' title='bbox 153 3992 358 4049; x_wconf 92' lang='lat' dir='ltr'>corpus</span> <span class='ocrx_word' id='word_1_460' title='bbox 384 3993 592 4033; x_wconf 88' lang='lat' dir='ltr'>meum</span> <span class='ocrx_word' id='word_1_461' title='bbox 625 3975 704 4031; x_wconf 91' lang='lat' dir='ltr'>ita</span> <span class='ocrx_word' id='word_1_462' title='bbox 745 3977 811 4029; x_wconf 90' lang='lat' dir='ltr'>ut</span> <span class='ocrx_word' id='word_1_463' title='bbox 867 3971 1140 4040; x_wconf 91' lang='lat' dir='ltr'>ardeam,</span> <span class='ocrx_word' id='word_1_464' title='bbox 1194 3969 1545 4026; x_wconf 91' lang='lat' dir='ltr'>charitatem</span> <span class='ocrx_word' id='word_1_465' title='bbox 1600 3973 1802 4024; x_wconf 89' lang='lat' dir='ltr'>autem</span> 
     </span>
    </p>
   </div>
   <div class='ocr_carea' id='block_1_59' title="bbox 155 4058 1676 4134">
    <p class='ocr_par' dir='ltr' id='par_1_59' title="bbox 155 4058 1676 4134">
     <span class='ocr_line' id='line_1_59' title="bbox 155 4058 1676 4134; baseline -0.006 -13"><span class='ocrx_word' id='word_1_466' title='bbox 155 4081 266 4122; x_wconf 92' lang='lat' dir='ltr'>non</span> <span class='ocrx_word' id='word_1_467' title='bbox 292 4067 572 4134; x_wconf 88' lang='lat' dir='ltr'>habeam,</span> <span class='ocrx_word' id='word_1_468' title='bbox 606 4063 754 4120; x_wconf 89' lang='lat' dir='ltr'>nihil</span> <span class='ocrx_word' id='word_1_469' title='bbox 783 4061 932 4118; x_wconf 90' lang='lat' dir='ltr'>mihi</span> <span class='ocrx_word' id='word_1_470' title='bbox 962 4060 1208 4134; x_wconf 90' lang='lat' dir='ltr'>prodest</span> <span class='ocrx_word' id='word_1_471' title='bbox 1236 4060 1316 4129; x_wconf 88' lang='lat' dir='ltr'>((I</span> <span class='ocrx_word' id='word_1_472' title='bbox 1343 4059 1483 4115; x_wconf 81' lang='lat' dir='ltr'>Cor.</span> <span class='ocrx_word' id='word_1_473' title='bbox 1511 4058 1611 4129; x_wconf 81' lang='lat' dir='ltr'>xi).</span> <span class='ocrx_word' id='word_1_474' title='bbox 1647 4078 1676 4106; x_wconf 83' lang='lat'>»</span> 
     </span>
    </p>
   </div>
   <div class='ocr_carea' id='block_1_60' title="bbox 221 4145 1800 4227">
    <p class='ocr_par' dir='ltr' id='par_1_60' title="bbox 221 4145 1800 4227">
     <span class='ocr_line' id='line_1_60' title="bbox 221 4145 1800 4227; baseline -0.009 -13"><span class='ocrx_word' id='word_1_475' title='bbox 221 4159 450 4213; x_wconf 86' lang='lat' dir='ltr'>«Soror</span> <span class='ocrx_word' id='word_1_476' title='bbox 495 4171 636 4212; x_wconf 88' lang='lat' dir='ltr'>mea</span> <span class='ocrx_word' id='word_1_477' title='bbox 681 4151 936 4227; x_wconf 89' lang='lat' dir='ltr'>parvula</span> <span class='ocrx_word' id='word_1_478' title='bbox 984 4155 1092 4220; x_wconf 90' lang='lat' dir='ltr'>est,</span> <span class='ocrx_word' id='word_1_479' title='bbox 1115 4152 1173 4206; x_wconf 91' lang='lat' dir='ltr'>et</span> <span class='ocrx_word' id='word_1_480' title='bbox 1219 4147 1398 4204; x_wconf 84' lang='lat' dir='ltr'>ubera</span> <span class='ocrx_word' id='word_1_481' title='bbox 1434 4162 1558 4202; x_wconf 93' lang='lat' dir='ltr'>non</span> <span class='ocrx_word' id='word_1_482' title='bbox 1597 4145 1800 4202; x_wconf 89' lang='lat' dir='ltr'>habet.</span> 
     </span>
    </p>
   </div>
   <div class='ocr_carea' id='block_1_61' title="bbox 159 4233 1802 4312">
    <p class='ocr_par' dir='ltr' id='par_1_61' title="bbox 159 4233 1802 4312">
     <span class='ocr_line' id='line_1_61' title="bbox 159 4233 1802 4312; baseline -0.007 -10"><span class='ocrx_word' id='word_1_483' title='bbox 159 4267 183 4291; x_wconf 87' lang='lat'><strong>«</strong></span> <span class='ocrx_word' id='word_1_484' title='bbox 223 4246 368 4312; x_wconf 88' lang='lat' dir='ltr'>Quid</span> <span class='ocrx_word' id='word_1_485' title='bbox 412 4245 704 4302; x_wconf 86' lang='lat' dir='ltr'>faciemus</span> <span class='ocrx_word' id='word_1_486' title='bbox 736 4241 926 4298; x_wconf 89' lang='lat' dir='ltr'>sorori</span> <span class='ocrx_word' id='word_1_487' title='bbox 951 4245 1190 4300; x_wconf 78' lang='lat' dir='ltr'>nostrae,</span> <span class='ocrx_word' id='word_1_488' title='bbox 1227 4237 1289 4293; x_wconf 93' lang='lat' dir='ltr'>in</span> <span class='ocrx_word' id='word_1_489' title='bbox 1313 4236 1409 4292; x_wconf 90' lang='lat' dir='ltr'>die</span> <span class='ocrx_word' id='word_1_490' title='bbox 1435 4235 1685 4309; x_wconf 90' lang='lat' dir='ltr'>quando</span> <span class='ocrx_word' id='word_1_491' title='bbox 1715 4233 1802 4292; x_wconf 89' lang='lat' dir='ltr'>al-</span> 
     </span>
    </p>
   </div>
   <div class='ocr_carea' id='block_1_62' title="bbox 161 4323 1804 4408">
    <p class='ocr_par' dir='ltr' id='par_1_62' title="bbox 161 4323 1804 4408">
     <span class='ocr_line' id='line_1_62' title="bbox 161 4323 1804 4408; baseline -0.007 -17"><span class='ocrx_word' id='word_1_492' title='bbox 161 4356 185 4382; x_wconf 87' lang='grc'>‹‹</span> <span class='ocrx_word' id='word_1_493' title='bbox 221 4334 518 4408; x_wconf 91' lang='lat' dir='ltr'>loquenda</span> <span class='ocrx_word' id='word_1_494' title='bbox 558 4334 689 4390; x_wconf 88' lang='lat' dir='ltr'>est?</span> <span class='ocrx_word' id='word_1_495' title='bbox 739 4355 768 4383; x_wconf 90' lang='grc'><strong><em>››</em></strong></span> <span class='ocrx_word' id='word_1_496' title='bbox 813 4331 1010 4386; x_wconf 88' lang='lat' dir='ltr'>Prima</span> <span class='ocrx_word' id='word_1_497' title='bbox 1054 4326 1359 4384; x_wconf 89' lang='lat' dir='ltr'>nascentis</span> <span class='ocrx_word' id='word_1_498' title='bbox 1401 4324 1680 4380; x_wconf 68' lang='lat' dir='ltr'>Ecclesia:</span> <span class='ocrx_word' id='word_1_499' title='bbox 1729 4323 1804 4379; x_wconf 92' lang='lat' dir='ltr'>de</span> 
     </span>
    </p>
   </div>
   <div class='ocr_carea' id='block_1_63' title="bbox 161 4413 1804 4496">
    <p class='ocr_par' dir='ltr' id='par_1_63' title="bbox 161 4413 1804 4496">
     <span class='ocr_line' id='line_1_63' title="bbox 161 4413 1804 4496; baseline -0.007 -18"><span class='ocrx_word' id='word_1_500' title='bbox 161 4425 420 4491; x_wconf 87' lang='lat' dir='ltr'>gentibus</span> <span class='ocrx_word' id='word_1_501' title='bbox 475 4430 750 4496; x_wconf 91' lang='lat' dir='ltr'>tempora</span> <span class='ocrx_word' id='word_1_502' title='bbox 797 4420 1092 4490; x_wconf 88' lang='lat' dir='ltr'>designat,</span> <span class='ocrx_word' id='word_1_503' title='bbox 1151 4416 1445 4490; x_wconf 89' lang='lat' dir='ltr'>quoniam</span> <span class='ocrx_word' id='word_1_504' title='bbox 1500 4413 1699 4470; x_wconf 89' lang='lat' dir='ltr'>adhuc</span> <span class='ocrx_word' id='word_1_505' title='bbox 1748 4416 1804 4468; x_wconf 92' lang='lat' dir='ltr'>et</span> 
     </span>
    </p>
   </div>
   <div class='ocr_carea' id='block_1_64' title="bbox 161 4503 1802 4582">
    <p class='ocr_par' dir='ltr' id='par_1_64' title="bbox 161 4503 1802 4582">
     <span class='ocr_line' id='line_1_64' title="bbox 161 4503 1802 4582; baseline -0.005 -15"><span class='ocrx_word' id='word_1_506' title='bbox 161 4526 337 4582; x_wconf 90' lang='lat' dir='ltr'>parva</span> <span class='ocrx_word' id='word_1_507' title='bbox 380 4515 485 4570; x_wconf 89' lang='lat' dir='ltr'>fuit</span> <span class='ocrx_word' id='word_1_508' title='bbox 534 4528 810 4579; x_wconf 90' lang='lat' dir='ltr'>numero,</span> <span class='ocrx_word' id='word_1_509' title='bbox 843 4515 901 4568; x_wconf 91' lang='lat' dir='ltr'>et</span> <span class='ocrx_word' id='word_1_510' title='bbox 942 4509 1145 4565; x_wconf 89' lang='lat' dir='ltr'>minus</span> <span class='ocrx_word' id='word_1_511' title='bbox 1198 4506 1418 4562; x_wconf 88' lang='lat' dir='ltr'>idonea</span> <span class='ocrx_word' id='word_1_512' title='bbox 1472 4503 1802 4577; x_wconf 75' lang='lat' dir='ltr'>praedicare</span> 
     </span>
    </p>
   </div>
   <div class='ocr_carea' id='block_1_65' title="bbox 160 4591 1804 4676">
    <p class='ocr_par' dir='ltr' id='par_1_65' title="bbox 160 4591 1804 4676">
     <span class='ocr_line' id='line_1_65' title="bbox 160 4591 1804 4676; baseline -0.004 -22"><span class='ocrx_word' id='word_1_513' title='bbox 160 4601 418 4674; x_wconf 87' lang='lat' dir='ltr'>verbum,</span> <span class='ocrx_word' id='word_1_514' title='bbox 444 4609 511 4660; x_wconf 91' lang='lat' dir='ltr'>ut</span> <span class='ocrx_word' id='word_1_515' title='bbox 536 4600 862 4676; x_wconf 83' lang='lat' dir='ltr'>Apostolus</span> <span class='ocrx_word' id='word_1_516' title='bbox 886 4598 1185 4672; x_wconf 89' lang='lat' dir='ltr'>loquitur:</span> <span class='ocrx_word' id='word_1_517' title='bbox 1216 4618 1244 4645; x_wconf 85' lang='lat'><strong>«</strong></span> <span class='ocrx_word' id='word_1_518' title='bbox 1278 4599 1407 4652; x_wconf 82' lang='lat' dir='ltr'>Non</span> <span class='ocrx_word' id='word_1_519' title='bbox 1430 4592 1600 4667; x_wconf 82' lang='lat' dir='ltr'>potui</span> <span class='ocrx_word' id='word_1_520' title='bbox 1635 4591 1804 4666; x_wconf 91' lang='lat' dir='ltr'>loqui</span> 
     </span>
    </p>
   </div>
   <div class='ocr_carea' id='block_1_66' title="bbox 161 4683 1805 4766">
    <p class='ocr_par' dir='ltr' id='par_1_66' title="bbox 161 4683 1805 4766">
     <span class='ocr_line' id='line_1_66' title="bbox 161 4683 1805 4766; baseline -0.004 -23"><span class='ocrx_word' id='word_1_521' title='bbox 161 4690 320 4747; x_wconf 86' lang='lat' dir='ltr'>vobis</span> <span class='ocrx_word' id='word_1_522' title='bbox 344 4693 519 4765; x_wconf 90' lang='lat' dir='ltr'>quasi</span> <span class='ocrx_word' id='word_1_523' title='bbox 546 4690 932 4766; x_wconf 88' lang='lat' dir='ltr'>spiritalibus,</span> <span class='ocrx_word' id='word_1_524' title='bbox 959 4687 1066 4744; x_wconf 92' lang='lat' dir='ltr'>sed</span> <span class='ocrx_word' id='word_1_525' title='bbox 1094 4685 1270 4760; x_wconf 90' lang='lat' dir='ltr'>quasi</span> <span class='ocrx_word' id='word_1_526' title='bbox 1289 4683 1652 4751; x_wconf 89' lang='lat' dir='ltr'>carnalibus,</span> <span class='ocrx_word' id='word_1_527' title='bbox 1679 4688 1805 4738; x_wconf 86' lang='lat' dir='ltr'>tan-</span> 
     </span>
    </p>
   </div>
   <div class='ocr_carea' id='block_1_67' title="bbox 162 4771 1804 4854">
    <p class='ocr_par' dir='ltr' id='par_1_67' title="bbox 162 4771 1804 4854">
     <span class='ocr_line' id='line_1_67' title="bbox 162 4771 1804 4854; baseline -0.004 -19"><span class='ocrx_word' id='word_1_528' title='bbox 162 4795 335 4850; x_wconf 88' lang='lat' dir='ltr'>quam</span> <span class='ocrx_word' id='word_1_529' title='bbox 364 4781 628 4854; x_wconf 89' lang='lat' dir='ltr'>parvulis</span> <span class='ocrx_word' id='word_1_530' title='bbox 652 4781 711 4836; x_wconf 93' lang='lat' dir='ltr'>in</span> <span class='ocrx_word' id='word_1_531' title='bbox 758 4779 1008 4848; x_wconf 88' lang='lat' dir='ltr'>Christo,</span> <span class='ocrx_word' id='word_1_532' title='bbox 1057 4777 1152 4833; x_wconf 90' lang='lat' dir='ltr'>lac</span> <span class='ocrx_word' id='word_1_533' title='bbox 1198 4780 1409 4848; x_wconf 91' lang='lat' dir='ltr'>potum</span> <span class='ocrx_word' id='word_1_534' title='bbox 1456 4773 1627 4830; x_wconf 90' lang='lat' dir='ltr'>vobis</span> <span class='ocrx_word' id='word_1_535' title='bbox 1663 4771 1804 4829; x_wconf 86' lang='lat' dir='ltr'>dedi</span> 
     </span>
    </p>
   </div>
   <div class='ocr_carea' id='block_1_68' title="bbox 163 4862 1805 4941">
    <p class='ocr_par' dir='ltr' id='par_1_68' title="bbox 163 4862 1805 4941">
     <span class='ocr_line' id='line_1_68' title="bbox 163 4862 1805 4941; baseline -0.003 -19"><span class='ocrx_word' id='word_1_536' title='bbox 163 4883 276 4924; x_wconf 91' lang='lat' dir='ltr'>non</span> <span class='ocrx_word' id='word_1_537' title='bbox 305 4886 503 4927; x_wconf 90' lang='lat' dir='ltr'>escam</span> <span class='ocrx_word' id='word_1_538' title='bbox 533 4872 590 4941; x_wconf 91' lang='grc' dir='ltr'>(Ι</span> <span class='ocrx_word' id='word_1_539' title='bbox 616 4871 754 4926; x_wconf 87' lang='lat' dir='ltr'>Cor.</span> <span class='ocrx_word' id='word_1_540' title='bbox 775 4869 878 4940; x_wconf 86' lang='lat' dir='ltr'>Ill).</span> <span class='ocrx_word' id='word_1_541' title='bbox 903 4890 928 4916; x_wconf 86' lang='grc'><strong>››</strong></span> <span class='ocrx_word' id='word_1_542' title='bbox 952 4865 1135 4933; x_wconf 86' lang='lat' dir='ltr'>Quasi</span> <span class='ocrx_word' id='word_1_543' title='bbox 1154 4881 1272 4920; x_wconf 81' lang='lat' dir='ltr'>vox</span> <span class='ocrx_word' id='word_1_544' title='bbox 1301 4865 1511 4938; x_wconf 89' lang='lat' dir='ltr'>sponsi</span> <span class='ocrx_word' id='word_1_545' title='bbox 1541 4862 1632 4920; x_wconf 85' lang='lat' dir='ltr'>vel</span> <span class='ocrx_word' id='word_1_546' title='bbox 1661 4877 1805 4935; x_wconf 82' lang='lat' dir='ltr'>apo-</span> 
     </span>
    </p>
   </div>
   <div class='ocr_carea' id='block_1_69' title="bbox 165 4951 1804 5032">
    <p class='ocr_par' dir='ltr' id='par_1_69' title="bbox 165 4951 1804 5032">
     <span class='ocr_line' id='line_1_69' title="bbox 165 4951 1804 5032; baseline -0.002 -23"><span class='ocrx_word' id='word_1_547' title='bbox 165 4957 459 5026; x_wconf 89' lang='lat' dir='ltr'>stolorum,</span> <span class='ocrx_word' id='word_1_548' title='bbox 492 4959 566 5016; x_wconf 90' lang='lat' dir='ltr'>de</span> <span class='ocrx_word' id='word_1_549' title='bbox 591 4959 728 5032; x_wconf 90' lang='lat' dir='ltr'>ipsa</span> <span class='ocrx_word' id='word_1_550' title='bbox 758 4957 836 5014; x_wconf 90' lang='lat' dir='ltr'>ad</span> <span class='ocrx_word' id='word_1_551' title='bbox 865 4959 1253 5029; x_wconf 86' lang='lat' dir='ltr'>Synagogam</span> <span class='ocrx_word' id='word_1_552' title='bbox 1282 4954 1555 5009; x_wconf 82' lang='lat' dir='ltr'>dixisset:</span> <span class='ocrx_word' id='word_1_553' title='bbox 1596 4975 1624 5002; x_wconf 84' lang='lat'><strong>«</strong></span> <span class='ocrx_word' id='word_1_554' title='bbox 1653 4951 1804 5014; x_wconf 82' lang='lat' dir='ltr'>Quid</span> 
     </span>
    </p>
   </div>
   <div class='ocr_carea' id='block_1_70' title="bbox 168 5041 1806 5116">
    <p class='ocr_par' dir='ltr' id='par_1_70' title="bbox 168 5041 1806 5116">
     <span class='ocr_line' id='line_1_70' title="bbox 168 5041 1806 5116; baseline -0.003 -15"><span class='ocrx_word' id='word_1_555' title='bbox 168 5065 194 5091; x_wconf 74' lang='grc' dir='ltr'>α</span> <span class='ocrx_word' id='word_1_556' title='bbox 231 5045 506 5105; x_wconf 89' lang='lat' dir='ltr'>faciemus</span> <span class='ocrx_word' id='word_1_557' title='bbox 536 5048 724 5106; x_wconf 89' lang='lat' dir='ltr'>sorori</span> <span class='ocrx_word' id='word_1_558' title='bbox 747 5051 990 5113; x_wconf 65' lang='lat' dir='ltr'>nostrae,</span> <span class='ocrx_word' id='word_1_559' title='bbox 1009 5046 1070 5101; x_wconf 93' lang='lat' dir='ltr'>in</span> <span class='ocrx_word' id='word_1_560' title='bbox 1100 5044 1196 5100; x_wconf 92' lang='lat' dir='ltr'>die</span> <span class='ocrx_word' id='word_1_561' title='bbox 1216 5042 1465 5116; x_wconf 90' lang='lat' dir='ltr'>quando</span> <span class='ocrx_word' id='word_1_562' title='bbox 1495 5041 1806 5114; x_wconf 89' lang='lat' dir='ltr'>alloquen-</span> 
     </span>
    </p>
   </div>
   <div class='ocr_carea' id='block_1_71' title="bbox 170 5130 1809 5210">
    <p class='ocr_par' dir='ltr' id='par_1_71' title="bbox 170 5130 1809 5210">
     <span class='ocr_line' id='line_1_71' title="bbox 170 5130 1809 5210; baseline -0.002 -20"><span class='ocrx_word' id='word_1_563' title='bbox 170 5154 195 5181; x_wconf 87' lang='lat'><strong>«</strong></span> <span class='ocrx_word' id='word_1_564' title='bbox 233 5134 308 5192; x_wconf 91' lang='lat' dir='ltr'>da</span> <span class='ocrx_word' id='word_1_565' title='bbox 331 5139 460 5193; x_wconf 89' lang='lat' dir='ltr'>est?</span> <span class='ocrx_word' id='word_1_566' title='bbox 493 5160 521 5187; x_wconf 87' lang='grc'><strong>››</strong></span> <span class='ocrx_word' id='word_1_567' title='bbox 552 5143 631 5194; x_wconf 83' lang='lat' dir='ltr'>Ac</span> <span class='ocrx_word' id='word_1_568' title='bbox 662 5138 710 5192; x_wconf 90' lang='lat' dir='ltr'>si</span> <span class='ocrx_word' id='word_1_569' title='bbox 741 5139 944 5210; x_wconf 90' lang='lat' dir='ltr'>aperte</span> <span class='ocrx_word' id='word_1_570' title='bbox 973 5134 1169 5190; x_wconf 89' lang='lat' dir='ltr'>dicat:</span> <span class='ocrx_word' id='word_1_571' title='bbox 1219 5133 1413 5189; x_wconf 90' lang='lat' dir='ltr'>Parva</span> <span class='ocrx_word' id='word_1_572' title='bbox 1440 5130 1690 5204; x_wconf 90' lang='lat' dir='ltr'>quidem</span> <span class='ocrx_word' id='word_1_573' title='bbox 1717 5133 1809 5186; x_wconf 91' lang='lat' dir='ltr'>est</span> 
     </span>
    </p>
   </div>
   <div class='ocr_carea' id='block_1_72' title="bbox 169 5219 1809 5296">
    <p class='ocr_par' dir='ltr' id='par_1_72' title="bbox 169 5219 1809 5296">
     <span class='ocr_line' id='line_1_72' title="bbox 169 5219 1809 5296; baseline -0.002 -19"><span class='ocrx_word' id='word_1_574' title='bbox 169 5222 410 5282; x_wconf 84' lang='lat' dir='ltr'>Ecclesia</span> <span class='ocrx_word' id='word_1_575' title='bbox 438 5229 724 5296; x_wconf 89' lang='lat' dir='ltr'>gentium,</span> <span class='ocrx_word' id='word_1_576' title='bbox 755 5230 814 5282; x_wconf 90' lang='lat' dir='ltr'>et</span> <span class='ocrx_word' id='word_1_577' title='bbox 839 5240 949 5282; x_wconf 92' lang='lat' dir='ltr'>nec</span> <span class='ocrx_word' id='word_1_578' title='bbox 982 5225 1082 5280; x_wconf 87' lang='lat' dir='ltr'>Dei</span> <span class='ocrx_word' id='word_1_579' title='bbox 1111 5221 1277 5278; x_wconf 88' lang='lat' dir='ltr'>verbi</span> <span class='ocrx_word' id='word_1_580' title='bbox 1307 5220 1663 5294; x_wconf 81' lang='lat' dir='ltr'>mysterium</span> <span class='ocrx_word' id='word_1_581' title='bbox 1690 5219 1809 5275; x_wconf 87' lang='lat' dir='ltr'>suf-</span> 
     </span>
    </p>
   </div>
   <div class='ocr_carea' id='block_1_73' title="bbox 170 5309 1811 5385">
    <p class='ocr_par' dir='ltr' id='par_1_73' title="bbox 170 5309 1811 5385">
     <span class='ocr_line' id='line_1_73' title="bbox 170 5309 1811 5385; baseline 0 -21"><span class='ocrx_word' id='word_1_582' title='bbox 170 5309 282 5368; x_wconf 84' lang='lat' dir='ltr'>ﬁcit</span> <span class='ocrx_word' id='word_1_583' title='bbox 300 5314 512 5371; x_wconf 88' lang='lat' dir='ltr'>subire.</span> <span class='ocrx_word' id='word_1_584' title='bbox 537 5317 690 5383; x_wconf 88' lang='lat' dir='ltr'>Quid</span> <span class='ocrx_word' id='word_1_585' title='bbox 720 5331 864 5385; x_wconf 91' lang='lat' dir='ltr'>ergo</span> <span class='ocrx_word' id='word_1_586' title='bbox 896 5314 1000 5371; x_wconf 84' lang='lat' dir='ltr'>tibi</span> <span class='ocrx_word' id='word_1_587' title='bbox 1029 5312 1286 5379; x_wconf 89' lang='lat' dir='ltr'>videtur,</span> <span class='ocrx_word' id='word_1_588' title='bbox 1319 5327 1356 5367; x_wconf 95' lang='lat' dir='ltr'>o</span> <span class='ocrx_word' id='word_1_589' title='bbox 1386 5314 1710 5383; x_wconf 88' lang='lat' dir='ltr'>Synagoga</span> <span class='ocrx_word' id='word_1_590' title='bbox 1734 5309 1811 5364; x_wconf 90' lang='lat' dir='ltr'>de</span> 
     </span>
    </p>
   </div>
   <div class='ocr_carea' id='block_1_74' title="bbox 170 5400 1812 5476">
    <p class='ocr_par' dir='ltr' id='par_1_74' title="bbox 170 5400 1812 5476">
     <span class='ocr_line' id='line_1_74' title="bbox 170 5400 1812 5476; baseline 0.003 -25"><span class='ocrx_word' id='word_1_591' title='bbox 170 5414 359 5458; x_wconf 82' lang='lat' dir='ltr'>sorore</span> <span class='ocrx_word' id='word_1_592' title='bbox 387 5410 588 5463; x_wconf 89' lang='lat' dir='ltr'>nostra</span> <span class='ocrx_word' id='word_1_593' title='bbox 609 5402 1230 5476; x_wconf 89' lang='lat' dir='ltr'>faciendum,quando</span> <span class='ocrx_word' id='word_1_594' title='bbox 1246 5400 1614 5475; x_wconf 90' lang='lat' dir='ltr'>alloquenda</span> <span class='ocrx_word' id='word_1_595' title='bbox 1642 5407 1732 5458; x_wconf 91' lang='lat' dir='ltr'>est</span> <span class='ocrx_word' id='word_1_596' title='bbox 1749 5400 1812 5457; x_wconf 93' lang='lat' dir='ltr'>id</span> 
     </span>
    </p>
   </div>
   <div class='ocr_carea' id='block_1_75' title="bbox 173 5491 1814 5567">
    <p class='ocr_par' dir='ltr' id='par_1_75' title="bbox 173 5491 1814 5567">
     <span class='ocr_line' id='line_1_75' title="bbox 173 5491 1814 5567; baseline 0.003 -24"><span class='ocrx_word' id='word_1_597' title='bbox 173 5493 256 5543; x_wconf 87' lang='lat' dir='ltr'>est</span> <span class='ocrx_word' id='word_1_598' title='bbox 280 5505 381 5562; x_wconf 91' lang='lat' dir='ltr'>per</span> <span class='ocrx_word' id='word_1_599' title='bbox 398 5495 560 5550; x_wconf 89' lang='lat' dir='ltr'>verbi</span> <span class='ocrx_word' id='word_1_600' title='bbox 592 5495 945 5567; x_wconf 87' lang='lat' dir='ltr'>mysterium</span> <span class='ocrx_word' id='word_1_601' title='bbox 974 5491 1255 5560; x_wconf 83' lang='lat' dir='ltr'>ducenda</span> <span class='ocrx_word' id='word_1_602' title='bbox 1281 5491 1340 5547; x_wconf 90' lang='lat' dir='ltr'>in</span> <span class='ocrx_word' id='word_1_603' title='bbox 1368 5491 1548 5548; x_wconf 85' lang='lat' dir='ltr'>tidem</span> <span class='ocrx_word' id='word_1_604' title='bbox 1570 5494 1598 5548; x_wconf 83' lang='lat'>‘?</span> <span class='ocrx_word' id='word_1_605' title='bbox 1629 5493 1814 5564; x_wconf 88' lang='lat' dir='ltr'>Syna-</span> 
     </span>
    </p>
   </div>
   <div class='ocr_carea' id='block_1_76' title="bbox 177 5580 1812 5657">
    <p class='ocr_par' dir='ltr' id='par_1_76' title="bbox 177 5580 1812 5657">
     <span class='ocr_line' id='line_1_76' title="bbox 177 5580 1812 5657; baseline 0.002 -22"><span class='ocrx_word' id='word_1_606' title='bbox 177 5589 321 5645; x_wconf 76' lang='lat' dir='ltr'>goga</span> <span class='ocrx_word' id='word_1_607' title='bbox 350 5585 591 5652; x_wconf 87' lang='lat' dir='ltr'>tacente,</span> <span class='ocrx_word' id='word_1_608' title='bbox 618 5585 750 5657; x_wconf 85' lang='lat' dir='ltr'>ipse</span> <span class='ocrx_word' id='word_1_609' title='bbox 773 5599 1053 5656; x_wconf 88' lang='lat' dir='ltr'>sponsus,</span> <span class='ocrx_word' id='word_1_610' title='bbox 1071 5582 1197 5638; x_wconf 89' lang='lat' dir='ltr'>sive</span> <span class='ocrx_word' id='word_1_611' title='bbox 1223 5583 1479 5655; x_wconf 91' lang='lat' dir='ltr'>apostoli</span> <span class='ocrx_word' id='word_1_612' title='bbox 1509 5581 1658 5655; x_wconf 89' lang='lat' dir='ltr'>quid</span> <span class='ocrx_word' id='word_1_613' title='bbox 1682 5580 1812 5638; x_wconf 87' lang='lat' dir='ltr'>ﬁeri</span> 
     </span>
    </p>
   </div>
   <div class='ocr_carea' id='block_1_77' title="bbox 179 5663 753 5746">
    <p class='ocr_par' dir='ltr' id='par_1_77' title="bbox 179 5663 753 5746">
     <span class='ocr_line' id='line_1_77' title="bbox 179 5663 753 5746; baseline 0.024 -30"><span class='ocrx_word' id='word_1_614' title='bbox 179 5663 395 5734; x_wconf 89' lang='lat' dir='ltr'>debeat,</span> <span class='ocrx_word' id='word_1_615' title='bbox 426 5673 753 5746; x_wconf 90' lang='lat' dir='ltr'>respondit.</span> 
     </span>
    </p>
   </div>
   <div class='ocr_carea' id='block_1_78' title="bbox 245 5758 1815 5835">
    <p class='ocr_par' dir='ltr' id='par_1_78' title="bbox 245 5758 1815 5835">
     <span class='ocr_line' id='line_1_78' title="bbox 245 5758 1815 5835; baseline 0.004 -21"><span class='ocrx_word' id='word_1_616' title='bbox 245 5777 271 5802; x_wconf 85' lang='grc'>‹‹</span> <span class='ocrx_word' id='word_1_617' title='bbox 305 5758 355 5814; x_wconf 91' lang='lat' dir='ltr'>Si</span> <span class='ocrx_word' id='word_1_618' title='bbox 371 5776 575 5822; x_wconf 90' lang='lat' dir='ltr'>murus</span> <span class='ocrx_word' id='word_1_619' title='bbox 592 5769 700 5834; x_wconf 77' lang='lat' dir='ltr'>est.</span> <span class='ocrx_word' id='word_1_620' title='bbox 720 5762 1088 5820; x_wconf 82' lang='lat' dir='ltr'>aediﬁcemus</span> <span class='ocrx_word' id='word_1_621' title='bbox 1108 5778 1290 5835; x_wconf 91' lang='lat' dir='ltr'>super</span> <span class='ocrx_word' id='word_1_622' title='bbox 1312 5777 1449 5818; x_wconf 89' lang='lat' dir='ltr'>eam</span> <span class='ocrx_word' id='word_1_623' title='bbox 1470 5775 1815 5834; x_wconf 88' lang='lat' dir='ltr'>propugna-</span> 
     </span>
    </p>
   </div>
   <div class='ocr_carea' id='block_1_79' title="bbox 1913 1831 3465 1908">
    <p class='ocr_par' dir='ltr' id='par_1_79' title="bbox 1913 1831 3465 1908">
     <span class='ocr_line' id='line_1_79' title="bbox 1913 1831 3465 1908; baseline 0.005 -23"><span class='ocrx_word' id='word_1_624' title='bbox 1913 1832 2011 1901; x_wconf 74' lang='grc' dir='ltr'>γι).</span> <span class='ocrx_word' id='word_1_625' title='bbox 2043 1854 2073 1881; x_wconf 90' lang='grc'>››</span> <span class='ocrx_word' id='word_1_626' title='bbox 2099 1831 2190 1886; x_wconf 88' lang='lat' dir='ltr'>Ad</span> <span class='ocrx_word' id='word_1_627' title='bbox 2219 1832 2349 1887; x_wconf 68' lang='lat' dir='ltr'>haec</span> <span class='ocrx_word' id='word_1_628' title='bbox 2378 1848 2646 1906; x_wconf 90' lang='lat' dir='ltr'>namque</span> <span class='ocrx_word' id='word_1_629' title='bbox 2670 1835 2808 1906; x_wconf 90' lang='lat' dir='ltr'>ipsa</span> <span class='ocrx_word' id='word_1_630' title='bbox 2835 1836 3146 1908; x_wconf 89' lang='lat' dir='ltr'>respondit</span> <span class='ocrx_word' id='word_1_631' title='bbox 3173 1836 3465 1894; x_wconf 87' lang='lat' dir='ltr'>Ecclesia:</span> 
     </span>
    </p>
   </div>
   <div class='ocr_carea' id='block_1_80' title="bbox 1987 1949 3580 2025">
    <p class='ocr_par' dir='ltr' id='par_1_80' title="bbox 1987 1949 3580 2025">
     <span class='ocr_line' id='line_1_80' title="bbox 1987 1949 3580 2025; baseline 0.005 -25"><span class='ocrx_word' id='word_1_632' title='bbox 1987 1966 2017 2000; x_wconf 84' lang='grc'>‹</span> <span class='ocrx_word' id='word_1_633' title='bbox 2060 1950 2180 2016; x_wconf 90' lang='lat' dir='ltr'>Ego</span> <span class='ocrx_word' id='word_1_634' title='bbox 2212 1965 2443 2013; x_wconf 86' lang='lat' dir='ltr'>murus,</span> <span class='ocrx_word' id='word_1_635' title='bbox 2474 1955 2533 2006; x_wconf 88' lang='lat' dir='ltr'>et</span> <span class='ocrx_word' id='word_1_636' title='bbox 2559 1949 2748 2006; x_wconf 91' lang='lat' dir='ltr'>ubera</span> <span class='ocrx_word' id='word_1_637' title='bbox 2777 1966 2915 2008; x_wconf 90' lang='lat' dir='ltr'>mea</span> <span class='ocrx_word' id='word_1_638' title='bbox 2944 1952 3096 2008; x_wconf 90' lang='lat' dir='ltr'>sicut</span> <span class='ocrx_word' id='word_1_639' title='bbox 3119 1953 3318 2021; x_wconf 91' lang='lat' dir='ltr'>turris,</span> <span class='ocrx_word' id='word_1_640' title='bbox 3343 1968 3417 2009; x_wconf 85' lang='lat' dir='ltr'>ex</span> <span class='ocrx_word' id='word_1_641' title='bbox 3455 1967 3580 2025; x_wconf 92' lang='lat' dir='ltr'>quo</span> 
     </span>
    </p>
   </div>
   <div class='ocr_carea' id='block_1_81' title="bbox 1916 2037 3576 2115">
    <p class='ocr_par' dir='ltr' id='par_1_81' title="bbox 1916 2037 3576 2115">
     <span class='ocr_line' id='line_1_81' title="bbox 1916 2037 3576 2115; baseline 0.001 -24"><span class='ocrx_word' id='word_1_642' title='bbox 1916 2059 1945 2085; x_wconf 84' lang='lat'><strong><em>«</em></strong></span> <span class='ocrx_word' id='word_1_643' title='bbox 1987 2037 2144 2093; x_wconf 86' lang='lat' dir='ltr'>facta</span> <span class='ocrx_word' id='word_1_644' title='bbox 2174 2043 2314 2094; x_wconf 90' lang='lat' dir='ltr'>sunt</span> <span class='ocrx_word' id='word_1_645' title='bbox 2361 2054 2567 2094; x_wconf 91' lang='lat' dir='ltr'>coram</span> <span class='ocrx_word' id='word_1_646' title='bbox 2596 2043 2650 2096; x_wconf 92' lang='lat' dir='ltr'>te</span> <span class='ocrx_word' id='word_1_647' title='bbox 2693 2044 2869 2112; x_wconf 87' lang='lat' dir='ltr'>quasi</span> <span class='ocrx_word' id='word_1_648' title='bbox 2916 2057 3133 2114; x_wconf 88' lang='lat' dir='ltr'>pacem</span> <span class='ocrx_word' id='word_1_649' title='bbox 3181 2043 3508 2115; x_wconf 91' lang='lat' dir='ltr'>reperiens.</span> <span class='ocrx_word' id='word_1_650' title='bbox 3546 2049 3576 2092; x_wconf 59' lang='grc' dir='ltr'><strong>ὴ</strong></span> 
     </span>
    </p>
   </div>
   <div class='ocr_carea' id='block_1_82' title="bbox 1917 2125 3580 2204">
    <p class='ocr_par' dir='ltr' id='par_1_82' title="bbox 1917 2125 3580 2204">
     <span class='ocr_line' id='line_1_82' title="bbox 1917 2125 3580 2204; baseline 0.002 -22"><span class='ocrx_word' id='word_1_651' title='bbox 1917 2130 2040 2197; x_wconf 89' lang='lat' dir='ltr'>Ego</span> <span class='ocrx_word' id='word_1_652' title='bbox 2068 2125 2144 2182; x_wconf 89' lang='lat' dir='ltr'>de</span> <span class='ocrx_word' id='word_1_653' title='bbox 2183 2127 2329 2182; x_wconf 84' lang='lat' dir='ltr'>vivis</span> <span class='ocrx_word' id='word_1_654' title='bbox 2379 2133 2700 2200; x_wconf 92' lang='lat' dir='ltr'>compacta</span> <span class='ocrx_word' id='word_1_655' title='bbox 2727 2146 2862 2186; x_wconf 89' lang='lat' dir='ltr'>sum</span> <span class='ocrx_word' id='word_1_656' title='bbox 2908 2129 3214 2204; x_wconf 90' lang='lat' dir='ltr'>lapidibus</span> <span class='ocrx_word' id='word_1_657' title='bbox 3259 2136 3317 2187; x_wconf 91' lang='lat' dir='ltr'>et</span> <span class='ocrx_word' id='word_1_658' title='bbox 3347 2131 3580 2201; x_wconf 86' lang='lat' dir='ltr'>glutino</span> 
     </span>
    </p>
   </div>
   <div class='ocr_carea' id='block_1_83' title="bbox 1916 2216 3580 2290">
    <p class='ocr_par' dir='ltr' id='par_1_83' title="bbox 1916 2216 3580 2290">
     <span class='ocr_line' id='line_1_83' title="bbox 1916 2216 3580 2290; baseline 0.003 -19"><span class='ocrx_word' id='word_1_659' title='bbox 1916 2216 2221 2272; x_wconf 89' lang='lat' dir='ltr'>charitatis</span> <span class='ocrx_word' id='word_1_660' title='bbox 2253 2216 2539 2284; x_wconf 91' lang='lat' dir='ltr'>adunata,</span> <span class='ocrx_word' id='word_1_661' title='bbox 2567 2222 2625 2274; x_wconf 91' lang='lat' dir='ltr'>et</span> <span class='ocrx_word' id='word_1_662' title='bbox 2662 2234 2844 2290; x_wconf 92' lang='lat' dir='ltr'>super</span> <span class='ocrx_word' id='word_1_663' title='bbox 2867 2219 3332 2277; x_wconf 87' lang='lat' dir='ltr'>fundamentum</span> <span class='ocrx_word' id='word_1_664' title='bbox 3360 2220 3580 2276; x_wconf 89' lang='lat' dir='ltr'>immo-</span> 
     </span>
    </p>
   </div>
   <div class='ocr_carea' id='block_1_84' title="bbox 1915 2305 3581 2373">
    <p class='ocr_par' dir='ltr' id='par_1_84' title="bbox 1915 2305 3581 2373">
     <span class='ocr_line' id='line_1_84' title="bbox 1915 2305 3581 2373; baseline 0.002 -11"><span class='ocrx_word' id='word_1_665' title='bbox 1915 2305 2035 2362; x_wconf 91' lang='lat' dir='ltr'>bile</span> <span class='ocrx_word' id='word_1_666' title='bbox 2065 2305 2382 2373; x_wconf 69' lang='lat' dir='ltr'>aediﬁcata,</span> <span class='ocrx_word' id='word_1_667' title='bbox 2415 2311 2473 2362; x_wconf 90' lang='lat' dir='ltr'>et</span> <span class='ocrx_word' id='word_1_668' title='bbox 2495 2305 2772 2364; x_wconf 91' lang='lat' dir='ltr'>doctores</span> <span class='ocrx_word' id='word_1_669' title='bbox 2797 2308 2916 2364; x_wconf 93' lang='lat' dir='ltr'>mei</span> <span class='ocrx_word' id='word_1_670' title='bbox 2947 2308 3251 2366; x_wconf 88' lang='lat' dir='ltr'>fortissimi</span> <span class='ocrx_word' id='word_1_671' title='bbox 3276 2309 3440 2366; x_wconf 88' lang='lat' dir='ltr'>velut</span> <span class='ocrx_word' id='word_1_672' title='bbox 3464 2315 3581 2366; x_wconf 83' lang='lat' dir='ltr'>tur-</span> 
     </span>
    </p>
   </div>
   <div class='ocr_carea' id='block_1_85' title="bbox 1917 2394 3583 2468">
    <p class='ocr_par' dir='ltr' id='par_1_85' title="bbox 1917 2394 3583 2468">
     <span class='ocr_line' id='line_1_85' title="bbox 1917 2394 3583 2468; baseline 0.003 -18"><span class='ocrx_word' id='word_1_673' title='bbox 1917 2395 2019 2464; x_wconf 91' lang='lat' dir='ltr'>ris,</span> <span class='ocrx_word' id='word_1_674' title='bbox 2051 2395 2155 2468; x_wconf 91' lang='lat' dir='ltr'>qui</span> <span class='ocrx_word' id='word_1_675' title='bbox 2185 2399 2244 2451; x_wconf 90' lang='lat' dir='ltr'>et</span> <span class='ocrx_word' id='word_1_676' title='bbox 2270 2394 2556 2468; x_wconf 90' lang='lat' dir='ltr'>parvulos</span> <span class='ocrx_word' id='word_1_677' title='bbox 2584 2396 2809 2452; x_wconf 90' lang='lat' dir='ltr'>nutrire</span> <span class='ocrx_word' id='word_1_678' title='bbox 2850 2397 3066 2465; x_wconf 85' lang='lat' dir='ltr'>sciunt,</span> <span class='ocrx_word' id='word_1_679' title='bbox 3095 2402 3151 2454; x_wconf 90' lang='lat' dir='ltr'>et</span> <span class='ocrx_word' id='word_1_680' title='bbox 3180 2399 3386 2456; x_wconf 90' lang='lat' dir='ltr'>omnia</span> <span class='ocrx_word' id='word_1_681' title='bbox 3412 2399 3583 2455; x_wconf 86' lang='lat' dir='ltr'>mali-</span> 
     </span>
    </p>
   </div>
   <div class='ocr_carea' id='block_1_86' title="bbox 1918 2483 3583 2562">
    <p class='ocr_par' dir='ltr' id='par_1_86' title="bbox 1918 2483 3583 2562">
     <span class='ocr_line' id='line_1_86' title="bbox 1918 2483 3583 2562; baseline 0.003 -22"><span class='ocrx_word' id='word_1_682' title='bbox 1918 2499 2038 2555; x_wconf 91' lang='lat' dir='ltr'>gna</span> <span class='ocrx_word' id='word_1_683' title='bbox 2069 2483 2400 2556; x_wconf 85' lang='lat' dir='ltr'>expellere;</span> <span class='ocrx_word' id='word_1_684' title='bbox 2434 2487 2492 2540; x_wconf 90' lang='lat' dir='ltr'>et</span> <span class='ocrx_word' id='word_1_685' title='bbox 2532 2484 2749 2541; x_wconf 90' lang='lat' dir='ltr'>accidit</span> <span class='ocrx_word' id='word_1_686' title='bbox 2776 2485 2924 2542; x_wconf 92' lang='lat' dir='ltr'>mihi</span> <span class='ocrx_word' id='word_1_687' title='bbox 2954 2502 3028 2544; x_wconf 85' lang='lat' dir='ltr'>ex</span> <span class='ocrx_word' id='word_1_688' title='bbox 3052 2503 3124 2544; x_wconf 91' lang='lat' dir='ltr'>eo</span> <span class='ocrx_word' id='word_1_689' title='bbox 3150 2492 3419 2562; x_wconf 91' lang='lat' dir='ltr'>tempore</span> <span class='ocrx_word' id='word_1_690' title='bbox 3459 2505 3583 2562; x_wconf 90' lang='lat' dir='ltr'>quo</span> 
     </span>
    </p>
   </div>
   <div class='ocr_carea' id='block_1_87' title="bbox 1919 2573 3581 2651">
    <p class='ocr_par' dir='ltr' id='par_1_87' title="bbox 1919 2573 3581 2651">
     <span class='ocr_line' id='line_1_87' title="bbox 1919 2573 3581 2651; baseline 0.004 -24"><span class='ocrx_word' id='word_1_691' title='bbox 1919 2573 2184 2629; x_wconf 92' lang='lat' dir='ltr'>Christus</span> <span class='ocrx_word' id='word_1_692' title='bbox 2215 2588 2310 2628; x_wconf 90' lang='lat' dir='ltr'>me</span> <span class='ocrx_word' id='word_1_693' title='bbox 2339 2573 2758 2642; x_wconf 85' lang='lat' dir='ltr'>reconciliavit,</span> <span class='ocrx_word' id='word_1_694' title='bbox 2777 2590 2992 2647; x_wconf 89' lang='lat' dir='ltr'>pacem</span> <span class='ocrx_word' id='word_1_695' title='bbox 3013 2591 3122 2649; x_wconf 91' lang='lat' dir='ltr'>per</span> <span class='ocrx_word' id='word_1_696' title='bbox 3147 2593 3286 2633; x_wconf 91' lang='lat' dir='ltr'>eum</span> <span class='ocrx_word' id='word_1_697' title='bbox 3317 2577 3581 2651; x_wconf 90' lang='lat' dir='ltr'>reperiri.</span> 
     </span>
    </p>
   </div>
   <div class='ocr_carea' id='block_1_88' title="bbox 1989 2695 3582 2773">
    <p class='ocr_par' dir='ltr' id='par_1_88' title="bbox 1989 2695 3582 2773">
     <span class='ocr_line' id='line_1_88' title="bbox 1989 2695 3582 2773; baseline 0.002 -21"><span class='ocrx_word' id='word_1_698' title='bbox 1989 2719 2018 2745; x_wconf 86' lang='lat'><strong>«</strong></span> <span class='ocrx_word' id='word_1_699' title='bbox 2061 2696 2244 2752; x_wconf 90' lang='lat' dir='ltr'>Vinea</span> <span class='ocrx_word' id='word_1_700' title='bbox 2272 2695 2382 2752; x_wconf 89' lang='lat' dir='ltr'>fuit</span> <span class='ocrx_word' id='word_1_701' title='bbox 2408 2695 2663 2769; x_wconf 87' lang='lat' dir='ltr'>paciﬁco</span> <span class='ocrx_word' id='word_1_702' title='bbox 2691 2695 2755 2752; x_wconf 93' lang='lat' dir='ltr'>in</span> <span class='ocrx_word' id='word_1_703' title='bbox 2802 2712 2874 2753; x_wconf 89' lang='lat' dir='ltr'>ea</span> <span class='ocrx_word' id='word_1_704' title='bbox 2902 2714 3039 2771; x_wconf 83' lang='lat' dir='ltr'>quae</span> <span class='ocrx_word' id='word_1_705' title='bbox 3067 2698 3252 2756; x_wconf 90' lang='lat' dir='ltr'>habet</span> <span class='ocrx_word' id='word_1_706' title='bbox 3295 2699 3582 2773; x_wconf 91' lang='lat' dir='ltr'>populus,</span> 
     </span>
    </p>
   </div>
   <div class='ocr_carea' id='block_1_89' title="bbox 1918 2784 3580 2862">
    <p class='ocr_par' dir='ltr' id='par_1_89' title="bbox 1918 2784 3580 2862">
     <span class='ocr_line' id='line_1_89' title="bbox 1918 2784 3580 2862; baseline 0.001 -20"><span class='ocrx_word' id='word_1_707' title='bbox 1918 2808 1946 2835; x_wconf 88' lang='grc'><strong><em>‹‹</em></strong></span> <span class='ocrx_word' id='word_1_708' title='bbox 1989 2784 2233 2842; x_wconf 88' lang='lat' dir='ltr'>tradidit</span> <span class='ocrx_word' id='word_1_709' title='bbox 2260 2800 2398 2841; x_wconf 92' lang='lat' dir='ltr'>eam</span> <span class='ocrx_word' id='word_1_710' title='bbox 2425 2785 2797 2842; x_wconf 85' lang='lat' dir='ltr'>custodibus.</span> <span class='ocrx_word' id='word_1_711' title='bbox 2817 2809 2844 2835; x_wconf 88' lang='grc'><strong>››</strong></span> <span class='ocrx_word' id='word_1_712' title='bbox 2879 2789 2958 2843; x_wconf 91' lang='lat' dir='ltr'>De</span> <span class='ocrx_word' id='word_1_713' title='bbox 2978 2803 3102 2860; x_wconf 92' lang='lat' dir='ltr'>quo</span> <span class='ocrx_word' id='word_1_714' title='bbox 3131 2787 3454 2862; x_wconf 82' lang='lat' dir='ltr'>Apostolus</span> <span class='ocrx_word' id='word_1_715' title='bbox 3479 2787 3580 2845; x_wconf 90' lang='lat' dir='ltr'>ait:</span> 
     </span>
    </p>
   </div>
   <div class='ocr_carea' id='block_1_90' title="bbox 1920 2876 3584 2952">
    <p class='ocr_par' dir='ltr' id='par_1_90' title="bbox 1920 2876 3584 2952">
     <span class='ocr_line' id='line_1_90' title="bbox 1920 2876 3584 2952; baseline 0.003 -22"><span class='ocrx_word' id='word_1_716' title='bbox 1920 2895 1950 2930; x_wconf 81' lang='grc'>‹</span> <span class='ocrx_word' id='word_1_717' title='bbox 1991 2880 2123 2948; x_wconf 91' lang='lat' dir='ltr'>Ipse</span> <span class='ocrx_word' id='word_1_718' title='bbox 2170 2879 2262 2932; x_wconf 90' lang='lat' dir='ltr'>est</span> <span class='ocrx_word' id='word_1_719' title='bbox 2302 2890 2425 2949; x_wconf 85' lang='lat' dir='ltr'>pax</span> <span class='ocrx_word' id='word_1_720' title='bbox 2471 2880 2700 2944; x_wconf 87' lang='lat' dir='ltr'>nostra,</span> <span class='ocrx_word' id='word_1_721' title='bbox 2751 2876 2855 2950; x_wconf 92' lang='lat' dir='ltr'>qui</span> <span class='ocrx_word' id='word_1_722' title='bbox 2894 2877 3031 2934; x_wconf 88' lang='lat' dir='ltr'>fecit</span> <span class='ocrx_word' id='word_1_723' title='bbox 3078 2883 3332 2952; x_wconf 91' lang='lat' dir='ltr'>utraque</span> <span class='ocrx_word' id='word_1_724' title='bbox 3392 2894 3584 2936; x_wconf 92' lang='lat' dir='ltr'>unum</span> 
     </span>
    </p>
   </div>
   <div class='ocr_carea' id='block_1_91' title="bbox 1920 2964 3583 3040">
    <p class='ocr_par' dir='ltr' id='par_1_91' title="bbox 1920 2964 3583 3040">
     <span class='ocr_line' id='line_1_91' title="bbox 1920 2964 3583 3040; baseline 0.005 -24"><span class='ocrx_word' id='word_1_725' title='bbox 1920 2990 1946 3016; x_wconf 88' lang='grc'><em>‹‹</em></span> <span class='ocrx_word' id='word_1_726' title='bbox 1987 2966 2207 3035; x_wconf 79' lang='lat' dir='ltr'>Ephes.</span> <span class='ocrx_word' id='word_1_727' title='bbox 2242 2965 2326 3036; x_wconf 88' lang='grc' dir='ltr'>ιι).</span> <span class='ocrx_word' id='word_1_728' title='bbox 2360 2984 2384 3016; x_wconf 80' lang='grc'><strong><em>›</em></strong></span> <span class='ocrx_word' id='word_1_729' title='bbox 2405 2967 2471 3021; x_wconf 89' lang='lat' dir='ltr'>Et</span> <span class='ocrx_word' id='word_1_730' title='bbox 2498 2964 2574 3021; x_wconf 89' lang='lat' dir='ltr'>de</span> <span class='ocrx_word' id='word_1_731' title='bbox 2603 2981 2727 3037; x_wconf 92' lang='lat' dir='ltr'>quo</span> <span class='ocrx_word' id='word_1_732' title='bbox 2757 2966 3088 3038; x_wconf 91' lang='lat' dir='ltr'>propheta:</span> <span class='ocrx_word' id='word_1_733' title='bbox 3124 2990 3151 3018; x_wconf 89' lang='grc'>‹‹</span> <span class='ocrx_word' id='word_1_734' title='bbox 3177 2967 3583 3040; x_wconf 88' lang='lat' dir='ltr'>Multiplicabi-</span> 
     </span>
    </p>
   </div>
   <div class='ocr_carea' id='block_1_92' title="bbox 1917 3053 3580 3128">
    <p class='ocr_par' dir='ltr' id='par_1_92' title="bbox 1917 3053 3580 3128">
     <span class='ocr_line' id='line_1_92' title="bbox 1917 3053 3580 3128; baseline -0.002 -18"><span class='ocrx_word' id='word_1_735' title='bbox 1917 3059 2014 3110; x_wconf 89' lang='lat' dir='ltr'>tur</span> <span class='ocrx_word' id='word_1_736' title='bbox 2044 3055 2174 3125; x_wconf 90' lang='lat' dir='ltr'>ejus</span> <span class='ocrx_word' id='word_1_737' title='bbox 2207 3053 2615 3126; x_wconf 91' lang='lat' dir='ltr'>imperium,et</span> <span class='ocrx_word' id='word_1_738' title='bbox 2642 3054 2810 3126; x_wconf 88' lang='lat' dir='ltr'>pacis</span> <span class='ocrx_word' id='word_1_739' title='bbox 2840 3070 2965 3111; x_wconf 90' lang='lat' dir='ltr'>non</span> <span class='ocrx_word' id='word_1_740' title='bbox 2995 3056 3104 3112; x_wconf 89' lang='lat' dir='ltr'>erit</span> <span class='ocrx_word' id='word_1_741' title='bbox 3127 3056 3266 3112; x_wconf 87' lang='lat' dir='ltr'>ﬁnis</span> <span class='ocrx_word' id='word_1_742' title='bbox 3297 3058 3580 3128; x_wconf 79' lang='lat' dir='ltr'>([sa.ix).»</span> 
     </span>
    </p>
   </div>
   <div class='ocr_carea' id='block_1_93' title="bbox 1919 3141 3582 3211">
    <p class='ocr_par' dir='ltr' id='par_1_93' title="bbox 1919 3141 3582 3211">
     <span class='ocr_line' id='line_1_93' title="bbox 1919 3141 3582 3211; baseline 0.001 -12"><span class='ocrx_word' id='word_1_743' title='bbox 1919 3144 2121 3210; x_wconf 87' lang='lat' dir='ltr'>Vinea,</span> <span class='ocrx_word' id='word_1_744' title='bbox 2154 3143 2213 3198; x_wconf 92' lang='lat' dir='ltr'>id</span> <span class='ocrx_word' id='word_1_745' title='bbox 2245 3147 2334 3198; x_wconf 89' lang='lat' dir='ltr'>est</span> <span class='ocrx_word' id='word_1_746' title='bbox 2354 3141 2647 3198; x_wconf 86' lang='lat' dir='ltr'>catholica</span> <span class='ocrx_word' id='word_1_747' title='bbox 2687 3142 2970 3211; x_wconf 88' lang='lat' dir='ltr'>Ecclesia,</span> <span class='ocrx_word' id='word_1_748' title='bbox 3011 3143 3208 3200; x_wconf 86' lang='lat' dir='ltr'>fructu</span> <span class='ocrx_word' id='word_1_749' title='bbox 3257 3144 3582 3202; x_wconf 87' lang='lat' dir='ltr'>abundans</span> 
     </span>
    </p>
   </div>
   <div class='ocr_carea' id='block_1_94' title="bbox 1917 3230 3580 3306">
    <p class='ocr_par' dir='ltr' id='par_1_94' title="bbox 1917 3230 3580 3306">
     <span class='ocr_line' id='line_1_94' title="bbox 1917 3230 3580 3306; baseline 0.001 -18"><span class='ocrx_word' id='word_1_750' title='bbox 1917 3231 2058 3288; x_wconf 87' lang='lat' dir='ltr'>ﬁdei</span> <span class='ocrx_word' id='word_1_751' title='bbox 2083 3231 2191 3288; x_wconf 91' lang='lat' dir='ltr'>fuit</span> <span class='ocrx_word' id='word_1_752' title='bbox 2223 3230 2497 3305; x_wconf 89' lang='lat' dir='ltr'>paciﬁco,</span> <span class='ocrx_word' id='word_1_753' title='bbox 2531 3230 2593 3287; x_wconf 90' lang='lat' dir='ltr'>id</span> <span class='ocrx_word' id='word_1_754' title='bbox 2623 3235 2712 3287; x_wconf 92' lang='lat' dir='ltr'>est</span> <span class='ocrx_word' id='word_1_755' title='bbox 2745 3231 2974 3289; x_wconf 87' lang='lat' dir='ltr'>Christo</span> <span class='ocrx_word' id='word_1_756' title='bbox 3003 3232 3108 3305; x_wconf 92' lang='lat' dir='ltr'>qui</span> <span class='ocrx_word' id='word_1_757' title='bbox 3141 3233 3345 3289; x_wconf 90' lang='lat' dir='ltr'>omnia</span> <span class='ocrx_word' id='word_1_758' title='bbox 3371 3233 3580 3306; x_wconf 90' lang='lat' dir='ltr'>paciﬁ-</span> 
     </span>
    </p>
   </div>
   <div class='ocr_carea' id='block_1_95' title="bbox 1918 3320 3583 3395">
    <p class='ocr_par' dir='ltr' id='par_1_95' title="bbox 1918 3320 3583 3395">
     <span class='ocr_line' id='line_1_95' title="bbox 1918 3320 3583 3395; baseline 0.001 -17"><span class='ocrx_word' id='word_1_759' title='bbox 1918 3321 2075 3378; x_wconf 88' lang='lat' dir='ltr'>cavit</span> <span class='ocrx_word' id='word_1_760' title='bbox 2102 3323 2163 3378; x_wconf 93' lang='lat' dir='ltr'>in</span> <span class='ocrx_word' id='word_1_761' title='bbox 2191 3321 2354 3377; x_wconf 67' lang='lat' dir='ltr'>caelis</span> <span class='ocrx_word' id='word_1_762' title='bbox 2385 3325 2443 3376; x_wconf 93' lang='lat' dir='ltr'>et</span> <span class='ocrx_word' id='word_1_763' title='bbox 2468 3320 2530 3376; x_wconf 92' lang='lat' dir='ltr'>in</span> <span class='ocrx_word' id='word_1_764' title='bbox 2561 3322 2749 3389; x_wconf 87' lang='lat' dir='ltr'>terris,</span> <span class='ocrx_word' id='word_1_765' title='bbox 2770 3321 2831 3376; x_wconf 91' lang='lat' dir='ltr'>in</span> <span class='ocrx_word' id='word_1_766' title='bbox 2863 3337 2935 3378; x_wconf 91' lang='lat' dir='ltr'>ea</span> <span class='ocrx_word' id='word_1_767' title='bbox 2963 3323 3430 3393; x_wconf 89' lang='lat' dir='ltr'>congregatione</span> <span class='ocrx_word' id='word_1_768' title='bbox 3457 3338 3583 3395; x_wconf 87' lang='lat' dir='ltr'>qua</span> 
     </span>
    </p>
   </div>
   <div class='ocr_carea' id='block_1_96' title="bbox 1919 3409 3582 3484">
    <p class='ocr_par' dir='ltr' id='par_1_96' title="bbox 1919 3409 3582 3484">
     <span class='ocr_line' id='line_1_96' title="bbox 1919 3409 3582 3484; baseline 0 -16"><span class='ocrx_word' id='word_1_769' title='bbox 1919 3411 2139 3468; x_wconf 92' lang='lat' dir='ltr'>multos</span> <span class='ocrx_word' id='word_1_770' title='bbox 2169 3409 2428 3484; x_wconf 92' lang='lat' dir='ltr'>populos</span> <span class='ocrx_word' id='word_1_771' title='bbox 2458 3410 2723 3483; x_wconf 88' lang='lat' dir='ltr'>possidet</span> <span class='ocrx_word' id='word_1_772' title='bbox 2771 3427 2844 3467; x_wconf 85' lang='lat' dir='ltr'>ex</span> <span class='ocrx_word' id='word_1_773' title='bbox 2878 3415 2998 3468; x_wconf 90' lang='lat' dir='ltr'>toto</span> <span class='ocrx_word' id='word_1_774' title='bbox 3041 3413 3208 3482; x_wconf 89' lang='lat' dir='ltr'>orbe,</span> <span class='ocrx_word' id='word_1_775' title='bbox 3239 3428 3363 3468; x_wconf 92' lang='lat' dir='ltr'>non</span> <span class='ocrx_word' id='word_1_776' title='bbox 3398 3412 3459 3468; x_wconf 91' lang='lat' dir='ltr'>in</span> <span class='ocrx_word' id='word_1_777' title='bbox 3487 3415 3582 3468; x_wconf 84' lang='lat' dir='ltr'>Ju-</span> 
     </span>
    </p>
   </div>
   <div class='ocr_carea' id='block_1_97' title="bbox 1916 3499 3582 3576">
    <p class='ocr_par' dir='ltr' id='par_1_97' title="bbox 1916 3499 3582 3576">
     <span class='ocr_line' id='line_1_97' title="bbox 1916 3499 3582 3576; baseline 0 -18"><span class='ocrx_word' id='word_1_778' title='bbox 1916 3503 2049 3558; x_wconf 65' lang='grc' dir='ltr'>(ἰωᾶ</span> <span class='ocrx_word' id='word_1_779' title='bbox 2080 3501 2299 3570; x_wconf 91' lang='lat' dir='ltr'>solum,</span> <span class='ocrx_word' id='word_1_780' title='bbox 2323 3499 2565 3556; x_wconf 88' lang='lat' dir='ltr'>tradidit</span> <span class='ocrx_word' id='word_1_781' title='bbox 2594 3517 2729 3557; x_wconf 90' lang='lat' dir='ltr'>eam</span> <span class='ocrx_word' id='word_1_782' title='bbox 2783 3501 3163 3573; x_wconf 89' lang='lat' dir='ltr'>custodibus,</span> <span class='ocrx_word' id='word_1_783' title='bbox 3215 3501 3320 3558; x_wconf 91' lang='lat' dir='ltr'>sed</span> <span class='ocrx_word' id='word_1_784' title='bbox 3365 3507 3421 3558; x_wconf 93' lang='lat' dir='ltr'>et</span> <span class='ocrx_word' id='word_1_785' title='bbox 3446 3518 3582 3576; x_wconf 83' lang='lat' dir='ltr'>pro-</span> 
     </span>
    </p>
   </div>
   <div class='ocr_carea' id='block_1_98' title="bbox 1914 3589 3578 3665">
    <p class='ocr_par' dir='ltr' id='par_1_98' title="bbox 1914 3589 3578 3665">
     <span class='ocr_line' id='line_1_98' title="bbox 1914 3589 3578 3665; baseline -0.001 -18"><span class='ocrx_word' id='word_1_786' title='bbox 1914 3591 2110 3665; x_wconf 91' lang='lat' dir='ltr'>phetis</span> <span class='ocrx_word' id='word_1_787' title='bbox 2132 3590 2227 3646; x_wconf 92' lang='lat' dir='ltr'>vel</span> <span class='ocrx_word' id='word_1_788' title='bbox 2259 3589 2548 3663; x_wconf 90' lang='lat' dir='ltr'>apostolis</span> <span class='ocrx_word' id='word_1_789' title='bbox 2599 3591 2719 3647; x_wconf 91' lang='lat' dir='ltr'>sive</span> <span class='ocrx_word' id='word_1_790' title='bbox 2759 3590 3120 3662; x_wconf 86' lang='lat' dir='ltr'>evangelicis</span> <span class='ocrx_word' id='word_1_791' title='bbox 3171 3591 3578 3662; x_wconf 88' lang='lat' dir='ltr'>dogmatibus,</span> 
     </span>
    </p>
   </div>
   <div class='ocr_carea' id='block_1_99' title="bbox 1914 3679 3580 3753">
    <p class='ocr_par' dir='ltr' id='par_1_99' title="bbox 1914 3679 3580 3753">
     <span class='ocr_line' id='line_1_99' title="bbox 1914 3679 3580 3753; baseline 0 -17"><span class='ocrx_word' id='word_1_792' title='bbox 1914 3681 2006 3737; x_wconf 90' lang='lat' dir='ltr'>vel</span> <span class='ocrx_word' id='word_1_793' title='bbox 2037 3679 2322 3750; x_wconf 89' lang='lat' dir='ltr'>angelicis</span> <span class='ocrx_word' id='word_1_794' title='bbox 2369 3679 2782 3749; x_wconf 89' lang='lat' dir='ltr'>dignitatibus.</span> <span class='ocrx_word' id='word_1_795' title='bbox 2817 3704 2844 3729; x_wconf 88' lang='grc'>‹‹</span> <span class='ocrx_word' id='word_1_796' title='bbox 2900 3680 3002 3736; x_wconf 86' lang='lat' dir='ltr'>Vir</span> <span class='ocrx_word' id='word_1_797' title='bbox 3031 3680 3203 3737; x_wconf 77' lang='lat' dir='ltr'>affert</span> <span class='ocrx_word' id='word_1_798' title='bbox 3242 3697 3352 3753; x_wconf 93' lang='lat' dir='ltr'>pro</span> <span class='ocrx_word' id='word_1_799' title='bbox 3383 3681 3580 3737; x_wconf 87' lang='lat' dir='ltr'>fructu</span> 
     </span>
    </p>
   </div>
   <div class='ocr_carea' id='block_1_100' title="bbox 1916 3769 3579 3842">
    <p class='ocr_par' dir='ltr' id='par_1_100' title="bbox 1916 3769 3579 3842">
     <span class='ocr_line' id='line_1_100' title="bbox 1916 3769 3579 3842; baseline -0.001 -16"><span class='ocrx_word' id='word_1_800' title='bbox 1916 3771 2046 3842; x_wconf 91' lang='lat' dir='ltr'>ejus</span> <span class='ocrx_word' id='word_1_801' title='bbox 2072 3769 2230 3826; x_wconf 90' lang='lat' dir='ltr'>mille</span> <span class='ocrx_word' id='word_1_802' title='bbox 2263 3774 2598 3839; x_wconf 89' lang='lat' dir='ltr'>argenteos.</span> <span class='ocrx_word' id='word_1_803' title='bbox 2630 3793 2658 3820; x_wconf 87' lang='lat'><strong><em>»</em></strong></span> <span class='ocrx_word' id='word_1_804' title='bbox 2689 3770 2755 3825; x_wconf 88' lang='lat' dir='ltr'>Id</span> <span class='ocrx_word' id='word_1_805' title='bbox 2789 3773 2876 3827; x_wconf 91' lang='lat' dir='ltr'>est</span> <span class='ocrx_word' id='word_1_806' title='bbox 2926 3770 3190 3825; x_wconf 84' lang='lat' dir='ltr'>Christus</span> <span class='ocrx_word' id='word_1_807' title='bbox 3223 3769 3579 3841; x_wconf 91' lang='lat' dir='ltr'>appendens</span> 
     </span>
    </p>
   </div>
   <div class='ocr_carea' id='block_1_101' title="bbox 1913 3857 3580 3932">
    <p class='ocr_par' dir='ltr' id='par_1_101' title="bbox 1913 3857 3580 3932">
     <span class='ocr_line' id='line_1_101' title="bbox 1913 3857 3580 3932; baseline -0.002 -15"><span class='ocrx_word' id='word_1_808' title='bbox 1913 3877 2170 3930; x_wconf 85' lang='lat' dir='ltr'>regnum</span> <span class='ocrx_word' id='word_1_809' title='bbox 2208 3859 2499 3916; x_wconf 66' lang='lat' dir='ltr'>caelorum</span> <span class='ocrx_word' id='word_1_810' title='bbox 2541 3875 2654 3932; x_wconf 92' lang='lat' dir='ltr'>pro</span> <span class='ocrx_word' id='word_1_811' title='bbox 2697 3859 2920 3916; x_wconf 89' lang='lat' dir='ltr'>sanctis</span> <span class='ocrx_word' id='word_1_812' title='bbox 2970 3858 3282 3916; x_wconf 90' lang='lat' dir='ltr'>laboribus</span> <span class='ocrx_word' id='word_1_813' title='bbox 3313 3857 3407 3912; x_wconf 92' lang='lat' dir='ltr'>vel</span> <span class='ocrx_word' id='word_1_814' title='bbox 3432 3857 3580 3913; x_wconf 85' lang='lat' dir='ltr'>elee—</span> 
     </span>
    </p>
   </div>
   <div class='ocr_carea' id='block_1_102' title="bbox 1914 3947 3580 4023">
    <p class='ocr_par' dir='ltr' id='par_1_102' title="bbox 1914 3947 3580 4023">
     <span class='ocr_line' id='line_1_102' title="bbox 1914 3947 3580 4023; baseline -0.002 -16"><span class='ocrx_word' id='word_1_815' title='bbox 1914 3951 2190 4023; x_wconf 89' lang='lat' dir='ltr'>moysnis</span> <span class='ocrx_word' id='word_1_816' title='bbox 2216 3951 2366 4021; x_wconf 90' lang='lat' dir='ltr'>ejus.</span> <span class='ocrx_word' id='word_1_817' title='bbox 2399 3950 2597 4005; x_wconf 90' lang='lat' dir='ltr'>Potest</span> <span class='ocrx_word' id='word_1_818' title='bbox 2617 3953 2674 4004; x_wconf 92' lang='lat' dir='ltr'>et</span> <span class='ocrx_word' id='word_1_819' title='bbox 2703 3948 2872 4005; x_wconf 91' lang='lat' dir='ltr'>aliter</span> <span class='ocrx_word' id='word_1_820' title='bbox 2900 3947 3180 4017; x_wconf 91' lang='lat' dir='ltr'>intelligi:</span> <span class='ocrx_word' id='word_1_821' title='bbox 3225 3971 3252 3997; x_wconf 90' lang='grc'>‹‹</span> <span class='ocrx_word' id='word_1_822' title='bbox 3287 3947 3381 4003; x_wconf 87' lang='lat' dir='ltr'>Vir</span> <span class='ocrx_word' id='word_1_823' title='bbox 3407 3947 3580 4004; x_wconf 80' lang='lat' dir='ltr'>affert</span> 
     </span>
    </p>
   </div>
   <div class='ocr_carea' id='block_1_103' title="bbox 1914 4035 3576 4113">
    <p class='ocr_par' dir='ltr' id='par_1_103' title="bbox 1914 4035 3576 4113">
     <span class='ocr_line' id='line_1_103' title="bbox 1914 4035 3576 4113; baseline -0.002 -17"><span class='ocrx_word' id='word_1_824' title='bbox 1914 4056 2025 4113; x_wconf 92' lang='lat' dir='ltr'>pro</span> <span class='ocrx_word' id='word_1_825' title='bbox 2055 4039 2249 4095; x_wconf 89' lang='lat' dir='ltr'>fructu</span> <span class='ocrx_word' id='word_1_826' title='bbox 2275 4040 2407 4110; x_wconf 90' lang='lat' dir='ltr'>ejus</span> <span class='ocrx_word' id='word_1_827' title='bbox 2439 4037 2598 4094; x_wconf 90' lang='lat' dir='ltr'>mille</span> <span class='ocrx_word' id='word_1_828' title='bbox 2625 4041 2965 4109; x_wconf 89' lang='lat' dir='ltr'>argenteos,</span> <span class='ocrx_word' id='word_1_829' title='bbox 3000 4060 3026 4086; x_wconf 86' lang='lat'>»</span> <span class='ocrx_word' id='word_1_830' title='bbox 3059 4037 3120 4092; x_wconf 92' lang='lat' dir='ltr'>id</span> <span class='ocrx_word' id='word_1_831' title='bbox 3150 4041 3240 4093; x_wconf 90' lang='lat' dir='ltr'>est</span> <span class='ocrx_word' id='word_1_832' title='bbox 3270 4052 3379 4109; x_wconf 91' lang='lat' dir='ltr'>pro</span> <span class='ocrx_word' id='word_1_833' title='bbox 3407 4035 3576 4093; x_wconf 88' lang='lat' dir='ltr'>retri-</span> 
     </span>
    </p>
   </div>
   <div class='ocr_carea' id='block_1_104' title="bbox 1912 4126 3579 4200">
    <p class='ocr_par' dir='ltr' id='par_1_104' title="bbox 1912 4126 3579 4200">
     <span class='ocr_line' id='line_1_104' title="bbox 1912 4126 3579 4200; baseline -0.001 -16"><span class='ocrx_word' id='word_1_834' title='bbox 1912 4129 2158 4185; x_wconf 90' lang='lat' dir='ltr'>butione</span> <span class='ocrx_word' id='word_1_835' title='bbox 2189 4133 2430 4185; x_wconf 79' lang='lat' dir='ltr'>aeterna.</span> <span class='ocrx_word' id='word_1_836' title='bbox 2450 4129 2636 4200; x_wconf 85' lang='lat' dir='ltr'>Hujus</span> <span class='ocrx_word' id='word_1_837' title='bbox 2656 4128 2845 4184; x_wconf 68' lang='lat' dir='ltr'>vineae</span> <span class='ocrx_word' id='word_1_838' title='bbox 2874 4128 2965 4182; x_wconf 89' lang='lat' dir='ltr'>vir</span> <span class='ocrx_word' id='word_1_839' title='bbox 2989 4127 3161 4184; x_wconf 74' lang='lat' dir='ltr'>affert</span> <span class='ocrx_word' id='word_1_840' title='bbox 3186 4126 3346 4182; x_wconf 93' lang='lat' dir='ltr'>mille</span> <span class='ocrx_word' id='word_1_841' title='bbox 3369 4141 3579 4197; x_wconf 90' lang='lat' dir='ltr'>argen-</span> 
     </span>
    </p>
   </div>
   <div class='ocr_carea' id='block_1_105' title="bbox 1913 4216 3580 4291">
    <p class='ocr_par' dir='ltr' id='par_1_105' title="bbox 1913 4216 3580 4291">
     <span class='ocr_line' id='line_1_105' title="bbox 1913 4216 3580 4291; baseline -0.002 -16"><span class='ocrx_word' id='word_1_842' title='bbox 1913 4223 2063 4290; x_wconf 90' lang='lat' dir='ltr'>teos,</span> <span class='ocrx_word' id='word_1_843' title='bbox 2093 4217 2154 4273; x_wconf 90' lang='lat' dir='ltr'>id</span> <span class='ocrx_word' id='word_1_844' title='bbox 2183 4222 2272 4274; x_wconf 88' lang='lat' dir='ltr'>est</span> <span class='ocrx_word' id='word_1_845' title='bbox 2298 4233 2409 4291; x_wconf 89' lang='lat' dir='ltr'>pro</span> <span class='ocrx_word' id='word_1_846' title='bbox 2429 4217 2823 4290; x_wconf 89' lang='lat' dir='ltr'>acquisitione</span> <span class='ocrx_word' id='word_1_847' title='bbox 2849 4216 3106 4274; x_wconf 84' lang='lat' dir='ltr'>ccelestis</span> <span class='ocrx_word' id='word_1_848' title='bbox 3134 4217 3323 4288; x_wconf 90' lang='lat' dir='ltr'>regni,</span> <span class='ocrx_word' id='word_1_849' title='bbox 3355 4217 3459 4289; x_wconf 91' lang='lat' dir='ltr'>qui</span> <span class='ocrx_word' id='word_1_850' title='bbox 3491 4220 3580 4272; x_wconf 89' lang='lat' dir='ltr'>est</span> 
     </span>
    </p>
   </div>
   <div class='ocr_carea' id='block_1_106' title="bbox 1915 4306 3577 4380">
    <p class='ocr_par' dir='ltr' id='par_1_106' title="bbox 1915 4306 3577 4380">
     <span class='ocr_line' id='line_1_106' title="bbox 1915 4306 3577 4380; baseline -0.001 -17"><span class='ocrx_word' id='word_1_851' title='bbox 1915 4307 2142 4364; x_wconf 86' lang='lat' dir='ltr'>fructus</span> <span class='ocrx_word' id='word_1_852' title='bbox 2181 4306 2376 4377; x_wconf 61' lang='lat' dir='ltr'>violae,</span> <span class='ocrx_word' id='word_1_853' title='bbox 2409 4311 2626 4363; x_wconf 91' lang='lat' dir='ltr'>cuncta</span> <span class='ocrx_word' id='word_1_854' title='bbox 2665 4323 2802 4380; x_wconf 68' lang='lat' dir='ltr'>quae</span> <span class='ocrx_word' id='word_1_855' title='bbox 2854 4307 3100 4364; x_wconf 88' lang='lat' dir='ltr'>mundis</span> <span class='ocrx_word' id='word_1_856' title='bbox 3131 4306 3385 4379; x_wconf 90' lang='lat' dir='ltr'>reliquit.</span> <span class='ocrx_word' id='word_1_857' title='bbox 3421 4306 3577 4362; x_wconf 84' lang='lat' dir='ltr'>Mile-</span> 
     </span>
    </p>
   </div>
   <div class='ocr_carea' id='block_1_107' title="bbox 1914 4395 3574 4469">
    <p class='ocr_par' dir='ltr' id='par_1_107' title="bbox 1914 4395 3574 4469">
     <span class='ocr_line' id='line_1_107' title="bbox 1914 4395 3574 4469; baseline -0.001 -16"><span class='ocrx_word' id='word_1_858' title='bbox 1914 4397 2120 4454; x_wconf 87' lang='lat' dir='ltr'>narius</span> <span class='ocrx_word' id='word_1_859' title='bbox 2168 4412 2458 4452; x_wconf 91' lang='lat' dir='ltr'>numerus</span> <span class='ocrx_word' id='word_1_860' title='bbox 2500 4412 2610 4469; x_wconf 88' lang='lat' dir='ltr'>pro</span> <span class='ocrx_word' id='word_1_861' title='bbox 2658 4395 3019 4469; x_wconf 88' lang='lat' dir='ltr'>perfectione</span> <span class='ocrx_word' id='word_1_862' title='bbox 3062 4397 3351 4469; x_wconf 90' lang='lat' dir='ltr'>accipitur</span> <span class='ocrx_word' id='word_1_863' title='bbox 3395 4395 3574 4465; x_wconf 88' lang='lat' dir='ltr'>illius,</span> 
     </span>
    </p>
   </div>
   <div class='ocr_carea' id='block_1_108' title="bbox 1915 4485 3578 4560">
    <p class='ocr_par' dir='ltr' id='par_1_108' title="bbox 1915 4485 3578 4560">
     <span class='ocr_line' id='line_1_108' title="bbox 1915 4485 3578 4560; baseline -0.001 -18"><span class='ocrx_word' id='word_1_864' title='bbox 1915 4486 2020 4560; x_wconf 91' lang='lat' dir='ltr'>qui</span> <span class='ocrx_word' id='word_1_865' title='bbox 2050 4485 2257 4543; x_wconf 91' lang='lat' dir='ltr'>omnia</span> <span class='ocrx_word' id='word_1_866' title='bbox 2285 4485 2542 4559; x_wconf 89' lang='lat' dir='ltr'>reliquit.</span> <span class='ocrx_word' id='word_1_867' title='bbox 2565 4485 2729 4543; x_wconf 87' lang='lat' dir='ltr'>Unde</span> <span class='ocrx_word' id='word_1_868' title='bbox 2757 4489 2816 4542; x_wconf 87' lang='lat' dir='ltr'>et.</span> <span class='ocrx_word' id='word_1_869' title='bbox 2843 4486 3109 4556; x_wconf 88' lang='lat' dir='ltr'>argentei</span> <span class='ocrx_word' id='word_1_870' title='bbox 3137 4501 3249 4559; x_wconf 89' lang='lat' dir='ltr'>pro</span> <span class='ocrx_word' id='word_1_871' title='bbox 3279 4485 3446 4543; x_wconf 93' lang='lat' dir='ltr'>omni</span> <span class='ocrx_word' id='word_1_872' title='bbox 3476 4501 3578 4558; x_wconf 86' lang='lat' dir='ltr'>pe-</span> 
     </span>
    </p>
   </div>
   <div class='ocr_carea' id='block_1_109' title="bbox 1915 4575 2518 4648">
    <p class='ocr_par' dir='ltr' id='par_1_109' title="bbox 1915 4575 2518 4648">
     <span class='ocr_line' id='line_1_109' title="bbox 1915 4575 2518 4648; baseline 0 -16"><span class='ocrx_word' id='word_1_873' title='bbox 1915 4575 2094 4633; x_wconf 91' lang='lat' dir='ltr'>cunia</span> <span class='ocrx_word' id='word_1_874' title='bbox 2122 4575 2518 4648; x_wconf 89' lang='lat' dir='ltr'>accipiuntur.</span> 
     </span>
    </p>
   </div>
   <div class='ocr_carea' id='block_1_110' title="bbox 1988 4687 3576 4763">
    <p class='ocr_par' dir='ltr' id='par_1_110' title="bbox 1988 4687 3576 4763">
     <span class='ocr_line' id='line_1_110' title="bbox 1988 4687 3576 4763; baseline 0 -19"><span class='ocrx_word' id='word_1_875' title='bbox 1988 4715 2015 4742; x_wconf 88' lang='grc'><em>‹‹</em></span> <span class='ocrx_word' id='word_1_876' title='bbox 2059 4691 2248 4747; x_wconf 84' lang='lat' dir='ltr'>Vinea</span> <span class='ocrx_word' id='word_1_877' title='bbox 2277 4706 2416 4747; x_wconf 88' lang='lat' dir='ltr'>mea</span> <span class='ocrx_word' id='word_1_878' title='bbox 2453 4707 2660 4747; x_wconf 89' lang='lat' dir='ltr'>coram</span> <span class='ocrx_word' id='word_1_879' title='bbox 2685 4707 2782 4746; x_wconf 93' lang='lat' dir='ltr'>me</span> <span class='ocrx_word' id='word_1_880' title='bbox 2807 4694 2913 4747; x_wconf 86' lang='lat' dir='ltr'>est.</span> <span class='ocrx_word' id='word_1_881' title='bbox 2948 4714 2976 4740; x_wconf 87' lang='lat'><strong>»</strong></span> <span class='ocrx_word' id='word_1_882' title='bbox 3005 4693 3129 4746; x_wconf 84' lang='lat' dir='ltr'>Vox</span> <span class='ocrx_word' id='word_1_883' title='bbox 3168 4687 3398 4763; x_wconf 89' lang='lat' dir='ltr'>sponsi,</span> <span class='ocrx_word' id='word_1_884' title='bbox 3429 4690 3576 4759; x_wconf 89' lang='lat' dir='ltr'>quia</span> 
     </span>
    </p>
   </div>
   <div class='ocr_carea' id='block_1_111' title="bbox 1913 4778 3577 4856">
    <p class='ocr_par' dir='ltr' id='par_1_111' title="bbox 1913 4778 3577 4856">
     <span class='ocr_line' id='line_1_111' title="bbox 1913 4778 3577 4856; baseline -0.003 -19"><span class='ocrx_word' id='word_1_885' title='bbox 1913 4783 2055 4856; x_wconf 89' lang='lat' dir='ltr'>post</span> <span class='ocrx_word' id='word_1_886' title='bbox 2081 4779 2576 4836; x_wconf 89' lang='lat' dir='ltr'>resurrectionem</span> <span class='ocrx_word' id='word_1_887' title='bbox 2607 4779 2872 4835; x_wconf 83' lang='lat' dir='ltr'>futuram</span> <span class='ocrx_word' id='word_1_888' title='bbox 2891 4778 3078 4834; x_wconf 87' lang='lat' dir='ltr'>sancti</span> <span class='ocrx_word' id='word_1_889' title='bbox 3094 4794 3305 4834; x_wconf 91' lang='lat' dir='ltr'>omnes</span> <span class='ocrx_word' id='word_1_890' title='bbox 3337 4792 3577 4848; x_wconf 87' lang='lat' dir='ltr'>semper</span> 
     </span>
    </p>
   </div>
   <div class='ocr_carea' id='block_1_112' title="bbox 1915 4865 3574 4938">
    <p class='ocr_par' dir='ltr' id='par_1_112' title="bbox 1915 4865 3574 4938">
     <span class='ocr_line' id='line_1_112' title="bbox 1915 4865 3574 4938; baseline -0.004 -12"><span class='ocrx_word' id='word_1_891' title='bbox 1915 4886 2056 4926; x_wconf 91' lang='lat' dir='ltr'>cum</span> <span class='ocrx_word' id='word_1_892' title='bbox 2087 4869 2340 4924; x_wconf 92' lang='lat' dir='ltr'>Domino</span> <span class='ocrx_word' id='word_1_893' title='bbox 2365 4873 2558 4937; x_wconf 89' lang='lat' dir='ltr'>erunt,</span> <span class='ocrx_word' id='word_1_894' title='bbox 2607 4867 2760 4923; x_wconf 89' lang='lat' dir='ltr'>sicut</span> <span class='ocrx_word' id='word_1_895' title='bbox 2788 4867 2914 4938; x_wconf 91' lang='lat' dir='ltr'>ipse</span> <span class='ocrx_word' id='word_1_896' title='bbox 2963 4867 3079 4923; x_wconf 88' lang='lat' dir='ltr'>ait:</span> <span class='ocrx_word' id='word_1_897' title='bbox 3117 4889 3145 4915; x_wconf 87' lang='grc'>‹‹</span> <span class='ocrx_word' id='word_1_898' title='bbox 3185 4865 3348 4937; x_wconf 87' lang='lat' dir='ltr'>Volo,</span> <span class='ocrx_word' id='word_1_899' title='bbox 3380 4866 3574 4933; x_wconf 88' lang='lat' dir='ltr'>Pater,</span> 
     </span>
    </p>
   </div>
   <div class='ocr_carea' id='block_1_113' title="bbox 1916 4953 3574 5028">
    <p class='ocr_par' dir='ltr' id='par_1_113' title="bbox 1916 4953 3574 5028">
     <span class='ocr_line' id='line_1_113' title="bbox 1916 4953 3574 5028; baseline -0.004 -13"><span class='ocrx_word' id='word_1_900' title='bbox 1916 4964 1981 5016; x_wconf 89' lang='lat' dir='ltr'>ut</span> <span class='ocrx_word' id='word_1_901' title='bbox 2009 4958 2110 5015; x_wconf 93' lang='lat' dir='ltr'>ubi</span> <span class='ocrx_word' id='word_1_902' title='bbox 2139 4973 2252 5028; x_wconf 89' lang='lat' dir='ltr'>ego</span> <span class='ocrx_word' id='word_1_903' title='bbox 2280 4974 2416 5013; x_wconf 86' lang='lat' dir='ltr'>sum</span> <span class='ocrx_word' id='word_1_904' title='bbox 2448 4961 2505 5013; x_wconf 93' lang='lat' dir='ltr'>et</span> <span class='ocrx_word' id='word_1_905' title='bbox 2525 4956 2604 5013; x_wconf 91' lang='lat' dir='ltr'>illi</span> <span class='ocrx_word' id='word_1_906' title='bbox 2633 4957 2750 5012; x_wconf 92' lang='lat' dir='ltr'>sint</span> <span class='ocrx_word' id='word_1_907' title='bbox 2777 4972 3018 5012; x_wconf 90' lang='lat' dir='ltr'>mecum</span> <span class='ocrx_word' id='word_1_908' title='bbox 3041 4957 3351 5026; x_wconf 79' lang='lat' dir='ltr'>(Joan.i).»</span> <span class='ocrx_word' id='word_1_909' title='bbox 3374 4953 3574 5026; x_wconf 86' lang='lat' dir='ltr'>Aliter,</span> 
     </span>
    </p>
   </div>
   <div class='ocr_carea' id='block_1_114' title="bbox 1918 5045 3577 5120">
    <p class='ocr_par' dir='ltr' id='par_1_114' title="bbox 1918 5045 3577 5120">
     <span class='ocr_line' id='line_1_114' title="bbox 1918 5045 3577 5120; baseline -0.001 -14"><span class='ocrx_word' id='word_1_910' title='bbox 1918 5067 1987 5106; x_wconf 93' lang='lat' dir='ltr'>ac</span> <span class='ocrx_word' id='word_1_911' title='bbox 2020 5049 2068 5104; x_wconf 90' lang='lat' dir='ltr'>si</span> <span class='ocrx_word' id='word_1_912' title='bbox 2100 5048 2319 5104; x_wconf 91' lang='lat' dir='ltr'>diceret</span> <span class='ocrx_word' id='word_1_913' title='bbox 2337 5063 2630 5120; x_wconf 90' lang='lat' dir='ltr'>sponsus:</span> <span class='ocrx_word' id='word_1_914' title='bbox 2656 5048 2872 5102; x_wconf 86' lang='lat' dir='ltr'>Verum</span> <span class='ocrx_word' id='word_1_915' title='bbox 2897 5046 3004 5102; x_wconf 91' lang='lat' dir='ltr'>etsi</span> <span class='ocrx_word' id='word_1_916' title='bbox 3034 5050 3089 5102; x_wconf 92' lang='lat' dir='ltr'>te</span> <span class='ocrx_word' id='word_1_917' title='bbox 3111 5045 3244 5102; x_wconf 93' lang='lat' dir='ltr'>aliis</span> <span class='ocrx_word' id='word_1_918' title='bbox 3265 5062 3577 5104; x_wconf 88' lang='lat' dir='ltr'>commen-</span> 
     </span>
    </p>
   </div>
   <div class='ocr_carea' id='block_1_115' title="bbox 1917 5135 3581 5210">
    <p class='ocr_par' dir='ltr' id='par_1_115' title="bbox 1917 5135 3581 5210">
     <span class='ocr_line' id='line_1_115' title="bbox 1917 5135 3581 5210; baseline -0.001 -15"><span class='ocrx_word' id='word_1_919' title='bbox 1917 5138 2056 5195; x_wconf 91' lang='lat' dir='ltr'>dem</span> <span class='ocrx_word' id='word_1_920' title='bbox 2071 5136 2444 5207; x_wconf 89' lang='lat' dir='ltr'>custodibus,</span> <span class='ocrx_word' id='word_1_921' title='bbox 2456 5140 2659 5193; x_wconf 90' lang='lat' dir='ltr'>tamen</span> <span class='ocrx_word' id='word_1_922' title='bbox 2670 5139 2725 5192; x_wconf 90' lang='lat' dir='ltr'>te</span> <span class='ocrx_word' id='word_1_923' title='bbox 2737 5151 2976 5209; x_wconf 91' lang='lat' dir='ltr'>semper</span> <span class='ocrx_word' id='word_1_924' title='bbox 2990 5135 3190 5193; x_wconf 91' lang='lat' dir='ltr'>habeo</span> <span class='ocrx_word' id='word_1_925' title='bbox 3204 5136 3265 5193; x_wconf 93' lang='lat' dir='ltr'>in</span> <span class='ocrx_word' id='word_1_926' title='bbox 3278 5153 3415 5193; x_wconf 91' lang='lat' dir='ltr'>mea</span> <span class='ocrx_word' id='word_1_927' title='bbox 3431 5154 3581 5210; x_wconf 69' lang='lat' dir='ltr'>prte-</span> 
     </span>
    </p>
   </div>
   <div class='ocr_carea' id='block_1_116' title="bbox 1920 5225 3577 5292">
    <p class='ocr_par' dir='ltr' id='par_1_116' title="bbox 1920 5225 3577 5292">
     <span class='ocr_line' id='line_1_116' title="bbox 1920 5225 3577 5292; baseline 0 -11"><span class='ocrx_word' id='word_1_928' title='bbox 1920 5225 2128 5292; x_wconf 91' lang='lat' dir='ltr'>sentia,</span> <span class='ocrx_word' id='word_1_929' title='bbox 2161 5225 2374 5280; x_wconf 90' lang='lat' dir='ltr'>videns</span> <span class='ocrx_word' id='word_1_930' title='bbox 2403 5229 2461 5281; x_wconf 90' lang='lat' dir='ltr'>et</span> <span class='ocrx_word' id='word_1_931' title='bbox 2505 5241 2900 5282; x_wconf 89' lang='lat' dir='ltr'>remunerans</span> <span class='ocrx_word' id='word_1_932' title='bbox 2938 5225 3163 5282; x_wconf 91' lang='lat' dir='ltr'>laboris</span> <span class='ocrx_word' id='word_1_933' title='bbox 3199 5226 3259 5282; x_wconf 90' lang='lat' dir='ltr'>in</span> <span class='ocrx_word' id='word_1_934' title='bbox 3290 5225 3577 5281; x_wconf 90' lang='lat' dir='ltr'>omnibus</span> 
     </span>
    </p>
   </div>
   <div class='ocr_carea' id='block_1_117' title="bbox 1919 5313 3578 5387">
    <p class='ocr_par' dir='ltr' id='par_1_117' title="bbox 1919 5313 3578 5387">
     <span class='ocr_line' id='line_1_117' title="bbox 1919 5313 3578 5387; baseline -0.001 -15"><span class='ocrx_word' id='word_1_935' title='bbox 1919 5314 2361 5372; x_wconf 86' lang='lat' dir='ltr'>devotionem.«</span> <span class='ocrx_word' id='word_1_936' title='bbox 2384 5314 2529 5372; x_wconf 78' lang='lat' dir='ltr'>Mille</span> <span class='ocrx_word' id='word_1_937' title='bbox 2548 5314 2632 5371; x_wconf 93' lang='lat' dir='ltr'>tui</span> <span class='ocrx_word' id='word_1_938' title='bbox 2657 5314 2951 5387; x_wconf 80' lang='lat' dir='ltr'>pacifici.»</span> <span class='ocrx_word' id='word_1_939' title='bbox 2976 5337 3002 5363; x_wconf 93' lang='grc'>‹‹</span> <span class='ocrx_word' id='word_1_940' title='bbox 3027 5314 3173 5372; x_wconf 81' lang='lat' dir='ltr'>Mille</span> <span class='ocrx_word' id='word_1_941' title='bbox 3197 5315 3338 5382; x_wconf 84' lang='lat' dir='ltr'>tui,»</span> <span class='ocrx_word' id='word_1_942' title='bbox 3357 5313 3578 5371; x_wconf 91' lang='lat' dir='ltr'>subau-</span> 
     </span>
    </p>
   </div>
   <div class='ocr_carea' id='block_1_118' title="bbox 1920 5403 3583 5474">
    <p class='ocr_par' dir='ltr' id='par_1_118' title="bbox 1920 5403 3583 5474">
     <span class='ocr_line' id='line_1_118' title="bbox 1920 5403 3583 5474; baseline -0.001 -13"><span class='ocrx_word' id='word_1_943' title='bbox 1920 5404 2082 5461; x_wconf 90' lang='lat' dir='ltr'>ditur</span> <span class='ocrx_word' id='word_1_944' title='bbox 2109 5403 2588 5474; x_wconf 90' lang='lat' dir='ltr'>argentei.Quasi</span> <span class='ocrx_word' id='word_1_945' title='bbox 2614 5403 2882 5460; x_wconf 84' lang='lat' dir='ltr'>dixisset:</span> <span class='ocrx_word' id='word_1_946' title='bbox 2908 5404 3019 5470; x_wconf 90' lang='lat' dir='ltr'>Qui</span> <span class='ocrx_word' id='word_1_947' title='bbox 3048 5419 3254 5459; x_wconf 90' lang='lat' dir='ltr'>amore</span> <span class='ocrx_word' id='word_1_948' title='bbox 3276 5418 3412 5457; x_wconf 91' lang='lat' dir='ltr'>meo</span> <span class='ocrx_word' id='word_1_949' title='bbox 3439 5419 3583 5459; x_wconf 87' lang='lat' dir='ltr'>cun-</span> 
     </span>
    </p>
   </div>
   <div class='ocr_carea' id='block_1_119' title="bbox 1924 5492 3580 5567">
    <p class='ocr_par' dir='ltr' id='par_1_119' title="bbox 1924 5492 3580 5567">
     <span class='ocr_line' id='line_1_119' title="bbox 1924 5492 3580 5567; baseline -0.001 -17"><span class='ocrx_word' id='word_1_950' title='bbox 1924 5499 2017 5550; x_wconf 82' lang='lat' dir='ltr'>cta</span> <span class='ocrx_word' id='word_1_951' title='bbox 2046 5509 2157 5548; x_wconf 89' lang='lat' dir='ltr'>sua</span> <span class='ocrx_word' id='word_1_952' title='bbox 2178 5492 2436 5562; x_wconf 92' lang='lat' dir='ltr'>dimittit,</span> <span class='ocrx_word' id='word_1_953' title='bbox 2460 5493 2521 5549; x_wconf 91' lang='lat' dir='ltr'>in</span> <span class='ocrx_word' id='word_1_954' title='bbox 2550 5509 2698 5567; x_wconf 87' lang='lat' dir='ltr'>pace</span> <span class='ocrx_word' id='word_1_955' title='bbox 2721 5492 2944 5550; x_wconf 90' lang='lat' dir='ltr'>habere</span> <span class='ocrx_word' id='word_1_956' title='bbox 2965 5496 3204 5549; x_wconf 88' lang='lat' dir='ltr'>servata</span> <span class='ocrx_word' id='word_1_957' title='bbox 3231 5497 3580 5562; x_wconf 90' lang='lat' dir='ltr'>cognoscat,</span> 
     </span>
    </p>
   </div>
   <div class='ocr_carea' id='block_1_120' title="bbox 1922 5581 3584 5655">
    <p class='ocr_par' dir='ltr' id='par_1_120' title="bbox 1922 5581 3584 5655">
     <span class='ocr_line' id='line_1_120' title="bbox 1922 5581 3584 5655; baseline 0 -17"><span class='ocrx_word' id='word_1_958' title='bbox 1922 5582 2272 5653; x_wconf 82' lang='lat' dir='ltr'>signiﬁcans</span> <span class='ocrx_word' id='word_1_959' title='bbox 2287 5581 2680 5654; x_wconf 90' lang='lat' dir='ltr'>simpliciores</span> <span class='ocrx_word' id='word_1_960' title='bbox 2697 5582 2758 5638; x_wconf 92' lang='lat' dir='ltr'>in</span> <span class='ocrx_word' id='word_1_961' title='bbox 2781 5581 3154 5655; x_wconf 86' lang='lat' dir='ltr'>Ecclesiaqui</span> <span class='ocrx_word' id='word_1_962' title='bbox 3175 5597 3421 5638; x_wconf 90' lang='lat' dir='ltr'>omnem</span> <span class='ocrx_word' id='word_1_963' title='bbox 3444 5581 3584 5638; x_wconf 92' lang='lat' dir='ltr'>sub-</span> 
     </span>
    </p>
   </div>
   <div class='ocr_carea' id='block_1_121' title="bbox 1921 5669 3583 5744">
    <p class='ocr_par' dir='ltr' id='par_1_121' title="bbox 1921 5669 3583 5744">
     <span class='ocr_line' id='line_1_121' title="bbox 1921 5669 3583 5744; baseline -0.001 -16"><span class='ocrx_word' id='word_1_964' title='bbox 1921 5671 2206 5728; x_wconf 87' lang='lat' dir='ltr'>stantiam</span> <span class='ocrx_word' id='word_1_965' title='bbox 2223 5669 2556 5728; x_wconf 87' lang='lat' dir='ltr'>millenario</span> <span class='ocrx_word' id='word_1_966' title='bbox 2582 5672 2882 5742; x_wconf 89' lang='lat' dir='ltr'>signatam</span> <span class='ocrx_word' id='word_1_967' title='bbox 2900 5686 3154 5728; x_wconf 88' lang='lat' dir='ltr'>numero</span> <span class='ocrx_word' id='word_1_968' title='bbox 3171 5687 3280 5744; x_wconf 91' lang='lat' dir='ltr'>pro</span> <span class='ocrx_word' id='word_1_969' title='bbox 3298 5671 3583 5728; x_wconf 87' lang='lat' dir='ltr'>charitate</span> 
     </span>
    </p>
   </div>
   <div class='ocr_carea' id='block_1_122' title="bbox 1923 5759 3583 5821">
    <p class='ocr_par' dir='ltr' id='par_1_122' title="bbox 1923 5759 3583 5821">
     <span class='ocr_line' id='line_1_122' title="bbox 1923 5759 3583 5821; baseline 0 -7"><span class='ocrx_word' id='word_1_970' title='bbox 1923 5759 2024 5817; x_wconf 91' lang='lat' dir='ltr'>Dei</span> <span class='ocrx_word' id='word_1_971' title='bbox 2052 5760 2359 5818; x_wconf 88' lang='lat' dir='ltr'>amittunt:</span> <span class='ocrx_word' id='word_1_972' title='bbox 2407 5785 2433 5812; x_wconf 91' lang='grc'>‹‹</span> <span class='ocrx_word' id='word_1_973' title='bbox 2470 5765 2535 5820; x_wconf 89' lang='lat' dir='ltr'>Et</span> <span class='ocrx_word' id='word_1_974' title='bbox 2565 5761 2806 5819; x_wconf 90' lang='lat' dir='ltr'>ducenti</span> <span class='ocrx_word' id='word_1_975' title='bbox 2836 5761 2928 5818; x_wconf 90' lang='lat' dir='ltr'>his</span> <span class='ocrx_word' id='word_1_976' title='bbox 2963 5761 3309 5821; x_wconf 87' lang='lat' dir='ltr'>custodiunt</span> <span class='ocrx_word' id='word_1_977' title='bbox 3356 5760 3583 5820; x_wconf 89' lang='lat' dir='ltr'>fructus</span> 
     </span>
    </p>
   </div>
  </div>
