3968 6452
349 314 455 369 θεῖ

939 306 1298 365 ANGELOMI
1335 305 1790 363 LUXOVIENSIS
1836 288 2154 361 MONXCHI
2194 291 2452 359 ENARH.
2490 290 2563 360 ΪΝ
2603 305 2905 361 CANTICA
2946 304 3214 360 CANTIC.

3700 283 3839 362 eis

356 456 389 490 κ
420 434 573 506 ejus.
608 456 637 485 »
673 433 739 490 Id
768 434 856 489 est
882 430 1147 499 argentei
1175 429 1268 484 his
1297 429 1402 501 qui
1425 429 1773 484 custodiunt
1792 429 2017 483 fructus
2055 420 2102 481 it
2131 426 2283 480 mira
2331 427 2786 483 disertissimum
2833 426 3170 483 calt-etenus
3230 424 3444 484 teneris
3503 416 3832 497 digitulis,

363 524 414 595 ej
426 523 628 595 us,qui
658 526 799 577 sunt
823 524 1098 576 doctores
1125 517 1314 573 sancti
1326 517 1449 589 ,qui
1466 518 1677 573 omnia
1696 517 1908 573 mundi
1935 517 2018 570 di-

363 612 606 670 mittunt
637 615 693 666 et
725 610 788 665 in
814 607 996 664 verbo
1027 605 1469 679 prtedicationis
1506 605 1711 661 labore
1740 621 1863 661 non
1895 622 2021 659 ces-

369 700 598 767 sant,hi
626 696 848 770 duplici
877 695 1532 766 remuneratione,quee
1559 695 1898 751 centenario
1928 694 2027 747 de-

369 789 641 861 signatur
658 799 933 852 numero,
951 783 1255 840 donantur
1280 782 1447 857 apud
1481 799 1596 839 me.
1617 787 1810 840 Potest
1836 788 1891 838 et
1921 782 2026 837 ali-

370 882 460 935 ter
485 874 766 944 intelligi:
800 872 1131 929 Duodecim
1150 873 1379 945 quippe
1409 872 1457 928 si
1491 888 1594 944 per
1617 872 2026 927 centenarium

371 979 694 1023 numerum
723 962 1216 1036 multiplicantur,
1238 960 1397 1017 mille
1421 960 1714 1016 ducentos
1745 959 2026 1015 eﬂiciunt.

374 1053 484 1119 Qui
509 1068 800 1109 numerus
824 1051 1029 1124 utique
1073 1049 1361 1123 apostolis
1389 1049 1479 1105 vel
1518 1049 1865 1123 apostolicis
1890 1049 2031 1104 viris

373 1141 668 1212 congruit.
703 1140 806 1196 Hie
832 1138 1089 1213 paciﬁci,
1120 1138 1184 1195 id
1213 1144 1301 1195 est
1332 1138 1545 1195 Christi
1586 1138 1882 1211 discipuli,
1916 1152 2036 1193 me-

374 1230 489 1288 rito
517 1229 917 1303 appellantur,
944 1243 984 1284 a
1011 1226 1235 1305 quibus
1259 1234 1476 1284 sancta
1504 1226 1731 1296 regitur
1757 1224 2033 1282 Ecclesia:

449 1339 481 1374 α
519 1319 660 1381 Quae
690 1317 927 1376 habitas
954 1317 1018 1373 in
1044 1316 1254 1382 hortis,
1279 1315 1456 1373 amici
1481 1316 1825 1372 auscultant
1852 1316 2038 1381 te,fac

377 1431 411 1463 κ
450 1423 550 1465 me
578 1408 788 1465 audire
816 1422 1031 1464 vocem
1064 1409 1253 1461 tuam.
1287 1426 1318 1456 ι»
1346 1408 1413 1460 in
1439 1404 1627 1460 hortis
1650 1405 1810 1460 enim
1844 1405 2038 1460 Eccle-

382 1497 476 1555 sia
492 1496 744 1563 habitat,
773 1511 910 1567 qua
958 1495 1093 1567 jam
1138 1492 1432 1550 viriditate
1461 1493 1589 1566 spei
1638 1498 1693 1549 et
1737 1494 2039 1549 bonorum

381 1570 610 1659 repleta
636 1588 723 1640 est
742 1596 1018 1656 operum.
1048 1587 1130 1639 Ac
1154 1582 1201 1637 si
1234 1587 1438 1655 aperte
1468 1581 1661 1639 dieat:
1690 1583 1839 1644 Quia
1875 1582 2040 1637 locu-

382 1673 466 1732 tio
495 1672 765 1729 ﬁnicnda
792 1676 901 1742 est,
932 1671 1049 1728 hoc
1075 1670 1358 1728 ultimum
1415 1670 1548 1726 vale
1572 1677 1607 1727 s
1639 1687 1735 1726 me
1767 1670 2042 1726 auditum

2130 514 2509 588 propriisque
2541 516 2803 572 articulis
2851 513 3188 572 describere
3218 522 3470 588 curaret,
3505 524 3704 590 atque
3747 518 3835 574 ei

2133 605 2341 674 pretio,
2390 605 2792 678 distractoque
2832 603 3218 671 commercio,
3259 603 3560 678 despectis
3598 608 3836 680 impe-

2132 691 2380 747 rialibus
2428 694 2690 765 dapibus
2736 693 2934 750 vivere
2982 708 3219 767 semper
3266 700 3687 762 consueverat,
3772 699 3840 752 et

2135 786 2302 836 tanto
2328 782 2524 838 studio
2549 782 2756 852 viguit,
2790 786 2853 838 ut
2879 783 3008 854 jugi
3049 783 3435 839 meditatione
3465 782 3521 840 et
3550 786 3838 857 propria

2135 870 2534 943 descriptione
2563 871 2756 940 legem
2808 874 3146 927 Romanam
3176 871 3461 928 divinitus
3491 868 3838 929 describe—

2138 963 2244 1024 ret,
2270 962 2325 1015 et
2353 968 2549 1015 mores
2577 962 2982 1016 Romanorum
3011 961 3314 1031 distortos,
3337 972 3624 1018 mucrone
3648 966 3840 1034 quo-

2140 1047 2474 1104 dammodo
2517 1048 2665 1118 legis
2711 1058 2987 1105 normam
3034 1046 3406 1106 rectitudinis
3455 1051 3835 1121 corrigeret,

2142 1141 2323 1208 atque
2356 1148 2391 1192 a
2424 1152 2533 1193 sua
2562 1137 2781 1194 duritia
2822 1143 3139 1209 coerceret,
3186 1137 3340 1194 adeo
3389 1134 3477 1203 ut,
3526 1138 3660 1195 aliis
3722 1155 3841 1194 ex-

2142 1225 2335 1299 pletis,
2381 1226 2655 1296 angelica
2688 1224 2879 1299 salpix
2937 1232 3233 1283 nocturna
3279 1225 3530 1297 visione,
3572 1227 3843 1284 C(Plitus

2144 1315 2195 1371 ei
2224 1315 2479 1371 intonuit
2503 1321 2559 1370 et
2585 1324 2694 1389 per
2722 1324 2934 1372 omnia
2960 1316 3179 1372 scmnii
3202 1316 3563 1388 gratulando
3592 1324 3843 1373 'vocem

2146 1403 2370 1471 extulit,
2403 1404 2644 1460 dicens:
2671 1403 2860 1472 Liber,
2894 1405 3104 1478 inquit,
3137 1404 3286 1477 legis
3318 1410 3439 1463 non
3468 1400 3731 1463 recedat
3753 1406 3847 1461 de

2149 1508 2250 1549 ore
2281 1498 2404 1559 tuo,
2437 1494 2724 1551 meditare
2754 1495 2815 1550 in
2864 1508 2935 1550 eo
2966 1496 3060 1551 die
3083 1508 3152 1552 ac
3195 1497 3390 1563 nocte,
3418 1500 3651 1568 quanto
3688 1504 3847 1552 ma-

2152 1582 2257 1651 gis,
2300 1597 2337 1637 0
2381 1582 2691 1637 mitissime
2713 1583 3011 1656 princeps,
3044 1584 3301 1656 propriis
3328 1583 3538 1640 studiis
3569 1588 3845 1641 sancta-

2148 1686 2287 1726 rum
2329 1670 2765 1742 Scripturarum
2816 1673 3227 1730 auctoritatem
3261 1673 3390 1744 jugi
3416 1662 3843 1731 meditatione

383 1777 622 1836 semper
650 1760 855 1818 habita
882 1759 947 1817 in
982 1759 1173 1833 portis
1224 1758 1535 1825 virtutum,
1584 1765 1644 1815 et
1699 1761 1846 1815 scito
1875 1759 2042 1831 quod
2069 1774 2115 1833 Β
2154 1773 2516 1829 percurrere,
2550 1765 2606 1815 et
2645 1759 3021 1817 altitudinem
3053 1758 3267 1818 divinae
3296 1762 3442 1833 legis
3472 1761 3637 1818 velut
3668 1779 3850 1836 quo-

383 1850 583 1921 amiei,
601 1849 663 1905 id
686 1853 776 1907 est
801 1848 1056 1919 angelici
1080 1848 1345 1922 spiritus,
1362 1852 1422 1904 et
1442 1847 1661 1905 animos
1692 1854 2043 1904 sanctorum

382 1943 677 2013 separatae
706 1937 1110 2009 considerant,
1135 1941 1192 1994 et
1223 1937 1300 1994 de
1322 1940 1428 1993 tuo
1454 1937 1722 2007 gaudent
1752 1940 2043 2010 proiectu.

381 2024 531 2108 Item
556 2024 738 2083 amici
784 2013 1143 2095 auscultant,
1186 2023 1332 2099 quia
1370 2041 1582 2082 omnes
1630 2026 1818 2096 electi,
1876 2032 1939 2081 ut
1968 2026 2046 2081 ad

383 2114 684 2195 caelestem
700 2112 959 2195 patriam
979 2113 1551 2185 reviviscent,verba
1571 2115 1704 2170 vitre
1728 2114 1936 2170 audire
1951 2114 2049 2170 de-

385 2190 682 2262 siderant:
704 2226 732 2255 «
750 2190 864 2261 Fac
892 2200 990 2260 me
1017 2202 1226 2262 audire
1247 2196 1461 2260 vocem
1486 2207 1711 2269 tuam,»
1735 2203 1797 2259 id
1821 2209 1908 2259 est
1925 2219 2048 2259 ver-

378 2283 534 2352 bum
558 2282 1001 2366 praediCationis
1031 2282 1087 2349 et
1123 2308 1245 2349 vox
1285 2283 1507 2364 laudis,
1552 2282 1851 2364 quantum
1883 2292 2047 2347 vales

389 2386 629 2458 semper
651 2380 931 2439 audiatur
959 2397 998 2438 a
1026 2396 1143 2437 me.
1171 2380 1262 2436 Ad
1284 2377 1414 2459 haec
1440 2396 1668 2453 sponsa
1698 2381 2007 2454 respondit
2031 2398 2044 2432 :

458 2493 489 2523 κ
510 2472 695 2543 Fuge,
727 2469 938 2527 dilecte
964 2468 1073 2537 mi,
1104 2472 1162 2527 et
1185 2464 1518 2525 assimilare
1551 2482 1805 2541 capreae,
1829 2470 2047 2525 hinnu-

388 2568 418 2614 c’
456 2544 638 2634 ioque
662 2556 1004 2629 cervorum,
1034 2573 1217 2631 super
1265 2562 1469 2613 monte
1499 2563 1860 2614 aromatum.
1908 2579 1936 2607 ››
1970 2564 2049 2613 Ac

388 2646 441 2706 si
467 2651 673 2722 aperte
701 2645 900 2704 dicat:
928 2644 1231 2712 Quoniam
1260 2643 1322 2701 in
1349 2640 1529 2701 carne
1559 2661 1861 2718 apparens
1895 2663 2049 2719 prte-

386 2742 564 2810 cepa
592 2745 665 2793 ac
692 2734 857 2792 dom
879 2735 1014 2791 vitis
1043 2734 1193 2790 mihi
1230 2732 1530 2798 deferens,
1566 2748 1727 2801 nunc
1756 2729 1848 2789 his
1872 2751 2049 2808 pera-

386 2824 501 2882 ‘etts
529 2828 759 2881 raverte
784 2822 848 2879 in
873 2823 1075 2879 sinum
1095 2821 1325 2879 Patris:
1375 2818 1420 2879 Ο
1453 2822 1535 2877 mi
1574 2819 1803 2889 dilecte,
1839 2842 1869 2876 ‹
1902 2823 2054 2880 assi-

386 2912 604 2971 milare
623 2909 1253 2985 eapreaa,hinnuloque
1272 2911 1587 2967 cervorum
1613 2919 1795 2983 supra
1817 2918 2050 2968 montes

386 3002 758 3073 aromatum,
790 3016 820 3052 »
848 3000 910 3056 i'd
940 3003 1049 3067 est,
1067 3002 1126 3056 et
1150 2999 1268 3055 hoc
1296 2998 1444 3055 mihi
1474 2994 1549 3056 sit
1578 2998 1882 3071 solatium,
1907 3002 2049 3074 quia

388 3090 679 3149 continua
705 3086 930 3146 visione
954 3098 1191 3162 nequeo
1221 3092 1278 3145 te
1301 3092 1563 3158 cernere,
1597 3088 1806 3145 saltem
1840 3089 2050 3147 ci-ebra

388 3177 725 3237 visitatione
753 3192 852 3235 me
879 3176 1182 3234 consolari
1211 3181 1536 3234 memento.
1584 3176 1850 3235 Christus
1883 3178 2047 3233 simi-

389 3266 465 3327 lis
508 3278 765 3341 capram,
808 3270 1057 3340 propter
1093 3258 1544 3322 similitudinem
1575 3266 1771 3322 carnis
1800 3267 2051 3339 peccati,

388 3355 500 3431 qui
524 3355 600 3412 de
628 3355 1106 3429 patriarcharum
1127 3354 1309 3427 stirpe
1326 3354 1491 3410 velut
1517 3355 1773 3411 exterius
1796 3357 2050 3424 genitus.

345 3449 348 3454 '
395 3443 690 3501 Hinnulus
718 3448 965 3516 propter
992 3444 1341 3499 varietatem
1368 3443 1654 3499 virtutum
1684 3444 1919 3513 dicitur,
1952 3445 2057 3516 qui

394 3544 537 3589 cum
562 3546 689 3604 qua
714 3542 897 3587 carne
920 3530 1001 3588 ad
1033 3530 1217 3587 ccelos
1268 3531 1556 3598 ascendit,
1588 3547 1729 3587 cum
1760 3533 1897 3603 ipsa
1926 3548 2057 3588 ver—

398 3624 565 3678 satus
592 3623 679 3675 est
707 3618 770 3674 in
800 3618 989 3675 terris.
1019 3621 1241 3676 Montes
1270 3624 1632 3687 aromatum,
1666 3621 1863 3690 angeli
1894 3622 2059 3675 intel-

394 3707 683 3778 liguntur,
707 3710 889 3780 super
911 3720 1067 3780 quos
1102 3707 1396 3764 exaltatus
1424 3711 1514 3763 est
1556 3706 1741 3763 homo
1790 3720 2061 3780 assump-

398 3799 519 3866 tus,
542 3796 696 3854 sicut
722 3794 1042 3854 Psalmista
1069 3795 1153 3853 ait
1175 3813 1188 3852 :
1214 3817 1243 3847 ‹‹
1276 3794 1558 3852 Ascendit
1586 3799 1741 3851 Deus
1763 3796 1822 3851 in
1843 3797 2060 3867 jubila-

398 3884 642 3957 latione,
669 3890 728 3943 et
769 3885 1062 3942 Dominus
1092 3884 1156 3942 in
1200 3900 1348 3941 voce
1396 3884 1555 3942 tuba:
1609 3874 1797 3955 (Psal.
1822 3892 1997 3953 XLVI).
2034 3908 2060 3934 ››

399 3975 551 4032 Hine
575 3980 789 4032 verum
817 3974 995 4031 dicit:
1029 3992 1059 4025 ι(
1085 3973 1432 4030 Ascendens
1463 3972 1729 4030 Christus
1759 3974 1819 4029 in
1849 3975 2061 4039 altum,

399 4063 707 4136 captivam
734 4064 906 4120 duxit
932 4062 1358 4136 captivitatem,
1401 4060 1567 4117 dedit
1610 4060 1776 4118 dona
1812 4063 2065 4119 homini-

400 4151 521 4210 bus
543 4152 783 4223 (Epim.
816 4154 920 4221 tv).
946 4166 976 4202 ιο
1028 4150 1174 4207 Hinc
1218 4154 1408 4207 Lucas
1451 4148 1569 4206 ait:
1599 4166 1626 4199 (ί
1661 4154 1727 4206 Et
1776 4152 2065 4207 Dominus

398 4242 575 4297 Iesus
602 4244 929 4312 postquam
953 4238 1192 4296 locutu
1220 4243 1309 4295 est
1331 4237 1415 4294 eis
1434 4240 1707 4296 ascendit
1733 4239 1794 4296 in
1821 4241 2060 4310 coelum,

401 4332 463 4387 et
490 4329 657 4386 sedet
684 4343 722 4385 ο,
743 4327 965 4383 dextris
990 4327 1094 4384 Dei
1122 4328 1337 4399 (Marc.
1367 4330 1507 4399 xvi).
1536 4346 1563 4377 ι»

472 4419 607 4474 lam
636 4415 798 4473 enim
846 4416 1093 4473 tandem
1136 4416 1465 4490 aliquando
1497 4420 1614 4473 Deo
1639 4417 1874 4475 favente
1914 4419 2064 4474 liber

398 4506 588 4564 ﬁnem
616 4504 901 4578 postulat,
945 4518 1129 4578 quem
1158 4477 1497 4562 calcetenus
1546 4507 1680 4579 ipso
1726 4508 2063 4563 adminicu—
2091 4477 2137 4531 θ

381 4594 562 4652 ‘lante
589 4599 752 4651 recta
782 4597 846 4651 ut
886 4593 1187 4651 credimus
1230 4594 1537 4666 indagine,
1590 4610 1855 4669 veraque
1891 4597 2064 4667 juxta

403 4699 651 4741 sensum
677 4683 1014 4753 doctorum,
1064 4684 1375 4757 nostrique
1420 4683 1799 4755 fragilitatem
1849 4701 2061 4740 sensus

398 4772 818 4850 perduximus,
850 4776 907 4829 et
935 4771 1353 4846 imperialibus
1380 4771 1633 4830 decretis
1660 4778 1843 4846 atque
1868 4779 2065 4843 Augu-

402 4862 673 4941 stalibus,
703 4878 742 4919 o
769 4864 965 4920 Cmsar
991 4865 1273 4934 Auguste,
1303 4875 1660 4936 quanquam
1713 4862 1929 4934 pavide
1958 4878 2061 4932 pa-

397 4967 531 5010 rere
557 4950 921 5008 studuimus.
956 4952 1144 5014 Quem
1193 4950 1450 5025 supplex
1489 4948 1888 5023 supplicando
1918 4965 2060 5021 sup-

397 5040 557 5115 plico
587 5039 948 5096 excellentiae
978 5039 1259 5097 culminis
1310 5038 1512 5109 vestri,
1545 5042 1611 5093 ut
1641 5036 1841 5092 subtili
1895 5038 2061 5092 inve-

400 5127 715 5197 stigatione
740 5127 994 5185 lustrare
1027 5129 1310 5186 nobilitas
1340 5131 1543 5183 vestra
1586 5140 1711 5181 non
1753 5124 1972 5197 pigeat,
2006 5131 2063 5182 et

397 5231 643 5274 summo
670 5216 866 5273 studio
894 5221 1242 5274 sanctorum
1285 5206 1602 5272 doctorum
1640 5213 1933 5286 opuscula
1960 5230 2060 5286 pa-

395 5304 539 5366 riter
588 5308 782 5362 vestra
837 5304 1077 5362 solertia
1132 5302 1438 5378 perlegere
1485 5301 1739 5357 studeat.
1789 5302 1846 5357 Si
1899 5304 2058 5358 enim

396 5393 766 5452 Theodosius
799 5393 1128 5467 imperator
1154 5391 1217 5447 in
1256 5388 1510 5463 imperio
1541 5395 1720 5444 natus
1748 5395 1804 5446 et
1841 5391 2057 5447 educa-

396 5485 495 5540 tus
524 5486 703 5539 tantae
734 5474 1096 5537 excellentia:
1120 5477 1357 5548 exstitit,
1390 5480 1454 5553 ut
1482 5476 1847 5547 singularem
1878 5482 2055 5536 totius

396 5570 532 5631 orbi
561 5568 979 5627 monarchiam
1010 5565 1322 5634 obtineret,
1368 5565 1648 5623 Prisciani
1680 5570 2055 5639 grammatici

395 5659 684 5723 Romanae
715 5651 1071 5725 eloquentiae
1097 5652 1331 5713 decoris
1355 5655 1605 5729 librum,
1642 5657 2051 5717 disertitudine

2154 1847 2485 1902 dammodo
2508 1852 2781 1905 montem
2813 1856 3113 1923 appetere,
3134 1850 3198 1907 ut
3223 1851 3495 1907 doctrina
3516 1850 3847 1924 spirituali

2154 1936 2498 2007 instructus,
2531 1940 2587 1992 et
2611 1938 2667 1993 te
2698 1934 2989 2008 sagaciter
3018 1938 3095 1994 ad
3122 1930 3330 1997 altiOra
3353 1939 3642 1996 virtutum
3675 1956 3846 2014 pro-

2156 2026 2391 2093 vehere,
2408 2031 2462 2081 et
2492 2025 2641 2081 alios
2663 2026 2738 2081 ad
2763 2028 3061 2083 tramitem
3086 2024 3454 2085 rectitudinis
3484 2034 3845 2101 provocare

2156 2113 2380 2168 valeas.
2414 2106 2582 2175 Quod
2626 2115 2889 2187 profecto
2937 2114 3172 2189 plenius
3215 2121 3548 2189 penetrare,
3577 2122 3634 2173 et
3666 2122 3845 2192 Quo-

2157 2202 2487 2258 dummodo
2518 2209 2786 2259 montem
2828 2205 3041 2260 (livlnlB
3075 2205 3391 2279 Scripturte
3440 2203 3667 2271 subire,
3708 2202 3843 2263 nisi

2158 2291 2355 2346 solerti
2382 2292 2578 2348 studio
2599 2296 2657 2348 et
2680 2293 2935 2365 puritate
2967 2292 3182 2365 cordis,
3205 2302 3263 2351 et
3289 2294 3579 2368 pudicitia
3604 2308 3843 2371 corpo-

2158 2382 2237 2435 ris
2266 2381 2625 2454 nequiveris.
2687 2383 2985 2456 Scriptu‘ra
3040 2382 3257 2439 etenim
3313 2386 3507 2454 sacra,
3563 2388 3629 2441 ut
3660 2386 3844 2460 Smpe

2157 2469 2477 2543 praefactus
2502 2474 2784 2527 tractator
2809 2472 2909 2539 ait,
2934 2482 3111 2527 mons
3135 2476 3224 2528 est
3249 2473 3324 2527 de
3355 2478 3477 2546 quo
3507 2472 3565 2528 i'n
3598 2476 3843 2530 uestris

2159 2557 2444 2613 cordibus
2476 2559 2762 2615 Dominus
2805 2560 2985 2617 venit.
3022 2563 3100 2617 De
3141 2568 3265 2633 quo
3309 2561 3606 2635 propheta
3637 2563 3841 2619 dicit:

2161 2649 2316 2703 Deus
2344 2657 2381 2704 ’a
2408 2649 2635 2705 Libano
2663 2650 2877 2720 veniet,
2915 2654 2972 2707 et
3019 2650 3264 2706 sanctus
3311 2643 3387 2706 de
3436 2648 3643 2708 inont'e
3700 2648 3843 2708 iun-

2158 2736 2341 2792 broso
2370 2743 2427 2793 et
2453 2738 2785 2795 condenso.
2833 2743 2944 2794 Iste
2982 2750 3159 2795 mons
3204 2738 3546 2797 cendensus
3571 2743 3664 2797 est
3724 2757 3845 2816 per

2160 2827 2505 2894 sententias,
2537 2828 2596 2883 et
2622 2828 2947 2884 umbrosus
2976 2844 3083 2901 per
3126 2826 3461 2899 allegorias.
3490 2828 3606 2885 Sed
3636 2832 3842 2887 scien-

2161 2916 2311 2971 dum
2341 2917 2487 2989 quia
2514 2924 2654 2973 cum
2675 2930 2789 2974 vox
2816 2918 2877 2973 in
2903 2920 3106 2974 monte
3133 2916 3327 2982 sonat,
3357 2919 3724 2977 vestimenta
3756 2920 3842 2977 la-

2163 3012 2303 3062 vare
2334 3007 2736 3080 praecipimur,
2769 3008 2827 3064 et
2855 3007 2933 3064 ab
2963 3007 3131 3064 omni
3181 3008 3594 3081 inquinatione
3625 3011 3840 3066 carnis

2164 3097 2483 3163 mundare,
2544 3097 2592 3151 si
2637 3095 2716 3152 ad
2768 3100 3035 3152 montem
3094 3096 3448 3153 festinemus
3515 3098 3837 3156 accedere.

2169 3185 2463 3258 Scriptum
2490 3185 2712 3258 quippe
2735 3190 2858 3241 est:
2886 3207 2914 3235 ‹‹
2937 3186 3083 3247 Quia
3101 3184 3149 3240 si
3172 3184 3361 3241 bestia
3385 3185 3637 3256 tetigerit
3656 3203 3841 3244 mon-

2168 3280 2308 3344 tem,
2338 3272 2707 3347 lapidabitur
2750 3276 2956 3344 (Hebr.
2988 3274 3111 3346 xu).
3148 3295 3175 3323 »
3218 3274 3413 3331 Bestia
3442 3275 3632 3345 tangit
3661 3280 3844 3332 mon-

2168 3369 2307 3433 tem,
2339 3362 2587 3436 quando
2612 3364 2748 3437 quis
2773 3362 3025 3419 luxuriae
3055 3368 3157 3420 aut
3184 3362 3629 3419 irrationalibus
3656 3366 3841 3421 moti-

2167 3452 2282 3507 bus
2308 3453 2564 3519 deditUS,
2628 3454 2942 3525 Scriptores
2992 3468 3177 3508 sacrae
3226 3452 3558 3508 celsitudini
3616 3458 3843 3527 appro-

2169 3544 2440 3613 pinquat,
2466 3545 2524 3597 et
2553 3554 2673 3597 non
2704 3551 2839 3597 eam
2867 3544 3201 3597 secundum
3226 3539 3395 3613 quod
3418 3541 3596 3597 debet
3624 3543 3842 3598 intelll-

2172 3632 2271 3698 git,
2308 3631 2411 3684 sed
2438 3630 2917 3686 irrationabiliter
2957 3631 3034 3687 ad
3095 3646 3222 3685 suae
3269 3630 3586 3701 voluptatis
3624 3629 3839 3687 intelli-

2172 3721 2435 3784 gentiam
2462 3718 2661 3775 ﬂectit.
2719 3720 2831 3775 Sed
2863 3720 2967 3774 iste
2996 3719 3126 3775 talis
3174 3718 3477 3775 absurdus
3525 3718 3619 3774 vel
3647 3735 3839 3775 censu

2171 3810 2360 3878 piger,
2396 3808 2444 3862 si
2475 3809 2633 3863 circa
2663 3809 2825 3864 hunc
2854 3814 3121 3864 montem
3152 3808 3316 3864 visus
3366 3807 3556 3875 fuerit,
3593 3810 3838 3864 atrocis-

2175 3898 2340 3951 simis
2385 3898 2709 3965 sententiis,
2768 3898 2945 3953 veluti
3005 3896 3309 3970 lapidibus
3353 3901 3617 3952 necatur.
3655 3898 3840 3953 Ardet

2173 3988 2331 4040 enim
2365 3985 2472 4040 iste
2507 3994 2702 4054 mons,
2732 3987 2878 4059 quia
2916 3992 3087 4042 sacra
3138 3986 3440 4058 Scriptura
3466 4001 3649 4058 quem
3669 3986 3841 4060 spiri-

2176 4075 2408 4130 tualiter
2485 4073 2693 4148 replet,
2775 4075 2999 4131 amoris
3075 4075 3213 4146 igne
3281 4074 3617 4141 succendit.
3668 4075 3840 4131 Unde

2175 4178 2282 4235 per
2310 4166 2556 4236 Moysen
2609 4164 2861 4220 dicitur:
2906 4180 2936 4218 ιι
2971 4168 3033 4219 in
3073 4164 3317 4219 dextera
3361 4164 3490 4234 eius
3536 4163 3722 4233 ignea
3747 4163 3840 4218 lex

2177 4254 2369 4321 (Deut.
2411 4256 2616 4322 xxxri).
2667 4274 2696 4303 ››
2729 4254 2878 4319 Quia
2904 4253 2968 4309 in
3008 4253 3333 4308 electorum
3377 4252 3709 4319 mentibus,
3739 4252 3839 4325 qui

2175 4344 2253 4398 ad
2283 4344 2590 4400 dexteram
2620 4344 2839 4414 judicis
2874 4342 3177 4399 statuendi
3206 4347 3365 4409 sunt,
3396 4341 3660 4413 ﬂagrant
3687 4358 3835 4416 prae-

2177 4438 2348 4504 cepta
2398 4432 2619 4499 divina,
2654 4436 2712 4487 et
2759 4432 3061 4488 charitatis
3108 4431 3323 4487 ardore
3355 4446 3648 4488 succensa
3676 4434 3831 4500 sunt,

2174 4522 2398 4577 idcirco
2426 4520 2750 4591 Augustale
2781 4521 2985 4589 decus,
3009 4525 3066 4576 et
3083 4522 3447 4575 Francorum
3480 4520 3670 4591 gloria
3699 4534 3832 4590 gen-

2174 4611 2249 4665 tis
2283 4610 2739 4666 rationabilibus
2762 4610 3063 4666 mentibus
3091 4613 3147 4665 et
3168 4609 3533 4665 castimoniis
3563 4608 3828 4682 corporis

2173 4698 2347 4753 stude
2376 4704 2643 4755 mentem
2685 4700 2863 4755 istum
2916 4698 3116 4753 subire
3148 4702 3203 4753 et
3250 4696 3476 4753 fervore
3530 4697 3826 4754 charitatis

2173 4798 2501 4842 succensus
2531 4787 2786 4857 legendo
2813 4792 3151 4860 penetrare,
3184 4792 3247 4841 ut
3277 4802 3387 4858 pro
3427 4786 3641 4842 merito
3670 4784 3827 4842 intel-

2170 4874 2449 4946 ligentiae,
2479 4880 2537 4931 et
2579 4877 2833 4932 aliorum
2864 4884 3019 4949 quas
3067 4874 3359 4945 corrigere
3398 4879 3596 4931 vestra
3643 4884 3821 4945 sagax

2170 4964 2491 5035 prudentia
2524 4964 2839 5031 studuerit,
2865 4964 3134 5036 profecto
3180 4969 3413 5019 montes
3460 4968 3819 5025 aromatum,

2170 5052 2226 5107 id
2261 5058 2349 5108 est
2373 5052 2756 5109 celsitudines
2789 5052 3145 5122 angelorum
3175 5052 3419 5107 tandem
3461 5052 3718 5107 Domino
3747 5051 3821 5105 fa-

2168 5148 2343 5199 vente
2374 5143 2561 5209 adire,
2594 5148 2774 5215 atque
2803 5156 3015 5197 eorum
3048 5141 3349 5212 suffragiis
3377 5140 3721 5196 orationum
3749 5137 3821 5195 ad

2168 5230 2477 5286 dexteram
2531 5230 2751 5302 judicis
2810 5240 2948 5285 cum
3003 5229 3222 5284 sanctis
3268 5226 3733 5300 imperatoribus
3773 5230 3825 5281 et

2169 5320 2523 5375 consulibus
2549 5319 2825 5375 collocari
2857 5319 3169 5388 merearis,
3205 5318 3545 5390 pariterque
3572 5332 3609 5372 a
3637 5314 3823 5372 Domi—

2166 5422 2248 5463 no
2274 5408 2519 5465 audire:
2557 5431 2585 5460 ‹‹
2620 5410 2799 5476 Euge,
2833 5422 2997 5462 serve
3026 5407 3204 5473 bone,
3232 5405 3445 5472 ﬁdelis,
3478 5406 3625 5477 quia
3651 5418 3821 5477 super

2166 5512 2365 5570 pauca
2393 5498 2555 5553 fuisti
2578 5496 2787 5562 ﬁdelis,
2822 5511 3005 5568 supra
3038 5495 3224 5550 multa
3258 5499 3311 5551 te
3342 5492 3820 5559 constituam,in-

2165 5590 2255 5643 tra
2288 5588 2349 5642 in
2382 5585 2675 5658 gaudium
2722 5584 2959 5642 Domini
2981 5585 3065 5641 tui
3088 5584 3331 5654 (Matth.
3364 5587 3526 5651 xxv).
3558 5600 3587 5633 τι
3612 5587 3815 5638 Amen.
