3968 6402
406 226 510 278 655

1823 211 2074 267 LEONIS
2111 211 2314 268 ΡΑΡΔΞ
2351 213 2419 266 ιν

3726 213 3840 266 656

405 345 628 418 quibus
648 341 882 411 insigne
913 338 1101 412 ipsius
1139 335 1414 410 praesulis
1441 340 1528 391 est
1554 349 1777 391 nomen
1802 333 2061 407 descrip-
2095 339 2144 389 A
2172 333 2412 416 ﬁdelem
2443 348 2576 390 esse
2606 332 2863 418 creditis,
2896 331 3043 388 mihi
3090 331 3199 388 soli
3223 331 3286 388 in
3340 332 3524 418 domo
3565 347 3698 401 sua,
3734 332 3844 418 ‘ni-

402 424 530 473 tum
552 506 725 572 Papa
755 503 818 557 S.
847 499 1102 556 Martini
1131 498 1556 554 monasterium
1590 500 1916 553 restaurat.

477 598 611 650 Jam
640 599 695 647 et
725 587 1162 646 monasterium
1194 588 1384 642 sancti
1407 586 1652 651 Martini,
1681 584 1845 712 quod
1879 584 2062 653 longo

477 667 575 712 nin
597 668 724 712 erat
750 675 1058 712 casurum.
1089 658 1255 712 miris
1281 658 1604 712 domorum
1635 674 1684 712 ae
1730 656 1902 711 iticiis
1943 672 2062 711 res-

407 667 575 722 senio
597 668 724 719 erat
750 675 1058 722 casurum,
1089 658 1255 713 miris
1281 658 1604 713 domorum
1635 656 1902 712 aediﬁciis
1943 672 2063 711 res-

407 736 684 802 tauravit,
704 737 760 788 et
779 731 858 788 ad
883 732 1176 802 honorem
1206 729 1537 798 meliorem,
1555 744 1743 802 quam
1760 727 1925 802 prius
1943 727 2064 782 fue-

405 816 516 878 rat,
549 798 815 862 funditus
837 801 1160 878 decoravit.
1193 805 1255 855 In
1271 817 1395 878 quo
1416 806 1473 855 et
1494 798 1721 855 vestem
1742 798 1944 878 albam
1969 814 2066 878 iro-

408 869 597 935 satam
616 892 755 932 cum
779 876 938 930 rosis
955 872 1190 940 obtulit,
1213 869 1570 926 salvatorem
1594 887 1732 925 cum
1755 869 2059 942 apostolis,

407 956 462 1006 et
487 950 778 1017 virginem
794 946 1336 1017 legentemnomen
1357 942 1586 997 domini
1610 940 1819 996 Leonis
1843 940 2059 1017 quarti.

408 1027 548 1077 Item
579 1011 713 1074 vela
743 1011 1010 1090 quinque
1039 1014 1194 1090 alba
1211 1018 1435 1090 rosata,
1485 1019 1542 1068 et
1596 1028 1784 1090 unum
1815 1011 2063 1090 quidem

405 1094 638 1149 habens
667 1082 1046 1159 gammadias
1075 1084 1444 1159 tredecimet
1496 1083 1824 1155 amygdala
1876 1082 1946 1137 de
1975 1098 2065 1137 ar-

407 1169 584 1234 gento
607 1154 898 1234 exaurata
915 1158 1045 1234 tria.
1078 1154 1424 1234 Inecclesia
1435 1154 1780 1234 sanctorum
1804 1158 2065 1234 quatuor

409 1226 844 1290 (vioronatoruin
875 1229 1010 1282 fecit
1038 1232 1265 1281 vestem
1295 1226 1369 1280 de
1401 1227 1650 1281 fundato
1678 1241 1885 1280 unam.
1919 1229 2066 1279 Prte-

405 1311 567 1361 terea
590 1303 750 1358 idem
785 1315 1060 1377 summus
1082 1303 1136 1351 et
1153 1295 2065 1377 orthodoxus‘pontifexhdivina

406 1376 796 1448 inspiratione
824 1370 1118 1448 pulsatus,
1146 1367 1282 1448 fecit
1311 1367 1372 1421 in
1403 1366 1649 1422 basilica
1703 1367 1860 1448 beati
1917 1366 2065 1447 Petri

409 1437 1137 1518 apéstolorum'_principis
1168 1439 1380 1494 calices
1413 1455 1486 1494 ex
1538 1442 1785 1518 argento
1817 1437 2063 1509 purissi-

410 1508 532 1582 mo,
565 1514 668 1587 qui
701 1508 960 1587 pendent
1012 1508 1192 1582 super
1237 1508 1886 1587 arcum‘principalem,
1929 1523 2064 1563 nec-

408 1580 533 1644 non
560 1580 615 1641 et
634 1580 789 1640 infra
813 1580 1126 1637 columnas
1153 1582 1413 1651 majores
1429 1580 1635 1636 dextra
1664 1580 1936 1650 laevaque
1957 1595 2067 1634 nu-

411 1673 581 1714 mero
613 1653 956 1722 octuaginta
979 1658 1114 1716 tres,
1139 1652 1428 1707 habentes
1450 1651 1694 1706 insimul
1713 1651 1897 1706 libras
1917 1667 2064 1723 qua~

409 1731 757 1798 dringentas
787 1723 1187 1848 quadraginta
1229 1728 1286 1778 et
1340 1738 1548 1778 unam.
1598 1723 1868 1848 ldipsum
1924 1737 2064 1777 vero

410 1806 548 1848 ante
580 1797 729 1848 sacri
758 1813 793 1848 a
819 1797 958 1848 taris
991 1794 1352 1848 vestibulum
1383 1795 1547 1848 mirae
1605 1810 1687 1848 nu
1715 1793 2064 1848 chritudinis

410 1793 729 1857 aute‘sacri
758 1793 958 1851 altaris
991 1794 1352 1865 vestibulum
1383 1795 1562 1865 mirae,
1605 1793 2064 1865 pulchritudinis

409 1871 548 1927 fecit
576 1869 831 1930 trabem,
861 1882 1047 1938 quam
1076 1870 1213 1937 post
1240 1864 1383 1938 diras
1410 1864 1946 1938 gentisnefandam
1967 1864 2068 1938 de-

408 1941 841 2015 praedationem
856 1934 950 2015 _ex.
973 1934 1220 2015 argento
1245 1935 1564 2015 decoravit
1595 1935 1944 2015 purissimo,
2007 1934 2065 1990 in

408 2006 534 2084 qua
561 2026 748 2084 sacrae
767 2026 836 2064 ac
856 2007 954 2062 Dei
976 2006 1346 2084 venerabiles
1363 2008 1572 2062 sedent
1591 2006 1905 2076 imagines,
1929 2022 2065 2078 quae

408 2079 674 2156 pensant
691 2081 876 2135 libras
907 2079 1235 2156 sexaginta.

483 2152 705 2210 Obtulit
733 2166 976 2223 quoque
1014 2147 1075 2223 in
1100 2147 1352 2204 ecclesia
1380 2148 1543 2223 beati
1583 2148 1734 2223 Petri
1784 2148 2064 2223 apostoli,

408 2242 540 2298 quae
569 2219 811 2296 ponitur
834 2219 897 2276 iri
917 2221 1148 2276 civitate
1180 2219 1440 2292 Leopoli,
1472 2219 1842 2276 thuribulum
1875 2220 1949 2275 de
1978 2235 2068 2275 ar-

409 2301 587 2366 gento
617 2298 904 2366 exaurato
927 2307 1136 2366 unum.

479 2367 607 2422 Pari
639 2365 823 2420 modo
875 2368 931 2419 et
973 2364 1034 2418 in
1083 2361 1333 2418 ecclesia
1359 2367 1583 2417 sanctae
1637 2362 1737 2418 Dei
1769 2362 2065 2432 genitricis

406 2439 619 2504 Mariae,
652 2453 785 2508 quae
829 2435 941 2508 sita
964 2434 1140 2490 estin
1188 2433 1317 2489 vico
1369 2433 1716 2503 Sardorum,
1767 2433 2064 2508 gabathas

408 2527 547 2565 cum
579 2505 839 2564 canistro
870 2505 945 2561 de
977 2509 1226 2575 argento
1257 2512 1573 2560 exauratas
1623 2510 1944 2577 pensantes
2003 2505 2067 2560 li-

405 2581 665 2636 bras.....

479 2651 753 2705 Similiter
773 2651 830 2703 et
849 2648 908 2702 in
936 2646 1259 2702 venerabili
1285 2648 1648 2701 monasterio
1672 2645 2062 2716 Hierusalem,

453 2721 574 2775 uod
595 2721 767 2790 juxta
798 2717 1112 2790 ecclesiam
1143 2717 1302 2772 beati
1341 2717 1770 2790 Petriapostoli
1800 2718 2063 2790 ponitur,

453 2737 574 2775 1100
595 2737 767 2790 ]1.1Χῐᾶ
798 2737 1112 2773 80016813111
1143 2737 1302 2772 Deau
1341 2737 1484 2772 l’Bll‘l
1517 2737 1770 2788 aposrou
1800 2737 2063 2790 pOIllIUI',

406 2737 545 2847 Emit
573 2796 804 2845 vestem
833 2789 908 2843 de
937 2788 1189 2843 fundato
1215 2803 1351 2842 cum
1379 2787 1685 2856 orbiculis,
1725 2788 1786 2843 in
1817 2788 2067 2845 circuitu

408 2866 710 2929 ornatam,
743 2876 881 2914 cum
911 2859 1043 2914 lista
1087 2859 1161 2913 de
1193 2859 1605 2929 chrysoelavo,
1635 2875 1772 2914 cum
1821 2859 1966 2915 velis
1993 2876 2066 2916 ex

406 2933 649 2988 imizino
679 2931 942 2995 duobus,
975 2936 1030 2985 et
1060 2930 1133 2984 de
1165 2930 1414 2984 fundato
1448 2930 1650 2985 tribus.

477 3004 608 3077 Ipse
638 3018 779 3082 vero
811 3017 853 3082 a_
871 3005 986 3082 Deo
1018 3000 1801 3082 proteetus,venerabilis‘et
1825 3001 2065 3082 praecla:

403 3072 962 3155 {us'pontifex‘fecit
993 3072 1478 3155 prOpitiatorium‘
1505 3073 1654 3152 sacri
1679 3072 1884 3155 altaris
1903 3072 2065 3128 beati

400 3142 555 3201 Petri
593 3142 1010 3217 apostolorum
1028 3142 1363 3217 principis,
1422 3142 1522 3197 ubi
1552 3215 1565 3217 _
1587 3144 2063 3217 sacratissimum

401 3232 625 3296 corpus
636 3214 784 3296 eius
814 3214 1071 3296 quiescit
1093 3214 1526 3296 spanoclistum
1552 3215 1784 3296 habens
1814 3215 2063 3286 quidem

400 3285 629 3358 argénti
655 3285 851 3342 libras'
866 3285 1267 3358 septuaginta,
1299 3291 1357 3340 et
1402 3285 1576 3355 duas,
1633 3286 1765 3342 auri
1792 3285 1935 3342 vero
1966 3302 2064 3342 oc-

401 3359 700 3428 tuaginta.

398 3447 742 3502 Accusatur
759 3447 919 3514 falso
951 3445 1112 3514 apud
1142 3447 1560 3514 imperatorem
1586 3446 1915 3502 Gratianus
1933 3461 2062 3502 ma-

426 3521 611 3589 gister
621 3518 899 3572 militum.
915 3517 1242 3571 Ludovicus
1257 3519 1583 3585 imperator
1594 3518 1752 3573 venit
1767 3520 2032 3574 Romam.

473 3607 659 3676 Hujus
687 3621 830 3661 vero
858 3604 1226 3677 temporibus
1257 3604 1509 3729 quidam
1543 3605 1750 3660 Daniel
1781 3606 2064 3675 magister

473 3678 680 3729 ilitum.
715 3676 1044 3729 iniuuitatis
1077 3692 1147 3729 ac
1179 3684 1270 3729 stu
1299 3676 1431 3729 tiliae
1482 3675 1640 3729 mole
1670 3682 1951 3729 ctecatus.
1984 3676 2063 3729 ad

397 3675 680 3747 militum,
715 3675 1044 3747 iniquitatis
1077 3692 1147 3732 ac
1179 3675 1431 3731 stultitiae
1482 3675 1640 3730 mole
1670 3682 1951 3743 crecatus,
1984 3676 2063 3732 ad

398 3749 784 3804 serenissima
813 3747 1020 3802 domni
1079 3747 1358 3818 Ludovici
1410 3748 1790 3818 imperatoris
1810 3748 2064 3818 vestigia

396 3819 759 3894 properavit,
787 3818 959 3894 eique
992 3817 1180 3874 multa
1195 3816 1347 3894 falsa
1368 3823 1425 3872 et
1448 3816 1904 3894 inutiliaverba,
1931 3834 2064 3894 quae

396 3888 558 3948 credi
601 3890 766 3946 nullo
810 3888 993 3945 modo
1025 3892 1304 3960 possent,
1319 3903 1506 3960 super
1547 3888 1894 3942 Gratianum
1922 3888 2065 3944 emi-

394 3962 816 4039 nentissimum
838 3958 1194 4039 magis—trum
1226 3958 1504 4028 militum,
1532 3964 1603 4039 et.
1619 3959 2064 4039 Romani_pala-

395 4034 459 4088 tii
489 4031 798 4102 egregium
832 4030 1236 4101 superinstam
1275 4045 1344 4084 ac
1399 4029 1805 4084 consiliarium
1864 4029 2061 4087 dicere

395 4120 520 4159 non
539 4101 845 4157 dubitavit
866 4110 911 4154 ει.
955 4104 1102 4155 Nam
1143 4103 1485 4154 constanter
1541 4115 1681 4155 eum
1735 4103 2064 4157 accusabat

396 4174 652 4229 falsitate
683 4170 762 4226 ob
802 4169 1115 4244 invidiam,
1176 4170 1380 4244 dicens
1427 4170 1768 4244 imperatori
1801 4189 1813 4227 :
1845 4173 2063 4228 Gratia-

395 4260 511 4302 nus
568 4247 851 4298 Romanae
903 4240 1068 4295 urbis
1123 4241 1479 4312 superinsta,
1511 4240 1709 4315 'quem
1769 4259 1913 4314 erga
1954 4260 2060 4302 vos

2173 407 2365 479 mium
2395 421 2576 479 super
2625 406 2906 479 Francos
2940 419 3350 479 murmurans,
3384 402 3532 458 dixit
3563 407 3788 479 secrete
3826 421 3839 457 :

2173 477 2325 542 Quia
2355 475 2565 532 Franci
2597 475 2742 531 nihil
2768 475 2942 531 nobis
2964 475 3107 530 boni
3140 475 3384 541 faciunt,
3417 490 3612 546 neque
3667 475 3765 545 adj
3778 491 3842 529 u-

2171 548 2392 620 torium
2423 547 2710 620 praebent,
2740 547 2845 601 sed
2890 547 3084 616 magis
3119 562 3252 620 quae
3285 550 3668 620 nostra_sunt
3712 546 3843 602 vio-

2169 618 2358 674 lenter
2388 617 2622 675 téllunt.
2657 620 2850 684 Quare
2881 634 3003 673 non
3061 617 3431 673 advocamus
3485 617 3743 684 Graacos,
3787 623 3847 672 et

2171 705 2311 745 cum
2337 691 2423 746 eis
2451 690 2648 745 fcedus
2673 689 2842 762 pacis
2875 694 3329 760 componentes,
3363 693 3417 744 et
3438 691 3841 762 ‘Francorum

2169 776 2396 832 regem.
2423 767 2479 817 et
2501 759 2740 832 gentem
2769 759 2844 815 de
2866 759 3072 832 nostro
3101 775 3287 830 regno
3317 764 3395 832 etp
3419 759 3842 832 dominatione

2170 829 2574 904 expellimuszt
2606 833 2734 904 Quo
2765 831 2990 898 audito,
3040 829 3533 904 mox’opraedictus
3582 831 3846 904 impera:

2171 901 2263 958 tor
2284 903 2582 958 immenso
2614 903 2812 958 furore
2841 918 3132 958 accensus
3163 901 3288 957 sine
3316 901 3521 958 litteris
3551 901 3736 958 etiam
3760 901 3844 957 ad

2172 977 2514 1030 Romanum
2566 974 2815 1046 directis
2862 973 3208 1046 pontiﬁcem
3261 979 3314 1046 et
3367 977 3668 1034 senatum,
3727 975 3844 1028 Ro-

2170 1061 2337 1100 mam
2385 1046 2594 1116 venire
2631 1044 2911 1101 velociter
2965 1045 3328 1116 procuravit.
3389 1046 3578 1116 Quem
3632 1049 3844 1116 tamen

2170 1117 2509 1172 venientem
2563 1115 2839 1188 domnus,
2884 1115 2997 1171 Leo
3056 1131 3218 1188 papa
3266 1115 3616 1188 honoriﬁce,
3688 1115 3846 1188 sicut

2170 1203 2305 1242 mos
2329 1192 2436 1256 est,
2469 1203 2651 1259 super
2697 1187 2924 1257 gradus
2949 1185 3235 1259 hmajoi'es
3295 1189 3352 1259 Β.
3386 1186 3530 1259 Petri
3563 1185 3846 1259 apostoli

2171 1259 2438 1384 residens
2461 1257 2744 1340 suscepit,
2770 1264 2826 1315 et
2849 1257 3146 1314 melliﬂuis
3167 1257 3610 1331 praedicationis
3629 1257 3844 1312 verbis

2172 1345 2212 1384 D
2238 1346 2412 1384 acare
2457 1336 2656 1384 ccemt.

2172 1336 2412 1401 placare
2457 1336 2656 1402 ccepit.

2170 1438 2476 1492 Placitum
2507 1437 2765 1493 habetur
2803 1437 2874 1493 de
2899 1438 3298 1493 accusatione.
3346 1438 3685 1492 Accusator
3717 1441 3846 1492 tra-

2243 1509 2412 1634 dittur
2431 1510 2714 1564 Gratiani
2743 1510 3047 1578 potestati,
3079 1523 3118 1564 a
3170 1524 3286 1580 quo
3334 1509 3684 1564 dimittitur.
3717 1508 3847 1563 Mo-

2245 1596 2301 1634 ri
2332 1596 2408 1634 ur
2431 1596 2618 1650 papa.

2104 1699 2144 1751 Β
2210 1686 2516 1760 _Quadam
2545 1704 2688 1743 vero
2718 1687 2813 1760 die
2849 1687 2982 1760 ipso
3008 1686 3369 1760 imperatore
3417 1703 3556 1760 cum
3589 1687 3845 1760 sanctis-

2175 1757 2327 1832 simo
2356 1761 2547 1832 Leone
2571 1757 2888 1832 pontiﬁce;
2905 1757 3188 1832 omnibus
3211 1758 3522 1832 _Romanis
3575 1759 3845 1832 proceri-

2173 1829 2317 1899 bus,
2350 1828 2652 1902 pariter—et
2679 1830 2921 1902 optimis
2938 1829 3182 1902 Francis
3207 1828 3269 1884 in
3289 1828 3473 1902 domo
3495 1828 3688 1902 quam
3703 1829 3847 1902 beae

2175 1906 2249 1956 tae
2281 1900 2584 1974 memoriae
2617 1900 2740 1956 Leo
2762 1902 2850 1974 IlI,
2877 1917 3041 1974 papa
3065 1901 3238 1974 juxta
3253 1900 3569 1974 ecclesiam
3596 1902 3656 1955 Β.
3684 1901 3843 1957 Petri

2176 1973 2443 2043 Apostoli
2474 1973 2693 2028 fecerat
2721 1971 3091 2040 sedentibus,
3123 1972 3197 2027 de
3246 1971 3533 2043 praedicta
3587 1988 3845 2028 accuza-

2175 2044 2334 2098 tione
2365 2043 2646 2116 placitum
2678 2044 3102 2116 habuitrTunc
3147 2043 3353 2116 Daniel
3408 2044 3613 2116 iniqua
3643 2043 3842 2116 fronte

2174 2114 2464 2181 armatus,
2494 2115 2766 2187 falsaque
2806 2115 3188 2187 cogitatione
3213 2114 3689 2187 imbutus—dixit
3745 2131 3842 2170 co-

2174 2202 2305 2241 ram
2331 2186 2615 2240 omnibus
2646 2185 2800 2241 {Iste
2831 2187 3145 2242 Gratianus
3177 2185 3390 2241 habuit
3419 2203 3661 2241 mecum
3695 2201 3840 2242 con-

2175 2256 2394 2324 silium,
2426 2258 2582 2312 hanc
2614 2260 2951 2312 Romanam
3007 2261 3227 2312 terram
3271 2256 3345 2311 de
3400 2264 3593 2312 vestra
3631 2257 3842 2312 tollere

2173 2331 2480 2400 potestate,
2515 2333 2571 2384 et
2597 2329 2810 2384 Graecis
2848 2328 3079 2383 tradere
3111 2327 3293 2383 illam.
3329 2328 3431 2384 Cui
3481 2329 3682 2384 statim
3717 2344 3843 2385 non

2174 2399 2371 2455 solum
2403 2402 2735 2466 Gratianus,
2768 2415 2975 2454 verum
3006 2401 3187 2454 etiam
3209 2415 3419 2454 omnes
3451 2400 3710 2456 Romani
3742 2416 3836 2456 co-

2173 2486 2304 2526 ram
2343 2470 2702 2542 imperatore
2754 2470 3075 2542 dixerunt:
3107 2471 3385 2540 Mentiris,
3442 2471 3607 2527 nullo
3650 2471 3842 2527 modo

2174 2546 2266 2597 est
2292 2541 2504 2597 verum
2529 2541 2695 2614 quod
2721 2541 2889 2614 dicis.

2247 2612 2624 2683 Cognosceiis
2647 2617 2848 2668 autem
2864 2613 3209 2685 imperator,
3235 2612 3502 2685 etomnis
3529 2615 3839 2685 Romano-

2173 2699 2308 2756 rum
2343 2683 3127 2756 Francorumquenobilitas
3147 2684 3502 2756 praadictum
3526 2684 3840 2740 Danielem

2174 2755 2289 2809 tale
2317 2754 2540 2809 crimen
2573 2771 2680 2825 per
2709 2754 3032 2811 falsitatem
3058 2759 3116 2810 et
3141 2754 3428 2810 invidiam
3457 2761 3665 2810 contra
3700 2759 3840 2812 Gra-

2173 2825 2404 2908 tianum
2421 2825 2852 2908 dixissebilolico.
2866 2825 3027 2908 idem
3049 2825 3547 2908 clementissimus
3569 2827 3838 2898 impera-

2173 2902 2265 2952 tor
2274 2896 2484 2952 nolens
2497 2896 2706 2952 contr'a
2721 2896 2987 2952 instituta
3000 2903 3265 2970 veterum
3282 2896 3690 2970 Augustorum
3712 2914 3840 2970 per-

2173 2983 2349 3036 agere
2367 2970 2794 3034 Romanorum,
2816 2984 2917 3023 eos
2939 2968 3272 3023 secundum
3291 2971 3622 3024 Romanam
3636 2968 3836 3038 legem

2103 3053 2144 3106 ο
2173 3038 2422 3094 instituit
2443 3038 2892 3112 judicare._Quo
2918 3039 3147 3109 judicio
3182 3039 3308 3112 ipse
3347 3039 3586 3112 Daniel,
3611 3041 3837 3096 multo-

2173 3125 2309 3183 rum
2329 3109 2535 3183 ‘verbis
2565 3110 2984 3183 reprehensus,
3025 3127 3127 3166 ore
3156 3109 3838 3183 proprioimanifestavit

2174 3197 2236 3254 se
2268 3179 2485 3254 falsum
2514 3179 2920 3254 testimonium
2966 3179 3177 3254 super—
3198 3179 3338 3237 eum
3393 3181 3636 3254 dixisse.
3700 3183 3838 3238 Ideo

2167 3252 2482 3323 jamrdicto
2532 3252 2810 3308 Gratiano
2858 3258 2993 3308 ante
3042 3252 3263 3308 omnes
3322 3259 3409 3308 est
3462 3253 3740 3316 traditus.
3780 3260 3842 3310 ut

2171 3322 2470 3396 quidquid
2495 3323 2572 3396 de
2591 3340 2661 3379 eo
2688 3323 2886 3396 facere
2913 3323 3089 3380 vellet
3118 3329 3473 3396 potestatem
3494 3323 3768 3385 haberet.

2247 3395 2360 3467 Sed
2391 3411 2530 3450 cum
2555 3395 2684 3467 jam
2738 3395 3023 3467 traditum
3071 3395 3374 3450 Danielem
3423 3395 3757 3467 imperator
3806 3412 3841 3451 a

2173 3465 2453 3539 Gratiano
2483 3466 2672 3521 multa
2703 3471 2757 3539 e_t
2787 3465 2998 3521 humili
3027 3467 3478 3539 supplicatione;
3507 3465 3836 3539 petivisset,

2173 3536 2486 3609 Gratianus
2518 3537 2791 3609 assensit,
2823 3553 3005 3609 quem
3036 3536 3130 3592 ille
3144 3536 3371 3593 _statim
3425 3536 3696 3609 plenaria
3727 3539 3840 3594 sibi

2171 3607 2403 3680 reddita
2433 3609 2622 3680 gratia
2647 3607 2898 3663 libenter
2919 3609 3198 3680 suscepit,
3223 3615 3279 3664 et
3307 3610 3388 3664 sic
3411 3607 3484 3663 de
3517 3609 3728 3664 mortis
3757 3615 3841 3665 est

2175 3677 2452 3752 periculo
2494 3679 2797 3752 liberatus.
2861 3680 2961 3752 His
3018 3677 3461 3752 vero'peractis
3509 3680 3840 3752 imperator

2173 3749 2340 3818 abiit,
2373 3755 2430 3804 et
2460 3750 2873 3824 sanctissimus
2903 3750 3179 3824 domnus
3209 3749 3330 3824 Leo?
3372 3749 3621 3824 quartus
3673 3767 3838 3824 papa

2173 3836 2296 3891 non
2327 3824 2468 3891 post
2491 3820 2713 3875 multos
2739 3820 2867 3877 dies
2905 3821 3269 3877 obdormivit
3318 3820 3694 3877 in'Domino—
3746 3820 3836 3878 in

2174 3889 2473 3965 Kalendas
2494 3891 3090 3965 augustiLSepultus
3138 3909 3278 3949 vero
3329 3898 3418 3949 est
3467 3894 3528 3948 in
3583 3893 3838 3951 ecclesia

2170 3961 2331 4035 beati
2357 3961 2510 4035 Petri
2541 3962 2814 4035 apostoli.

2247 4033 2403 4088 Fecit
2431 4033 2633 4088 autem
2665 4033 3074 4090 ordinationes
3105 4034 3280 4102 duas,
3304 4051 3489 4091 unam
3538 4035 3597 4090 in
3623 4052 3837 4092 mense

2172 4103 2503 4177 Decembri,
2531 4110 2586 4160 et
2608 4104 2796 4177 _aliam
2826 4121 2933 4177 per
2963 4122 3236 4162 mensem
3275 4107 3566 4174 Martium,
3617 4113 3840 4163 creant

2170 4175 2798 4252 presbyteros_decem
2820 4175 2876 4252 et
2912 4192 3150 4245 novem,
3183 4178 3472 4252 diaconos
3527 4185 3685 4249 octo,
3720 4178 3836 4252 epi-

2172 4246 2391 4318 scopos
2417 4262 2526 4320 per
2549 4246 2788 4303 diversa
2823 4247 2958 4304 loca
2983 4264 3236 4305 numero
3264 4249 3575 4319 sexaginta
3603 4246 3676 4306 et
3693 4246 3831 4308 tres.

513 4355 744 4415 Platina
771 4357 899 4412 vult
932 4372 1161 4429 papam
1197 4360 1551 4413 accusatum
1572 4358 1738 4432 apud
1767 4359 2114 4416 Lotharium
2142 4360 2594 4435 imperatorem.

905 4491 1062 4499 ...ρ--ο

1067 4491 1490 4500 --υ-*σηκο-οφοσ-νο--ρ

2328 4498 2398 4505 ημνμ
2429 4500 2524 4506 -σ--η
2546 4501 2622 4506 —_—
2669 4501 2768 4506 -.--.-
2817 4501 2904 4507 --τ.
2957 4502 2972 4509 ο
3107 4501 3123 4507 ιι.
3212 4502 3243 4506 _-

1361 4627 2024 4748 LEONIS
2091 4632 2610 4750 PAPE
2683 4634 2884 4753 IV

922 4849 1921 4988 EPISTOLXE
2019 4852 2251 4988 ET
2365 4854 3301 4995 DECRETA.

809 5318 840 5356 Δ
850 5318 880 5354 D
921 5314 1233 5353 EXERCITUM
1272 5314 1624 5356 FRANCORUM.

459 5391 681 5445 aOmni
723 5390 937 5444 timore
997 5403 1066 5441 ac
1122 5390 1341 5443 terrore
1367 5387 1660 5460 deposito,
1703 5393 1912 5446 contra
1939 5389 2047 5447 ini-

389 5478 577 5531 micos
602 5481 820 5533 sanctae
843 5474 1005 5541 fidei,
1038 5480 1094 5528 et
1123 5475 1498 5532 adversarios
1528 5477 1801 5533 omnium
1853 5479 2044 5548 regio-

388 5579 536 5617 num
559 5563 799 5617 viriliter
827 5576 1004 5628 agere
1041 5563 1290 5619 studete.
1325 5567 1492 5620 Item.
1530 5566 1637 5622 Ubi
1668 5583 1857 5637 usque
1885 5583 2046 5622 nunc

460 5709 485 5733 ι
517 5702 638 5768 lvo,
670 5717 802 5772 cap.
841 5707 927 5758 87.

2070 5220 2113 5274 Ι)
2150 5217 2428 5286 parentes
2450 5215 2629 5271 vestri
2674 5215 2987 5288 publicum
3038 5223 3361 5276 moverunt
3415 5221 3820 5293 procinctum,

2156 5317 2395 5375 semper
2414 5303 2670 5359 victores
2692 5305 3063 5374 exstiterunt,
3083 5307 3370 5381 nullaque
3386 5325 3491 5365 eos
3503 5310 3825 5368 multitudo

2153 5391 2363 5463 populi
2379 5409 2662 5466 superare
2689 5395 2902 5467 potuit.
2932 5399 3059 5453 Non
3076 5397 3237 5453 enim
3265 5399 3614 5456 audivimus
3641 5407 3704 5458 ut
3726 5402 3826 5457 ali—

2152 5481 2403 5551 quando
2414 5482 2539 5538 sine
2552 5483 2980 5540 famavictoriaz
2990 5487 3214 5542 reversi
3232 5487 3827 5546 fuissent.Item.Om-

2155 5569 2323 5624 nium
2345 5576 2609 5626 vestrum
2620 5587 2796 5628 nosse
2818 5574 3098 5630 volumus
3131 5577 3503 5644 charitatem,
3525 5580 3821 5650 quoniam
