3968 6394
136 329 235 385 657

1293 321 1664 382 EPISTOLzE
1704 319 1797 378 ET
1835 320 2176 376 DECRETA.

3471 325 3576 380 658

133 450 411 527 quisquis
447 450 631 523 (quod
667 465 790 505 non
822 453 1098 522 optantes
1128 449 1406 521 dicimus)
1433 449 1495 505 in
1522 449 1637 505 hoc
1658 445 1798 503 belli
1830 449 1874 500 A
1905 449 2063 501 tores
2095 446 2366 515 existant,
2408 464 2546 503 cum
2579 447 2986 502 debueramus
3017 446 3097 502 ob
3127 446 3402 502 divinum
3450 447 3572 502 cul-

135 540 460 598 certamine
508 539 761 595 ﬁdeliter
791 543 1068 595 mortuus
1097 538 1293 608 fuerit,
1342 555 1531 610 regna
1571 537 1653 593 illi
1683 552 1798 592 coe-

132 630 300 688 lestia
325 629 579 686 minime
622 629 1030 699 negabuntur.
1087 629 1259 685 Novit
1301 628 1461 684 enim
1516 627 1800 699 Omnipo-

139 728 302 787 tens,
331 721 377 776 si
411 719 666 793 quilibet
697 725 964 776 vestrum
988 718 1296 784 morietur,
1320 716 1485 792 quod
1517 732 1629 790 pro
1650 715 1802 772 veri-

134 814 244 866 tate
277 807 440 877 ﬁdei,
459 813 516 864 et
536 807 865 864 salvatione
884 806 1110 880 patriae,
1144 823 1213 862 ac
1235 805 1583 862 defensione
1605 803 1801 861 Chris-

133 899 437 954 tianorum
481 901 760 953 mortuus
792 900 913 964 est;
973 895 1112 952 ideo
1145 896 1224 952 ab
1255 911 1326 951 eo
1366 893 1796 968 praetitulatum

132 987 450 1060 praemium
479 992 902 1060 consequetur.

920 1113 990 1169 Il.

593 1238 661 1276 AD
702 1236 1021 1277 LOTBARIUM
1067 1236 1385 1276 AUGUSTUM.

135 1337 256 1392 Cur
281 1337 459 1392 Alteo
509 1336 780 1405 episcopo
832 1335 1371 1405 Augustodunensi
1393 1334 1656 1405 pallium
1679 1349 1801 1390 non

817 1425 1125 1480 concedat.

199 1513 523 1571 Mandastis
549 1517 611 1568 ut
630 1512 1010 1585 privilegium
1052 1517 1110 1568 et
1153 1511 1404 1584 pallium
1453 1512 1616 1568 Alteo
1647 1511 1804 1585 epis-

133 1620 278 1676 copo
309 1603 807 1660 concederemus.
837 1601 1004 1658 Unde
1030 1602 1342 1675 poscimus
1366 1606 1428 1658 ut
1476 1606 1676 1658 vestra
1709 1617 1806 1657 su-

133 1710 234 1765 per
260 1694 376 1749 hoc
398 1691 762 1761 magnitudo
778 1707 901 1748 non
923 1690 1298 1761 indignetur:
1323 1691 1614 1763 quoniam
1635 1689 1805 1763 quod

131 1783 206 1839 ob
233 1783 369 1855 ipso
397 1781 783 1838 sanctissimo
809 1796 974 1853 papa
1005 1780 1287 1850 Gregorio
1338 1797 1535 1853 usque
1565 1781 1643 1837 ad
1673 1781 1804 1836 haec

133 1876 400 1944 tempora
427 1876 639 1928 nostra
693 1871 918 1927 factum
952 1869 1202 1925 minime
1251 1870 1664 1938 recordamur,
1721 1868 1805 1926 fa-

132 1978 258 2018 cere
303 1977 428 2018 non
463 1961 801 2035 potuimus,
834 1975 1032 2034 neque
1072 1959 1356 2033 praeﬁxos
1387 1962 1636 2016 Patrum
1694 1965 1806 2016 ter-

129 2053 321 2108 minos
349 2052 701 2108 immutare.
1231 2036 1259 2045 ’

197 2143 364 2198 Item.
403 2140 582 2208 Quod
604 2142 778 2212 juxta
801 2144 857 2197 et
887 2139 1109 2206 sedula,
1151 2155 1264 2196 nos
1314 2139 1534 2195 imitari
1582 2154 1804 2195 consu-

132 2231 307 2287 etudo
337 2247 468 2288 non
497 2231 789 2304 praecipit,
815 2230 898 2286 ita
927 2229 1006 2286 ab
1033 2229 1149 2286 hoc
1172 2229 1351 2284 veluti
1380 2245 1416 2284 a
1437 2243 1662 2299 magno
1691 2242 1804 2284 nos

133 2321 461 2395 praecipitio
488 2319 790 2378 custodire
813 2322 1070 2392 oportet,

921 2445 1013 2501 III.

650 2586 930 2628 LOTHARIO
970 2585 1244 2625 AUGUSTO.

196 2686 214 2708 '
239 2682 318 2737 De
347 2681 469 2736 illis
500 2679 692 2736 tribus
717 2679 849 2748 jam
880 2676 1122 2749 publice
1153 2675 1597 2744 condemnatis,
1630 2678 1688 2730 et
1716 2689 1804 2730 res

131 2769 328 2840 probis
347 2769 495 2826 viris
515 2768 788 2838 Georgio,
840 2765 1126 2829 Adriano,
1160 2770 1216 2822 et
1252 2768 1440 2834 Petro,
1495 2769 1560 2820 ut
1608 2768 1808 2820 vestra

132 2859 298 2915 nobis
325 2859 646 2916 mandavit
673 2857 1031 2914 sublimitas.
1069 2855 1243 2922 Quod
1276 2855 1476 2911 adhuc
1532 2854 1611 2910 ad
1641 2852 1808 2910 aliud

134 2947 391 3005 conﬁteri
436 2947 738 3020 judicium
800 2946 1125 3015 debebant,
1186 2943 1437 3000 omnino
1486 2942 1684 2999 mirati
1715 2958 1808 2997 su-

135 3053 288 3108 mus,
323 3038 554 3111 quibus
570 3037 702 3108 jam
724 3035 926 3091 missis
954 3033 1172 3090 vestris
1206 3032 1611 3106 praesentibus
1637 3031 1812 3102 juxta

135 3124 324 3196 legem
353 3131 698 3184 Romanam
726 3124 1023 3181 sententia
1051 3122 1299 3197 praeﬁxa
1323 3138 1394 3177 ac
1424 3119 1811 3195 promulgata

137 3220 218 3271 est
255 3221 310 3273 et
340 3217 461 3273 nisi
512 3221 652 3272 tunc
700 3213 1002 3288 paschalis
1053 3212 1293 3268 adesset
1346 3210 1656 3278 festivitas,
1688 3223 1813 3280 qua

137 3307 356 3377 mortis,
384 3305 751 3381 prohibente
809 3304 961 3371 lege,
996 3301 1353 3357 sententiam
1404 3300 1550 3356 dare
1582 3298 1812 3354 licitum

136 3409 250 3450 non
297 3401 408 3461 est,
441 3395 644 3450 vivere
683 3409 787 3449 eos
837 3392 1072 3446 illorum
1107 3389 1335 3445 malitia
1377 3403 1574 3460 neque
1605 3386 1815 3460 iniqua

138 3485 530 3558 praesumptio
556 3499 681 3539 non
704 3482 939 3538 sineret.
966 3483 1074 3536 Pro
1100 3480 1214 3536 hac
1241 3479 1444 3550 itaque
1465 3478 1696 3533 ratione
1720 3492 1816 3534 so-

137 3571 455 3630 lummodo
489 3588 686 3645 usque
713 3571 792 3627 ad
823 3574 1062 3642 tempus
1113 3584 1409 3641 suspensa
1461 3572 1548 3624 est
1580 3570 1812 3623 senten-

139 3661 210 3718 tia
231 3668 654 3734 utrorumque.
682 3660 1159 3733 (Fragmentum)
1186 3658 1382 3714 Ivonis
1412 3657 1541 3713 dec.
1566 3673 1629 3727 x,
1656 3672 1709 3714 c.
1741 3659 1811 3714 88

141 3773 164 3797 α
194 3751 271 3808 De
294 3752 412 3808 illis
452 3751 661 3806 tribus.
695 3767 726 3801 ›

926 3874 1014 3928 IV.

525 4013 799 4056 wnovwo
838 3999 909 4070 [f.
935 3997 1236 4069 Lornmio]
1277 4012 1422 4052 REGI.

232 4106 542 4172 l>Petrum,
600 4111 658 4162 et
702 4105 1025 4162 Acrianum
1081 4120 1401 4177 nunquam
1449 4102 1811 4174 recipiemus

143 4193 214 4250 ad
232 4196 641 4254 habitandum
683 4195 1026 4262 nobiscum,
1049 4199 1106 4250 et
1134 4194 1184 4248 si
1227 4192 1417 4265 (quod
1449 4192 1650 4248 minus
1682 4207 1810 4247 cre-

144 4282 348 4358 dimus)
374 4292 484 4345 aut
513 4303 721 4360 preces
751 4289 1009 4348 nostras,
1045 4300 1200 4357 quas
1232 4299 1343 4356 pro
1367 4298 1580 4338 eorum
1611 4287 1809 4338 reten-

145 4371 292 4430 tione
320 4377 503 4433 vobis
537 4375 839 4437 misimus,
867 4377 972 4430 aut
1000 4373 1262 4428 honores
1301 4370 1557 4427 Romani
1610 4370 1810 4443 ponti-

147 4460 265 4518 ﬁcis
295 4481 404 4538 pro
442 4465 629 4522 nihilo
680 4463 1089 4528 existimastis,
1121 4467 1178 4518 et
1209 4478 1320 4518 nos
1371 4461 1573 4516 minus
1623 4475 1808 4533 quam

149 4552 474 4614 Adrianum
502 4561 560 4612 et
607 4556 848 4611 Petrum
891 4553 1160 4621 amastis,
1213 4551 1378 4625 quod
1409 4551 1469 4606 in
1501 4555 1810 4623 posterum

146 4639 266 4709 iam
295 4648 644 4704 ordinatum
672 4645 1033 4714 habeamus,
1082 4647 1296 4699 vestrae
1345 4642 1638 4698 edicimus
1685 4657 1812 4697 ma-

153 4732 458 4798 gnitudini.
494 4737 660 4793 Certe
684 4737 974 4791 Romanae
1006 4734 1166 4800 sedis
1198 4732 1488 4806 prtesules
1541 4735 1810 4804 tempore

155 4834 270 4890 quo
313 4840 820 4898 unamquamque
851 4822 1175 4879 Ecclesiam
1235 4838 1373 4878 cum
1423 4821 1546 4877 suis
1586 4820 1811 4877 clericis

155 4911 471 4974 tendebant
501 4915 580 4972 ob
640 4915 962 4970 missarum
996 4912 1285 4980 ofﬁcium,
1316 4912 1409 4968 vel
1441 4912 1610 4983 alias,
1645 4927 1812 4966 more

155 4998 336 5065 solito.
367 5005 645 5062 utilitates
675 5001 1110 5060 ecclesiasticas
1164 5001 1601 5073 disponendas,
1664 4999 1813 5054 nihil

157 5085 311 5145 aliud
355 5098 477 5150 tam
556 5092 672 5166 ipsi
737 5108 926 5164 quam
1012 5091 1207 5146 clerici
1252 5090 1524 5162 ipsorum
1571 5088 1684 5143 nisi
1723 5103 1814 5143 sa-

159 5177 468 5240 cerdotalia
516 5182 875 5238 indumenta
922 5179 1216 5244 ferebant,
1257 5178 1423 5251 quod
1474 5177 1661 5234 secuti
1720 5193 1814 5232 us-

160 5276 271 5334 que
310 5285 468 5328 nunc
514 5288 628 5328 nos
660 5271 917 5340 egimus.
966 5270 1081 5325 Sed
1112 5269 1376 5341 amplius
1418 5282 1815 5340 nequaquam

163 5364 327 5422 agere
394 5364 650 5436 oportet,
708 5360 757 5416 si
813 5359 1000 5426 viros,
1055 5374 1213 5431 quos
1298 5374 1409 5415 nec
1483 5355 1816 5430 quaerimus

163 5453 441 5523 unquam,
499 5467 610 5508 nec
657 5449 962 5518 volumus,
1049 5447 1344 5505 mandare
1419 5445 1814 5504 decreveritis.

167 5527 228 5584 Et
277 5531 384 5592 ltoc
431 5539 510 5596 ad
560 5538 842 5594 ultimum
892 5553 1005 5609 pro
1060 5541 1222 5592 certo
1272 5540 1485 5592 notum
1535 5534 1814 5600 facimus,

168 5623 438 5685 quoniam
521 5628 599 5686 ad
684 5642 1119 5700 quamcunque
1191 5625 1511 5681 Ecclesiam
1585 5623 1818 5679 locum-

171 5717 280 5774 (Ιιιθ
328 5714 507 5774 alium
538 5717 716 5774 nobis
766 5717 980 5773 merita
1021 5715 1366 5786 subjectum
1424 5712 1680 5783 digressi
1725 5711 1816 5767 fu-

175 5794 399 5871 erimus,
420 5824 494 5864 ne
525 5807 600 5864 de
653 5806 864 5863 mortis
905 5809 1132 5862 nostrae
1180 5803 1448 5878 periculo
1489 5802 1820 5876 triumpha-

261 5895 271 5922 ι

261 5889 748 6043 δῐῖὶῗῖἀῗξὲέεέ,
782 5983 915 6041 cap.
943 5966 1033 6023 73.

1907 540 2056 606 tum,
2107 535 2230 591 sive
2258 537 2555 607 timorem,
2613 538 2880 594 orarium
2933 537 3318 593 solummodo
3371 537 3575 610 plane-

1907 628 2153 697 tamque
2192 625 2443 697 deferre,
2471 627 2769 689 lanceam,
2820 631 2876 683 et
2923 632 3182 693 scutum,
3216 631 3273 682 et
3302 625 3576 696 gladium

1907 714 2008 787 baj
2020 715 2182 772 ulare
2211 717 2658 790 praecipiemus.

2697 879 2768 934 V.

2076 1015 2382 1060 JUDICATUM
2422 1019 2619 1060 LEONIS
2655 1020 2812 1060 PAPB
2849 1021 2908 1060 IV
2948 1021 3016 1060 ET
3053 1021 3313 1061 LUDOVICI
3351 1021 3392 1060 11

2546 1127 2918 1168 ιΜΡΕιιΑτοιιῐε
2927 1153 2940 1167 .

1909 1265 1984 1322 1η
2017 1268 2268 1324 concilio
2296 1285 2313 1322 ι
2338 1269 2606 1325 Romano
2637 1285 2754 1339 pro
2784 1271 3056 1339 episcopo
3087 1271 3338 1326 Senensi
3365 1277 3578 1328 contra

1990 1341 2323 1410 episcorum
2352 1340 2692 1408 Arelinum,
2723 1342 2785 1396 in
2834 1345 3242 1397 controversia
3273 1343 3344 1397 de
3377 1343 3580 1398 diver-

1982 1415 2061 1470 sis
2083 1412 2340 1469 ecclesiis
2368 1413 2491 1468 sive
2514 1412 2844 1482 parochiis,
2877 1427 3038 1467 anno
3067 1417 3192 1468 853.

1983 1530 2008 1558 ο
2037 1525 2101 1576 In
2131 1519 2376 1575 nomine
2405 1519 2659 1586 Domini,
2689 1536 2890 1575 amen.
2925 1520 3076 1574 Dum
3108 1534 3219 1573 nos
3249 1521 3363 1574 Leo
3421 1536 3582 1574 sum-

1913 1627 2051 1667 mus
2083 1608 2372 1682 pontifex,
2405 1613 2462 1664 et
2484 1608 2838 1664 universalis
2862 1625 3028 1681 papa
3057 1612 3330 1680 quartus,
3365 1609 3582 1663 consti-

1911 1704 2077 1756 tutus
2101 1699 2162 1754 in
2195 1697 2353 1754 beati
2403 1699 2551 1754 Petri
2603 1698 2860 1771 apostoli
2915 1697 3222 1764 cathedra,
3273 1713 3396 1753 una
3442 1715 3581 1754 cum

1844 1805 1884 1859 Β
1917 1788 2214 1862 piissimo,
2249 1792 2304 1842 et
2335 1786 2769 1857 gloriosissimo
2801 1787 3102 1859 Lodoyco,
3136 1787 3398 1842 Lotharii
3435 1787 3578 1850 ﬁlio,

1911 1878 2274 1950 imperatore
2316 1881 2608 1944 Augusto,
2647 1875 3045 1948 pluribusque
3091 1876 3582 1948 archiepiscopis,

1912 1966 2232 2040 episcopis,
2247 1965 2592 2035 abbatibus,
2620 1964 2913 2038 synodale
2926 1963 3221 2020 habentes
3236 1965 3580 2032 concilium,

1913 2058 2347 2124 congregatum
2379 2055 2601 2120 Romae,
2629 2051 2986 2107 videlicetin
3011 2051 3261 2108 ecclesia
3302 2052 3461 2108 beati
3487 2055 3583 2108 Pe-

1915 2145 1986 2201 tri
2021 2142 2433 2216 apostolorum
2476 2142 2796 2215 principis:
2857 2143 3100 2198 advenit
3142 2143 3203 2198 in
3260 2142 3585 2215 praesentia

1915 2233 2104 2289 sancti
2125 2231 2358 2288 concilii
2383 2231 2660 2288 Senensis
2680 2231 2946 2287 ecclesiae
2962 2231 3304 2305 episcopus,
3338 2232 3584 2287 nomine

1914 2322 2176 2392 Cautius,
2209 2325 2265 2376 et
2293 2321 2491 2376 retulit
2512 2320 2768 2396 qualiter
2790 2321 2916 2393 jam
2944 2336 3104 2393 saepe
3141 2321 3394 2392 petierat
3419 2320 3584 2393 apud

1909 2411 2038 2482 jam
2067 2410 2297 2467 dictum
2354 2410 2724 2481 Lotharium,
2783 2409 3052 2482 epistolis
3109 2408 3356 2466 Adriani
3399 2425 3578 2482 papa

1914 2499 2248 2573 specialiter
2269 2499 2970 2572 conscriptis,quatenus.
2983 2541 2994 2553 .
3007 2540 3020 2553 .
3030 2498 3238 2570 judicii
3262 2514 3585 2554 censuram

1912 2590 2066 2646 inter
2098 2591 2424 2646 Senensem
2455 2587 2791 2652 ecclesiam,
2823 2593 2881 2643 et
2924 2591 3160 2642 Petrum
3191 2587 3444 2644 Aretinae
3489 2604 3584 2643 ec-

1915 2679 2107 2735 clesiae
2138 2679 2492 2750 episcopum
2521 2677 2597 2733 de
2629 2677 2910 2743 ecclesiis,
2945 2693 3054 2733 seu
3092 2677 3484 2750 baptisteriis,
3532 2682 3590 2733 et

1915 2768 2314 2834 monasteriis,
2345 2784 2482 2840 quae
2514 2767 2670 2823 infra
2699 2767 3050 2823 comitatum
3083 2769 3406 2823 Senensem
3427 2772 3585 2836 sunt,

1917 2875 2058 2915 cum
2083 2874 2294 2914 eorum
2327 2857 2718 2929 pertinentiis,
2747 2857 2888 2912 item
2914 2857 3043 2928 jam
3091 2856 3296 2912 multis
3347 2856 3587 2911 vicibus

1918 2947 2152 3020 prolixa
2174 2946 2283 3001 fuit
2312 2947 2634 3014 contentio,
2665 2945 2959 3001 ﬁnitivam
2983 2946 3322 3002 secundum
3345 2945 3588 3002 canoni-

1919 3052 2054 3092 cam
2085 3034 2501 3090 auctoritatem
2523 3033 2858 3106 perciperet
2886 3035 3266 3090 sententiam.
3288 3038 3450 3089 Tunc
3477 3050 3589 3089 nos

1850 3159 1890 3213 ο
1921 3127 2037 3179 Leo
2071 3139 2351 3178 summus
2405 3121 2673 3193 pontifex
2707 3121 2786 3176 ita
2816 3121 3110 3176 diximus:
3143 3145 3170 3172 «
3205 3125 3270 3177 Et
3293 3123 3588 3193 quoniam

1920 3211 2274 3270 sacerdotali
2302 3209 2522 3278 ofﬁcio,
2555 3225 2679 3283 quo
2735 3210 2939 3275 modo,
2980 3209 3114 3266 licet
3169 3211 3355 3277 inviti,
3397 3211 3592 3278 fungi-

1918 3319 2125 3360 mur...
2149 3305 2385 3375 oportet
2414 3317 2526 3356 nos
2553 3300 2840 3372 spirituali
2873 3316 3164 3356 mucrone
3187 3301 3392 3356 talium
3420 3301 3590 3357 alter-

1919 3392 2240 3458 cationem,
2274 3407 2411 3464 quae
2437 3389 2733 3445 veternosi
2768 3389 3062 3461 serpentis
3103 3405 3258 3446 saeva
3315 3393 3584 3459 aguntur

1919 3481 2158 3546 astutia,
2191 3479 2458 3536 fundiius
2487 3479 2767 3545 incidere,
2828 3483 2884 3535 et
2936 3480 3263 3551 exstirpare
3317 3479 3576 3547 radices,

1917 3587 1994 3627 ne
2010 3574 2159 3627 forte
2189 3568 2494 3626 discordia
2513 3568 2596 3624 ibi
2634 3570 2850 3639 vigeat,
2880 3568 2984 3624 ubi
3029 3569 3370 3625 inveteratae
3423 3568 3592 3642 pacis

1917 3661 2142 3718 debent
2169 3661 2493 3717 consistere
2516 3659 2700 3716 bona.
2738 3681 2765 3708 »
2799 3659 2988 3715 Simul
3018 3675 3200 3715 omne
3227 3659 3585 3714 concilium:

1921 3773 1950 3802 ‹‹
1984 3752 2016 3804 J
2025 3756 2175 3819 usta,
2209 3750 2423 3823 inquit,
2451 3753 2509 3806 et
2532 3765 2681 3806 vera
2701 3749 3016 3812 catholica,
3042 3753 3099 3804 et
3129 3747 3460 3820 apostolica
3487 3746 3590 3802 de-

1916 3841 2110 3897 ﬁnivit
2161 3839 2528 3897 cathedra.»
2572 3842 2735 3895 Tunc
2779 3843 2979 3893 autem
3022 3837 3347 3909 episcopus
3395 3835 3589 3890 mani-

1915 3934 2033 3991 bus
2090 3929 2430 3993 decretalia,
2462 3932 2520 3984 et
2570 3927 2879 3999 judicialia
2935 3931 3169 3996 tenens,
3227 3924 3331 3980 ubi
3363 3923 3591 3980 ﬁnitiva

1919 4020 2210 4078 sententia
2240 4021 2394 4075 Sena
2426 4021 2643 4084 servat,
2673 4020 2732 4072 et
2760 4015 3110 4071 auctoritate
3141 4013 3388 4068 Adriani
3428 4029 3593 4068 sum-

1919 4111 2003 4167 mi
2031 4108 2353 4183 pontiﬁcis,
2377 4112 2434 4163 et
2459 4104 2817 4162 universalis
2860 4121 3058 4178 papae,
3108 4108 3165 4160 et
3219 4102 3590 4160 Constantini

1918 4197 2278 4273 queritando
2307 4197 2456 4252 dixit
2488 4213 2500 4251 :
2531 4219 2559 4245 «
2589 4199 2806 4263 Frater,
2839 4200 2894 4250 et
2949 4193 3349 4266 coepiscopus
3381 4196 3587 4248 noster

1919 4289 2126 4344 Petrus
2173 4285 2424 4341 Aretinae
2474 4284 2740 4340 ecclesiae
2788 4283 3064 4340 Senensis
3100 4282 3360 4338 ecclesiae
3409 4297 3589 4354 paro-

1918 4378 2108 4441 chias,
2141 4379 2322 4448 atque
2367 4374 2676 4430 dioecesim
2715 4389 3006 4446 perverso
3056 4372 3288 4437 ordine,
3341 4377 3398 4428 et
3453 4386 3594 4426 con-

1921 4473 2010 4525 tra
2061 4465 2420 4523 canonicam
2466 4463 2738 4535 regulam
2787 4463 3022 4530 invasit,
3079 4467 3136 4518 et
3183 4479 3288 4535 per
3331 4461 3451 4516 vim
3491 4459 3594 4514 de-

1920 4557 2082 4614 tinet.
2121 4578 2146 4603 »
2171 4559 2333 4611 Tunc
2364 4571 2498 4624 nos,
2527 4559 2585 4610 et
2640 4553 2936 4610 Lodoicus
2986 4553 3314 4625 imperator
3343 4550 3404 4605 in
3436 4565 3590 4621 prae-

1920 4647 2109 4703 sentia
2136 4645 2341 4714 magni
2366 4644 2600 4700 concilii
2621 4643 2943 4699 decretalia
2983 4641 3064 4696 ab
3117 4641 3405 4712 episcopo
3437 4639 3590 4692 Can-

1922 4737 2000 4792 tio
2031 4740 2274 4790 ostensa
2327 4733 2508 4802 relegi
2561 4733 2876 4803 jussimus.
2912 4731 3007 4786 His
3061 4729 3239 4798 igitur
3287 4724 3588 4798 perlectis,

1919 4842 2034 4883 nos
2093 4827 2208 4880 Leo
2257 4838 2532 4878 summus
2585 4821 2876 4894 pontifex.
2930 4819 3013 4874 sic
3061 4817 3138 4874 ad
3188 4814 3592 4871 universalem

1919 4913 2161 4987 plebem
2185 4911 2349 4983 loqui
2378 4909 2568 4965 exorsi
2598 4924 2828 4964 sumus.
2856 4929 2884 4956 ‹‹
2917 4907 3220 4972 Quantum
3253 4903 3412 4958 enim
3448 4917 3597 4974 prae-

1923 5002 2076 5058 cellit
2126 5000 2387 5070 dignitas
2434 4998 2710 5054 omnium
2765 4995 3006 5052 ordines
3060 4992 3444 5063 dignitatum,
3502 5007 3597 5048 su-

1920 5105 2112 5164 perna
2180 5087 2632 5160 dispensatione
2713 5086 3057 5141 animarum
3118 5082 3296 5138 nobis
3346 5081 3591 5147 credita,

1923 5183 2090 5236 tanto
2147 5177 2409 5249 amplius
2468 5175 2745 5247 cogimur
2809 5173 3027 5245 cuique
3082 5171 3303 5244 petenti
3365 5170 3596 5227 solvere

1924 5268 2206 5325 rationes.
2244 5265 2416 5321 Aliud
2443 5265 2606 5321 enim
2635 5269 2725 5320 est
2750 5278 3249 5336 unumquemque
3273 5261 3367 5316 sui
3383 5273 3596 5314 curam

1927 5367 2149 5425 gerere,
2199 5350 2366 5407 aliud
2417 5349 2692 5406 Ecclesia:
2741 5348 3062 5405 Dominicae
3134 5362 3280 5402 cura
3329 5343 3599 5412 regimen

1927 5444 2146 5496 tenere.
2177 5438 2555 5509 Quapropter
2610 5434 2970 5490 canonicam
3018 5435 3338 5503 sequentes
3382 5426 3600 5483 doctri-

1926 5543 2093 5593 nam,
2141 5525 2554 5581 dissensiones
2608 5528 2788 5596 atque
2827 5519 3163 5578 discordias
3212 5517 3600 5576 sacerdotum

1930 5614 2260 5689 apostolica
2307 5631 2419 5669 nos
2449 5613 2705 5686 pertinet
2750 5610 2995 5667 obviare
3021 5625 3299 5672 censura,
3349 5606 3601 5663 Redem-

1928 5707 2117 5781 ptoris
2149 5705 2338 5762 nostri
2379 5708 2696 5777 sequentes
2718 5707 3014 5775 praecepta
3053 5699 3304 5757 dicentis
3337 5717 3350 5756 :
3385 5699 3604 5754 Pacem

1929 5814 2122 5856 meam
2151 5797 2226 5852 do
2270 5797 2452 5852 vobis.
2497 5797 2714 5852 Pacem
2761 5794 3036 5865 relinquo
3072 5786 3604 5868 vobis(Joan.x1v)-

2017 5899 2039 5924 ο
2078 5886 2255 5962 Apud
2285 5885 2492 5954 Mansi,
2525 5888 2711 5945 Cone.
2744 5887 2889 5940 tom.
2910 5883 3038 5944 XV,
