3968 6414
394 300 501 358 659

1720 292 1987 356 LEM
2009 287 2233 351 PLPE
2262 287 2340 345 IV

394 424 469 481 In
499 423 612 482 hac
626 423 784 481 enim
800 426 1151 492 cognoscent
1172 435 1372 478 omnes
1393 419 1554 493 quod
1582 420 1696 476 mei
1718 419 1855 476 estis
1884 415 2057 473 disci-
2083 417 2129 473 Δ
2169 414 2321 471 ﬁnes
2347 414 2666 471 comitatus
2686 414 2963 471 Senensis
2996 415 3135 469 sunt
3158 412 3499 474 constituta.
3531 411 3711 471 unde.
3754 415 3840 482 tu,

390 516 551 586 puli,
591 514 645 570 si
671 513 1045 569 dilectionem
1094 510 1425 567 habueritis
1464 511 1545 567 ad
1577 511 1823 566 invicem
1856 508 2054 579 (Joan.

393 604 564 677 xvu).
592 602 853 660 Pretiosi
876 602 1037 658 enim
1072 602 1254 671 pedes
1309 601 1856 671 evangelizantium
1907 597 2060 655 bona

393 692 635 764 (Matth.
665 692 767 763 x1).
802 688 996 761 gratia
1054 688 1243 745 sancti
1272 689 1545 761 Spiritus,
1594 687 1806 761 inquit.
1845 688 2061 752 Quate-

393 796 510 837 nus
528 795 670 836 vero
701 782 830 836 orta
858 777 1036 834 fuerit
1065 776 1465 834 immoderata
1487 780 1759 849 quaestio,
1787 775 2059 848 spiritua-

392 868 433 926 li
462 868 680 924 debeat
704 881 993 922 mucrone
1012 865 1315 938 amputari
1327 882 1402 921 ne
1422 864 1745 930 adolescat,
1764 869 1820 919 et
1841 862 2057 918 Christi

393 958 692 1014 concutiat
711 956 971 1030 plebem,
1001 959 1154 1012 etne
1179 956 1493 1011 occasione
1510 954 1823 1010 discordiae
1848 953 2055 1008 ﬁdeles

390 1047 760 1119 delinquant,
794 1046 984 1102 sancti
1007 1044 1160 1100 Petri
1192 1044 1535 1117 apostolicis
1566 1043 1808 1099 monitis
1836 1058 2057 1115 paren—

388 1141 496 1202 tes,
527 1135 695 1192 omni
724 1135 899 1191 sorde
929 1133 1185 1207 perdita,
1219 1149 1375 1207 pura
1403 1133 1706 1189 frumenta
1747 1132 1809 1187 in
1839 1132 2053 1187 horreo

391 1225 626 1282 Domini
666 1223 928 1280 residere
959 1222 1221 1279 valeant.
1273 1222 1454 1293 Igitur
1484 1222 1634 1277 dum
1684 1236 1791 1293 per
1827 1220 2055 1293 aliquot

385 1314 516 1387 jam
542 1315 754 1386 lapsos
771 1311 1061 1369 terminos
1090 1312 1627 1382 Langobardorum
1645 1327 1789 1381 gens
1811 1309 2052 1365 diversa

389 1404 647 1477 eripiens
684 1402 1007 1472 territoria,
1056 1401 1275 1458 invasa
1309 1401 1699 1458 desolabatnr
1729 1401 1881 1470 loca,
1913 1415 2052 1455 con-

390 1492 519 1561 tigit
542 1496 606 1548 ut
635 1491 925 1547 diceeeses
952 1490 1384 1564 episcoporum
1438 1490 1588 1546 alter
1620 1489 1859 1546 alterius
1888 1490 2052 1545 iuva-

390 1581 559 1653 dere,
579 1585 637 1636 et
660 1579 976 1637 temerario
1011 1595 1164 1636 ausu
1192 1579 1587 1636 immoderate
1614 1596 1717 1635 eas
1764 1579 2047 1647 detinere,

392 1674 570 1740 atque
593 1669 657 1725 in
681 1684 909 1739 magno
935 1684 1098 1725 nunc
1130 1685 1325 1741 usque
1383 1673 1780 1741 permaneant
1827 1684 2047 1735 errore,

2168 504 2347 561 frater
2358 509 2413 562 et
2427 504 2804 578 coepiscopo,
2823 503 3111 560 adversus
3129 520 3329 560 meam
3347 502 3666 560 ecclesiam
3679 519 3846 577 quie-

2166 593 2267 660 ris,
2296 611 2582 667 possessa
2596 593 2893 650 habemus
2908 593 3169 665 amplius
3200 608 3389 665 quam
3430 591 3849 666 quadraginta

2167 699 2379 740 annos.
2416 702 2446 737 ι
2469 685 2636 740 Tunc
2687 682 2927 740 Cautius
2958 683 3283 756 episcopus
3325 682 3407 738 ad
3422 683 3553 739 haec
3573 699 3587 737 :
3609 703 3638 733 α
3669 684 3847 740 Sem-

2166 789 2275 846 per
2302 773 2487 841 enim,
2515 773 2730 848 inquit,
2762 772 3132 830 monasteria
3163 775 3222 828 et
3275 771 3652 845 baptisteria,
3698 787 3845 845 qua

2163 864 2322 923 infra
2349 865 2502 919 ﬁnes
2538 862 2815 920 Senensis
2845 863 3117 920 territorii
3148 866 3310 933 sunt,
3344 861 3647 935 parochias
3702 876 3847 919 nos.

2164 959 2267 1010 trze
2296 954 2557 1010 ecclesiae
2589 953 2848 1024 fuerunt,
2881 958 2938 1009 et
2968 957 3125 1009 sunt.
3161 955 3225 1011 Et
3257 953 3523 1010 chrisma.
3544 952 3631 1009 ibi
3658 952 3843 1010 dedi-

2166 1061 2327 1114 mus,
2357 1049 2414 1100 et
2464 1044 2977 1100 consecrationem
3031 1042 3305 1098 fecimus.
3348 1042 3748 1115 Presbyteros
3781 1045 3845 1097 et

2166 1133 2457 1189 diaconos
2485 1148 2597 1203 ego
2628 1136 2685 1188 et
2713 1138 3122 1188 antecessores
3171 1131 3290 1186 mei
3318 1130 3400 1186 ibi
3432 1130 3836 1197 sacravimus,

2167 1228 2221 1279 et
2255 1224 2540 1280 ecclesias
2581 1223 3096 1279 consecravimus.
3123 1222 3236 1279 Sed
3267 1227 3350 1289 tu,
3378 1222 3579 1289 frater,
3615 1221 3842 1278 callide

2162 1312 2648 1370 etfrandulenter
2707 1311 3001 1384 praedicta
3021 1311 3408 1381 monasteria,
3458 1327 3568 1369 seu
3604 1309 3851 1383 baptis-

2162 1402 2306 1457 teria
2333 1406 2541 1457 contra
2572 1417 2889 1459 sacrarum.
2913 1416 3218 1458 canonum
3248 1400 3517 1456 instituta
3547 1416 3849 1473 usurpas-

2158 1491 2256 1546 ti.»
2296 1493 2503 1547 Petrus
2533 1506 2676 1546 vero
2705 1490 3028 1563 episcopus
3056 1488 3308 1546 civitatis
3340 1487 3525 1546 Aretii
3559 1489 3696 1546 hmo
3726 1504 3847 1546 au-

2156 1580 2333 1635 diens
2348 1580 2496 1639 dixit
2524 1598 2536 1635 :
2563 1604 2591 1633 ‹‹
2610 1582 2753 1636 Vere
2777 1580 2899 1636 ista
2914 1579 3305 1649 monasteria,
3323 1594 3432 1635 seu
3451 1577 3844 1651 baptisteria,

2157 1686 2293 1741 quae
2323 1669 2478 1726 infra
2502 1668 2654 1725 fines
2694 1670 2780 1725 tui
2817 1668 3091 1725 territorii
3120 1672 3278 1735 sunt,
3344 1666 3504 1725 unde
3537 1667 3844 1723 adversus

389 1763 447 1816 et
469 1760 817 1830 ignorantes
874 1774 1178 1815 canonum
1236 1758 1643 1823 deﬁnitiones,
1698 1758 2047 1815 alterutrum
2074 1771 2124 1829 Β
2156 1776 2271 1816 nos
2304 1759 2594 1831 queritas,
2619 1776 2655 1815 a
2681 1763 2951 1832 tempore
2990 1758 3536 1829 Langobardorum
3564 1757 3843 1814 ecclesia;

390 1848 739 1905 anhelantes
796 1848 1057 1921 arripere
1104 1848 1445 1921 parochias,
1504 1848 1748 1921 perjurii
1813 1854 2047 1904 reatum

386 1940 769 1995 contrahunt.
797 1942 1050 2012 Insuper
1077 1938 1296 1995 callida
1316 1938 1579 1995 versutia
1606 1938 1758 1993 inter
1784 1954 1845 1993 se
1868 1938 2043 1993 dimi-

385 2030 619 2092 cantes,
642 2027 853 2100 pejora
882 2030 1191 2099 peragunt
1210 2026 1415 2096 exitia,
1440 2041 1668 2081 errrore
1691 2029 1771 2083 ita
1812 2026 1874 2081 in
1915 2042 2043 2081 ma-

380 2114 510 2173 lum
537 2115 806 2172 incidunt
818 2115 1042 2188 piaculi
1059 2115 1322 2183 facinus,
1341 2115 1489 2171 dum
1527 2115 1738 2189 procul
1759 2115 2050 2185 abjiciunt

384 2220 692 2263 canonum
722 2221 1071 2275 censuram,
1105 2205 1606 2276 transgredientes
1645 2205 2049 2261 sanctissimo-

380 2310 518 2352 rum
545 2294 1068 2368 praedecessorum
1095 2298 1445 2351 nostrorum
1470 2295 1823 2367 pontiﬁcum
1845 2294 2047 2349 decre-

379 2387 467 2451 ta,
489 2384 794 2441 canonicis
826 2384 1282 2442 auctoritatibus
1302 2382 1527 2440 fulcita.
1554 2386 1874 2456 Propterea
1906 2384 2044 2440 talia

376 2474 716 2531 inhibentes
750 2474 1087 2547 apostolica
1107 2473 1479 2530 institutione
1508 2489 1635 2529 una
1660 2489 1800 2528 cum
1831 2473 2044 2543 glorio-

375 2564 616 2621 sissimo
638 2567 696 2621 et
718 2563 995 2636 piissimo
1023 2563 1305 2631 Loduico,
1341 2567 1403 2619 et
1454 2562 1682 2618 sanctis
1716 2563 2037 2634 episcopis,

374 2652 440 2710 in
464 2669 693 2710 corona
713 2653 896 2726 hujus
926 2652 1079 2709 sacri
1106 2651 1341 2709 concilii
1363 2651 1781 2721 residentibus,
1805 2658 2041 2724 aposto-

376 2739 508 2798 licae
537 2740 975 2798 constitutionis
1014 2740 1326 2813 privilegio
1355 2740 1807 2814 promulgantes
1843 2740 2038 2795 sanci-

377 2846 539 2900 mus,
566 2834 631 2887 ut
661 2830 815 2887 sicut
843 2830 1129 2887 canonice
1157 2830 1220 2886 in
1249 2829 1500 2886 decretis
1523 2830 1909 2893 constituunt,
1947 2847 2037 2885 se-

378 2919 649 2979 cundum
670 2919 978 2986 territoria,
1003 2935 1111 2975 seu
1134 2919 1523 2993 pertinentias
1570 2919 1899 2987 civitatum,
1956 2920 2038 2974 sic

375 3008 719 3084 parochias,
742 3013 799 3067 et
826 3009 1118 3065 dioeceses
1148 3009 1227 3065 ad
1241 3008 1689 3082 disponendum
1717 3009 2033 3080 episcopos

2158 1848 2350 1904 sancti
2379 1848 2591 1904 Donati
2622 1852 3042 1920 pervenerunt.
3059 1851 3205 1904 Nam
3234 1846 3576 1918 judicatum
3603 1844 3840 1913 habeo,

2154 1936 2323 2009 quod
2353 1942 2622 2009 tempore
2657 1937 2979 2010 Liuprandi
3008 1937 3165 2007 regis
3210 1934 3767 2006 Langobardorum
3797 1952 3841 1993 a

2153 2027 2267 2081 tuis
2294 2026 2910 2099 praedecessoribus...
2934 2024 3013 2081 ad
3045 2042 3192 2080 mete
3219 2025 3483 2083 ecclesiae
3508 2024 3837 2083 utilitatem

2154 2117 2476 2188 conjuncta
2517 2116 2778 2183 fuerunt.
2834 2119 2900 2172 Et
2950 2120 3319 2190 praeceptum
3371 2115 3553 2172 etiam
3600 2114 3832 2183 habeo,

2152 2208 2318 2279 quod
2345 2207 2593 2264 Carolus
2650 2224 2754 2263 rex
2811 2206 3184 2264 conﬁrmavit
3224 2206 3287 2264 in
3336 2204 3595 2264 ecclesia
3627 2205 3839 2264 Sancti

2153 2298 2387 2355 Donati.
2417 2298 2530 2355 Sed
2552 2298 2647 2353 hic
2679 2297 2864 2353 modo
2914 2314 3041 2370 prae
3083 2296 3366 2355 manibus
3412 2312 3539 2353 non
3586 2296 3835 2354 habeo:

2156 2388 2445 2460 quoniam
2466 2404 2644 2460 super
2660 2388 2775 2444 hac
2796 2404 2858 2443 re
2875 2386 3325 2445 altercationem
3346 2386 3443 2442 hic
3456 2385 3687 2443 habere
3701 2402 3834 2442 non

2160 2478 2421 2533 arbitrati
2452 2494 2682 2546 sumus,
2714 2476 2988 2533 inducias
3019 2479 3078 2532 et
3120 2475 3383 2549 spatium
3414 2492 3451 2531 a
3478 2491 3653 2532 sacro
3682 2492 3837 2531 con-

2158 2565 2290 2621 cilio
2324 2571 2483 2639 peto,
2512 2565 2705 2622 donec
2733 2566 3000 2622 Aretinm
3034 2564 3303 2621 celeriter
3349 2570 3585 2638 petens,
3635 2579 3835 2622 asser-

2159 2655 2334 2711 tionis
2364 2672 2512 2712 meae
2528 2657 2888 2728 judicatum,
2915 2661 3097 2729 atque
3145 2661 3538 2730 praereptum,
3568 2670 3836 2728 quema-

2156 2744 2454 2800 dmodum
2483 2745 2785 2818 pollicitus
2811 2761 2970 2814 sum,
2987 2745 3051 2802 in
3066 2747 3398 2817 conspectu
3439 2743 3659 2807 domui
3678 2759 3837 2803 nos-

2154 2833 2226 2889 tri
2251 2833 2471 2889 summi
2496 2832 2818 2906 pontiﬁcis,
2858 2837 3041 2906 atque
3083 2833 3461 2907 imperatoris
3480 2832 3749 2907 piissimi
3774 2839 3839 2891 et

2151 2922 2339 2978 totius
2381 2922 2596 2978 concili
2622 2922 2955 2995 vestrisque
2985 2922 3367 2995 partibus...»
3410 2922 3697 2981 lnducias
3725 2940 3837 2981 usa

2151 3028 2269 3084 que
2297 3011 2376 3068 ad
2404 3011 2729 3069 duodecim
2752 3011 2880 3069 dies
2908 3010 3306 3077 contulerunt,
3324 3016 3833 3085 quatenusunus—

375 3100 577 3155 tenere
589 3114 929 3169 censemus,
941 3099 1330 3156 observantes
1342 3100 1699 3157 canonicam
1717 3115 2034 3154 censuram
2062 3130 2113 3187 θ
2151 3103 2407 3174 quisque
2424 3118 2635 3159 eorum
2654 3102 2713 3158 in
2739 3101 3025 3176 praedicto
3047 3102 3242 3176 spatio
3257 3100 3557 3176 quidquid
3574 3102 3830 3160 ﬁrmita-

375 3204 514 3262 qutn
556 3188 677 3246 ait:
712 3210 742 3241 α
773 3188 1138 3262 Episcopum
1187 3203 1313 3245 non
1356 3188 1532 3246 licere
1562 3188 1823 3245 alienam
1854 3204 2032 3261 paro-

373 3278 576 3339 chiam
624 3279 875 3354 propria
912 3284 1063 3337 ωειλ
1089 3276 1206 3355 [F.,
1240 3284 1408 3336 extra
1425 3279 1671 3352 propria
1690 3279 1882 3351 septa]
1904 3295 2035 3352 per-

373 3369 666 3428 vadere.»
688 3373 759 3427 Et
784 3369 1041 3427 iterum:
1074 3391 1103 3422 κ
1140 3369 1473 3443 Episcopus
1522 3368 1784 3426 alienam
1832 3370 2035 3425 civita-

376 3479 407 3511 «
428 3462 571 3526 tem,
598 3473 736 3530 qum
764 3473 888 3515 non
902 3461 995 3515 est
1020 3457 1105 3515 illi
1126 3458 1420 3529 subjecta,
1448 3474 1571 3515 non
1592 3459 1861 3526 invadat,
1923 3473 2034 3513 nec

377 3545 501 3604 «ad
516 3545 703 3604 ullam
714 3546 1132 3620 possesionem
1148 3546 1280 3618 ejus
1302 3547 1573 3613 accedat,
1587 3564 1772 3622 quem
1794 3547 1872 3603 ad
1894 3564 2034 3605 eum

377 3657 408 3687 α
424 3652 551 3694 non
579 3635 855 3710 pertinet,
881 3652 993 3693 nec
1019 3636 1338 3692 constituat
1356 3636 1745 3709 presbyteros
1776 3641 1880 3693 aut
1908 3637 2035 3695 dia-

378 3747 410 3778 κ
430 3741 618 3784 conos
646 3724 816 3783 alteri
838 3725 1125 3799 episcopo
1148 3725 1472 3797 subjectos,
1493 3725 1608 3782 nisi
1627 3725 1775 3782 forte
1790 3743 1862 3781 ex
1894 3742 2036 3782 con-

376 3830 601 3872 «sensu
624 3818 682 3873 et
707 3812 1016 3872 voluntate
1035 3814 1299 3885 regionis
1330 3814 1617 3887 episcopi.
1671 3815 1729 3871 Si
1755 3814 1895 3887 quis
1927 3832 2037 3871 au-

376 3926 408 3958 α
429 3908 630 3962 autem
660 3903 779 3962 tale
810 3904 1039 3979 aliquid
1065 3903 1263 3961 facere
1275 3903 1785 3974 tentaverit,irrita
1809 3905 1883 3960 sit
1908 3905 2041 3976 ejus

375 3993 740 4063 «ordinatio,
766 3998 948 4067 atque
987 3998 1332 4051 coercentur
1357 4009 1396 4050 a
1426 3993 1687 4066 synodo.
1721 4015 1748 4044 »
1774 3996 1839 4050 Et
1887 3994 2039 4050 sicut

378 4082 886 4156 «predecessoris
908 4083 1095 4140 nostri
1122 4082 1286 4140 beati
1316 4081 1611 4140 Ccelestini
1640 4099 1815 4156 papte
1849 4083 2035 4140 conti-

372 4174 525 4229 nent
539 4171 899 4228 constituta:
933 4192 964 4222 α
997 4174 1068 4228 Ut
1111 4171 1187 4227 sit
1240 4174 1558 4228 contentus
1617 4173 2036 4246 unusquisque

376 4279 409 4310 κ
425 4259 747 4333 episcopus
771 4274 894 4315 sua:
922 4258 1144 4316 civitati
1168 4259 1468 4316 concessis
1485 4260 1833 4323 hominibus
1891 4261 2041 4318 alter

377 4349 491 4407 «in
515 4348 758 4407 alterius
786 4349 1099 4423 provincia
1119 4350 1268 4407 nihil
1281 4356 1642 4424 praesumat;
1678 4372 1707 4403 »
1737 4352 1820 4409 ita
1850 4356 1908 4409 et
1926 4368 2039 4407 nos

378 4460 410 4493 κ
439 4437 603 4496 beati
632 4437 790 4495 Petri
816 4437 1229 4511 apostolorum
1275 4439 1586 4512 principis,
1620 4440 1793 4512 cujus
1824 4440 2036 4509 vicem,

2152 3191 2224 3248 tis
2256 3207 2366 3263 per
2388 3196 2829 3263 praeceptorum
2885 3191 3244 3255 sanctiones,
3303 3206 3412 3251 seu
3439 3190 3833 3251 decretorum

2146 3278 2543 3337 institutiones
2555 3279 2830 3349 haberet,
2849 3279 3107 3346 deferre,
3126 3294 3364 3339 necnon
3376 3284 3553 3338 testes
3562 3280 3829 3339 idoneos

2143 3368 2219 3426 de
2232 3368 2517 3441 praedicta
2536 3368 2787 3427 ecclesia
2811 3369 3230 3442 unusquisque
3259 3369 3339 3427 ad
3364 3368 3829 3441 indagationem

2147 3457 2409 3514 veritatis
2456 3474 2662 3514 secum
2682 3456 2948 3515 duceret.
2977 3458 3185 3515 Finitis
3205 3458 3387 3529 igitur
3434 3457 3635 3531 dictis,
3668 3459 3829 3517 duo-

2150 3545 2346 3603 decim
2377 3546 2593 3602 diebus
2623 3549 2825 3603 Petrus
2856 3548 3181 3620 episcopus
3218 3547 3474 3605 Aretinas
3529 3547 3821 3617 ecclesia,

2148 3639 2208 3692 et
2238 3636 2485 3693 Cautius
2510 3635 2832 3708 episcopus
2863 3636 3142 3693 Senensis
3169 3635 3232 3693 in
3257 3636 3583 3710 praesentia
3611 3640 3827 3708 nostri,

2146 3729 2203 3779 et
2232 3724 2613 3797 imperatoris
2642 3722 2927 3781 Ludovici
2960 3724 3215 3797 piissimi
3242 3726 3492 3795 Augusti
3522 3742 3820 3799 persona-

2140 3812 2273 3871 liter
2294 3817 2603 3882 venerunt,
2655 3812 2803 3869 etin
2855 3819 3182 3887 conspectu
3238 3830 3450 3870 eorum
3496 3816 3818 3889 episcopo-

2140 3918 2280 3958 rum
2302 3918 2563 3974 quorum
2594 3902 2845 3959 nomina
2866 3903 3070 3959 subter
3098 3918 3337 3961 annexa
3360 3908 3517 3972 sunt,
3549 3906 3819 3961 Joannes

2143 3990 2640 4064 archiepiscopus
2672 3991 2923 4049 civitatis
2950 3995 3244 4049 Ravennae
3274 3991 3630 4049 Ambrosius
3659 3993 3820 4066 epis—

2143 4097 2334 4154 copus
2363 4081 2648 4137 Lucensis
2675 4082 2958 4146 ecclesiae,
2979 4081 3255 4141 Oschesis
3277 4082 3599 4156 episcopus
3620 4082 3813 4140 Pisto-

2142 4170 2378 4241 riensis,
2408 4172 2673 4229 Donatus
2713 4172 3034 4245 episcopus
3067 4171 3380 4229 Fesulanm
3409 4172 3684 4239 civitatis,
3719 4172 3820 4228 Jo-

2142 4259 2378 4318 hannes
2411 4261 2733 4334 episcopus
2780 4260 2950 4329 Pisas,
2981 4260 3259 4319 Andreas
3287 4261 3608 4334 episcopus
3638 4259 3820 4318 Vola-

2145 4351 2512 4407 terranensis
2536 4349 2816 4417 civitatis,
2845 4350 3278 4424 Taceprandus
3323 4350 3645 4424 episcopus
3677 4350 3823 4408 civi-

2146 4439 2281 4495 tatis
2309 4439 2490 4511 Clusi,
2546 4439 2697 4497 Otho
2726 4440 3048 4513 episcopus
3072 4439 3455 4511 Rosellensis,
3483 4438 3819 4497 Tanimun-

373 4527 657 4603 quamvis
692 4493 992 4597 immeriti,
1054 4527 1159 4585 Dei
1210 4493 1578 4599 behignithte
1626 4493 1910 4601 gerimus,
1947 4546 2043 4585 su-
2074 4493 2115 4548 Β
2145 4527 2260 4583 dus
2288 4493 2609 4601 episcopus
2664 4493 3014 4593 Suafnensis,
3058 4531 3266 4586 Petrus
3296 4493 3618 4602 episcopus
3674 4526 3822 4586 civi-

374 4621 609 4676 mentos
629 4616 1070 4685 auctoritatem,
1103 4617 1488 4675 decernimus
1533 4622 1617 4688 ut,
1651 4618 1803 4676 sicut
1851 4624 2036 4677 statu-

372 4712 505 4768 tum
527 4712 641 4778 est,
672 4707 1094 4783 unusquisque
1138 4709 1463 4783 episcopus
1522 4710 1872 4784 parochias,
1930 4727 2037 4768 seu

372 4798 683 4871 diaconos,
709 4798 886 4871 juxta
929 4796 1149 4856 limites
1202 4815 1328 4856 sum
1373 4798 1595 4857 civitati
1649 4800 2033 4873 pertinentes,

372 4887 807 4963 imperturbate
828 4887 1155 4962 possideat,
1189 4887 1304 4947 sub
1335 4887 1524 4945 divini
1538 4888 1749 4961 judicii
1774 4889 2037 4947 obtesta-

372 4977 536 5035 tione
556 4980 615 5035 et
631 4977 1035 5036 anathematis
1063 4977 1541 5051 interpositione.
1573 4999 1603 5029 ››

447 5064 604 5122 Dum
630 5064 809 5136 igitur
826 5082 939 5124 nos
965 5068 1080 5125 Leo
1096 5083 1374 5124 summus
1402 5066 1667 5140 pontifex
1684 5071 1907 5124 sanctas
1932 5067 2034 5124 ad-

374 5152 729 5212 hortationis
745 5169 1085 5211 sermonem
1114 5154 1479 5226 claudimus,
1501 5154 1901 5212 decretalibus
1931 5172 2031 5211 su-

374 5256 487 5316 pra
503 5240 832 5299 nominatis
846 5258 954 5316 per
966 5243 1241 5300 ordinem
1252 5243 1534 5312 ostensis,
1549 5248 1606 5301 et
1618 5244 1867 5311 reiectis,
1891 5248 2034 5301 tunc

374 5332 585 5390 Petrus
616 5331 874 5389 Aretinas
928 5331 1206 5389 Ecclesiae
1261 5332 1587 5406 episcOpus
1629 5333 1777 5390 dixit
1824 5333 2033 5391 Cautio

374 5420 662 5495 episcopo
692 5438 708 5478 :
741 5424 862 5479 Ista
888 5424 994 5478 tua
1017 5420 1341 5480 decretalia
1360 5426 1418 5478 et
1444 5421 1729 5493 iudicata,
1769 5422 1907 5496 quae
1936 5422 2035 5479 hic

374 5508 708 5580 ostendisti,
734 5509 968 5567 nullam
1020 5513 1282 5584 possunt
1308 5509 1505 5567 facere
1531 5510 1834 5583 jacturam
1881 5527 2032 5570 mea;
2084 5518 2089 5523 ’

375 5594 871 5670 ecclesim,neque
880 5596 1204 5672 dispendia
1218 5619 1231 5669 ;
1245 5600 1538 5673 quoniam
1569 5616 1681 5656 nos
1701 5604 1757 5657 et
1770 5604 2036 5657 anteces-

379 5697 547 5740 sores
572 5685 761 5740 nostri
801 5688 1174 5747 monasteria
1205 5692 1264 5746 et
1294 5688 1646 5761 baptisteria
1658 5705 1799 5745 cum
1820 5706 2032 5746 eorum

377 5769 661 5844 oraculis,
676 5775 1179 5847 seupertinentiis,
1197 5793 1305 5835 seu
1321 5777 1701 5852 adjacentiis,
1716 5794 1853 5854 quin
1870 5779 2032 5838 intra

2147 4618 2285 4674 tatis
2337 4618 2855 4687 Orbevetanensis,
2913 4620 3176 4677 Joannes
3238 4619 3561 4693 episcopus
3590 4620 3819 4677 Tusca-

2143 4709 2371 4780 nensis,
2392 4708 2657 4766 Joannes
2672 4710 2994 4783 episcopus
3021 4708 3571 4780 Centumcellensis,
3609 4711 3819 4767 Petrus

2142 4797 2469 4872 episc0pus
2501 4798 2859 4871 Spoletinus,
2911 4798 3132 4872 aliique
3184 4798 3409 4873 plures.
3458 4801 3524 4854 In
3559 4796 3822 4871 praedic-

2144 4889 2343 4944 torum
2373 4887 2575 4960 itaque
2616 4888 2938 4961 praesentia
2990 4888 3177 4946 ambo
3231 4886 3519 4961 episcopi,
3579 4886 3699 4943 hoc
3731 4888 3820 4943 est

2147 4977 2390 5035 Cautius
2444 4976 2764 5052 episcopus
2827 4979 3130 5047 Senensis,
3187 4982 3246 5035 et
3295 4980 3510 5034 Petrus
3563 4978 3821 5033 Aretinze

2147 5065 2429 5135 ecclesiae,
2464 5082 2603 5124 cum
2649 5067 3064 5125 sanctionibus
3116 5071 3577 5140 praeceptorum,
3633 5070 3816 5139 atque

2144 5155 2614 5214 institutionibus
2674 5157 3075 5223 decretorum,
3156 5155 3390 5214 idoneis
3440 5154 3692 5212 testibus
3747 5169 3817 5210 ex

2139 5249 2397 5319 utraque
2427 5248 2620 5318 parte,
2672 5250 2738 5302 ut
2784 5245 3172 5319 impetratum
3211 5245 3433 5313 fuerat,
3508 5242 3811 5309 adhibitis,

2141 5334 2360 5392 iterum
2398 5350 2625 5390 corona
2654 5335 2845 5391 sancti
2895 5335 3131 5391 concilii
3185 5335 3249 5391 in
3302 5333 3519 5390 eadem
3561 5331 3813 5389 ecclesia

2138 5422 2300 5480 beati
2345 5422 2635 5496 principis
2685 5421 3121 5496 apostolorum,
3153 5423 3258 5481 ubi
3286 5422 3454 5496 prius
3476 5422 3693 5487 fuerat,
3720 5435 3811 5477 re.

2141 5510 2473 5569 sidentibus
2527 5528 2669 5569 cum
2718 5512 2896 5568 nobis
2951 5512 3011 5568 in
3045 5511 3297 5570 concilio
3349 5515 3408 5568 et
3464 5509 3809 5567 volentibus

2140 5604 2321 5658 tantae
2405 5601 2807 5658 altercationis
2879 5601 3136 5671 litigium
3232 5600 3567 5657 rectissima
3643 5599 3810 5656 lance

2138 5705 2415 5763 pensare,
2511 5694 2568 5748 et
2651 5690 2940 5748 libratum
2997 5690 3295 5764 aequitatis
3377 5688 3622 5746 trutinio
3678 5688 3810 5744 ﬁni.

2137 5794 2251 5849 re;
2334 5795 2471 5840 ecce
2542 5782 2747 5857 Petrus
2816 5780 3072 5840 Aretinte
3146 5778 3416 5841 ecclesias
3463 5776 3807 5843 decretalis.
