  <div class='ocr_page' id='page_1' title='image "/cluster/home/n/w/nwhite01/storage/ocr_20150623/115-116/uc1.31175006916467/338.png"; bbox 0 0 3968 6422; ppageno 0'>
   <div class='ocr_carea' id='block_1_1' title="bbox 148 308 254 371">
    <p class='ocr_par' dir='ltr' id='par_1_1' title="bbox 148 308 254 371">
     <span class='ocr_line' id='line_1_1' title="bbox 148 308 254 371; baseline 0 -5"><span class='ocrx_word' id='word_1_1' title='bbox 148 308 254 371; x_wconf 64' lang='grc' dir='ltr'>ω</span> 
     </span>
    </p>
   </div>
   <div class='ocr_carea' id='block_1_2' title="bbox 1449 309 2304 377">
    <p class='ocr_par' dir='ltr' id='par_1_2' title="bbox 1449 309 2304 377">
     <span class='ocr_line' id='line_1_2' title="bbox 1449 309 2304 377; baseline 0.012 -10"><span class='ocrx_word' id='word_1_2' title='bbox 1449 309 1803 373; x_wconf 67' lang='grc' dir='ltr'>ΕΡιετοιε</span> <span class='ocrx_word' id='word_1_3' title='bbox 1832 310 1927 373; x_wconf 67' lang='grc' dir='ltr'><strong>ΒΤ</strong></span> <span class='ocrx_word' id='word_1_4' title='bbox 1960 313 2279 377; x_wconf 71' lang='lat' dir='ltr'>DECRETA</span> <span class='ocrx_word' id='word_1_5' title='bbox 2291 364 2304 377; x_wconf 96' lang='lat'>.</span> 
     </span>
    </p>
   </div>
   <div class='ocr_carea' id='block_1_3' title="bbox 157 433 3595 521">
    <p class='ocr_par' dir='ltr' id='par_1_3' title="bbox 157 433 3595 521">
     <span class='ocr_line' id='line_1_3' title="bbox 157 433 3595 521; baseline 0.005 -31"><span class='ocrx_word' id='word_1_6' title='bbox 157 437 334 505; x_wconf 88' lang='lat' dir='ltr'>atque</span> <span class='ocrx_word' id='word_1_7' title='bbox 366 436 690 505; x_wconf 62' lang='lat' dir='ltr'>praecepta,</span> <span class='ocrx_word' id='word_1_8' title='bbox 717 433 895 505; x_wconf 82' lang='lat' dir='ltr'>juxta</span> <span class='ocrx_word' id='word_1_9' title='bbox 924 435 1090 507; x_wconf 89' lang='lat' dir='ltr'>quod</span> <span class='ocrx_word' id='word_1_10' title='bbox 1121 437 1502 510; x_wconf 79' lang='lat' dir='ltr'>promiserat,</span> <span class='ocrx_word' id='word_1_11' title='bbox 1531 436 1599 495; x_wconf 85' lang='lat' dir='ltr'>in</span> <span class='ocrx_word' id='word_1_12' title='bbox 1624 436 1817 493; x_wconf 78' lang='lat' dir='ltr'>mani-</span> <span class='ocrx_word' id='word_1_13' title='bbox 1852 440 1903 499; x_wconf 68' lang='grc' dir='ltr'>Α</span> <span class='ocrx_word' id='word_1_14' title='bbox 1932 438 2068 496; x_wconf 90' lang='lat' dir='ltr'>dius</span> <span class='ocrx_word' id='word_1_15' title='bbox 2095 450 2311 501; x_wconf 81' lang='lat' dir='ltr'>cuncta</span> <span class='ocrx_word' id='word_1_16' title='bbox 2342 445 2649 519; x_wconf 82' lang='lat' dir='ltr'>diripiens,</span> <span class='ocrx_word' id='word_1_17' title='bbox 2668 446 3459 521; x_wconf 79' lang='lat' dir='ltr'>subjectasquehominibus</span> <span class='ocrx_word' id='word_1_18' title='bbox 3480 455 3595 507; x_wconf 87' lang='lat' dir='ltr'>ter-</span> 
     </span>
    </p>
   </div>
   <div class='ocr_carea' id='block_1_4' title="bbox 156 524 1820 597">
    <p class='ocr_par' dir='ltr' id='par_1_4' title="bbox 156 524 1820 597">
     <span class='ocr_line' id='line_1_4' title="bbox 156 524 1820 597; baseline 0.001 -17"><span class='ocrx_word' id='word_1_19' title='bbox 156 524 571 588; x_wconf 84' lang='lat' dir='ltr'>busretinens,</span> <span class='ocrx_word' id='word_1_20' title='bbox 601 540 670 579; x_wconf 86' lang='lat' dir='ltr'>ex</span> <span class='ocrx_word' id='word_1_21' title='bbox 693 524 867 593; x_wconf 87' lang='lat' dir='ltr'>jussu</span> <span class='ocrx_word' id='word_1_22' title='bbox 919 531 1144 595; x_wconf 89' lang='lat' dir='ltr'>nostro,</span> <span class='ocrx_word' id='word_1_23' title='bbox 1179 530 1235 584; x_wconf 92' lang='lat' dir='ltr'>et</span> <span class='ocrx_word' id='word_1_24' title='bbox 1277 527 1528 597; x_wconf 82' lang='lat' dir='ltr'>Augusti</span> <span class='ocrx_word' id='word_1_25' title='bbox 1578 526 1820 582; x_wconf 91' lang='lat' dir='ltr'>Loduici</span> 
     </span>
    </p>
   </div>
   <div class='ocr_carea' id='block_1_5' title="bbox 156 613 1817 687">
    <p class='ocr_par' dir='ltr' id='par_1_5' title="bbox 156 613 1817 687">
     <span class='ocr_line' id='line_1_5' title="bbox 156 613 1817 687; baseline 0.001 -17"><span class='ocrx_word' id='word_1_26' title='bbox 156 613 413 686; x_wconf 86' lang='lat' dir='ltr'>piissimi</span> <span class='ocrx_word' id='word_1_27' title='bbox 432 614 694 685; x_wconf 86' lang='lat' dir='ltr'>Josepho</span> <span class='ocrx_word' id='word_1_28' title='bbox 726 614 1222 687; x_wconf 85' lang='lat' dir='ltr'>Archicapellano</span> <span class='ocrx_word' id='word_1_29' title='bbox 1248 616 1409 673; x_wconf 89' lang='lat' dir='ltr'>edita</span> <span class='ocrx_word' id='word_1_30' title='bbox 1440 621 1578 673; x_wconf 80' lang='lat' dir='ltr'>sunt</span> <span class='ocrx_word' id='word_1_31' title='bbox 1599 616 1678 672; x_wconf 88' lang='lat' dir='ltr'>ad</span> <span class='ocrx_word' id='word_1_32' title='bbox 1734 616 1817 671; x_wconf 90' lang='lat' dir='ltr'>le-</span> 
     </span>
    </p>
   </div>
   <div class='ocr_carea' id='block_1_6' title="bbox 157 702 1817 777">
    <p class='ocr_par' dir='ltr' id='par_1_6' title="bbox 157 702 1817 777">
     <span class='ocr_line' id='line_1_6' title="bbox 157 702 1817 777; baseline 0.001 -19"><span class='ocrx_word' id='word_1_33' title='bbox 157 702 444 773; x_wconf 84' lang='lat' dir='ltr'>gendum.</span> <span class='ocrx_word' id='word_1_34' title='bbox 470 704 741 771; x_wconf 86' lang='lat' dir='ltr'>Cumque</span> <span class='ocrx_word' id='word_1_35' title='bbox 772 704 1033 776; x_wconf 82' lang='lat' dir='ltr'>perlecta</span> <span class='ocrx_word' id='word_1_36' title='bbox 1092 704 1345 762; x_wconf 77' lang='lat' dir='ltr'>fuissent</span> <span class='ocrx_word' id='word_1_37' title='bbox 1376 708 1435 762; x_wconf 90' lang='lat' dir='ltr'>in</span> <span class='ocrx_word' id='word_1_38' title='bbox 1491 711 1817 777; x_wconf 83' lang='lat' dir='ltr'>conspectu</span> 
     </span>
    </p>
   </div>
   <div class='ocr_carea' id='block_1_7' title="bbox 156 792 1819 866">
    <p class='ocr_par' dir='ltr' id='par_1_7' title="bbox 156 792 1819 866">
     <span class='ocr_line' id='line_1_7' title="bbox 156 792 1819 866; baseline 0.002 -18"><span class='ocrx_word' id='word_1_39' title='bbox 156 793 361 862; x_wconf 93' lang='lat' dir='ltr'>magni</span> <span class='ocrx_word' id='word_1_40' title='bbox 391 792 646 858; x_wconf 78' lang='lat' dir='ltr'>concilii,</span> <span class='ocrx_word' id='word_1_41' title='bbox 693 794 992 851; x_wconf 86' lang='lat' dir='ltr'>Loduicus</span> <span class='ocrx_word' id='word_1_42' title='bbox 1038 794 1367 866; x_wconf 81' lang='lat' dir='ltr'>imperator</span> <span class='ocrx_word' id='word_1_43' title='bbox 1414 796 1496 852; x_wconf 93' lang='lat' dir='ltr'>sic</span> <span class='ocrx_word' id='word_1_44' title='bbox 1549 796 1609 851; x_wconf 91' lang='lat' dir='ltr'>in</span> <span class='ocrx_word' id='word_1_45' title='bbox 1640 811 1819 851; x_wconf 80' lang='lat' dir='ltr'><strong>aures</strong></span> 
     </span>
    </p>
   </div>
   <div class='ocr_carea' id='block_1_8' title="bbox 158 882 1819 957">
    <p class='ocr_par' dir='ltr' id='par_1_8' title="bbox 158 882 1819 957">
     <span class='ocr_line' id='line_1_8' title="bbox 158 882 1819 957; baseline 0.003 -19"><span class='ocrx_word' id='word_1_46' title='bbox 158 884 332 939; x_wconf 78' lang='lat' dir='ltr'>totius</span> <span class='ocrx_word' id='word_1_47' title='bbox 391 882 659 938; x_wconf 80' lang='lat' dir='ltr'><strong>ecclesiae</strong></span> <span class='ocrx_word' id='word_1_48' title='bbox 706 884 1101 941; x_wconf 88' lang='lat' dir='ltr'>concionatus</span> <span class='ocrx_word' id='word_1_49' title='bbox 1148 890 1237 941; x_wconf 91' lang='lat' dir='ltr'>est</span> <span class='ocrx_word' id='word_1_50' title='bbox 1286 903 1298 941; x_wconf 92' lang='lat'><strong>:</strong></span> <span class='ocrx_word' id='word_1_51' title='bbox 1352 908 1379 936; x_wconf 79' lang='grc'>‹‹</span> <span class='ocrx_word' id='word_1_52' title='bbox 1414 890 1480 943; x_wconf 84' lang='lat' dir='ltr'>Et</span> <span class='ocrx_word' id='word_1_53' title='bbox 1524 886 1819 957; x_wconf 85' lang='lat' dir='ltr'>quoniam</span> 
     </span>
    </p>
   </div>
   <div class='ocr_carea' id='block_1_9' title="bbox 159 972 1818 1045">
    <p class='ocr_par' dir='ltr' id='par_1_9' title="bbox 159 972 1818 1045">
     <span class='ocr_line' id='line_1_9' title="bbox 159 972 1818 1045; baseline 0.002 -18"><span class='ocrx_word' id='word_1_54' title='bbox 159 972 631 1045; x_wconf 86' lang='lat' dir='ltr'>uniuscujusque</span> <span class='ocrx_word' id='word_1_55' title='bbox 678 974 763 1028; x_wconf 90' lang='lat' dir='ltr'><strong>rei</strong></span> <span class='ocrx_word' id='word_1_56' title='bbox 817 975 1125 1045; x_wconf 82' lang='lat' dir='ltr'>possessio</span> <span class='ocrx_word' id='word_1_57' title='bbox 1179 976 1310 1032; x_wconf 90' lang='lat' dir='ltr'>talis</span> <span class='ocrx_word' id='word_1_58' title='bbox 1358 976 1538 1033; x_wconf 87' lang='lat' dir='ltr'>debet</span> <span class='ocrx_word' id='word_1_59' title='bbox 1565 993 1718 1043; x_wconf 88' lang='lat' dir='ltr'>esse,</span> <span class='ocrx_word' id='word_1_60' title='bbox 1752 979 1818 1032; x_wconf 86' lang='lat' dir='ltr'>ut</span> 
     </span>
    </p>
   </div>
   <div class='ocr_carea' id='block_1_10' title="bbox 154 1063 1817 1136">
    <p class='ocr_par' dir='ltr' id='par_1_10' title="bbox 154 1063 1817 1136">
     <span class='ocr_line' id='line_1_10' title="bbox 154 1063 1817 1136; baseline 0.002 -18"><span class='ocrx_word' id='word_1_61' title='bbox 154 1063 515 1136; x_wconf 81' lang='lat' dir='ltr'>principium</span> <span class='ocrx_word' id='word_1_62' title='bbox 542 1064 946 1136; x_wconf 85' lang='lat' dir='ltr'>possessionis</span> <span class='ocrx_word' id='word_1_63' title='bbox 970 1065 1033 1121; x_wconf 89' lang='lat' dir='ltr'>in</span> <span class='ocrx_word' id='word_1_64' title='bbox 1058 1082 1121 1121; x_wconf 89' lang='lat' dir='ltr'>se</span> <span class='ocrx_word' id='word_1_65' title='bbox 1160 1067 1399 1123; x_wconf 89' lang='lat' dir='ltr'>nullum</span> <span class='ocrx_word' id='word_1_66' title='bbox 1456 1067 1677 1123; x_wconf 87' lang='lat' dir='ltr'>habeat</span> <span class='ocrx_word' id='word_1_67' title='bbox 1729 1065 1817 1121; x_wconf 89' lang='lat' dir='ltr'>vi-</span> 
     </span>
    </p>
   </div>
   <div class='ocr_carea' id='block_1_11' title="bbox 156 1153 1813 1228">
    <p class='ocr_par' dir='ltr' id='par_1_11' title="bbox 156 1153 1813 1228">
     <span class='ocr_line' id='line_1_11' title="bbox 156 1153 1813 1228; baseline 0.003 -19"><span class='ocrx_word' id='word_1_68' title='bbox 156 1153 319 1223; x_wconf 90' lang='lat' dir='ltr'>tium,</span> <span class='ocrx_word' id='word_1_69' title='bbox 352 1153 587 1225; x_wconf 91' lang='lat' dir='ltr'>liquido</span> <span class='ocrx_word' id='word_1_70' title='bbox 618 1154 895 1222; x_wconf 77' lang='lat' dir='ltr'>colligere</span> <span class='ocrx_word' id='word_1_71' title='bbox 910 1156 1424 1228; x_wconf 87' lang='lat' dir='ltr'>possumus,dum</span> <span class='ocrx_word' id='word_1_72' title='bbox 1447 1164 1681 1214; x_wconf 79' lang='lat' dir='ltr'>constat</span> <span class='ocrx_word' id='word_1_73' title='bbox 1702 1158 1813 1214; x_wconf 86' lang='lat' dir='ltr'>has</span> 
     </span>
    </p>
   </div>
   <div class='ocr_carea' id='block_1_12' title="bbox 154 1244 1813 1320">
    <p class='ocr_par' dir='ltr' id='par_1_12' title="bbox 154 1244 1813 1320">
     <span class='ocr_line' id='line_1_12' title="bbox 154 1244 1813 1320; baseline 0.005 -22"><span class='ocrx_word' id='word_1_74' title='bbox 154 1244 469 1315; x_wconf 79' lang='lat' dir='ltr'>parochias</span> <span class='ocrx_word' id='word_1_75' title='bbox 498 1244 815 1300; x_wconf 84' lang='lat' dir='ltr'>ecclesiam</span> <span class='ocrx_word' id='word_1_76' title='bbox 846 1246 1148 1303; x_wconf 74' lang='lat' dir='ltr'>Aretinam</span> <span class='ocrx_word' id='word_1_77' title='bbox 1179 1263 1251 1305; x_wconf 86' lang='lat' dir='ltr'>ex</span> <span class='ocrx_word' id='word_1_78' title='bbox 1274 1252 1545 1320; x_wconf 87' lang='lat' dir='ltr'>tempore</span> <span class='ocrx_word' id='word_1_79' title='bbox 1582 1251 1813 1315; x_wconf 78' lang='lat' dir='ltr'>Longo-</span> 
     </span>
    </p>
   </div>
   <div class='ocr_carea' id='block_1_13' title="bbox 152 1331 1813 1405">
    <p class='ocr_par' dir='ltr' id='par_1_13' title="bbox 152 1331 1813 1405">
     <span class='ocr_line' id='line_1_13' title="bbox 152 1331 1813 1405; baseline 0.004 -17"><span class='ocrx_word' id='word_1_80' title='bbox 152 1331 484 1388; x_wconf 84' lang='lat' dir='ltr'>bardorum</span> <span class='ocrx_word' id='word_1_81' title='bbox 509 1334 766 1389; x_wconf 88' lang='lat' dir='ltr'>tenuisse</span> <span class='ocrx_word' id='word_1_82' title='bbox 791 1336 1234 1405; x_wconf 88' lang='lat' dir='ltr'>tantummodo,</span> <span class='ocrx_word' id='word_1_83' title='bbox 1250 1353 1377 1393; x_wconf 86' lang='lat' dir='ltr'>non</span> <span class='ocrx_word' id='word_1_84' title='bbox 1404 1338 1517 1392; x_wconf 84' lang='lat' dir='ltr'>sibi</span> <span class='ocrx_word' id='word_1_85' title='bbox 1540 1337 1813 1394; x_wconf 78' lang='lat' dir='ltr'>sufﬁcere</span> 
     </span>
    </p>
   </div>
   <div class='ocr_carea' id='block_1_14' title="bbox 152 1422 1810 1498">
    <p class='ocr_par' dir='ltr' id='par_1_14' title="bbox 152 1422 1810 1498">
     <span class='ocr_line' id='line_1_14' title="bbox 152 1422 1810 1498; baseline 0.004 -21"><span class='ocrx_word' id='word_1_86' title='bbox 152 1422 553 1493; x_wconf 84' lang='lat' dir='ltr'>possessionis</span> <span class='ocrx_word' id='word_1_87' title='bbox 586 1423 1054 1495; x_wconf 89' lang='lat' dir='ltr'>oppositionem,</span> <span class='ocrx_word' id='word_1_88' title='bbox 1078 1424 1227 1481; x_wconf 90' lang='lat' dir='ltr'>dum</span> <span class='ocrx_word' id='word_1_89' title='bbox 1277 1432 1604 1498; x_wconf 85' lang='lat' dir='ltr'>antequam</span> <span class='ocrx_word' id='word_1_90' title='bbox 1658 1430 1810 1483; x_wconf 84' lang='lat' dir='ltr'>Lon-</span> 
     </span>
    </p>
   </div>
   <div class='ocr_carea' id='block_1_15' title="bbox 152 1511 1812 1588">
    <p class='ocr_par' dir='ltr' id='par_1_15' title="bbox 152 1511 1812 1588">
     <span class='ocr_line' id='line_1_15' title="bbox 152 1511 1812 1588; baseline 0.006 -22"><span class='ocrx_word' id='word_1_91' title='bbox 152 1511 563 1580; x_wconf 87' lang='lat' dir='ltr'>gobardorum</span> <span class='ocrx_word' id='word_1_92' title='bbox 583 1512 823 1582; x_wconf 88' lang='lat' dir='ltr'>gladius</span> <span class='ocrx_word' id='word_1_93' title='bbox 851 1514 1076 1571; x_wconf 72' lang='lat' dir='ltr'>Italiam</span> <span class='ocrx_word' id='word_1_94' title='bbox 1128 1515 1484 1588; x_wconf 85' lang='lat' dir='ltr'>populando</span> <span class='ocrx_word' id='word_1_95' title='bbox 1536 1518 1812 1576; x_wconf 73' lang='lat' dir='ltr'>devasta-</span> 
     </span>
    </p>
   </div>
   <div class='ocr_carea' id='block_1_16' title="bbox 150 1601 1846 1679">
    <p class='ocr_par' dir='ltr' id='par_1_16' title="bbox 150 1601 1846 1679">
     <span class='ocr_line' id='line_1_16' title="bbox 150 1601 1846 1679; baseline 0.009 -25"><span class='ocrx_word' id='word_1_96' title='bbox 150 1605 251 1667; x_wconf 92' lang='lat' dir='ltr'>ret,</span> <span class='ocrx_word' id='word_1_97' title='bbox 283 1601 573 1659; x_wconf 80' lang='lat' dir='ltr'>Romanis</span> <span class='ocrx_word' id='word_1_98' title='bbox 602 1602 1068 1675; x_wconf 84' lang='lat' dir='ltr'>imperatoribus</span> <span class='ocrx_word' id='word_1_99' title='bbox 1100 1605 1432 1677; x_wconf 73' lang='lat' dir='ltr'>tranquillre</span> <span class='ocrx_word' id='word_1_100' title='bbox 1473 1607 1639 1679; x_wconf 86' lang='lat' dir='ltr'>pacis</span> <span class='ocrx_word' id='word_1_101' title='bbox 1688 1607 1808 1665; x_wconf 86' lang='lat' dir='ltr'>feli-</span> <span class='ocrx_word' id='word_1_102' title='bbox 1840 1663 1846 1669; x_wconf 32' lang='grc' dir='ltr'><strong>κ</strong></span> 
     </span>
    </p>
   </div>
   <div class='ocr_carea' id='block_1_17' title="bbox 150 1690 1811 1768">
    <p class='ocr_par' dir='ltr' id='par_1_17' title="bbox 150 1690 1811 1768">
     <span class='ocr_line' id='line_1_17' title="bbox 150 1690 1811 1768; baseline 0.006 -23"><span class='ocrx_word' id='word_1_103' title='bbox 150 1690 317 1746; x_wconf 87' lang='lat' dir='ltr'>citate</span> <span class='ocrx_word' id='word_1_104' title='bbox 341 1691 559 1747; x_wconf 88' lang='lat' dir='ltr'>orbem</span> <span class='ocrx_word' id='word_1_105' title='bbox 587 1692 956 1764; x_wconf 82' lang='lat' dir='ltr'>regentibus,</span> <span class='ocrx_word' id='word_1_106' title='bbox 1006 1695 1284 1755; x_wconf 82' lang='lat' dir='ltr'>Senensis</span> <span class='ocrx_word' id='word_1_107' title='bbox 1336 1696 1608 1768; x_wconf 88' lang='lat' dir='ltr'>ecclesia,</span> <span class='ocrx_word' id='word_1_108' title='bbox 1658 1698 1811 1755; x_wconf 88' lang='lat' dir='ltr'>sicut</span> 
     </span>
    </p>
   </div>
   <div class='ocr_carea' id='block_1_18' title="bbox 1930 534 3595 609">
    <p class='ocr_par' dir='ltr' id='par_1_18' title="bbox 1930 534 3595 609">
     <span class='ocr_line' id='line_1_18' title="bbox 1930 534 3595 609; baseline 0.008 -26"><span class='ocrx_word' id='word_1_109' title='bbox 1930 545 2050 599; x_wconf 85' lang='lat' dir='ltr'>ras,</span> <span class='ocrx_word' id='word_1_110' title='bbox 2082 534 2282 589; x_wconf 86' lang='lat' dir='ltr'>multis</span> <span class='ocrx_word' id='word_1_111' title='bbox 2303 537 2545 609; x_wconf 83' lang='lat' dir='ltr'>populis</span> <span class='ocrx_word' id='word_1_112' title='bbox 2571 536 2841 606; x_wconf 84' lang='lat' dir='ltr'>refertas,</span> <span class='ocrx_word' id='word_1_113' title='bbox 2884 538 3172 609; x_wconf 85' lang='lat' dir='ltr'>redegere</span> <span class='ocrx_word' id='word_1_114' title='bbox 3221 540 3285 594; x_wconf 92' lang='lat' dir='ltr'>in</span> <span class='ocrx_word' id='word_1_115' title='bbox 3329 540 3595 597; x_wconf 50' lang='lat' dir='ltr'>solitudi‘</span> 
     </span>
    </p>
   </div>
   <div class='ocr_carea' id='block_1_19' title="bbox 1930 624 3595 702">
    <p class='ocr_par' dir='ltr' id='par_1_19' title="bbox 1930 624 3595 702">
     <span class='ocr_line' id='line_1_19' title="bbox 1930 624 3595 702; baseline 0.008 -28"><span class='ocrx_word' id='word_1_116' title='bbox 1930 634 2093 676; x_wconf 88' lang='lat' dir='ltr'>nem.</span> <span class='ocrx_word' id='word_1_117' title='bbox 2124 624 2377 695; x_wconf 81' lang='lat' dir='ltr'>Contigit</span> <span class='ocrx_word' id='word_1_118' title='bbox 2402 626 2665 699; x_wconf 88' lang='lat' dir='ltr'>denique</span> <span class='ocrx_word' id='word_1_119' title='bbox 2692 643 2766 683; x_wconf 84' lang='lat' dir='ltr'>ex</span> <span class='ocrx_word' id='word_1_120' title='bbox 2792 627 2948 683; x_wconf 92' lang='lat' dir='ltr'>illius</span> <span class='ocrx_word' id='word_1_121' title='bbox 2970 629 3257 702; x_wconf 82' lang='lat' dir='ltr'>temporis</span> <span class='ocrx_word' id='word_1_122' title='bbox 3273 628 3595 687; x_wconf 86' lang='lat' dir='ltr'>desolatio-</span> 
     </span>
    </p>
   </div>
   <div class='ocr_carea' id='block_1_20' title="bbox 1928 711 3595 793">
    <p class='ocr_par' dir='ltr' id='par_1_20' title="bbox 1928 711 3595 793">
     <span class='ocr_line' id='line_1_20' title="bbox 1928 711 3595 793; baseline 0.008 -29"><span class='ocrx_word' id='word_1_123' title='bbox 1928 725 2023 776; x_wconf 90' lang='lat' dir='ltr'>ne,</span> <span class='ocrx_word' id='word_1_124' title='bbox 2055 711 2367 771; x_wconf 84' lang='lat' dir='ltr'>invasione</span> <span class='ocrx_word' id='word_1_125' title='bbox 2397 716 2612 772; x_wconf 86' lang='lat' dir='ltr'>callida</span> <span class='ocrx_word' id='word_1_126' title='bbox 2633 717 2781 774; x_wconf 87' lang='lat' dir='ltr'>alter</span> <span class='ocrx_word' id='word_1_127' title='bbox 2805 718 3148 791; x_wconf 87' lang='lat' dir='ltr'>episcopus,</span> <span class='ocrx_word' id='word_1_128' title='bbox 3203 718 3373 775; x_wconf 86' lang='lat' dir='ltr'>alteri</span> <span class='ocrx_word' id='word_1_129' title='bbox 3418 736 3595 793; x_wconf 87' lang='lat' dir='ltr'>paro—</span> 
     </span>
    </p>
   </div>
   <div class='ocr_carea' id='block_1_21' title="bbox 1928 799 3592 874">
    <p class='ocr_par' dir='ltr' id='par_1_21' title="bbox 1928 799 3592 874">
     <span class='ocr_line' id='line_1_21' title="bbox 1928 799 3592 874; baseline 0.007 -20"><span class='ocrx_word' id='word_1_130' title='bbox 1928 799 2078 856; x_wconf 72' lang='lat' dir='ltr'>chias</span> <span class='ocrx_word' id='word_1_131' title='bbox 2102 803 2331 860; x_wconf 85' lang='lat' dir='ltr'>nefario</span> <span class='ocrx_word' id='word_1_132' title='bbox 2389 822 2543 861; x_wconf 90' lang='lat' dir='ltr'>ausu</span> <span class='ocrx_word' id='word_1_133' title='bbox 2585 823 2983 874; x_wconf 90' lang='lat' dir='ltr'>commorare,</span> <span class='ocrx_word' id='word_1_134' title='bbox 3038 812 3098 865; x_wconf 92' lang='lat' dir='ltr'>et</span> <span class='ocrx_word' id='word_1_135' title='bbox 3147 808 3424 866; x_wconf 85' lang='lat' dir='ltr'>invasam</span> <span class='ocrx_word' id='word_1_136' title='bbox 3451 810 3592 866; x_wconf 81' lang='lat' dir='ltr'>totis</span> 
     </span>
    </p>
   </div>
   <div class='ocr_carea' id='block_1_22' title="bbox 1928 890 3591 969">
    <p class='ocr_par' dir='ltr' id='par_1_22' title="bbox 1928 890 3591 969">
     <span class='ocr_line' id='line_1_22' title="bbox 1928 890 3591 969; baseline 0.008 -25"><span class='ocrx_word' id='word_1_137' title='bbox 1928 890 2155 947; x_wconf 87' lang='lat' dir='ltr'>viribus</span> <span class='ocrx_word' id='word_1_138' title='bbox 2183 893 2468 951; x_wconf 86' lang='lat' dir='ltr'>detinere.</span> <span class='ocrx_word' id='word_1_139' title='bbox 2524 898 2614 953; x_wconf 90' lang='lat' dir='ltr'>Sic</span> <span class='ocrx_word' id='word_1_140' title='bbox 2661 897 2864 969; x_wconf 87' lang='lat' dir='ltr'>itaque</span> <span class='ocrx_word' id='word_1_141' title='bbox 2914 897 3163 954; x_wconf 86' lang='lat' dir='ltr'>Senensi</span> <span class='ocrx_word' id='word_1_142' title='bbox 3218 898 3481 956; x_wconf 66' lang='lat' dir='ltr'>ecclesiae</span> <span class='ocrx_word' id='word_1_143' title='bbox 3510 901 3591 957; x_wconf 87' lang='lat' dir='ltr'>ab</span> 
     </span>
    </p>
   </div>
   <div class='ocr_carea' id='block_1_23' title="bbox 1927 982 3595 1052">
    <p class='ocr_par' dir='ltr' id='par_1_23' title="bbox 1927 982 3595 1052">
     <span class='ocr_line' id='line_1_23' title="bbox 1927 982 3595 1052; baseline 0.008 -18"><span class='ocrx_word' id='word_1_144' title='bbox 1927 982 2166 1037; x_wconf 76' lang='lat' dir='ltr'>Aretina</span> <span class='ocrx_word' id='word_1_145' title='bbox 2195 984 2489 1040; x_wconf 90' lang='lat' dir='ltr'>accidisse</span> <span class='ocrx_word' id='word_1_146' title='bbox 2521 985 2762 1041; x_wconf 86' lang='lat' dir='ltr'>scimus.</span> <span class='ocrx_word' id='word_1_147' title='bbox 2798 987 3141 1052; x_wconf 85' lang='lat' dir='ltr'>Quamlibet</span> <span class='ocrx_word' id='word_1_148' title='bbox 3168 990 3371 1044; x_wconf 82' lang='lat' dir='ltr'>Petrus</span> <span class='ocrx_word' id='word_1_149' title='bbox 3412 990 3595 1047; x_wconf 83' lang='lat' dir='ltr'>Areti-</span> 
     </span>
    </p>
   </div>
   <div class='ocr_carea' id='block_1_24' title="bbox 1924 1072 3592 1145">
    <p class='ocr_par' dir='ltr' id='par_1_24' title="bbox 1924 1072 3592 1145">
     <span class='ocr_line' id='line_1_24' title="bbox 1924 1072 3592 1145; baseline 0.007 -21"><span class='ocrx_word' id='word_1_150' title='bbox 1924 1083 2041 1125; x_wconf 90' lang='lat' dir='ltr'>nus</span> <span class='ocrx_word' id='word_1_151' title='bbox 2058 1072 2379 1145; x_wconf 78' lang='lat' dir='ltr'>episcopus</span> <span class='ocrx_word' id='word_1_152' title='bbox 2404 1090 2517 1129; x_wconf 91' lang='lat' dir='ltr'>nos</span> <span class='ocrx_word' id='word_1_153' title='bbox 2548 1074 2689 1130; x_wconf 91' lang='lat' dir='ltr'>huic</span> <span class='ocrx_word' id='word_1_154' title='bbox 2716 1074 2809 1130; x_wconf 92' lang='lat' dir='ltr'>sui</span> <span class='ocrx_word' id='word_1_155' title='bbox 2839 1091 3025 1132; x_wconf 89' lang='lat' dir='ltr'>causa</span> <span class='ocrx_word' id='word_1_156' title='bbox 3051 1076 3241 1140; x_wconf 86' lang='lat' dir='ltr'>duxit,</span> <span class='ocrx_word' id='word_1_157' title='bbox 3264 1080 3469 1134; x_wconf 84' lang='lat' dir='ltr'>tamen</span> <span class='ocrx_word' id='word_1_158' title='bbox 3486 1095 3592 1136; x_wconf 16' lang='lat' dir='ltr'>ave-</span> 
     </span>
    </p>
   </div>
   <div class='ocr_carea' id='block_1_25' title="bbox 1926 1158 3591 1236">
    <p class='ocr_par' dir='ltr' id='par_1_25' title="bbox 1926 1158 3591 1236">
     <span class='ocr_line' id='line_1_25' title="bbox 1926 1158 3591 1236; baseline 0.007 -23"><span class='ocrx_word' id='word_1_159' title='bbox 1926 1158 2112 1214; x_wconf 84' lang='lat' dir='ltr'>ritatis</span> <span class='ocrx_word' id='word_1_160' title='bbox 2140 1161 2437 1218; x_wconf 81' lang='lat' dir='ltr'>rationein</span> <span class='ocrx_word' id='word_1_161' title='bbox 2460 1163 2654 1218; x_wconf 91' lang='lat' dir='ltr'>celare</span> <span class='ocrx_word' id='word_1_162' title='bbox 2694 1163 2863 1219; x_wconf 84' lang='lat' dir='ltr'>nefas</span> <span class='ocrx_word' id='word_1_163' title='bbox 2920 1180 3050 1220; x_wconf 91' lang='lat' dir='ltr'>esse</span> <span class='ocrx_word' id='word_1_164' title='bbox 3104 1165 3448 1236; x_wconf 76' lang='lat' dir='ltr'>credimus;</span> <span class='ocrx_word' id='word_1_165' title='bbox 3507 1168 3591 1225; x_wconf 87' lang='lat' dir='ltr'>ita</span> 
     </span>
    </p>
   </div>
   <div class='ocr_carea' id='block_1_26' title="bbox 1924 1250 3588 1328">
    <p class='ocr_par' dir='ltr' id='par_1_26' title="bbox 1924 1250 3588 1328">
     <span class='ocr_line' id='line_1_26' title="bbox 1924 1250 3588 1328; baseline 0.005 -24"><span class='ocrx_word' id='word_1_166' title='bbox 1924 1250 2180 1305; x_wconf 88' lang='lat' dir='ltr'>nimium</span> <span class='ocrx_word' id='word_1_167' title='bbox 2206 1267 2267 1306; x_wconf 88' lang='lat' dir='ltr'>re</span> <span class='ocrx_word' id='word_1_168' title='bbox 2295 1250 2357 1307; x_wconf 92' lang='lat' dir='ltr'>in</span> <span class='ocrx_word' id='word_1_169' title='bbox 2388 1253 2678 1321; x_wconf 86' lang='lat' dir='ltr'>ambiguo</span> <span class='ocrx_word' id='word_1_170' title='bbox 2702 1253 2921 1325; x_wconf 90' lang='lat' dir='ltr'>posita,</span> <span class='ocrx_word' id='word_1_171' title='bbox 2966 1254 3277 1328; x_wconf 86' lang='lat' dir='ltr'>utriusque</span> <span class='ocrx_word' id='word_1_172' title='bbox 3323 1257 3588 1315; x_wconf 83' lang='lat' dir='ltr'>ecclesiis</span> 
     </span>
    </p>
   </div>
   <div class='ocr_carea' id='block_1_27' title="bbox 1922 1340 3589 1413">
    <p class='ocr_par' dir='ltr' id='par_1_27' title="bbox 1922 1340 3589 1413">
     <span class='ocr_line' id='line_1_27' title="bbox 1922 1340 3589 1413; baseline 0.006 -20"><span class='ocrx_word' id='word_1_173' title='bbox 1922 1355 2154 1410; x_wconf 87' lang='lat' dir='ltr'>parere,</span> <span class='ocrx_word' id='word_1_174' title='bbox 2190 1340 2353 1396; x_wconf 86' lang='lat' dir='ltr'>alteri</span> <span class='ocrx_word' id='word_1_175' title='bbox 2383 1342 2632 1413; x_wconf 89' lang='lat' dir='ltr'>quidem</span> <span class='ocrx_word' id='word_1_176' title='bbox 2663 1358 2735 1397; x_wconf 87' lang='lat' dir='ltr'>ex</span> <span class='ocrx_word' id='word_1_177' title='bbox 2755 1342 3130 1413; x_wconf 81' lang='lat' dir='ltr'>necessitate,</span> <span class='ocrx_word' id='word_1_178' title='bbox 3155 1344 3325 1401; x_wconf 87' lang='lat' dir='ltr'>alteri</span> <span class='ocrx_word' id='word_1_179' title='bbox 3354 1361 3589 1403; x_wconf 80' lang='lat' dir='ltr'>veroex</span> 
     </span>
    </p>
   </div>
   <div class='ocr_carea' id='block_1_28' title="bbox 1922 1429 3587 1501">
    <p class='ocr_par' dir='ltr' id='par_1_28' title="bbox 1922 1429 3587 1501">
     <span class='ocr_line' id='line_1_28' title="bbox 1922 1429 3587 1501; baseline 0.005 -18"><span class='ocrx_word' id='word_1_180' title='bbox 1922 1429 2249 1493; x_wconf 81' lang='lat' dir='ltr'>voluntate,</span> <span class='ocrx_word' id='word_1_181' title='bbox 2278 1431 2594 1501; x_wconf 71' lang='lat' dir='ltr'>praedictas</span> <span class='ocrx_word' id='word_1_182' title='bbox 2622 1431 2946 1487; x_wconf 86' lang='lat' dir='ltr'>Parochias</span> <span class='ocrx_word' id='word_1_183' title='bbox 2986 1433 3383 1489; x_wconf 85' lang='lat' dir='ltr'>meminimus</span> <span class='ocrx_word' id='word_1_184' title='bbox 3427 1452 3441 1490; x_wconf 89' lang='lat'><strong>:</strong></span> <span class='ocrx_word' id='word_1_185' title='bbox 3484 1438 3587 1492; x_wconf 87' lang='lat' dir='ltr'>Se-</span> 
     </span>
    </p>
   </div>
   <div class='ocr_carea' id='block_1_29' title="bbox 1921 1519 3586 1592">
    <p class='ocr_par' dir='ltr' id='par_1_29' title="bbox 1921 1519 3586 1592">
     <span class='ocr_line' id='line_1_29' title="bbox 1921 1519 3586 1592; baseline 0.005 -19"><span class='ocrx_word' id='word_1_186' title='bbox 1921 1519 2090 1574; x_wconf 90' lang='lat' dir='ltr'>nensi</span> <span class='ocrx_word' id='word_1_187' title='bbox 2116 1520 2341 1592; x_wconf 83' lang='lat' dir='ltr'>quippe</span> <span class='ocrx_word' id='word_1_188' title='bbox 2364 1537 2435 1576; x_wconf 82' lang='lat' dir='ltr'>ex</span> <span class='ocrx_word' id='word_1_189' title='bbox 2465 1520 2793 1590; x_wconf 86' lang='lat' dir='ltr'>voluntate,</span> <span class='ocrx_word' id='word_1_190' title='bbox 2822 1521 3075 1577; x_wconf 78' lang='lat' dir='ltr'>Aretinae</span> <span class='ocrx_word' id='word_1_191' title='bbox 3095 1538 3169 1577; x_wconf 87' lang='lat' dir='ltr'>ex</span> <span class='ocrx_word' id='word_1_192' title='bbox 3213 1525 3586 1581; x_wconf 83' lang='lat' dir='ltr'>necessitate.</span> 
     </span>
    </p>
   </div>
   <div class='ocr_carea' id='block_1_30' title="bbox 1921 1609 3657 1679">
    <p class='ocr_par' dir='ltr' id='par_1_30' title="bbox 1921 1609 3657 1679">
     <span class='ocr_line' id='line_1_30' title="bbox 1921 1609 3657 1679; baseline 0.002 -15"><span class='ocrx_word' id='word_1_193' title='bbox 1921 1609 2162 1664; x_wconf 86' lang='lat' dir='ltr'>Constat</span> <span class='ocrx_word' id='word_1_194' title='bbox 2192 1624 2302 1664; x_wconf 88' lang='lat' dir='ltr'>nos</span> <span class='ocrx_word' id='word_1_195' title='bbox 2327 1609 2577 1666; x_wconf 85' lang='lat' dir='ltr'>ecclesia</span> <span class='ocrx_word' id='word_1_196' title='bbox 2605 1610 2852 1665; x_wconf 88' lang='lat' dir='ltr'>Senensi</span> <span class='ocrx_word' id='word_1_197' title='bbox 2876 1626 3071 1679; x_wconf 89' lang='lat' dir='ltr'>usque</span> <span class='ocrx_word' id='word_1_198' title='bbox 3092 1609 3274 1667; x_wconf 89' lang='lat' dir='ltr'>hodie</span> <span class='ocrx_word' id='word_1_199' title='bbox 3296 1611 3590 1668; x_wconf 79' lang='lat' dir='ltr'>reddidis-</span> <span class='ocrx_word' id='word_1_200' title='bbox 3649 1649 3657 1655; x_wconf 86' lang='lat'><strong>-</strong></span> 
     </span>
    </p>
   </div>
   <div class='ocr_carea' id='block_1_31' title="bbox 1922 1697 3589 1767">
    <p class='ocr_par' dir='ltr' id='par_1_31' title="bbox 1922 1697 3589 1767">
     <span class='ocr_line' id='line_1_31' title="bbox 1922 1697 3589 1767; baseline 0.004 -16"><span class='ocrx_word' id='word_1_201' title='bbox 1922 1713 1983 1751; x_wconf 89' lang='lat' dir='ltr'>se</span> <span class='ocrx_word' id='word_1_202' title='bbox 2013 1697 2276 1753; x_wconf 77' lang='lat' dir='ltr'>ecclesiae</span> <span class='ocrx_word' id='word_1_203' title='bbox 2307 1703 2365 1753; x_wconf 91' lang='lat' dir='ltr'>et</span> <span class='ocrx_word' id='word_1_204' title='bbox 2390 1699 2780 1754; x_wconf 89' lang='lat' dir='ltr'>constitutum</span> <span class='ocrx_word' id='word_1_205' title='bbox 2829 1699 3158 1767; x_wconf 84' lang='lat' dir='ltr'>servitium,</span> <span class='ocrx_word' id='word_1_206' title='bbox 3214 1704 3272 1756; x_wconf 88' lang='lat' dir='ltr'>et</span> <span class='ocrx_word' id='word_1_207' title='bbox 3324 1700 3589 1759; x_wconf 83' lang='lat' dir='ltr'>chrisma</span> 
     </span>
    </p>
   </div>
   <div class='ocr_carea' id='block_1_32' title="bbox 149 1782 3585 1864">
    <p class='ocr_par' dir='ltr' id='par_1_32' title="bbox 149 1782 3585 1864">
     <span class='ocr_line' id='line_1_32' title="bbox 149 1782 3585 1864; baseline 0.003 -29"><span class='ocrx_word' id='word_1_208' title='bbox 149 1796 277 1835; x_wconf 91' lang='lat' dir='ltr'>mos</span> <span class='ocrx_word' id='word_1_209' title='bbox 298 1782 589 1854; x_wconf 87' lang='lat' dir='ltr'>antiquus</span> <span class='ocrx_word' id='word_1_210' title='bbox 619 1782 844 1849; x_wconf 83' lang='lat' dir='ltr'>statuit,</span> <span class='ocrx_word' id='word_1_211' title='bbox 876 1784 1121 1841; x_wconf 88' lang='lat' dir='ltr'>easdem</span> <span class='ocrx_word' id='word_1_212' title='bbox 1168 1786 1486 1858; x_wconf 85' lang='lat' dir='ltr'>parochias</span> <span class='ocrx_word' id='word_1_213' title='bbox 1536 1788 1711 1849; x_wconf 82' lang='lat' dir='ltr'>rexit,</span> <span class='ocrx_word' id='word_1_214' title='bbox 1752 1792 1810 1844; x_wconf 92' lang='lat' dir='ltr'>et</span> <span class='ocrx_word' id='word_1_215' title='bbox 1846 1807 1890 1860; x_wconf 78' lang='grc' dir='ltr'>Β</span> <span class='ocrx_word' id='word_1_216' title='bbox 1922 1786 2001 1841; x_wconf 88' lang='lat' dir='ltr'>ab</span> <span class='ocrx_word' id='word_1_217' title='bbox 2047 1787 2262 1842; x_wconf 90' lang='lat' dir='ltr'>eadem</span> <span class='ocrx_word' id='word_1_218' title='bbox 2316 1788 2565 1843; x_wconf 88' lang='lat' dir='ltr'>ecclesia</span> <span class='ocrx_word' id='word_1_219' title='bbox 2619 1788 2896 1860; x_wconf 86' lang='lat' dir='ltr'>coepisse,</span> <span class='ocrx_word' id='word_1_220' title='bbox 2945 1789 3585 1864; x_wconf 87' lang='lat' dir='ltr'>consecrationemque</span> 
     </span>
    </p>
   </div>
   <div class='ocr_carea' id='block_1_33' title="bbox 150 1872 1807 1950">
    <p class='ocr_par' dir='ltr' id='par_1_33' title="bbox 150 1872 1807 1950">
     <span class='ocr_line' id='line_1_33' title="bbox 150 1872 1807 1950; baseline 0.005 -24"><span class='ocrx_word' id='word_1_221' title='bbox 150 1872 348 1928; x_wconf 87' lang='lat' dir='ltr'>tenuit.</span> <span class='ocrx_word' id='word_1_222' title='bbox 380 1894 410 1923; x_wconf 82' lang='lat'><em>»</em></span> <span class='ocrx_word' id='word_1_223' title='bbox 443 1875 607 1929; x_wconf 90' lang='lat' dir='ltr'>Tunc</span> <span class='ocrx_word' id='word_1_224' title='bbox 633 1889 815 1930; x_wconf 89' lang='lat' dir='ltr'>omne</span> <span class='ocrx_word' id='word_1_225' title='bbox 837 1875 1160 1931; x_wconf 88' lang='lat' dir='ltr'>concilium</span> <span class='ocrx_word' id='word_1_226' title='bbox 1180 1893 1392 1933; x_wconf 91' lang='lat' dir='ltr'>verum</span> <span class='ocrx_word' id='word_1_227' title='bbox 1414 1883 1472 1933; x_wconf 88' lang='lat' dir='ltr'>et</span> <span class='ocrx_word' id='word_1_228' title='bbox 1493 1878 1807 1950; x_wconf 88' lang='lat' dir='ltr'>probabile</span> 
     </span>
    </p>
   </div>
   <div class='ocr_carea' id='block_1_34' title="bbox 143 1958 1807 2039">
    <p class='ocr_par' dir='ltr' id='par_1_34' title="bbox 143 1958 1807 2039">
     <span class='ocr_line' id='line_1_34' title="bbox 143 1958 1807 2039; baseline 0.006 -24"><span class='ocrx_word' id='word_1_229' title='bbox 143 1958 440 2033; x_wconf 84' lang='lat' dir='ltr'>laudeque</span> <span class='ocrx_word' id='word_1_230' title='bbox 466 1963 893 2034; x_wconf 87' lang='lat' dir='ltr'>dignissimum</span> <span class='ocrx_word' id='word_1_231' title='bbox 924 1965 1347 2037; x_wconf 79' lang='lat' dir='ltr'>imperatorem</span> <span class='ocrx_word' id='word_1_232' title='bbox 1367 1968 1687 2039; x_wconf 86' lang='lat' dir='ltr'>protulisse</span> <span class='ocrx_word' id='word_1_233' title='bbox 1706 1986 1807 2025; x_wconf 84' lang='lat' dir='ltr'>ac-</span> 
     </span>
    </p>
   </div>
   <div class='ocr_carea' id='block_1_35' title="bbox 148 2048 1809 2127">
    <p class='ocr_par' dir='ltr' id='par_1_35' title="bbox 148 2048 1809 2127">
     <span class='ocr_line' id='line_1_35' title="bbox 148 2048 1809 2127; baseline 0.007 -23"><span class='ocrx_word' id='word_1_234' title='bbox 148 2048 466 2109; x_wconf 87' lang='lat' dir='ltr'>clamabat.</span> <span class='ocrx_word' id='word_1_235' title='bbox 498 2052 591 2113; x_wconf 73' lang='lat' dir='ltr'>Ad</span> <span class='ocrx_word' id='word_1_236' title='bbox 620 2053 749 2109; x_wconf 65' lang='lat' dir='ltr'>hinc</span> <span class='ocrx_word' id='word_1_237' title='bbox 773 2056 978 2109; x_wconf 87' lang='lat' dir='ltr'>Petrus</span> <span class='ocrx_word' id='word_1_238' title='bbox 1004 2057 1327 2127; x_wconf 91' lang='lat' dir='ltr'>episcopus</span> <span class='ocrx_word' id='word_1_239' title='bbox 1347 2057 1621 2113; x_wconf 75' lang='lat' dir='ltr'>Aretinus</span> <span class='ocrx_word' id='word_1_240' title='bbox 1653 2075 1666 2113; x_wconf 91' lang='lat'><strong>:</strong></span> <span class='ocrx_word' id='word_1_241' title='bbox 1697 2080 1721 2107; x_wconf 73' lang='grc' dir='ltr'>ς(</span> <span class='ocrx_word' id='word_1_242' title='bbox 1744 2062 1809 2115; x_wconf 88' lang='lat' dir='ltr'>Et</span> 
     </span>
    </p>
   </div>
   <div class='ocr_carea' id='block_1_36' title="bbox 146 2140 1808 2217">
    <p class='ocr_par' dir='ltr' id='par_1_36' title="bbox 146 2140 1808 2217">
     <span class='ocr_line' id='line_1_36' title="bbox 146 2140 1808 2217; baseline 0.005 -24"><span class='ocrx_word' id='word_1_243' title='bbox 146 2140 431 2211; x_wconf 88' lang='lat' dir='ltr'>quoniam</span> <span class='ocrx_word' id='word_1_244' title='bbox 460 2142 852 2213; x_wconf 88' lang='lat' dir='ltr'>imperatoria</span> <span class='ocrx_word' id='word_1_245' title='bbox 881 2144 1193 2215; x_wconf 89' lang='lat' dir='ltr'>majestas,</span> <span class='ocrx_word' id='word_1_246' title='bbox 1226 2148 1282 2200; x_wconf 90' lang='lat' dir='ltr'>et</span> <span class='ocrx_word' id='word_1_247' title='bbox 1322 2145 1653 2217; x_wconf 87' lang='lat' dir='ltr'>apostolica</span> <span class='ocrx_word' id='word_1_248' title='bbox 1714 2165 1808 2203; x_wconf 82' lang='lat' dir='ltr'>su-</span> 
     </span>
    </p>
   </div>
   <div class='ocr_carea' id='block_1_37' title="bbox 146 2231 1807 2305">
    <p class='ocr_par' dir='ltr' id='par_1_37' title="bbox 146 2231 1807 2305">
     <span class='ocr_line' id='line_1_37' title="bbox 146 2231 1807 2305; baseline 0.004 -18"><span class='ocrx_word' id='word_1_249' title='bbox 146 2231 401 2288; x_wconf 89' lang='lat' dir='ltr'>blimitas</span> <span class='ocrx_word' id='word_1_250' title='bbox 414 2247 543 2288; x_wconf 92' lang='lat' dir='ltr'>non</span> <span class='ocrx_word' id='word_1_251' title='bbox 560 2231 755 2291; x_wconf 89' lang='lat' dir='ltr'>solum</span> <span class='ocrx_word' id='word_1_252' title='bbox 776 2234 1233 2305; x_wconf 87' lang='lat' dir='ltr'>scripturarum,</span> <span class='ocrx_word' id='word_1_253' title='bbox 1252 2251 1462 2291; x_wconf 88' lang='lat' dir='ltr'>verum</span> <span class='ocrx_word' id='word_1_254' title='bbox 1484 2240 1541 2291; x_wconf 90' lang='lat' dir='ltr'>et</span> <span class='ocrx_word' id='word_1_255' title='bbox 1566 2237 1807 2293; x_wconf 85' lang='lat' dir='ltr'>testium</span> 
     </span>
    </p>
   </div>
   <div class='ocr_carea' id='block_1_38' title="bbox 140 2322 1807 2396">
    <p class='ocr_par' dir='ltr' id='par_1_38' title="bbox 140 2322 1807 2396">
     <span class='ocr_line' id='line_1_38' title="bbox 140 2322 1807 2396; baseline 0.004 -19"><span class='ocrx_word' id='word_1_256' title='bbox 140 2322 310 2393; x_wconf 86' lang='lat' dir='ltr'>jussit</span> <span class='ocrx_word' id='word_1_257' title='bbox 334 2323 397 2378; x_wconf 91' lang='lat' dir='ltr'>in</span> <span class='ocrx_word' id='word_1_258' title='bbox 418 2322 537 2378; x_wconf 88' lang='lat' dir='ltr'>hoc</span> <span class='ocrx_word' id='word_1_259' title='bbox 569 2323 979 2380; x_wconf 89' lang='lat' dir='ltr'>testimonium</span> <span class='ocrx_word' id='word_1_260' title='bbox 1004 2324 1300 2394; x_wconf 90' lang='lat' dir='ltr'>adhiberi,</span> <span class='ocrx_word' id='word_1_261' title='bbox 1319 2325 1575 2396; x_wconf 88' lang='lat' dir='ltr'>jubeant</span> <span class='ocrx_word' id='word_1_262' title='bbox 1594 2327 1696 2396; x_wconf 89' lang='lat' dir='ltr'>illi,</span> <span class='ocrx_word' id='word_1_263' title='bbox 1717 2344 1807 2383; x_wconf 90' lang='lat' dir='ltr'>sa-</span> 
     </span>
    </p>
   </div>
   <div class='ocr_carea' id='block_1_39' title="bbox 145 2411 1804 2487">
    <p class='ocr_par' dir='ltr' id='par_1_39' title="bbox 145 2411 1804 2487">
     <span class='ocr_line' id='line_1_39' title="bbox 145 2411 1804 2487; baseline 0.004 -22"><span class='ocrx_word' id='word_1_264' title='bbox 145 2411 410 2468; x_wconf 90' lang='lat' dir='ltr'>cerdotes</span> <span class='ocrx_word' id='word_1_265' title='bbox 440 2411 769 2468; x_wconf 88' lang='lat' dir='ltr'>testimonii</span> <span class='ocrx_word' id='word_1_266' title='bbox 799 2413 1111 2469; x_wconf 83' lang='lat' dir='ltr'>veritatem</span> <span class='ocrx_word' id='word_1_267' title='bbox 1141 2414 1428 2486; x_wconf 89' lang='lat' dir='ltr'>proferre,</span> <span class='ocrx_word' id='word_1_268' title='bbox 1463 2415 1568 2487; x_wconf 84' lang='lat' dir='ltr'>qui</span> <span class='ocrx_word' id='word_1_269' title='bbox 1597 2416 1658 2471; x_wconf 92' lang='lat' dir='ltr'>in</span> <span class='ocrx_word' id='word_1_270' title='bbox 1691 2417 1804 2472; x_wconf 90' lang='lat' dir='ltr'>eis-</span> 
     </span>
    </p>
   </div>
   <div class='ocr_carea' id='block_1_40' title="bbox 144 2499 1805 2577">
    <p class='ocr_par' dir='ltr' id='par_1_40' title="bbox 144 2499 1805 2577">
     <span class='ocr_line' id='line_1_40' title="bbox 144 2499 1805 2577; baseline 0.004 -21"><span class='ocrx_word' id='word_1_271' title='bbox 144 2499 277 2559; x_wconf 88' lang='lat' dir='ltr'>dem</span> <span class='ocrx_word' id='word_1_272' title='bbox 306 2501 721 2557; x_wconf 87' lang='lat' dir='ltr'>inhabitantes</span> <span class='ocrx_word' id='word_1_273' title='bbox 752 2503 1077 2574; x_wconf 89' lang='lat' dir='ltr'>parochiis,</span> <span class='ocrx_word' id='word_1_274' title='bbox 1127 2503 1539 2577; x_wconf 89' lang='lat' dir='ltr'>incorruptam</span> <span class='ocrx_word' id='word_1_275' title='bbox 1596 2506 1805 2563; x_wconf 88' lang='lat' dir='ltr'>verita-</span> 
     </span>
    </p>
   </div>
   <div class='ocr_carea' id='block_1_41' title="bbox 144 2590 1803 2667">
    <p class='ocr_par' dir='ltr' id='par_1_41' title="bbox 144 2590 1803 2667">
     <span class='ocr_line' id='line_1_41' title="bbox 144 2590 1803 2667; baseline 0.005 -24"><span class='ocrx_word' id='word_1_276' title='bbox 144 2593 278 2657; x_wconf 87' lang='lat' dir='ltr'>tem,</span> <span class='ocrx_word' id='word_1_277' title='bbox 309 2591 705 2663; x_wconf 88' lang='lat' dir='ltr'>antiquorum</span> <span class='ocrx_word' id='word_1_278' title='bbox 735 2590 1020 2648; x_wconf 88' lang='lat' dir='ltr'>relatione</span> <span class='ocrx_word' id='word_1_279' title='bbox 1040 2592 1359 2651; x_wconf 87' lang='lat' dir='ltr'>hominum</span> <span class='ocrx_word' id='word_1_280' title='bbox 1391 2610 1497 2666; x_wconf 90' lang='lat' dir='ltr'>per</span> <span class='ocrx_word' id='word_1_281' title='bbox 1526 2601 1803 2667; x_wconf 85' lang='lat' dir='ltr'>parente-</span> 
     </span>
    </p>
   </div>
   <div class='ocr_carea' id='block_1_42' title="bbox 142 2677 1351 2749">
    <p class='ocr_par' dir='ltr' id='par_1_42' title="bbox 142 2677 1351 2749">
     <span class='ocr_line' id='line_1_42' title="bbox 142 2677 1351 2749; baseline 0.001 -16"><span class='ocrx_word' id='word_1_282' title='bbox 142 2677 208 2733; x_wconf 74' lang='lat' dir='ltr'>ltB</span> <span class='ocrx_word' id='word_1_283' title='bbox 240 2680 467 2749; x_wconf 85' lang='lat' dir='ltr'>gradus</span> <span class='ocrx_word' id='word_1_284' title='bbox 496 2679 814 2749; x_wconf 82' lang='lat' dir='ltr'>insigniter</span> <span class='ocrx_word' id='word_1_285' title='bbox 842 2681 1285 2738; x_wconf 89' lang='lat' dir='ltr'>consociantur.</span> <span class='ocrx_word' id='word_1_286' title='bbox 1325 2703 1351 2734; x_wconf 66' lang='grc' dir='ltr'><strong><em>υ</em></strong></span> 
     </span>
    </p>
   </div>
   <div class='ocr_carea' id='block_1_43' title="bbox 208 2770 1802 2849">
    <p class='ocr_par' dir='ltr' id='par_1_43' title="bbox 208 2770 1802 2849">
     <span class='ocr_line' id='line_1_43' title="bbox 208 2770 1802 2849; baseline 0.005 -25"><span class='ocrx_word' id='word_1_287' title='bbox 208 2771 369 2825; x_wconf 84' lang='lat' dir='ltr'>Tunc</span> <span class='ocrx_word' id='word_1_288' title='bbox 401 2786 518 2825; x_wconf 89' lang='lat' dir='ltr'>nos</span> <span class='ocrx_word' id='word_1_289' title='bbox 547 2772 661 2825; x_wconf 85' lang='lat' dir='ltr'>Leo</span> <span class='ocrx_word' id='word_1_290' title='bbox 691 2770 958 2842; x_wconf 77' lang='lat' dir='ltr'>pontifex</span> <span class='ocrx_word' id='word_1_291' title='bbox 1001 2771 1352 2828; x_wconf 89' lang='lat' dir='ltr'>universalis</span> <span class='ocrx_word' id='word_1_292' title='bbox 1379 2788 1542 2849; x_wconf 90' lang='lat' dir='ltr'>papa</span> <span class='ocrx_word' id='word_1_293' title='bbox 1607 2778 1662 2829; x_wconf 90' lang='lat' dir='ltr'>et</span> <span class='ocrx_word' id='word_1_294' title='bbox 1694 2777 1802 2831; x_wconf 92' lang='lat' dir='ltr'>Lo-</span> 
     </span>
    </p>
   </div>
   <div class='ocr_carea' id='block_1_44' title="bbox 142 2856 1799 2931">
    <p class='ocr_par' dir='ltr' id='par_1_44' title="bbox 142 2856 1799 2931">
     <span class='ocr_line' id='line_1_44' title="bbox 142 2856 1799 2931; baseline 0.004 -19"><span class='ocrx_word' id='word_1_295' title='bbox 142 2856 386 2914; x_wconf 91' lang='lat' dir='ltr'>dovicus</span> <span class='ocrx_word' id='word_1_296' title='bbox 414 2860 748 2930; x_wconf 88' lang='lat' dir='ltr'>imperator</span> <span class='ocrx_word' id='word_1_297' title='bbox 774 2860 1075 2930; x_wconf 87' lang='lat' dir='ltr'>jussimus</span> <span class='ocrx_word' id='word_1_298' title='bbox 1121 2861 1389 2919; x_wconf 80' lang='lat' dir='ltr'>exhiberi</span> <span class='ocrx_word' id='word_1_299' title='bbox 1438 2862 1799 2931; x_wconf 86' lang='lat' dir='ltr'>sacerdotes,</span> 
     </span>
    </p>
   </div>
   <div class='ocr_carea' id='block_1_45' title="bbox 140 2944 1803 3019">
    <p class='ocr_par' dir='ltr' id='par_1_45' title="bbox 140 2944 1803 3019">
     <span class='ocr_line' id='line_1_45' title="bbox 140 2944 1803 3019; baseline 0.005 -16"><span class='ocrx_word' id='word_1_300' title='bbox 140 2944 400 3019; x_wconf 86' lang='lat' dir='ltr'>aliosque</span> <span class='ocrx_word' id='word_1_301' title='bbox 430 2947 664 3004; x_wconf 84' lang='lat' dir='ltr'>ﬁdeles.</span> <span class='ocrx_word' id='word_1_302' title='bbox 712 2950 823 3014; x_wconf 88' lang='lat' dir='ltr'>Qui</span> <span class='ocrx_word' id='word_1_303' title='bbox 863 2949 1064 3007; x_wconf 85' lang='lat' dir='ltr'>subito</span> <span class='ocrx_word' id='word_1_304' title='bbox 1103 2951 1299 3007; x_wconf 78' lang='lat' dir='ltr'>vocati</span> <span class='ocrx_word' id='word_1_305' title='bbox 1354 2957 1495 3011; x_wconf 85' lang='lat' dir='ltr'>sunt</span> <span class='ocrx_word' id='word_1_306' title='bbox 1540 2952 1603 3009; x_wconf 90' lang='lat' dir='ltr'>in</span> <span class='ocrx_word' id='word_1_307' title='bbox 1665 2968 1803 3015; x_wconf 84' lang='lat' dir='ltr'>con-</span> 
     </span>
    </p>
   </div>
   <div class='ocr_carea' id='block_1_46' title="bbox 141 3037 1801 3112">
    <p class='ocr_par' dir='ltr' id='par_1_46' title="bbox 141 3037 1801 3112">
     <span class='ocr_line' id='line_1_46' title="bbox 141 3037 1801 3112; baseline 0.005 -24"><span class='ocrx_word' id='word_1_308' title='bbox 141 3042 340 3108; x_wconf 73' lang='lat' dir='ltr'>spectu</span> <span class='ocrx_word' id='word_1_309' title='bbox 368 3037 579 3108; x_wconf 83' lang='lat' dir='ltr'>magni</span> <span class='ocrx_word' id='word_1_310' title='bbox 611 3037 864 3095; x_wconf 91' lang='lat' dir='ltr'>concilii.</span> <span class='ocrx_word' id='word_1_311' title='bbox 904 3038 969 3097; x_wconf 91' lang='lat' dir='ltr'>In</span> <span class='ocrx_word' id='word_1_312' title='bbox 1022 3039 1231 3111; x_wconf 85' lang='lat' dir='ltr'>primis</span> <span class='ocrx_word' id='word_1_313' title='bbox 1279 3041 1441 3097; x_wconf 81' lang='lat' dir='ltr'>venit</span> <span class='ocrx_word' id='word_1_314' title='bbox 1494 3040 1801 3112; x_wconf 78' lang='lat' dir='ltr'>Gisulphe-</span> 
     </span>
    </p>
   </div>
   <div class='ocr_carea' id='block_1_47' title="bbox 1919 1874 3585 1948">
    <p class='ocr_par' dir='ltr' id='par_1_47' title="bbox 1919 1874 3585 1948">
     <span class='ocr_line' id='line_1_47' title="bbox 1919 1874 3585 1948; baseline 0.004 -18"><span class='ocrx_word' id='word_1_315' title='bbox 1919 1874 2316 1931; x_wconf 83' lang='lat' dir='ltr'>diaconorum</span> <span class='ocrx_word' id='word_1_316' title='bbox 2391 1883 2447 1931; x_wconf 87' lang='lat' dir='ltr'>et</span> <span class='ocrx_word' id='word_1_317' title='bbox 2498 1877 2992 1948; x_wconf 70' lang='lat' dir='ltr'>presbyterorum</span> <span class='ocrx_word' id='word_1_318' title='bbox 3035 1877 3329 1934; x_wconf 87' lang='lat' dir='ltr'>hactenus</span> <span class='ocrx_word' id='word_1_319' title='bbox 3380 1880 3460 1936; x_wconf 90' lang='lat' dir='ltr'>ab</span> <span class='ocrx_word' id='word_1_320' title='bbox 3509 1895 3585 1937; x_wconf 88' lang='lat' dir='ltr'>ea</span> 
     </span>
    </p>
   </div>
   <div class='ocr_carea' id='block_1_48' title="bbox 1919 1966 3583 2036">
    <p class='ocr_par' dir='ltr' id='par_1_48' title="bbox 1919 1966 3583 2036">
     <span class='ocr_line' id='line_1_48' title="bbox 1919 1966 3583 2036; baseline 0.003 -17"><span class='ocrx_word' id='word_1_321' title='bbox 1919 1966 2272 2036; x_wconf 88' lang='lat' dir='ltr'>sumpsisse.</span> <span class='ocrx_word' id='word_1_322' title='bbox 2329 1966 2581 2021; x_wconf 70' lang='lat' dir='ltr'>Aretinae</span> <span class='ocrx_word' id='word_1_323' title='bbox 2611 1982 2755 2021; x_wconf 89' lang='lat' dir='ltr'>vero</span> <span class='ocrx_word' id='word_1_324' title='bbox 2784 1966 3069 2032; x_wconf 70' lang='lat' dir='ltr'>ecclesiae,</span> <span class='ocrx_word' id='word_1_325' title='bbox 3098 1983 3413 2024; x_wconf 83' lang='lat' dir='ltr'>armorum</span> <span class='ocrx_word' id='word_1_326' title='bbox 3440 1969 3583 2024; x_wconf 70' lang='lat' dir='ltr'>viri-</span> 
     </span>
    </p>
   </div>
   <div class='ocr_carea' id='block_1_49' title="bbox 1915 2054 3583 2121">
    <p class='ocr_par' dir='ltr' id='par_1_49' title="bbox 1915 2054 3583 2121">
     <span class='ocr_line' id='line_1_49' title="bbox 1915 2054 3583 2121; baseline 0.004 -13"><span class='ocrx_word' id='word_1_327' title='bbox 1915 2054 2033 2108; x_wconf 87' lang='lat' dir='ltr'>bus</span> <span class='ocrx_word' id='word_1_328' title='bbox 2065 2071 2412 2121; x_wconf 81' lang='lat' dir='ltr'>concussos,</span> <span class='ocrx_word' id='word_1_329' title='bbox 2446 2055 2752 2110; x_wconf 82' lang='lat' dir='ltr'>servitium</span> <span class='ocrx_word' id='word_1_330' title='bbox 2781 2071 2894 2110; x_wconf 91' lang='lat' dir='ltr'>nos</span> <span class='ocrx_word' id='word_1_331' title='bbox 2923 2060 3127 2112; x_wconf 80' lang='lat' dir='ltr'>coaete</span> <span class='ocrx_word' id='word_1_332' title='bbox 3152 2056 3436 2114; x_wconf 82' lang='lat' dir='ltr'>exhibere</span> <span class='ocrx_word' id='word_1_333' title='bbox 3452 2072 3583 2114; x_wconf 83' lang='lat' dir='ltr'>non</span> 
     </span>
    </p>
   </div>
   <div class='ocr_carea' id='block_1_50' title="bbox 1917 2144 3580 2216">
    <p class='ocr_par' dir='ltr' id='par_1_50' title="bbox 1917 2144 3580 2216">
     <span class='ocr_line' id='line_1_50' title="bbox 1917 2144 3580 2216; baseline 0.003 -19"><span class='ocrx_word' id='word_1_334' title='bbox 1917 2159 2231 2211; x_wconf 83' lang='lat' dir='ltr'>negamus.</span> <span class='ocrx_word' id='word_1_335' title='bbox 2259 2146 2399 2199; x_wconf 80' lang='lat' dir='ltr'>Jure</span> <span class='ocrx_word' id='word_1_336' title='bbox 2430 2144 2609 2213; x_wconf 88' lang='lat' dir='ltr'>igitur</span> <span class='ocrx_word' id='word_1_337' title='bbox 2638 2144 2971 2216; x_wconf 90' lang='lat' dir='ltr'>apostolica</span> <span class='ocrx_word' id='word_1_338' title='bbox 3002 2144 3341 2201; x_wconf 78' lang='lat' dir='ltr'>sublimitas</span> <span class='ocrx_word' id='word_1_339' title='bbox 3360 2150 3420 2202; x_wconf 85' lang='lat' dir='ltr'>et</span> <span class='ocrx_word' id='word_1_340' title='bbox 3469 2146 3580 2202; x_wconf 75' lang='lat' dir='ltr'>im~</span> 
     </span>
    </p>
   </div>
   <div class='ocr_carea' id='block_1_51' title="bbox 1915 2233 3580 2307">
    <p class='ocr_par' dir='ltr' id='par_1_51' title="bbox 1915 2233 3580 2307">
     <span class='ocr_line' id='line_1_51' title="bbox 1915 2233 3580 2307; baseline 0.003 -20"><span class='ocrx_word' id='word_1_341' title='bbox 1915 2233 2215 2304; x_wconf 89' lang='lat' dir='ltr'>peratoria</span> <span class='ocrx_word' id='word_1_342' title='bbox 2244 2235 2531 2305; x_wconf 88' lang='lat' dir='ltr'>majestas</span> <span class='ocrx_word' id='word_1_343' title='bbox 2590 2249 2702 2289; x_wconf 89' lang='lat' dir='ltr'>nos</span> <span class='ocrx_word' id='word_1_344' title='bbox 2755 2238 3117 2306; x_wconf 87' lang='lat' dir='ltr'>nostrasque</span> <span class='ocrx_word' id='word_1_345' title='bbox 3168 2235 3492 2307; x_wconf 79' lang='lat' dir='ltr'>parochias</span> <span class='ocrx_word' id='word_1_346' title='bbox 3540 2250 3580 2292; x_wconf 70' lang='grc' dir='ltr'>ι</span> 
     </span>
    </p>
   </div>
   <div class='ocr_carea' id='block_1_52' title="bbox 1912 2322 3581 2394">
    <p class='ocr_par' dir='ltr' id='par_1_52' title="bbox 1912 2322 3581 2394">
     <span class='ocr_line' id='line_1_52' title="bbox 1912 2322 3581 2394; baseline 0.004 -18"><span class='ocrx_word' id='word_1_347' title='bbox 1912 2322 2016 2377; x_wconf 85' lang='lat' dir='ltr'>tali</span> <span class='ocrx_word' id='word_1_348' title='bbox 2046 2323 2309 2394; x_wconf 88' lang='lat' dir='ltr'>periculo</span> <span class='ocrx_word' id='word_1_349' title='bbox 2326 2322 2558 2394; x_wconf 82' lang='lat' dir='ltr'>eripiat,</span> <span class='ocrx_word' id='word_1_350' title='bbox 2586 2328 2642 2378; x_wconf 86' lang='lat' dir='ltr'>et</span> <span class='ocrx_word' id='word_1_351' title='bbox 2672 2323 2856 2393; x_wconf 88' lang='lat' dir='ltr'>hujus</span> <span class='ocrx_word' id='word_1_352' title='bbox 2887 2323 3044 2379; x_wconf 89' lang='lat' dir='ltr'>sacri</span> <span class='ocrx_word' id='word_1_353' title='bbox 3073 2322 3307 2379; x_wconf 84' lang='lat' dir='ltr'>concilii</span> <span class='ocrx_word' id='word_1_354' title='bbox 3337 2324 3581 2383; x_wconf 85' lang='lat' dir='ltr'>decreta</span> 
     </span>
    </p>
   </div>
   <div class='ocr_carea' id='block_1_53' title="bbox 1914 2411 3580 2484">
    <p class='ocr_par' dir='ltr' id='par_1_53' title="bbox 1914 2411 3580 2484">
     <span class='ocr_line' id='line_1_53' title="bbox 1914 2411 3580 2484; baseline 0.002 -18"><span class='ocrx_word' id='word_1_355' title='bbox 1914 2417 2158 2477; x_wconf 87' lang='lat' dir='ltr'>statuat,</span> <span class='ocrx_word' id='word_1_356' title='bbox 2184 2412 2455 2467; x_wconf 72' lang='lat' dir='ltr'>ecclesias</span> <span class='ocrx_word' id='word_1_357' title='bbox 2480 2412 2737 2484; x_wconf 87' lang='lat' dir='ltr'>posthac</span> <span class='ocrx_word' id='word_1_358' title='bbox 2761 2411 2965 2476; x_wconf 90' lang='lat' dir='ltr'>libere,</span> <span class='ocrx_word' id='word_1_359' title='bbox 2991 2416 3048 2468; x_wconf 87' lang='lat' dir='ltr'>et</span> <span class='ocrx_word' id='word_1_360' title='bbox 3075 2412 3436 2469; x_wconf 85' lang='lat' dir='ltr'>inconcusse</span> <span class='ocrx_word' id='word_1_361' title='bbox 3460 2429 3580 2470; x_wconf 62' lang='lat' dir='ltr'>sero</span> 
     </span>
    </p>
   </div>
   <div class='ocr_carea' id='block_1_54' title="bbox 1916 2502 3578 2574">
    <p class='ocr_par' dir='ltr' id='par_1_54' title="bbox 1916 2502 3578 2574">
     <span class='ocr_line' id='line_1_54' title="bbox 1916 2502 3578 2574; baseline 0.002 -18"><span class='ocrx_word' id='word_1_362' title='bbox 1916 2502 2039 2556; x_wconf 89' lang='lat' dir='ltr'>vire</span> <span class='ocrx_word' id='word_1_363' title='bbox 2060 2519 2174 2557; x_wconf 91' lang='lat' dir='ltr'>nos</span> <span class='ocrx_word' id='word_1_364' title='bbox 2188 2508 2478 2574; x_wconf 89' lang='lat' dir='ltr'>oporteat.</span> <span class='ocrx_word' id='word_1_365' title='bbox 2500 2525 2530 2552; x_wconf 84' lang='grc'><strong>››</strong></span> <span class='ocrx_word' id='word_1_366' title='bbox 2559 2503 2790 2558; x_wconf 90' lang='lat' dir='ltr'>Tamen</span> <span class='ocrx_word' id='word_1_367' title='bbox 2810 2503 2946 2569; x_wconf 91' lang='lat' dir='ltr'>hoc,</span> <span class='ocrx_word' id='word_1_368' title='bbox 2971 2503 3124 2558; x_wconf 86' lang='lat' dir='ltr'>sicut</span> <span class='ocrx_word' id='word_1_369' title='bbox 3138 2518 3353 2573; x_wconf 91' lang='lat' dir='ltr'>unum,</span> <span class='ocrx_word' id='word_1_370' title='bbox 3376 2503 3578 2574; x_wconf 83' lang='lat' dir='ltr'>singil-</span> 
     </span>
    </p>
   </div>
   <div class='ocr_carea' id='block_1_55' title="bbox 1912 2590 3621 2664">
    <p class='ocr_par' dir='ltr' id='par_1_55' title="bbox 1912 2590 3621 2664">
     <span class='ocr_line' id='line_1_55' title="bbox 1912 2590 3621 2664; baseline 0.004 -19"><span class='ocrx_word' id='word_1_371' title='bbox 1912 2590 2080 2646; x_wconf 85' lang='lat' dir='ltr'>latim</span> <span class='ocrx_word' id='word_1_372' title='bbox 2094 2592 2511 2664; x_wconf 71' lang='lat' dir='ltr'>unusquisque</span> <span class='ocrx_word' id='word_1_373' title='bbox 2523 2607 2732 2646; x_wconf 88' lang='lat' dir='ltr'>eorum</span> <span class='ocrx_word' id='word_1_374' title='bbox 2750 2592 3150 2662; x_wconf 81' lang='lat' dir='ltr'>interrogatus</span> <span class='ocrx_word' id='word_1_375' title='bbox 3162 2592 3576 2650; x_wconf 87' lang='lat' dir='ltr'>testimonium</span> <span class='ocrx_word' id='word_1_376' title='bbox 3608 2642 3621 2651; x_wconf 86' lang='lat'>.</span> 
     </span>
    </p>
   </div>
   <div class='ocr_carea' id='block_1_56' title="bbox 1908 2681 3580 2755">
    <p class='ocr_par' dir='ltr' id='par_1_56' title="bbox 1908 2681 3580 2755">
     <span class='ocr_line' id='line_1_56' title="bbox 1908 2681 3580 2755; baseline 0.002 -19"><span class='ocrx_word' id='word_1_377' title='bbox 1908 2681 2289 2736; x_wconf 81' lang='lat' dir='ltr'>Gesolfrandi</span> <span class='ocrx_word' id='word_1_378' title='bbox 2312 2681 2617 2737; x_wconf 73' lang='lat' dir='ltr'>asserebat</span> <span class='ocrx_word' id='word_1_379' title='bbox 2640 2681 3042 2737; x_wconf 82' lang='lat' dir='ltr'>verissimum.</span> <span class='ocrx_word' id='word_1_380' title='bbox 3068 2681 3392 2754; x_wconf 79' lang='lat' dir='ltr'>Aripaldus</span> <span class='ocrx_word' id='word_1_381' title='bbox 3415 2698 3580 2755; x_wconf 83' lang='lat' dir='ltr'>pres-</span> 
     </span>
    </p>
   </div>
   <div class='ocr_carea' id='block_1_57' title="bbox 1913 2769 3577 2843">
    <p class='ocr_par' dir='ltr' id='par_1_57' title="bbox 1913 2769 3577 2843">
     <span class='ocr_line' id='line_1_57' title="bbox 1913 2769 3577 2843; baseline 0.002 -18"><span class='ocrx_word' id='word_1_382' title='bbox 1913 2769 2086 2841; x_wconf 82' lang='lat' dir='ltr'>byter</span> <span class='ocrx_word' id='word_1_383' title='bbox 2111 2775 2168 2825; x_wconf 90' lang='lat' dir='ltr'>et</span> <span class='ocrx_word' id='word_1_384' title='bbox 2199 2771 2533 2825; x_wconf 87' lang='lat' dir='ltr'>monachus</span> <span class='ocrx_word' id='word_1_385' title='bbox 2573 2770 2647 2825; x_wconf 91' lang='lat' dir='ltr'>de</span> <span class='ocrx_word' id='word_1_386' title='bbox 2692 2770 2867 2842; x_wconf 88' lang='lat' dir='ltr'>plebe</span> <span class='ocrx_word' id='word_1_387' title='bbox 2920 2770 3112 2826; x_wconf 85' lang='lat' dir='ltr'>sancti</span> <span class='ocrx_word' id='word_1_388' title='bbox 3167 2771 3452 2843; x_wconf 89' lang='lat' dir='ltr'>Stephani</span> <span class='ocrx_word' id='word_1_389' title='bbox 3498 2771 3577 2829; x_wconf 86' lang='lat' dir='ltr'>de</span> 
     </span>
    </p>
   </div>
   <div class='ocr_carea' id='block_1_58' title="bbox 1913 2859 3576 2928">
    <p class='ocr_par' dir='ltr' id='par_1_58' title="bbox 1913 2859 3576 2928">
     <span class='ocr_line' id='line_1_58' title="bbox 1913 2859 3576 2928; baseline 0.002 -14"><span class='ocrx_word' id='word_1_390' title='bbox 1913 2859 2201 2928; x_wconf 79' lang='lat' dir='ltr'>Anciano,</span> <span class='ocrx_word' id='word_1_391' title='bbox 2237 2865 2302 2914; x_wconf 87' lang='lat' dir='ltr'>ut</span> <span class='ocrx_word' id='word_1_392' title='bbox 2321 2859 2746 2915; x_wconf 85' lang='lat' dir='ltr'>Gesolfrandus</span> <span class='ocrx_word' id='word_1_393' title='bbox 2774 2860 2857 2915; x_wconf 89' lang='lat' dir='ltr'>ita</span> <span class='ocrx_word' id='word_1_394' title='bbox 2885 2860 3079 2915; x_wconf 87' lang='lat' dir='ltr'>refert.</span> <span class='ocrx_word' id='word_1_395' title='bbox 3132 2863 3199 2916; x_wconf 86' lang='lat' dir='ltr'>Et</span> <span class='ocrx_word' id='word_1_396' title='bbox 3251 2860 3576 2918; x_wconf 88' lang='lat' dir='ltr'>Gelisarius</span> 
     </span>
    </p>
   </div>
   <div class='ocr_carea' id='block_1_59' title="bbox 1912 2948 3575 3019">
    <p class='ocr_par' dir='ltr' id='par_1_59' title="bbox 1912 2948 3575 3019">
     <span class='ocr_line' id='line_1_59' title="bbox 1912 2948 3575 3019; baseline 0.002 -17"><span class='ocrx_word' id='word_1_397' title='bbox 1912 2948 2400 3019; x_wconf 81' lang='lat' dir='ltr'>archipresbyter</span> <span class='ocrx_word' id='word_1_398' title='bbox 2426 2948 2501 3002; x_wconf 93' lang='lat' dir='ltr'>de</span> <span class='ocrx_word' id='word_1_399' title='bbox 2523 2948 2679 3003; x_wconf 90' lang='lat' dir='ltr'>saltu</span> <span class='ocrx_word' id='word_1_400' title='bbox 2710 2948 2978 3004; x_wconf 85' lang='lat' dir='ltr'>similiter</span> <span class='ocrx_word' id='word_1_401' title='bbox 3000 2949 3315 3007; x_wconf 78' lang='lat' dir='ltr'>confessus</span> <span class='ocrx_word' id='word_1_402' title='bbox 3335 2954 3446 3006; x_wconf 90' lang='lat' dir='ltr'>est.</span> <span class='ocrx_word' id='word_1_403' title='bbox 3474 2953 3575 3006; x_wconf 80' lang='lat' dir='ltr'>Be-</span> 
     </span>
    </p>
   </div>
   <div class='ocr_carea' id='block_1_60' title="bbox 1912 3036 3574 3107">
    <p class='ocr_par' dir='ltr' id='par_1_60' title="bbox 1912 3036 3574 3107">
     <span class='ocr_line' id='line_1_60' title="bbox 1912 3036 3574 3107; baseline 0.004 -17"><span class='ocrx_word' id='word_1_404' title='bbox 1912 3036 2184 3091; x_wconf 87' lang='lat' dir='ltr'>nedictus</span> <span class='ocrx_word' id='word_1_405' title='bbox 2216 3037 2703 3107; x_wconf 80' lang='lat' dir='ltr'>archipresbyter</span> <span class='ocrx_word' id='word_1_406' title='bbox 2727 3037 2916 3092; x_wconf 86' lang='lat' dir='ltr'>sancti</span> <span class='ocrx_word' id='word_1_407' title='bbox 2942 3037 3060 3092; x_wconf 76' lang='lat' dir='ltr'>Viti</span> <span class='ocrx_word' id='word_1_408' title='bbox 3085 3037 3357 3095; x_wconf 85' lang='lat' dir='ltr'>similiter</span> <span class='ocrx_word' id='word_1_409' title='bbox 3402 3040 3574 3099; x_wconf 77' lang='lat' dir='ltr'>dixit.</span> 
     </span>
    </p>
   </div>
   <div class='ocr_carea' id='block_1_61' title="bbox 138 3124 3575 3224">
    <p class='ocr_par' dir='ltr' id='par_1_61' title="bbox 138 3124 3575 3224">
     <span class='ocr_line' id='line_1_61' title="bbox 138 3124 3575 3224; baseline 0.001 -43"><span class='ocrx_word' id='word_1_410' title='bbox 138 3126 337 3187; x_wconf 89' lang='lat' dir='ltr'>rianus</span> <span class='ocrx_word' id='word_1_411' title='bbox 371 3127 448 3185; x_wconf 89' lang='lat' dir='ltr'>de</span> <span class='ocrx_word' id='word_1_412' title='bbox 482 3127 657 3200; x_wconf 90' lang='lat' dir='ltr'>plebe</span> <span class='ocrx_word' id='word_1_413' title='bbox 680 3128 868 3183; x_wconf 89' lang='lat' dir='ltr'>sancti</span> <span class='ocrx_word' id='word_1_414' title='bbox 900 3128 1115 3192; x_wconf 86' lang='lat' dir='ltr'>Qnirici</span> <span class='ocrx_word' id='word_1_415' title='bbox 1146 3128 1207 3184; x_wconf 90' lang='lat' dir='ltr'>in</span> <span class='ocrx_word' id='word_1_416' title='bbox 1264 3129 1562 3185; x_wconf 83' lang='lat' dir='ltr'>Ausinora</span> <span class='ocrx_word' id='word_1_417' title='bbox 1592 3147 1608 3184; x_wconf 72' lang='grc' dir='ltr'><strong><em>ε</em></strong></span> <span class='ocrx_word' id='word_1_418' title='bbox 1644 3134 1801 3185; x_wconf 84' lang='lat' dir='ltr'>Ater-</span> <span class='ocrx_word' id='word_1_419' title='bbox 1835 3170 1881 3224; x_wconf 61' lang='grc' dir='ltr'><strong><em>ε</em></strong></span> <span class='ocrx_word' id='word_1_420' title='bbox 1912 3124 2279 3224; x_wconf 69' lang='lat' dir='ltr'>Aliprandus</span> <span class='ocrx_word' id='word_1_421' title='bbox 2312 3124 2385 3224; x_wconf 71' lang='lat' dir='ltr'>de</span> <span class='ocrx_word' id='word_1_422' title='bbox 2410 3125 2583 3224; x_wconf 80' lang='lat' dir='ltr'>plebe</span> <span class='ocrx_word' id='word_1_423' title='bbox 2615 3128 2676 3180; x_wconf 89' lang='lat' dir='ltr'>S.</span> <span class='ocrx_word' id='word_1_424' title='bbox 2705 3124 2918 3224; x_wconf 62' lang='lat' dir='ltr'>Ponati</span> <span class='ocrx_word' id='word_1_425' title='bbox 2944 3125 3575 3224; x_wconf 30' lang='lat' dir='ltr'>similiter-dixitz-Ali-</span> 
     </span>
    </p>
   </div>
   <div class='ocr_carea' id='block_1_62' title="bbox 139 3216 1800 3290">
    <p class='ocr_par' dir='ltr' id='par_1_62' title="bbox 139 3216 1800 3290">
     <span class='ocr_line' id='line_1_62' title="bbox 139 3216 1800 3290; baseline 0.001 -19"><span class='ocrx_word' id='word_1_426' title='bbox 139 3216 432 3287; x_wconf 84' lang='lat' dir='ltr'>palianus,</span> <span class='ocrx_word' id='word_1_427' title='bbox 462 3217 781 3290; x_wconf 84' lang='lat' dir='ltr'>presbyter</span> <span class='ocrx_word' id='word_1_428' title='bbox 808 3222 867 3272; x_wconf 90' lang='lat' dir='ltr'>et</span> <span class='ocrx_word' id='word_1_429' title='bbox 892 3217 1253 3285; x_wconf 88' lang='lat' dir='ltr'>monachus,</span> <span class='ocrx_word' id='word_1_430' title='bbox 1287 3218 1364 3274; x_wconf 90' lang='lat' dir='ltr'>de</span> <span class='ocrx_word' id='word_1_431' title='bbox 1391 3218 1567 3290; x_wconf 87' lang='lat' dir='ltr'>plebe</span> <span class='ocrx_word' id='word_1_432' title='bbox 1609 3218 1800 3283; x_wconf 78' lang='lat' dir='ltr'>sancti</span> 
     </span>
    </p>
   </div>
   <div class='ocr_carea' id='block_1_63' title="bbox 140 3306 1802 3378">
    <p class='ocr_par' dir='ltr' id='par_1_63' title="bbox 140 3306 1802 3378">
     <span class='ocr_line' id='line_1_63' title="bbox 140 3306 1802 3378; baseline 0.002 -18"><span class='ocrx_word' id='word_1_433' title='bbox 140 3306 421 3378; x_wconf 85' lang='lat' dir='ltr'>Stephani</span> <span class='ocrx_word' id='word_1_434' title='bbox 452 3306 529 3362; x_wconf 93' lang='lat' dir='ltr'>de</span> <span class='ocrx_word' id='word_1_435' title='bbox 586 3308 857 3363; x_wconf 85' lang='lat' dir='ltr'>Cinnano</span> <span class='ocrx_word' id='word_1_436' title='bbox 887 3322 902 3359; x_wconf 71' lang='grc' dir='ltr'>ε</span> <span class='ocrx_word' id='word_1_437' title='bbox 937 3306 1256 3373; x_wconf 88' lang='lat' dir='ltr'>Gesilarus,</span> <span class='ocrx_word' id='word_1_438' title='bbox 1316 3307 1802 3378; x_wconf 75' lang='lat' dir='ltr'>archipresbyter</span> 
     </span>
    </p>
   </div>
   <div class='ocr_carea' id='block_1_64' title="bbox 134 3395 1799 3468">
    <p class='ocr_par' dir='ltr' id='par_1_64' title="bbox 134 3395 1799 3468">
     <span class='ocr_line' id='line_1_64' title="bbox 134 3395 1799 3468; baseline 0.001 -18"><span class='ocrx_word' id='word_1_439' title='bbox 134 3401 347 3455; x_wconf 69' lang='lat' dir='ltr'>saneta:</span> <span class='ocrx_word' id='word_1_440' title='bbox 374 3396 570 3457; x_wconf 74' lang='lat' dir='ltr'>Mariae</span> <span class='ocrx_word' id='word_1_441' title='bbox 597 3395 659 3450; x_wconf 93' lang='lat' dir='ltr'>in</span> <span class='ocrx_word' id='word_1_442' title='bbox 682 3397 848 3453; x_wconf 81' lang='lat' dir='ltr'>Pava</span> <span class='ocrx_word' id='word_1_443' title='bbox 879 3413 892 3450; x_wconf 92' lang='lat'><strong>:</strong></span> <span class='ocrx_word' id='word_1_444' title='bbox 923 3395 1343 3466; x_wconf 74' lang='lat' dir='ltr'>lalperianus,</span> <span class='ocrx_word' id='word_1_445' title='bbox 1377 3396 1690 3468; x_wconf 84' lang='lat' dir='ltr'>presbyter</span> <span class='ocrx_word' id='word_1_446' title='bbox 1724 3396 1799 3452; x_wconf 91' lang='lat' dir='ltr'>de</span> 
     </span>
    </p>
   </div>
   <div class='ocr_carea' id='block_1_65' title="bbox 134 3483 1801 3558">
    <p class='ocr_par' dir='ltr' id='par_1_65' title="bbox 134 3483 1801 3558">
     <span class='ocr_line' id='line_1_65' title="bbox 134 3483 1801 3558; baseline 0.003 -17"><span class='ocrx_word' id='word_1_447' title='bbox 134 3483 297 3555; x_wconf 85' lang='lat' dir='ltr'>plebe</span> <span class='ocrx_word' id='word_1_448' title='bbox 322 3490 551 3545; x_wconf 70' lang='lat' dir='ltr'>sancta:</span> <span class='ocrx_word' id='word_1_449' title='bbox 578 3485 771 3542; x_wconf 74' lang='lat' dir='ltr'>Mariae</span> <span class='ocrx_word' id='word_1_450' title='bbox 801 3484 876 3541; x_wconf 87' lang='lat' dir='ltr'>de</span> <span class='ocrx_word' id='word_1_451' title='bbox 926 3484 1123 3541; x_wconf 90' lang='lat' dir='ltr'>Soleta</span> <span class='ocrx_word' id='word_1_452' title='bbox 1152 3501 1165 3539; x_wconf 88' lang='lat'><strong>:</strong></span> <span class='ocrx_word' id='word_1_453' title='bbox 1200 3484 1590 3553; x_wconf 83' lang='lat' dir='ltr'>Lanfrancus,</span> <span class='ocrx_word' id='word_1_454' title='bbox 1636 3502 1801 3558; x_wconf 86' lang='lat' dir='ltr'>pres-</span> 
     </span>
    </p>
   </div>
   <div class='ocr_carea' id='block_1_66' title="bbox 132 3572 1799 3649">
    <p class='ocr_par' dir='ltr' id='par_1_66' title="bbox 132 3572 1799 3649">
     <span class='ocr_line' id='line_1_66' title="bbox 132 3572 1799 3649; baseline 0.001 -18"><span class='ocrx_word' id='word_1_455' title='bbox 132 3572 296 3645; x_wconf 82' lang='lat' dir='ltr'>byter</span> <span class='ocrx_word' id='word_1_456' title='bbox 324 3577 406 3633; x_wconf 92' lang='lat' dir='ltr'>de</span> <span class='ocrx_word' id='word_1_457' title='bbox 435 3575 614 3649; x_wconf 89' lang='lat' dir='ltr'>plebe</span> <span class='ocrx_word' id='word_1_458' title='bbox 645 3578 867 3630; x_wconf 82' lang='lat' dir='ltr'>sanctae</span> <span class='ocrx_word' id='word_1_459' title='bbox 919 3575 1113 3635; x_wconf 74' lang='lat' dir='ltr'>Mariae</span> <span class='ocrx_word' id='word_1_460' title='bbox 1144 3574 1219 3631; x_wconf 90' lang='lat' dir='ltr'>de</span> <span class='ocrx_word' id='word_1_461' title='bbox 1270 3577 1509 3631; x_wconf 89' lang='lat' dir='ltr'>Cusona</span> <span class='ocrx_word' id='word_1_462' title='bbox 1544 3594 1557 3643; x_wconf 88' lang='lat'><strong>;</strong></span> <span class='ocrx_word' id='word_1_463' title='bbox 1612 3578 1799 3641; x_wconf 73' lang='lat' dir='ltr'>Bene.-</span> 
     </span>
    </p>
   </div>
   <div class='ocr_carea' id='block_1_67' title="bbox 133 3662 1800 3737">
    <p class='ocr_par' dir='ltr' id='par_1_67' title="bbox 133 3662 1800 3737">
     <span class='ocr_line' id='line_1_67' title="bbox 133 3662 1800 3737; baseline 0.002 -17"><span class='ocrx_word' id='word_1_464' title='bbox 133 3662 338 3731; x_wconf 90' lang='lat' dir='ltr'>dictus,</span> <span class='ocrx_word' id='word_1_465' title='bbox 371 3663 859 3736; x_wconf 85' lang='lat' dir='ltr'>archipresbyter</span> <span class='ocrx_word' id='word_1_466' title='bbox 887 3664 963 3720; x_wconf 93' lang='lat' dir='ltr'>de</span> <span class='ocrx_word' id='word_1_467' title='bbox 990 3664 1164 3737; x_wconf 87' lang='lat' dir='ltr'>plebe</span> <span class='ocrx_word' id='word_1_468' title='bbox 1196 3664 1386 3721; x_wconf 89' lang='lat' dir='ltr'>sancti</span> <span class='ocrx_word' id='word_1_469' title='bbox 1415 3664 1530 3721; x_wconf 82' lang='lat' dir='ltr'>Viti</span> <span class='ocrx_word' id='word_1_470' title='bbox 1561 3665 1800 3723; x_wconf 78' lang='lat' dir='ltr'>Vitalia-</span> 
     </span>
    </p>
   </div>
   <div class='ocr_carea' id='block_1_68' title="bbox 133 3740 1797 3828">
    <p class='ocr_par' dir='ltr' id='par_1_68' title="bbox 133 3740 1797 3828">
     <span class='ocr_line' id='line_1_68' title="bbox 133 3740 1797 3828; baseline 0.001 -19"><span class='ocrx_word' id='word_1_471' title='bbox 133 3768 205 3809; x_wconf 83' lang='lat' dir='ltr'>ne</span> <span class='ocrx_word' id='word_1_472' title='bbox 235 3771 249 3812; x_wconf 90' lang='lat'><strong>:</strong></span> <span class='ocrx_word' id='word_1_473' title='bbox 283 3740 698 3826; x_wconf 83' lang='lat' dir='ltr'>Agiprandus,</span> <span class='ocrx_word' id='word_1_474' title='bbox 725 3753 1208 3828; x_wconf 84' lang='lat' dir='ltr'>archipresbyter</span> <span class='ocrx_word' id='word_1_475' title='bbox 1258 3753 1334 3810; x_wconf 92' lang='lat' dir='ltr'>de</span> <span class='ocrx_word' id='word_1_476' title='bbox 1389 3754 1564 3826; x_wconf 90' lang='lat' dir='ltr'>plebe</span> <span class='ocrx_word' id='word_1_477' title='bbox 1604 3756 1797 3821; x_wconf 84' lang='lat' dir='ltr'>sancti</span> 
     </span>
    </p>
   </div>
   <div class='ocr_carea' id='block_1_69' title="bbox 134 3842 1797 3917">
    <p class='ocr_par' dir='ltr' id='par_1_69' title="bbox 134 3842 1797 3917">
     <span class='ocr_line' id='line_1_69' title="bbox 134 3842 1797 3917; baseline 0.002 -18"><span class='ocrx_word' id='word_1_478' title='bbox 134 3843 372 3899; x_wconf 79' lang='lat' dir='ltr'>Andreae</span> <span class='ocrx_word' id='word_1_479' title='bbox 430 3842 732 3911; x_wconf 85' lang='lat' dir='ltr'>Malcino;</span> <span class='ocrx_word' id='word_1_480' title='bbox 791 3843 1058 3912; x_wconf 91' lang='lat' dir='ltr'>Leucari,</span> <span class='ocrx_word' id='word_1_481' title='bbox 1130 3842 1445 3916; x_wconf 89' lang='lat' dir='ltr'>presbyter</span> <span class='ocrx_word' id='word_1_482' title='bbox 1494 3844 1569 3911; x_wconf 82' lang='lat' dir='ltr'>de</span> <span class='ocrx_word' id='word_1_483' title='bbox 1622 3844 1797 3917; x_wconf 71' lang='lat' dir='ltr'>plebe</span> 
     </span>
    </p>
   </div>
   <div class='ocr_carea' id='block_1_70' title="bbox 136 3933 1800 4007">
    <p class='ocr_par' dir='ltr' id='par_1_70' title="bbox 136 3933 1800 4007">
     <span class='ocr_line' id='line_1_70' title="bbox 136 3933 1800 4007; baseline 0.001 -18"><span class='ocrx_word' id='word_1_484' title='bbox 136 3940 344 4001; x_wconf 64' lang='lat' dir='ltr'>sanctis</span> <span class='ocrx_word' id='word_1_485' title='bbox 365 3933 565 4003; x_wconf 65' lang='lat' dir='ltr'>Marias</span> <span class='ocrx_word' id='word_1_486' title='bbox 591 3934 654 3989; x_wconf 90' lang='lat' dir='ltr'>in</span> <span class='ocrx_word' id='word_1_487' title='bbox 701 3936 914 4002; x_wconf 89' lang='lat' dir='ltr'>Sexta;</span> <span class='ocrx_word' id='word_1_488' title='bbox 961 3933 1257 4006; x_wconf 78' lang='lat' dir='ltr'>Aliperus,</span> <span class='ocrx_word' id='word_1_489' title='bbox 1314 3934 1800 4007; x_wconf 87' lang='lat' dir='ltr'>archipresbyter</span> 
     </span>
    </p>
   </div>
   <div class='ocr_carea' id='block_1_71' title="bbox 135 4020 1795 4095">
    <p class='ocr_par' dir='ltr' id='par_1_71' title="bbox 135 4020 1795 4095">
     <span class='ocr_line' id='line_1_71' title="bbox 135 4020 1795 4095; baseline 0.004 -21"><span class='ocrx_word' id='word_1_490' title='bbox 135 4020 201 4076; x_wconf 93' lang='lat' dir='ltr'>de</span> <span class='ocrx_word' id='word_1_491' title='bbox 225 4023 399 4095; x_wconf 92' lang='lat' dir='ltr'>plebe</span> <span class='ocrx_word' id='word_1_492' title='bbox 426 4024 621 4079; x_wconf 88' lang='lat' dir='ltr'>sancti</span> <span class='ocrx_word' id='word_1_493' title='bbox 654 4023 866 4079; x_wconf 89' lang='lat' dir='ltr'>Donati</span> <span class='ocrx_word' id='word_1_494' title='bbox 903 4023 978 4078; x_wconf 92' lang='lat' dir='ltr'>de</span> <span class='ocrx_word' id='word_1_495' title='bbox 1024 4022 1247 4079; x_wconf 89' lang='lat' dir='ltr'>Ziliano</span> <span class='ocrx_word' id='word_1_496' title='bbox 1273 4042 1285 4091; x_wconf 92' lang='lat'>;</span> <span class='ocrx_word' id='word_1_497' title='bbox 1353 4044 1380 4077; x_wconf 74' lang='grc' dir='ltr'>ι</span> <span class='ocrx_word' id='word_1_498' title='bbox 1408 4023 1475 4081; x_wconf 86' lang='lat' dir='ltr'>Hi</span> <span class='ocrx_word' id='word_1_499' title='bbox 1498 4029 1646 4091; x_wconf 84' lang='lat' dir='ltr'>sunt</span> <span class='ocrx_word' id='word_1_500' title='bbox 1673 4025 1795 4089; x_wconf 80' lang='lat' dir='ltr'>mei</span> 
     </span>
    </p>
   </div>
   <div class='ocr_carea' id='block_1_72' title="bbox 136 4113 1795 4186">
    <p class='ocr_par' dir='ltr' id='par_1_72' title="bbox 136 4113 1795 4186">
     <span class='ocr_line' id='line_1_72' title="bbox 136 4113 1795 4186; baseline 0.002 -19"><span class='ocrx_word' id='word_1_501' title='bbox 136 4113 628 4186; x_wconf 86' lang='lat' dir='ltr'>archipresbyteri</span> <span class='ocrx_word' id='word_1_502' title='bbox 658 4113 734 4170; x_wconf 91' lang='lat' dir='ltr'>de</span> <span class='ocrx_word' id='word_1_503' title='bbox 760 4114 891 4184; x_wconf 91' lang='lat' dir='ltr'>jam</span> <span class='ocrx_word' id='word_1_504' title='bbox 912 4113 1087 4170; x_wconf 91' lang='lat' dir='ltr'>dictis</span> <span class='ocrx_word' id='word_1_505' title='bbox 1120 4113 1423 4186; x_wconf 87' lang='lat' dir='ltr'>plebibus,</span> <span class='ocrx_word' id='word_1_506' title='bbox 1453 4136 1481 4165; x_wconf 84' lang='grc'><strong>»</strong></span> <span class='ocrx_word' id='word_1_507' title='bbox 1512 4114 1665 4170; x_wconf 84' lang='lat' dir='ltr'>dixit</span> <span class='ocrx_word' id='word_1_508' title='bbox 1694 4117 1795 4170; x_wconf 83' lang='lat' dir='ltr'>Pe-</span> 
     </span>
    </p>
   </div>
   <div class='ocr_carea' id='block_1_73' title="bbox 135 4202 1800 4277">
    <p class='ocr_par' dir='ltr' id='par_1_73' title="bbox 135 4202 1800 4277">
     <span class='ocr_line' id='line_1_73' title="bbox 135 4202 1800 4277; baseline 0.003 -23"><span class='ocrx_word' id='word_1_509' title='bbox 135 4202 249 4256; x_wconf 86' lang='lat' dir='ltr'>trus</span> <span class='ocrx_word' id='word_1_510' title='bbox 277 4203 554 4263; x_wconf 80' lang='lat' dir='ltr'>Aretinus</span> <span class='ocrx_word' id='word_1_511' title='bbox 584 4202 928 4275; x_wconf 89' lang='lat' dir='ltr'>episcopus.</span> <span class='ocrx_word' id='word_1_512' title='bbox 961 4206 1110 4259; x_wconf 89' lang='lat' dir='ltr'>Tum</span> <span class='ocrx_word' id='word_1_513' title='bbox 1139 4217 1254 4258; x_wconf 91' lang='lat' dir='ltr'>nos</span> <span class='ocrx_word' id='word_1_514' title='bbox 1277 4205 1391 4259; x_wconf 88' lang='lat' dir='ltr'>Leo</span> <span class='ocrx_word' id='word_1_515' title='bbox 1430 4219 1595 4277; x_wconf 91' lang='lat' dir='ltr'>papa</span> <span class='ocrx_word' id='word_1_516' title='bbox 1620 4202 1800 4275; x_wconf 86' lang='lat' dir='ltr'>jussi-</span> 
     </span>
    </p>
   </div>
   <div class='ocr_carea' id='block_1_74' title="bbox 136 4290 1797 4367">
    <p class='ocr_par' dir='ltr' id='par_1_74' title="bbox 136 4290 1797 4367">
     <span class='ocr_line' id='line_1_74' title="bbox 136 4290 1797 4367; baseline 0.005 -24"><span class='ocrx_word' id='word_1_517' title='bbox 136 4303 261 4345; x_wconf 89' lang='lat' dir='ltr'>mus</span> <span class='ocrx_word' id='word_1_518' title='bbox 284 4290 508 4348; x_wconf 90' lang='lat' dir='ltr'>librum</span> <span class='ocrx_word' id='word_1_519' title='bbox 541 4292 1001 4361; x_wconf 86' lang='lat' dir='ltr'>Evangeliorum</span> <span class='ocrx_word' id='word_1_520' title='bbox 1031 4292 1093 4349; x_wconf 91' lang='lat' dir='ltr'>in</span> <span class='ocrx_word' id='word_1_521' title='bbox 1118 4291 1321 4349; x_wconf 87' lang='lat' dir='ltr'>medio</span> <span class='ocrx_word' id='word_1_522' title='bbox 1344 4292 1597 4349; x_wconf 88' lang='lat' dir='ltr'>concilio</span> <span class='ocrx_word' id='word_1_523' title='bbox 1627 4291 1797 4367; x_wconf 82' lang='lat' dir='ltr'>poni,</span> 
     </span>
    </p>
   </div>
   <div class='ocr_carea' id='block_1_75' title="bbox 136 4376 1793 4453">
    <p class='ocr_par' dir='ltr' id='par_1_75' title="bbox 136 4376 1793 4453">
     <span class='ocr_line' id='line_1_75' title="bbox 136 4376 1793 4453; baseline 0.003 -21"><span class='ocrx_word' id='word_1_524' title='bbox 136 4376 421 4453; x_wconf 84' lang='lat' dir='ltr'>simulque</span> <span class='ocrx_word' id='word_1_525' title='bbox 442 4385 664 4449; x_wconf 69' lang='lat' dir='ltr'>sanctae</span> <span class='ocrx_word' id='word_1_526' title='bbox 705 4381 899 4437; x_wconf 90' lang='lat' dir='ltr'>crucis</span> <span class='ocrx_word' id='word_1_527' title='bbox 949 4379 1234 4437; x_wconf 83' lang='lat' dir='ltr'>vexillum</span> <span class='ocrx_word' id='word_1_528' title='bbox 1284 4380 1434 4437; x_wconf 92' lang='lat' dir='ltr'>inibi</span> <span class='ocrx_word' id='word_1_529' title='bbox 1491 4380 1793 4437; x_wconf 88' lang='lat' dir='ltr'>collocari.</span> 
     </span>
    </p>
   </div>
   <div class='ocr_carea' id='block_1_76' title="bbox 135 4468 1796 4542">
    <p class='ocr_par' dir='ltr' id='par_1_76' title="bbox 135 4468 1796 4542">
     <span class='ocr_line' id='line_1_76' title="bbox 135 4468 1796 4542; baseline 0.002 -22"><span class='ocrx_word' id='word_1_530' title='bbox 135 4468 311 4539; x_wconf 81' lang='lat' dir='ltr'>Atque</span> <span class='ocrx_word' id='word_1_531' title='bbox 332 4485 438 4542; x_wconf 91' lang='lat' dir='ltr'>per</span> <span class='ocrx_word' id='word_1_532' title='bbox 462 4472 595 4527; x_wconf 73' lang='lat' dir='ltr'>haec</span> <span class='ocrx_word' id='word_1_533' title='bbox 625 4470 909 4527; x_wconf 87' lang='lat' dir='ltr'>sciscitati</span> <span class='ocrx_word' id='word_1_534' title='bbox 940 4486 1150 4526; x_wconf 92' lang='lat' dir='ltr'>sumus</span> <span class='ocrx_word' id='word_1_535' title='bbox 1184 4488 1197 4525; x_wconf 90' lang='lat'><strong>:</strong></span> <span class='ocrx_word' id='word_1_536' title='bbox 1232 4492 1260 4521; x_wconf 84' lang='lat'><strong><em>«</em></strong></span> <span class='ocrx_word' id='word_1_537' title='bbox 1284 4470 1495 4526; x_wconf 78' lang='lat' dir='ltr'>Audite</span> <span class='ocrx_word' id='word_1_538' title='bbox 1542 4487 1673 4540; x_wconf 90' lang='lat' dir='ltr'>vos,</span> <span class='ocrx_word' id='word_1_539' title='bbox 1707 4487 1796 4531; x_wconf 80' lang='lat' dir='ltr'>sa:</span> 
     </span>
    </p>
   </div>
   <div class='ocr_carea' id='block_1_77' title="bbox 138 4557 1795 4634">
    <p class='ocr_par' dir='ltr' id='par_1_77' title="bbox 138 4557 1795 4634">
     <span class='ocr_line' id='line_1_77' title="bbox 138 4557 1795 4634; baseline 0.004 -25"><span class='ocrx_word' id='word_1_540' title='bbox 138 4557 415 4631; x_wconf 89' lang='lat' dir='ltr'>cerdotes,</span> <span class='ocrx_word' id='word_1_541' title='bbox 446 4560 673 4634; x_wconf 85' lang='lat' dir='ltr'>quibus</span> <span class='ocrx_word' id='word_1_542' title='bbox 703 4560 999 4619; x_wconf 88' lang='lat' dir='ltr'>reddendi</span> <span class='ocrx_word' id='word_1_543' title='bbox 1026 4560 1437 4617; x_wconf 90' lang='lat' dir='ltr'>testimonium</span> <span class='ocrx_word' id='word_1_544' title='bbox 1471 4559 1725 4619; x_wconf 86' lang='lat' dir='ltr'>facultas</span> <span class='ocrx_word' id='word_1_545' title='bbox 1758 4576 1795 4616; x_wconf 93' lang='lat' dir='ltr'>a</span> 
     </span>
    </p>
   </div>
   <div class='ocr_carea' id='block_1_78' title="bbox 140 4648 1795 4716">
    <p class='ocr_par' dir='ltr' id='par_1_78' title="bbox 140 4648 1795 4716">
     <span class='ocr_line' id='line_1_78' title="bbox 140 4648 1795 4716; baseline 0.004 -18"><span class='ocrx_word' id='word_1_546' title='bbox 140 4648 509 4707; x_wconf 87' lang='lat' dir='ltr'>sanctissimo</span> <span class='ocrx_word' id='word_1_547' title='bbox 540 4648 795 4707; x_wconf 91' lang='lat' dir='ltr'>concilio</span> <span class='ocrx_word' id='word_1_548' title='bbox 846 4649 1070 4706; x_wconf 89' lang='lat' dir='ltr'>tributa</span> <span class='ocrx_word' id='word_1_549' title='bbox 1120 4653 1232 4716; x_wconf 90' lang='lat' dir='ltr'>est,</span> <span class='ocrx_word' id='word_1_550' title='bbox 1283 4649 1345 4704; x_wconf 92' lang='lat' dir='ltr'>in</span> <span class='ocrx_word' id='word_1_551' title='bbox 1387 4648 1603 4706; x_wconf 86' lang='lat' dir='ltr'>virtute</span> <span class='ocrx_word' id='word_1_552' title='bbox 1655 4648 1795 4705; x_wconf 88' lang='lat' dir='ltr'>obe-</span> 
     </span>
    </p>
   </div>
   <div class='ocr_carea' id='block_1_79' title="bbox 138 4731 1794 4809">
    <p class='ocr_par' dir='ltr' id='par_1_79' title="bbox 138 4731 1794 4809">
     <span class='ocr_line' id='line_1_79' title="bbox 138 4731 1794 4809; baseline 0.005 -22"><span class='ocrx_word' id='word_1_553' title='bbox 138 4731 377 4801; x_wconf 82' lang='lat' dir='ltr'>dientise,</span> <span class='ocrx_word' id='word_1_554' title='bbox 409 4743 467 4795; x_wconf 91' lang='lat' dir='ltr'>et</span> <span class='ocrx_word' id='word_1_555' title='bbox 516 4737 631 4794; x_wconf 89' lang='lat' dir='ltr'>sub</span> <span class='ocrx_word' id='word_1_556' title='bbox 685 4738 1083 4795; x_wconf 88' lang='lat' dir='ltr'>obtestatione</span> <span class='ocrx_word' id='word_1_557' title='bbox 1130 4738 1317 4794; x_wconf 85' lang='lat' dir='ltr'>divini</span> <span class='ocrx_word' id='word_1_558' title='bbox 1368 4737 1578 4809; x_wconf 91' lang='lat' dir='ltr'>judicii</span> <span class='ocrx_word' id='word_1_559' title='bbox 1618 4738 1794 4796; x_wconf 87' lang='lat' dir='ltr'>vobis</span> 
     </span>
    </p>
   </div>
   <div class='ocr_carea' id='block_1_80' title="bbox 138 4825 1792 4898">
    <p class='ocr_par' dir='ltr' id='par_1_80' title="bbox 138 4825 1792 4898">
     <span class='ocr_line' id='line_1_80' title="bbox 138 4825 1792 4898; baseline 0.004 -22"><span class='ocrx_word' id='word_1_560' title='bbox 138 4825 530 4898; x_wconf 66' lang='lat' dir='ltr'>prmoipimus,</span> <span class='ocrx_word' id='word_1_561' title='bbox 566 4832 630 4885; x_wconf 90' lang='lat' dir='ltr'>ut</span> <span class='ocrx_word' id='word_1_562' title='bbox 659 4829 722 4883; x_wconf 92' lang='lat' dir='ltr'>in</span> <span class='ocrx_word' id='word_1_563' title='bbox 748 4828 1072 4889; x_wconf 89' lang='lat' dir='ltr'>continenti</span> <span class='ocrx_word' id='word_1_564' title='bbox 1107 4827 1281 4888; x_wconf 86' lang='lat' dir='ltr'>nobis</span> <span class='ocrx_word' id='word_1_565' title='bbox 1312 4827 1386 4887; x_wconf 91' lang='lat' dir='ltr'>de</span> <span class='ocrx_word' id='word_1_566' title='bbox 1409 4827 1525 4883; x_wconf 90' lang='lat' dir='ltr'>hac</span> <span class='ocrx_word' id='word_1_567' title='bbox 1554 4843 1616 4885; x_wconf 89' lang='lat' dir='ltr'>re</span> <span class='ocrx_word' id='word_1_568' title='bbox 1642 4827 1792 4884; x_wconf 87' lang='lat' dir='ltr'>veri-</span> 
     </span>
    </p>
   </div>
   <div class='ocr_carea' id='block_1_81' title="bbox 140 4913 1794 4990">
    <p class='ocr_par' dir='ltr' id='par_1_81' title="bbox 140 4913 1794 4990">
     <span class='ocr_line' id='line_1_81' title="bbox 140 4913 1794 4990; baseline 0.005 -27"><span class='ocrx_word' id='word_1_569' title='bbox 140 4913 308 4969; x_wconf 86' lang='lat' dir='ltr'>tatem</span> <span class='ocrx_word' id='word_1_570' title='bbox 336 4915 568 4973; x_wconf 90' lang='lat' dir='ltr'>dicatis.</span> <span class='ocrx_word' id='word_1_571' title='bbox 607 4938 635 4968; x_wconf 80' lang='lat'><strong>»</strong></span> <span class='ocrx_word' id='word_1_572' title='bbox 669 4921 732 4976; x_wconf 87' lang='lat' dir='ltr'>In</span> <span class='ocrx_word' id='word_1_573' title='bbox 762 4918 973 4990; x_wconf 87' lang='lat' dir='ltr'>primis</span> <span class='ocrx_word' id='word_1_574' title='bbox 990 4934 1134 4987; x_wconf 86' lang='lat' dir='ltr'>ergo</span> <span class='ocrx_word' id='word_1_575' title='bbox 1155 4918 1430 4977; x_wconf 88' lang='lat' dir='ltr'>omnium</span> <span class='ocrx_word' id='word_1_576' title='bbox 1458 4916 1794 4975; x_wconf 84' lang='lat' dir='ltr'>Gesoli&#39;ran-</span> 
     </span>
    </p>
   </div>
   <div class='ocr_carea' id='block_1_82' title="bbox 140 4997 1794 5080">
    <p class='ocr_par' dir='ltr' id='par_1_82' title="bbox 140 4997 1794 5080">
     <span class='ocr_line' id='line_1_82' title="bbox 140 4997 1794 5080; baseline 0.007 -28"><span class='ocrx_word' id='word_1_577' title='bbox 140 4997 245 5054; x_wconf 90' lang='lat' dir='ltr'>dus</span> <span class='ocrx_word' id='word_1_578' title='bbox 263 5002 385 5073; x_wconf 91' lang='lat' dir='ltr'>jam</span> <span class='ocrx_word' id='word_1_579' title='bbox 415 5006 613 5063; x_wconf 89' lang='lat' dir='ltr'>dictus</span> <span class='ocrx_word' id='word_1_580' title='bbox 643 5006 1130 5080; x_wconf 89' lang='lat' dir='ltr'>archipresbyter</span> <span class='ocrx_word' id='word_1_581' title='bbox 1150 5007 1232 5063; x_wconf 92' lang='lat' dir='ltr'>ait</span> <span class='ocrx_word' id='word_1_582' title='bbox 1256 5023 1269 5060; x_wconf 90' lang='lat'>:</span> <span class='ocrx_word' id='word_1_583' title='bbox 1304 5030 1333 5058; x_wconf 85' lang='grc'><em>‹‹</em></span> <span class='ocrx_word' id='word_1_584' title='bbox 1368 5007 1668 5073; x_wconf 84' lang='lat' dir='ltr'>Quoniam</span> <span class='ocrx_word' id='word_1_585' title='bbox 1690 5022 1794 5063; x_wconf 91' lang='lat' dir='ltr'>ne-</span> 
     </span>
    </p>
   </div>
   <div class='ocr_carea' id='block_1_83' title="bbox 143 5085 1789 5166">
    <p class='ocr_par' dir='ltr' id='par_1_83' title="bbox 143 5085 1789 5166">
     <span class='ocr_line' id='line_1_83' title="bbox 143 5085 1789 5166; baseline 0.005 -26"><span class='ocrx_word' id='word_1_586' title='bbox 143 5085 344 5148; x_wconf 81' lang='lat' dir='ltr'>farium</span> <span class='ocrx_word' id='word_1_587' title='bbox 372 5101 459 5152; x_wconf 89' lang='lat' dir='ltr'>est</span> <span class='ocrx_word' id='word_1_588' title='bbox 486 5096 604 5152; x_wconf 88' lang='lat' dir='ltr'>sub</span> <span class='ocrx_word' id='word_1_589' title='bbox 620 5101 786 5155; x_wconf 86' lang='lat' dir='ltr'>tanta</span> <span class='ocrx_word' id='word_1_590' title='bbox 812 5096 1208 5153; x_wconf 90' lang='lat' dir='ltr'>obtestatione</span> <span class='ocrx_word' id='word_1_591' title='bbox 1228 5096 1534 5166; x_wconf 89' lang='lat' dir='ltr'>jurantem</span> <span class='ocrx_word' id='word_1_592' title='bbox 1584 5096 1789 5153; x_wconf 87' lang='lat' dir='ltr'>retice-</span> 
     </span>
    </p>
   </div>
   <div class='ocr_carea' id='block_1_84' title="bbox 143 5183 1789 5256">
    <p class='ocr_par' dir='ltr' id='par_1_84' title="bbox 143 5183 1789 5256">
     <span class='ocr_line' id='line_1_84' title="bbox 143 5183 1789 5256; baseline 0.004 -25"><span class='ocrx_word' id='word_1_593' title='bbox 143 5190 218 5246; x_wconf 90' lang='lat' dir='ltr'>re,</span> <span class='ocrx_word' id='word_1_594' title='bbox 248 5183 618 5255; x_wconf 89' lang='lat' dir='ltr'>sacrilegium</span> <span class='ocrx_word' id='word_1_595' title='bbox 646 5201 775 5242; x_wconf 89' lang='lat' dir='ltr'>esse</span> <span class='ocrx_word' id='word_1_596' title='bbox 805 5184 1063 5242; x_wconf 90' lang='lat' dir='ltr'>arbitror</span> <span class='ocrx_word' id='word_1_597' title='bbox 1104 5186 1167 5240; x_wconf 91' lang='lat' dir='ltr'>in</span> <span class='ocrx_word' id='word_1_598' title='bbox 1222 5188 1551 5256; x_wconf 79' lang='lat' dir='ltr'>conspectu</span> <span class='ocrx_word' id='word_1_599' title='bbox 1606 5184 1789 5255; x_wconf 89' lang='lat' dir='ltr'>hujus</span> 
     </span>
    </p>
   </div>
   <div class='ocr_carea' id='block_1_85' title="bbox 144 5270 1789 5335">
    <p class='ocr_par' dir='ltr' id='par_1_85' title="bbox 144 5270 1789 5335">
     <span class='ocr_line' id='line_1_85' title="bbox 144 5270 1789 5335; baseline 0.006 -17"><span class='ocrx_word' id='word_1_600' title='bbox 144 5270 283 5323; x_wconf 88' lang='lat' dir='ltr'>sacri</span> <span class='ocrx_word' id='word_1_601' title='bbox 310 5276 537 5331; x_wconf 92' lang='lat' dir='ltr'>concilii</span> <span class='ocrx_word' id='word_1_602' title='bbox 568 5274 789 5332; x_wconf 81' lang='lat' dir='ltr'>falsum</span> <span class='ocrx_word' id='word_1_603' title='bbox 826 5274 1237 5335; x_wconf 89' lang='lat' dir='ltr'>testimonium</span> <span class='ocrx_word' id='word_1_604' title='bbox 1294 5274 1510 5330; x_wconf 88' lang='lat' dir='ltr'>dicere.</span> <span class='ocrx_word' id='word_1_605' title='bbox 1563 5272 1789 5329; x_wconf 85' lang='lat' dir='ltr'>Idcirco</span> 
     </span>
    </p>
   </div>
   <div class='ocr_carea' id='block_1_86' title="bbox 145 5358 1787 5438">
    <p class='ocr_par' dir='ltr' id='par_1_86' title="bbox 145 5358 1787 5438">
     <span class='ocr_line' id='line_1_86' title="bbox 145 5358 1787 5438; baseline -0.005 -13"><span class='ocrx_word' id='word_1_606' title='bbox 145 5358 297 5425; x_wconf 73' lang='lat' dir='ltr'>quod</span> <span class='ocrx_word' id='word_1_607' title='bbox 325 5377 360 5417; x_wconf 89' lang='lat' dir='ltr'>a</span> <span class='ocrx_word' id='word_1_608' title='bbox 378 5366 525 5420; x_wconf 88' lang='lat' dir='ltr'>meis</span> <span class='ocrx_word' id='word_1_609' title='bbox 553 5366 905 5438; x_wconf 90' lang='lat' dir='ltr'>parentibus</span> <span class='ocrx_word' id='word_1_610' title='bbox 918 5364 1120 5429; x_wconf 90' lang='lat' dir='ltr'>didici,</span> <span class='ocrx_word' id='word_1_611' title='bbox 1150 5363 1489 5437; x_wconf 86' lang='lat' dir='ltr'>etegoipse,</span> <span class='ocrx_word' id='word_1_612' title='bbox 1516 5379 1656 5419; x_wconf 92' lang='lat' dir='ltr'>cum</span> <span class='ocrx_word' id='word_1_613' title='bbox 1675 5364 1787 5418; x_wconf 90' lang='lat' dir='ltr'>sim</span> 
     </span>
    </p>
   </div>
   <div class='ocr_carea' id='block_1_87' title="bbox 148 5441 1787 5526">
    <p class='ocr_par' dir='ltr' id='par_1_87' title="bbox 148 5441 1787 5526">
     <span class='ocr_line' id='line_1_87' title="bbox 148 5441 1787 5526; baseline 0.007 -30"><span class='ocrx_word' id='word_1_614' title='bbox 148 5441 256 5500; x_wconf 88' lang='lat' dir='ltr'>fere</span> <span class='ocrx_word' id='word_1_615' title='bbox 274 5455 739 5523; x_wconf 89' lang='lat' dir='ltr'>nonagenarius,</span> <span class='ocrx_word' id='word_1_616' title='bbox 755 5454 1024 5517; x_wconf 89' lang='lat' dir='ltr'>memini,</span> <span class='ocrx_word' id='word_1_617' title='bbox 1042 5454 1277 5526; x_wconf 89' lang='lat' dir='ltr'>absque</span> <span class='ocrx_word' id='word_1_618' title='bbox 1296 5453 1571 5509; x_wconf 86' lang='lat' dir='ltr'>falsitatis</span> <span class='ocrx_word' id='word_1_619' title='bbox 1588 5452 1787 5509; x_wconf 90' lang='lat' dir='ltr'>colore</span> 
     </span>
    </p>
   </div>
   <div class='ocr_carea' id='block_1_88' title="bbox 147 5538 1787 5617">
    <p class='ocr_par' dir='ltr' id='par_1_88' title="bbox 147 5538 1787 5617">
     <span class='ocr_line' id='line_1_88' title="bbox 147 5538 1787 5617; baseline 0.005 -29"><span class='ocrx_word' id='word_1_620' title='bbox 147 5538 406 5596; x_wconf 85' lang='lat' dir='ltr'>narrabo.</span> <span class='ocrx_word' id='word_1_621' title='bbox 417 5545 545 5601; x_wconf 86' lang='lat' dir='ltr'>Scio</span> <span class='ocrx_word' id='word_1_622' title='bbox 557 5560 825 5617; x_wconf 89' lang='lat' dir='ltr'>namque</span> <span class='ocrx_word' id='word_1_623' title='bbox 840 5544 1178 5601; x_wconf 88' lang='lat' dir='ltr'>secundum</span> <span class='ocrx_word' id='word_1_624' title='bbox 1197 5558 1459 5600; x_wconf 87' lang='lat' dir='ltr'>meorum</span> <span class='ocrx_word' id='word_1_625' title='bbox 1474 5547 1787 5614; x_wconf 88' lang='lat' dir='ltr'>parentum</span> 
     </span>
    </p>
   </div>
   <div class='ocr_carea' id='block_1_89' title="bbox 152 5622 1794 5705">
    <p class='ocr_par' dir='ltr' id='par_1_89' title="bbox 152 5622 1794 5705">
     <span class='ocr_line' id='line_1_89' title="bbox 152 5622 1794 5705; baseline 0.009 -32"><span class='ocrx_word' id='word_1_626' title='bbox 152 5622 499 5703; x_wconf 89' lang='lat' dir='ltr'>relationem,</span> <span class='ocrx_word' id='word_1_627' title='bbox 529 5637 854 5692; x_wconf 86' lang='lat' dir='ltr'>Senensem</span> <span class='ocrx_word' id='word_1_628' title='bbox 874 5633 1189 5693; x_wconf 87' lang='lat' dir='ltr'>ecclesiam</span> <span class='ocrx_word' id='word_1_629' title='bbox 1211 5648 1405 5705; x_wconf 87' lang='lat' dir='ltr'>usque</span> <span class='ocrx_word' id='word_1_630' title='bbox 1452 5631 1794 5701; x_wconf 79' lang='lat' dir='ltr'>Langobar-</span> 
     </span>
    </p>
   </div>
   <div class='ocr_carea' id='block_1_90' title="bbox 153 5708 1791 5797">
    <p class='ocr_par' dir='ltr' id='par_1_90' title="bbox 153 5708 1791 5797">
     <span class='ocr_line' id='line_1_90' title="bbox 153 5708 1791 5797; baseline 0.002 -23"><span class='ocrx_word' id='word_1_631' title='bbox 153 5708 353 5775; x_wconf 78' lang='lat' dir='ltr'>dorum</span> <span class='ocrx_word' id='word_1_632' title='bbox 368 5725 636 5796; x_wconf 88' lang='lat' dir='ltr'>tempora</span> <span class='ocrx_word' id='word_1_633' title='bbox 652 5724 972 5797; x_wconf 81' lang='lat' dir='ltr'>praedictas</span> <span class='ocrx_word' id='word_1_634' title='bbox 992 5722 1313 5797; x_wconf 85' lang='lat' dir='ltr'>parochias</span> <span class='ocrx_word' id='word_1_635' title='bbox 1333 5722 1709 5783; x_wconf 89' lang='lat' dir='ltr'>inconcusse,</span> <span class='ocrx_word' id='word_1_636' title='bbox 1733 5724 1791 5777; x_wconf 92' lang='lat' dir='ltr'>et</span> 
     </span>
    </p>
   </div>
   <div class='ocr_carea' id='block_1_91' title="bbox 156 5797 1792 5887">
    <p class='ocr_par' dir='ltr' id='par_1_91' title="bbox 156 5797 1792 5887">
     <span class='ocr_line' id='line_1_91' title="bbox 156 5797 1792 5887; baseline -0.006 -10"><span class='ocrx_word' id='word_1_637' title='bbox 156 5797 368 5876; x_wconf 48' lang='lat' dir='ltr'>“absque</span> <span class='ocrx_word' id='word_1_638' title='bbox 382 5808 499 5870; x_wconf 87' lang='lat' dir='ltr'>ullo</span> <span class='ocrx_word' id='word_1_639' title='bbox 508 5812 696 5887; x_wconf 80' lang='lat' dir='ltr'>litigio</span> <span class='ocrx_word' id='word_1_640' title='bbox 712 5813 997 5872; x_wconf 74' lang='lat' dir='ltr'>tenuisse.</span> <span class='ocrx_word' id='word_1_641' title='bbox 1015 5811 1354 5871; x_wconf 88' lang='lat' dir='ltr'>Sedeorum</span> <span class='ocrx_word' id='word_1_642' title='bbox 1386 5811 1632 5887; x_wconf 87' lang='lat' dir='ltr'>iniquus</span> <span class='ocrx_word' id='word_1_643' title='bbox 1667 5810 1792 5882; x_wconf 82' lang='lat' dir='ltr'>gla-</span> 
     </span>
    </p>
   </div>
   <div class='ocr_carea' id='block_1_92' title="bbox 1912 3213 3572 3287">
    <p class='ocr_par' dir='ltr' id='par_1_92' title="bbox 1912 3213 3572 3287">
     <span class='ocr_line' id='line_1_92' title="bbox 1912 3213 3572 3287; baseline 0.002 -18"><span class='ocrx_word' id='word_1_644' title='bbox 1912 3213 2185 3287; x_wconf 89' lang='lat' dir='ltr'>prandus</span> <span class='ocrx_word' id='word_1_645' title='bbox 2210 3213 2287 3267; x_wconf 90' lang='lat' dir='ltr'>de</span> <span class='ocrx_word' id='word_1_646' title='bbox 2319 3214 2493 3285; x_wconf 87' lang='lat' dir='ltr'>plebe</span> <span class='ocrx_word' id='word_1_647' title='bbox 2542 3213 2731 3269; x_wconf 90' lang='lat' dir='ltr'>sancti</span> <span class='ocrx_word' id='word_1_648' title='bbox 2784 3213 3036 3269; x_wconf 66' lang='lat' dir='ltr'>Andreae</span> <span class='ocrx_word' id='word_1_649' title='bbox 3086 3214 3356 3271; x_wconf 84' lang='lat' dir='ltr'>similiter</span> <span class='ocrx_word' id='word_1_650' title='bbox 3400 3215 3572 3273; x_wconf 82' lang='lat' dir='ltr'>dixit.</span> 
     </span>
    </p>
   </div>
   <div class='ocr_carea' id='block_1_93' title="bbox 1912 3302 3574 3375">
    <p class='ocr_par' dir='ltr' id='par_1_93' title="bbox 1912 3302 3574 3375">
     <span class='ocr_line' id='line_1_93' title="bbox 1912 3302 3574 3375; baseline 0.002 -16"><span class='ocrx_word' id='word_1_651' title='bbox 1912 3303 2226 3367; x_wconf 82' lang='lat' dir='ltr'>Laufridus</span> <span class='ocrx_word' id='word_1_652' title='bbox 2256 3302 2740 3375; x_wconf 87' lang='lat' dir='ltr'>archipresbyter</span> <span class='ocrx_word' id='word_1_653' title='bbox 2766 3308 2987 3359; x_wconf 63' lang='lat' dir='ltr'>sanctis</span> <span class='ocrx_word' id='word_1_654' title='bbox 3018 3304 3209 3360; x_wconf 59' lang='lat' dir='ltr'>alariae</span> <span class='ocrx_word' id='word_1_655' title='bbox 3238 3303 3315 3361; x_wconf 90' lang='lat' dir='ltr'>de</span> <span class='ocrx_word' id='word_1_656' title='bbox 3369 3307 3574 3362; x_wconf 85' lang='lat' dir='ltr'>Osona</span> 
     </span>
    </p>
   </div>
   <div class='ocr_carea' id='block_1_94' title="bbox 1911 3392 3569 3468">
    <p class='ocr_par' dir='ltr' id='par_1_94' title="bbox 1911 3392 3569 3468">
     <span class='ocr_line' id='line_1_94' title="bbox 1911 3392 3569 3468; baseline 0.002 -21"><span class='ocrx_word' id='word_1_657' title='bbox 1911 3392 2178 3447; x_wconf 84' lang='lat' dir='ltr'>similiter</span> <span class='ocrx_word' id='word_1_658' title='bbox 2206 3393 2375 3447; x_wconf 85' lang='lat' dir='ltr'>dixit.</span> <span class='ocrx_word' id='word_1_659' title='bbox 2439 3393 2685 3448; x_wconf 86' lang='lat' dir='ltr'>Laucari</span> <span class='ocrx_word' id='word_1_660' title='bbox 2735 3393 3219 3467; x_wconf 89' lang='lat' dir='ltr'>archipresbyter</span> <span class='ocrx_word' id='word_1_661' title='bbox 3270 3394 3347 3450; x_wconf 87' lang='lat' dir='ltr'>de</span> <span class='ocrx_word' id='word_1_662' title='bbox 3392 3393 3569 3468; x_wconf 91' lang='lat' dir='ltr'>plebe</span> 
     </span>
    </p>
   </div>
   <div class='ocr_carea' id='block_1_95' title="bbox 1911 3480 3569 3540">
    <p class='ocr_par' dir='ltr' id='par_1_95' title="bbox 1911 3480 3569 3540">
     <span class='ocr_line' id='line_1_95' title="bbox 1911 3480 3569 3540; baseline 0.001 -3"><span class='ocrx_word' id='word_1_663' title='bbox 1911 3488 2132 3537; x_wconf 83' lang='lat' dir='ltr'>sanctae</span> <span class='ocrx_word' id='word_1_664' title='bbox 2161 3481 2353 3537; x_wconf 66' lang='lat' dir='ltr'>Mariae</span> <span class='ocrx_word' id='word_1_665' title='bbox 2372 3480 2446 3536; x_wconf 92' lang='lat' dir='ltr'>de</span> <span class='ocrx_word' id='word_1_666' title='bbox 2480 3483 2655 3537; x_wconf 80' lang='lat' dir='ltr'>Sexta</span> <span class='ocrx_word' id='word_1_667' title='bbox 2684 3481 2951 3538; x_wconf 87' lang='lat' dir='ltr'>similiter</span> <span class='ocrx_word' id='word_1_668' title='bbox 2980 3482 3147 3538; x_wconf 79' lang='lat' dir='ltr'>dixit.</span> <span class='ocrx_word' id='word_1_669' title='bbox 3182 3484 3404 3539; x_wconf 89' lang='lat' dir='ltr'>Omnes</span> <span class='ocrx_word' id='word_1_670' title='bbox 3456 3483 3569 3540; x_wconf 86' lang='lat' dir='ltr'>ita-</span> 
     </span>
    </p>
   </div>
   <div class='ocr_carea' id='block_1_96' title="bbox 1907 3571 3572 3647">
    <p class='ocr_par' dir='ltr' id='par_1_96' title="bbox 1907 3571 3572 3647">
     <span class='ocr_line' id='line_1_96' title="bbox 1907 3571 3572 3647; baseline 0.002 -20"><span class='ocrx_word' id='word_1_671' title='bbox 1907 3587 2048 3645; x_wconf 87' lang='lat' dir='ltr'>que,</span> <span class='ocrx_word' id='word_1_672' title='bbox 2076 3588 2145 3626; x_wconf 92' lang='lat' dir='ltr'>ac</span> <span class='ocrx_word' id='word_1_673' title='bbox 2168 3571 2216 3625; x_wconf 91' lang='lat' dir='ltr'>si</span> <span class='ocrx_word' id='word_1_674' title='bbox 2246 3587 2368 3626; x_wconf 90' lang='lat' dir='ltr'>uno</span> <span class='ocrx_word' id='word_1_675' title='bbox 2399 3587 2499 3627; x_wconf 91' lang='lat' dir='ltr'>ore</span> <span class='ocrx_word' id='word_1_676' title='bbox 2531 3572 2778 3627; x_wconf 88' lang='lat' dir='ltr'>Senensi</span> <span class='ocrx_word' id='word_1_677' title='bbox 2803 3572 3066 3628; x_wconf 67' lang='lat' dir='ltr'>ecclesiae</span> <span class='ocrx_word' id='word_1_678' title='bbox 3088 3572 3375 3645; x_wconf 72' lang='lat' dir='ltr'>praedicta</span> <span class='ocrx_word' id='word_1_679' title='bbox 3394 3588 3572 3647; x_wconf 83' lang='lat' dir='ltr'>paro-</span> 
     </span>
    </p>
   </div>
   <div class='ocr_carea' id='block_1_97' title="bbox 1909 3660 3567 3734">
    <p class='ocr_par' dir='ltr' id='par_1_97' title="bbox 1909 3660 3567 3734">
     <span class='ocr_line' id='line_1_97' title="bbox 1909 3660 3567 3734; baseline 0.002 -18"><span class='ocrx_word' id='word_1_680' title='bbox 1909 3660 2073 3716; x_wconf 89' lang='lat' dir='ltr'>chias</span> <span class='ocrx_word' id='word_1_681' title='bbox 2102 3660 2418 3733; x_wconf 90' lang='lat' dir='ltr'>pertinent,</span> <span class='ocrx_word' id='word_1_682' title='bbox 2452 3665 2507 3716; x_wconf 91' lang='lat' dir='ltr'>et</span> <span class='ocrx_word' id='word_1_683' title='bbox 2528 3660 2862 3717; x_wconf 89' lang='lat' dir='ltr'>rectissimo</span> <span class='ocrx_word' id='word_1_684' title='bbox 2884 3661 3017 3732; x_wconf 87' lang='lat' dir='ltr'>jure</span> <span class='ocrx_word' id='word_1_685' title='bbox 3037 3662 3260 3734; x_wconf 88' lang='lat' dir='ltr'>pariter</span> <span class='ocrx_word' id='word_1_686' title='bbox 3288 3667 3567 3719; x_wconf 85' lang='lat' dir='ltr'>constan-</span> 
     </span>
    </p>
   </div>
   <div class='ocr_carea' id='block_1_98' title="bbox 1908 3750 3568 3825">
    <p class='ocr_par' dir='ltr' id='par_1_98' title="bbox 1908 3750 3568 3825">
     <span class='ocr_line' id='line_1_98' title="bbox 1908 3750 3568 3825; baseline 0.001 -18"><span class='ocrx_word' id='word_1_687' title='bbox 1908 3757 1994 3807; x_wconf 87' lang='lat' dir='ltr'>ter</span> <span class='ocrx_word' id='word_1_688' title='bbox 2024 3750 2391 3807; x_wconf 86' lang='lat' dir='ltr'>asserebant.</span> <span class='ocrx_word' id='word_1_689' title='bbox 2421 3752 2628 3807; x_wconf 87' lang='lat' dir='ltr'>Petrus</span> <span class='ocrx_word' id='word_1_690' title='bbox 2649 3767 2792 3807; x_wconf 91' lang='lat' dir='ltr'>vero</span> <span class='ocrx_word' id='word_1_691' title='bbox 2820 3751 2951 3807; x_wconf 64' lang='lat' dir='ltr'>haec</span> <span class='ocrx_word' id='word_1_692' title='bbox 2993 3752 3264 3818; x_wconf 87' lang='lat' dir='ltr'>audiens,</span> <span class='ocrx_word' id='word_1_693' title='bbox 3318 3752 3568 3825; x_wconf 62' lang='lat' dir='ltr'>praedic-</span> 
     </span>
    </p>
   </div>
   <div class='ocr_carea' id='block_1_99' title="bbox 1908 3840 3569 3914">
    <p class='ocr_par' dir='ltr' id='par_1_99' title="bbox 1908 3840 3569 3914">
     <span class='ocr_line' id='line_1_99' title="bbox 1908 3840 3569 3914; baseline 0.001 -19"><span class='ocrx_word' id='word_1_694' title='bbox 1908 3844 1998 3895; x_wconf 91' lang='lat' dir='ltr'>tos</span> <span class='ocrx_word' id='word_1_695' title='bbox 2032 3840 2370 3895; x_wconf 87' lang='lat' dir='ltr'>sacerdotes</span> <span class='ocrx_word' id='word_1_696' title='bbox 2406 3840 2809 3895; x_wconf 88' lang='lat' dir='ltr'>testimonium</span> <span class='ocrx_word' id='word_1_697' title='bbox 2848 3840 3122 3903; x_wconf 86' lang='lat' dir='ltr'>ferentes,</span> <span class='ocrx_word' id='word_1_698' title='bbox 3153 3841 3400 3914; x_wconf 82' lang='lat' dir='ltr'>perjurii</span> <span class='ocrx_word' id='word_1_699' title='bbox 3440 3856 3569 3898; x_wconf 83' lang='lat' dir='ltr'>rea-</span> 
     </span>
    </p>
   </div>
   <div class='ocr_carea' id='block_1_100' title="bbox 1906 3929 3563 4003">
    <p class='ocr_par' dir='ltr' id='par_1_100' title="bbox 1906 3929 3563 4003">
     <span class='ocr_line' id='line_1_100' title="bbox 1906 3929 3563 4003; baseline 0.001 -18"><span class='ocrx_word' id='word_1_700' title='bbox 1906 3936 2032 3985; x_wconf 90' lang='lat' dir='ltr'>tum</span> <span class='ocrx_word' id='word_1_701' title='bbox 2059 3930 2377 3985; x_wconf 82' lang='lat' dir='ltr'>incurrisse</span> <span class='ocrx_word' id='word_1_702' title='bbox 2409 3929 2721 3998; x_wconf 83' lang='lat' dir='ltr'>arguebat.</span> <span class='ocrx_word' id='word_1_703' title='bbox 2757 3932 2922 3985; x_wconf 86' lang='lat' dir='ltr'>Tunc</span> <span class='ocrx_word' id='word_1_704' title='bbox 2946 3929 3302 4001; x_wconf 84' lang='lat' dir='ltr'>jubentibus</span> <span class='ocrx_word' id='word_1_705' title='bbox 3360 3930 3563 4003; x_wconf 83' lang='lat' dir='ltr'>nobis,</span> 
     </span>
    </p>
   </div>
   <div class='ocr_carea' id='block_1_101' title="bbox 1905 4018 3564 4092">
    <p class='ocr_par' dir='ltr' id='par_1_101' title="bbox 1905 4018 3564 4092">
     <span class='ocr_line' id='line_1_101' title="bbox 1905 4018 3564 4092; baseline 0.001 -18"><span class='ocrx_word' id='word_1_706' title='bbox 1905 4024 1962 4074; x_wconf 92' lang='lat' dir='ltr'>et</span> <span class='ocrx_word' id='word_1_707' title='bbox 1991 4019 2264 4091; x_wconf 89' lang='lat' dir='ltr'>piissimo</span> <span class='ocrx_word' id='word_1_708' title='bbox 2294 4019 2675 4091; x_wconf 88' lang='lat' dir='ltr'>imperatore,</span> <span class='ocrx_word' id='word_1_709' title='bbox 2694 4022 2749 4074; x_wconf 91' lang='lat' dir='ltr'>et</span> <span class='ocrx_word' id='word_1_710' title='bbox 2778 4018 3051 4074; x_wconf 86' lang='lat' dir='ltr'>universo</span> <span class='ocrx_word' id='word_1_711' title='bbox 3077 4019 3350 4089; x_wconf 87' lang='lat' dir='ltr'>concilio,</span> <span class='ocrx_word' id='word_1_712' title='bbox 3394 4020 3564 4092; x_wconf 87' lang='lat' dir='ltr'>jura-</span> 
     </span>
    </p>
   </div>
   <div class='ocr_carea' id='block_1_102' title="bbox 1902 4108 3565 4181">
    <p class='ocr_par' dir='ltr' id='par_1_102' title="bbox 1902 4108 3565 4181">
     <span class='ocr_line' id='line_1_102' title="bbox 1902 4108 3565 4181; baseline 0.001 -17"><span class='ocrx_word' id='word_1_713' title='bbox 1902 4114 2138 4177; x_wconf 82' lang='lat' dir='ltr'>verunt,</span> <span class='ocrx_word' id='word_1_714' title='bbox 2169 4124 2381 4163; x_wconf 90' lang='lat' dir='ltr'>omnes</span> <span class='ocrx_word' id='word_1_715' title='bbox 2412 4108 2675 4180; x_wconf 75' lang='lat' dir='ltr'>praedicti</span> <span class='ocrx_word' id='word_1_716' title='bbox 2707 4108 3066 4175; x_wconf 89' lang='lat' dir='ltr'>sacerdotes,</span> <span class='ocrx_word' id='word_1_717' title='bbox 3099 4108 3266 4181; x_wconf 91' lang='lat' dir='ltr'>quod</span> <span class='ocrx_word' id='word_1_718' title='bbox 3296 4109 3358 4166; x_wconf 88' lang='lat' dir='ltr'>in</span> <span class='ocrx_word' id='word_1_719' title='bbox 3399 4110 3565 4166; x_wconf 89' lang='lat' dir='ltr'>testi-</span> 
     </span>
    </p>
   </div>
   <div class='ocr_carea' id='block_1_103' title="bbox 1906 4197 3566 4272">
    <p class='ocr_par' dir='ltr' id='par_1_103' title="bbox 1906 4197 3566 4272">
     <span class='ocr_line' id='line_1_103' title="bbox 1906 4197 3566 4272; baseline 0.003 -19"><span class='ocrx_word' id='word_1_720' title='bbox 1906 4197 2179 4253; x_wconf 91' lang='lat' dir='ltr'>monium</span> <span class='ocrx_word' id='word_1_721' title='bbox 2211 4197 2483 4269; x_wconf 89' lang='lat' dir='ltr'>perducti</span> <span class='ocrx_word' id='word_1_722' title='bbox 2514 4199 2655 4253; x_wconf 91' lang='lat' dir='ltr'>satis</span> <span class='ocrx_word' id='word_1_723' title='bbox 2682 4214 2824 4254; x_wconf 90' lang='lat' dir='ltr'>vera</span> <span class='ocrx_word' id='word_1_724' title='bbox 2854 4203 2911 4254; x_wconf 92' lang='lat' dir='ltr'>et</span> <span class='ocrx_word' id='word_1_725' title='bbox 2961 4198 3306 4272; x_wconf 85' lang='lat' dir='ltr'>probabilia</span> <span class='ocrx_word' id='word_1_726' title='bbox 3359 4214 3566 4258; x_wconf 85' lang='lat' dir='ltr'>narra-</span> 
     </span>
    </p>
   </div>
   <div class='ocr_carea' id='block_1_104' title="bbox 1903 4287 3218 4357">
    <p class='ocr_par' dir='ltr' id='par_1_104' title="bbox 1903 4287 3218 4357">
     <span class='ocr_line' id='line_1_104' title="bbox 1903 4287 3218 4357; baseline 0.002 -14"><span class='ocrx_word' id='word_1_727' title='bbox 1903 4292 2054 4357; x_wconf 90' lang='lat' dir='ltr'>rent,</span> <span class='ocrx_word' id='word_1_728' title='bbox 2087 4291 2144 4342; x_wconf 93' lang='lat' dir='ltr'>et</span> <span class='ocrx_word' id='word_1_729' title='bbox 2173 4287 2325 4342; x_wconf 91' lang='lat' dir='ltr'>sicut</span> <span class='ocrx_word' id='word_1_730' title='bbox 2352 4287 2647 4354; x_wconf 84' lang='lat' dir='ltr'>dixerant,</span> <span class='ocrx_word' id='word_1_731' title='bbox 2682 4304 2744 4343; x_wconf 91' lang='lat' dir='ltr'>se</span> <span class='ocrx_word' id='word_1_732' title='bbox 2770 4288 2952 4345; x_wconf 90' lang='lat' dir='ltr'>habet</span> <span class='ocrx_word' id='word_1_733' title='bbox 2976 4288 3218 4347; x_wconf 87' lang='lat' dir='ltr'>veritas.</span> 
     </span>
    </p>
   </div>
   <div class='ocr_carea' id='block_1_105' title="bbox 1977 4377 3564 4451">
    <p class='ocr_par' dir='ltr' id='par_1_105' title="bbox 1977 4377 3564 4451">
     <span class='ocr_line' id='line_1_105' title="bbox 1977 4377 3564 4451; baseline 0.003 -18"><span class='ocrx_word' id='word_1_734' title='bbox 1977 4379 2139 4433; x_wconf 89' lang='lat' dir='ltr'>Tunc</span> <span class='ocrx_word' id='word_1_735' title='bbox 2200 4392 2313 4432; x_wconf 90' lang='lat' dir='ltr'>nos</span> <span class='ocrx_word' id='word_1_736' title='bbox 2348 4379 2460 4432; x_wconf 85' lang='lat' dir='ltr'>Leo</span> <span class='ocrx_word' id='word_1_737' title='bbox 2491 4393 2766 4432; x_wconf 90' lang='lat' dir='ltr'>summus</span> <span class='ocrx_word' id='word_1_738' title='bbox 2787 4377 3056 4451; x_wconf 81' lang='lat' dir='ltr'>pontifex</span> <span class='ocrx_word' id='word_1_739' title='bbox 3081 4379 3165 4437; x_wconf 87' lang='lat' dir='ltr'>sic</span> <span class='ocrx_word' id='word_1_740' title='bbox 3197 4378 3274 4435; x_wconf 89' lang='lat' dir='ltr'>ad</span> <span class='ocrx_word' id='word_1_741' title='bbox 3324 4381 3564 4437; x_wconf 85' lang='lat' dir='ltr'>Petrum</span> 
     </span>
    </p>
   </div>
   <div class='ocr_carea' id='block_1_106' title="bbox 1906 4465 3560 4539">
    <p class='ocr_par' dir='ltr' id='par_1_106' title="bbox 1906 4465 3560 4539">
     <span class='ocr_line' id='line_1_106' title="bbox 1906 4465 3560 4539; baseline 0.002 -17"><span class='ocrx_word' id='word_1_742' title='bbox 1906 4467 2283 4539; x_wconf 88' lang='lat' dir='ltr'>episcopum,</span> <span class='ocrx_word' id='word_1_743' title='bbox 2313 4472 2374 4523; x_wconf 88' lang='lat' dir='ltr'>et</span> <span class='ocrx_word' id='word_1_744' title='bbox 2400 4465 2479 4522; x_wconf 91' lang='lat' dir='ltr'>ad</span> <span class='ocrx_word' id='word_1_745' title='bbox 2509 4483 2690 4523; x_wconf 89' lang='lat' dir='ltr'>omne</span> <span class='ocrx_word' id='word_1_746' title='bbox 2718 4468 3041 4524; x_wconf 90' lang='lat' dir='ltr'>concilium</span> <span class='ocrx_word' id='word_1_747' title='bbox 3087 4468 3248 4525; x_wconf 66' lang='lat' dir='ltr'>eﬂ’ati</span> <span class='ocrx_word' id='word_1_748' title='bbox 3302 4484 3517 4525; x_wconf 86' lang='lat' dir='ltr'>sumus</span> <span class='ocrx_word' id='word_1_749' title='bbox 3545 4486 3560 4525; x_wconf 92' lang='lat'><strong>:</strong></span> 
     </span>
    </p>
   </div>
   <div class='ocr_carea' id='block_1_107' title="bbox 1908 4556 3564 4630">
    <p class='ocr_par' dir='ltr' id='par_1_107' title="bbox 1908 4556 3564 4630">
     <span class='ocr_line' id='line_1_107' title="bbox 1908 4556 3564 4630; baseline -0.001 -16"><span class='ocrx_word' id='word_1_750' title='bbox 1908 4556 2185 4614; x_wconf 84' lang='lat' dir='ltr'>Similiter</span> <span class='ocrx_word' id='word_1_751' title='bbox 2222 4561 2455 4629; x_wconf 91' lang='lat' dir='ltr'>oportet</span> <span class='ocrx_word' id='word_1_752' title='bbox 2474 4573 2605 4624; x_wconf 90' lang='lat' dir='ltr'>nos,</span> <span class='ocrx_word' id='word_1_753' title='bbox 2634 4556 2865 4615; x_wconf 82' lang='lat' dir='ltr'>fratres.</span> <span class='ocrx_word' id='word_1_754' title='bbox 2896 4558 3564 4630; x_wconf 69' lang='lat' dir='ltr'>hujusmodiaaquitatis</span> 
     </span>
    </p>
   </div>
   <div class='ocr_carea' id='block_1_108' title="bbox 1900 4645 3563 4722">
    <p class='ocr_par' dir='ltr' id='par_1_108' title="bbox 1900 4645 3563 4722">
     <span class='ocr_line' id='line_1_108' title="bbox 1900 4645 3563 4722; baseline 0 -20"><span class='ocrx_word' id='word_1_755' title='bbox 1900 4645 2071 4704; x_wconf 90' lang='lat' dir='ltr'>lance</span> <span class='ocrx_word' id='word_1_756' title='bbox 2104 4663 2379 4719; x_wconf 90' lang='lat' dir='ltr'>pensare,</span> <span class='ocrx_word' id='word_1_757' title='bbox 2410 4648 2704 4718; x_wconf 89' lang='lat' dir='ltr'>quoniam</span> <span class='ocrx_word' id='word_1_758' title='bbox 2732 4663 2944 4703; x_wconf 91' lang='lat' dir='ltr'>eorum</span> <span class='ocrx_word' id='word_1_759' title='bbox 2999 4647 3402 4717; x_wconf 75' lang='lat' dir='ltr'>affectionem,</span> <span class='ocrx_word' id='word_1_760' title='bbox 3456 4648 3563 4722; x_wconf 90' lang='lat' dir='ltr'>qui</span> 
     </span>
    </p>
   </div>
   <div class='ocr_carea' id='block_1_109' title="bbox 1901 4734 3564 4806">
    <p class='ocr_par' dir='ltr' id='par_1_109' title="bbox 1901 4734 3564 4806">
     <span class='ocr_line' id='line_1_109' title="bbox 1901 4734 3564 4806; baseline -0.005 -13"><span class='ocrx_word' id='word_1_761' title='bbox 1901 4736 2242 4793; x_wconf 89' lang='lat' dir='ltr'>testimonio</span> <span class='ocrx_word' id='word_1_762' title='bbox 2273 4735 2620 4806; x_wconf 87' lang='lat' dir='ltr'>supradicto</span> <span class='ocrx_word' id='word_1_763' title='bbox 2659 4735 2841 4792; x_wconf 82' lang='lat' dir='ltr'>frater</span> <span class='ocrx_word' id='word_1_764' title='bbox 2881 4739 3085 4791; x_wconf 88' lang='lat' dir='ltr'>noster</span> <span class='ocrx_word' id='word_1_765' title='bbox 3138 4735 3348 4791; x_wconf 89' lang='lat' dir='ltr'>Petrus</span> <span class='ocrx_word' id='word_1_766' title='bbox 3391 4734 3564 4805; x_wconf 73' lang='lat' dir='ltr'>justi.</span> 
     </span>
    </p>
   </div>
   <div class='ocr_carea' id='block_1_110' title="bbox 1899 4823 3561 4895">
    <p class='ocr_par' dir='ltr' id='par_1_110' title="bbox 1899 4823 3561 4895">
     <span class='ocr_line' id='line_1_110' title="bbox 1899 4823 3561 4895; baseline -0.003 -13"><span class='ocrx_word' id='word_1_767' title='bbox 1899 4826 2045 4882; x_wconf 88' lang='lat' dir='ltr'>tiam</span> <span class='ocrx_word' id='word_1_768' title='bbox 2078 4840 2201 4881; x_wconf 66' lang='lat' dir='ltr'>sum</span> <span class='ocrx_word' id='word_1_769' title='bbox 2233 4823 2497 4879; x_wconf 62' lang='lat' dir='ltr'>ecclesiae</span> <span class='ocrx_word' id='word_1_770' title='bbox 2527 4823 2784 4894; x_wconf 88' lang='lat' dir='ltr'>adipisci</span> <span class='ocrx_word' id='word_1_771' title='bbox 2809 4823 3115 4895; x_wconf 89' lang='lat' dir='ltr'>sperabat,</span> <span class='ocrx_word' id='word_1_772' title='bbox 3158 4823 3439 4877; x_wconf 83' lang='lat' dir='ltr'>Senensis</span> <span class='ocrx_word' id='word_1_773' title='bbox 3469 4838 3561 4878; x_wconf 87' lang='lat' dir='ltr'>ec-</span> 
     </span>
    </p>
   </div>
   <div class='ocr_carea' id='block_1_111' title="bbox 1899 4911 3560 4985">
    <p class='ocr_par' dir='ltr' id='par_1_111' title="bbox 1899 4911 3560 4985">
     <span class='ocr_line' id='line_1_111' title="bbox 1899 4911 3560 4985; baseline -0.005 -13"><span class='ocrx_word' id='word_1_774' title='bbox 1899 4914 2083 4972; x_wconf 89' lang='lat' dir='ltr'>clesia</span> <span class='ocrx_word' id='word_1_775' title='bbox 2114 4912 2487 4985; x_wconf 85' lang='lat' dir='ltr'>triumphum</span> <span class='ocrx_word' id='word_1_776' title='bbox 2520 4913 2610 4967; x_wconf 83' lang='lat' dir='ltr'>sui</span> <span class='ocrx_word' id='word_1_777' title='bbox 2644 4911 2986 4968; x_wconf 88' lang='lat' dir='ltr'>certaminis</span> <span class='ocrx_word' id='word_1_778' title='bbox 3015 4917 3105 4967; x_wconf 92' lang='lat' dir='ltr'>est</span> <span class='ocrx_word' id='word_1_779' title='bbox 3151 4917 3492 4968; x_wconf 85' lang='lat' dir='ltr'>consecuta.</span> <span class='ocrx_word' id='word_1_780' title='bbox 3527 4935 3560 4964; x_wconf 74' lang='grc' dir='ltr'><strong><em>ιο</em></strong></span> 
     </span>
    </p>
   </div>
   <div class='ocr_carea' id='block_1_112' title="bbox 1896 5000 3563 5078">
    <p class='ocr_par' dir='ltr' id='par_1_112' title="bbox 1896 5000 3563 5078">
     <span class='ocr_line' id='line_1_112' title="bbox 1896 5000 3563 5078; baseline -0.002 -16"><span class='ocrx_word' id='word_1_781' title='bbox 1896 5005 1986 5063; x_wconf 77' lang='lat' dir='ltr'>Ad</span> <span class='ocrx_word' id='word_1_782' title='bbox 2014 5004 2138 5059; x_wconf 82' lang='lat' dir='ltr'>haec</span> <span class='ocrx_word' id='word_1_783' title='bbox 2165 5002 2515 5058; x_wconf 86' lang='lat' dir='ltr'>universum</span> <span class='ocrx_word' id='word_1_784' title='bbox 2547 5001 2868 5071; x_wconf 86' lang='lat' dir='ltr'>collegium</span> <span class='ocrx_word' id='word_1_785' title='bbox 2900 5000 3049 5057; x_wconf 79' lang='lat' dir='ltr'>dixit</span> <span class='ocrx_word' id='word_1_786' title='bbox 3079 5017 3094 5056; x_wconf 88' lang='lat'><strong>:</strong></span> <span class='ocrx_word' id='word_1_787' title='bbox 3121 5001 3373 5075; x_wconf 89' lang='lat' dir='ltr'>quuido</span> <span class='ocrx_word' id='word_1_788' title='bbox 3394 5006 3563 5078; x_wconf 84' lang='lat' dir='ltr'>patet</span> 
     </span>
    </p>
   </div>
   <div class='ocr_carea' id='block_1_113' title="bbox 1896 5091 3557 5167">
    <p class='ocr_par' dir='ltr' id='par_1_113' title="bbox 1896 5091 3557 5167">
     <span class='ocr_line' id='line_1_113' title="bbox 1896 5091 3557 5167; baseline 0.001 -18"><span class='ocrx_word' id='word_1_789' title='bbox 1896 5093 2369 5167; x_wconf 57' lang='lat' dir='ltr'>praenominatas</span> <span class='ocrx_word' id='word_1_790' title='bbox 2400 5092 2718 5163; x_wconf 88' lang='lat' dir='ltr'>parochias</span> <span class='ocrx_word' id='word_1_791' title='bbox 2764 5091 3044 5148; x_wconf 90' lang='lat' dir='ltr'>Senensis</span> <span class='ocrx_word' id='word_1_792' title='bbox 3084 5091 3349 5149; x_wconf 69' lang='lat' dir='ltr'>ecclesia:</span> <span class='ocrx_word' id='word_1_793' title='bbox 3402 5108 3557 5162; x_wconf 88' lang='lat' dir='ltr'>esse,</span> 
     </span>
    </p>
   </div>
   <div class='ocr_carea' id='block_1_114' title="bbox 1897 5180 3559 5256">
    <p class='ocr_par' dir='ltr' id='par_1_114' title="bbox 1897 5180 3559 5256">
     <span class='ocr_line' id='line_1_114' title="bbox 1897 5180 3559 5256; baseline 0.001 -18"><span class='ocrx_word' id='word_1_794' title='bbox 1897 5182 2193 5255; x_wconf 89' lang='lat' dir='ltr'>quoniam</span> <span class='ocrx_word' id='word_1_795' title='bbox 2222 5180 2495 5251; x_wconf 88' lang='lat' dir='ltr'>ejusdem</span> <span class='ocrx_word' id='word_1_796' title='bbox 2554 5180 2873 5237; x_wconf 85' lang='lat' dir='ltr'>comitatus</span> <span class='ocrx_word' id='word_1_797' title='bbox 2923 5181 3214 5239; x_wconf 89' lang='lat' dir='ltr'>limitibus</span> <span class='ocrx_word' id='word_1_798' title='bbox 3262 5183 3559 5256; x_wconf 87' lang='lat' dir='ltr'>pertinere</span> 
     </span>
    </p>
   </div>
   <div class='ocr_carea' id='block_1_115' title="bbox 1896 5268 3558 5344">
    <p class='ocr_par' dir='ltr' id='par_1_115' title="bbox 1896 5268 3558 5344">
     <span class='ocr_line' id='line_1_115' title="bbox 1896 5268 3558 5344; baseline 0.001 -18"><span class='ocrx_word' id='word_1_799' title='bbox 1896 5270 2223 5344; x_wconf 88' lang='lat' dir='ltr'>probatum</span> <span class='ocrx_word' id='word_1_800' title='bbox 2251 5268 2556 5324; x_wconf 88' lang='lat' dir='ltr'>evidenter</span> <span class='ocrx_word' id='word_1_801' title='bbox 2580 5272 2688 5336; x_wconf 89' lang='lat' dir='ltr'>est,</span> <span class='ocrx_word' id='word_1_802' title='bbox 2722 5275 2778 5326; x_wconf 89' lang='lat' dir='ltr'>et</span> <span class='ocrx_word' id='word_1_803' title='bbox 2816 5270 3055 5326; x_wconf 91' lang='lat' dir='ltr'>testium</span> <span class='ocrx_word' id='word_1_804' title='bbox 3108 5271 3558 5328; x_wconf 89' lang='lat' dir='ltr'>verissimorum</span> 
     </span>
    </p>
   </div>
   <div class='ocr_carea' id='block_1_116' title="bbox 1900 5358 3560 5431">
    <p class='ocr_par' dir='ltr' id='par_1_116' title="bbox 1900 5358 3560 5431">
     <span class='ocr_line' id='line_1_116' title="bbox 1900 5358 3560 5431; baseline -0.001 -15"><span class='ocrx_word' id='word_1_805' title='bbox 1900 5359 2151 5417; x_wconf 90' lang='lat' dir='ltr'>assertio</span> <span class='ocrx_word' id='word_1_806' title='bbox 2183 5358 2424 5427; x_wconf 87' lang='lat' dir='ltr'>clamat,</span> <span class='ocrx_word' id='word_1_807' title='bbox 2457 5364 2514 5414; x_wconf 91' lang='lat' dir='ltr'>et</span> <span class='ocrx_word' id='word_1_808' title='bbox 2536 5358 2759 5431; x_wconf 87' lang='lat' dir='ltr'>scripta</span> <span class='ocrx_word' id='word_1_809' title='bbox 2791 5359 3311 5415; x_wconf 88' lang='lat' dir='ltr'>sanctissimorum</span> <span class='ocrx_word' id='word_1_810' title='bbox 3365 5359 3560 5431; x_wconf 84' lang='lat' dir='ltr'>ponti-</span> 
     </span>
    </p>
   </div>
   <div class='ocr_carea' id='block_1_117' title="bbox 1896 5449 3555 5521">
    <p class='ocr_par' dir='ltr' id='par_1_117' title="bbox 1896 5449 3555 5521">
     <span class='ocr_line' id='line_1_117' title="bbox 1896 5449 3555 5521; baseline -0.002 -13"><span class='ocrx_word' id='word_1_811' title='bbox 1896 5451 2083 5509; x_wconf 86' lang='lat' dir='ltr'>ﬁcum</span> <span class='ocrx_word' id='word_1_812' title='bbox 2109 5451 2238 5506; x_wconf 69' lang='lat' dir='ltr'>haec</span> <span class='ocrx_word' id='word_1_813' title='bbox 2268 5450 2575 5506; x_wconf 90' lang='lat' dir='ltr'>roborant.</span> <span class='ocrx_word' id='word_1_814' title='bbox 2598 5449 2813 5506; x_wconf 87' lang='lat' dir='ltr'>Jubeat</span> <span class='ocrx_word' id='word_1_815' title='bbox 2835 5464 2979 5520; x_wconf 86' lang='lat' dir='ltr'>ergo</span> <span class='ocrx_word' id='word_1_816' title='bbox 3008 5455 3201 5506; x_wconf 89' lang='lat' dir='ltr'>vestra</span> <span class='ocrx_word' id='word_1_817' title='bbox 3248 5449 3555 5521; x_wconf 87' lang='lat' dir='ltr'>sanctitas,</span> 
     </span>
    </p>
   </div>
   <div class='ocr_carea' id='block_1_118' title="bbox 1899 5538 3556 5614">
    <p class='ocr_par' dir='ltr' id='par_1_118' title="bbox 1899 5538 3556 5614">
     <span class='ocr_line' id='line_1_118' title="bbox 1899 5538 3556 5614; baseline -0.001 -16"><span class='ocrx_word' id='word_1_818' title='bbox 1899 5545 1956 5598; x_wconf 89' lang='lat' dir='ltr'>et</span> <span class='ocrx_word' id='word_1_819' title='bbox 1979 5540 2367 5613; x_wconf 91' lang='lat' dir='ltr'>imperatoria</span> <span class='ocrx_word' id='word_1_820' title='bbox 2392 5541 2698 5611; x_wconf 85' lang='lat' dir='ltr'>majestas,</span> <span class='ocrx_word' id='word_1_821' title='bbox 2725 5539 2971 5596; x_wconf 90' lang='lat' dir='ltr'>Senensi</span> <span class='ocrx_word' id='word_1_822' title='bbox 3002 5538 3267 5595; x_wconf 77' lang='lat' dir='ltr'>ecclesiae</span> <span class='ocrx_word' id='word_1_823' title='bbox 3297 5555 3390 5610; x_wconf 92' lang='lat' dir='ltr'>ea,</span> <span class='ocrx_word' id='word_1_824' title='bbox 3418 5554 3556 5614; x_wconf 73' lang='lat' dir='ltr'>qure</span> 
     </span>
    </p>
   </div>
   <div class='ocr_carea' id='block_1_119' title="bbox 1901 5628 3558 5701">
    <p class='ocr_par' dir='ltr' id='par_1_119' title="bbox 1901 5628 3558 5701">
     <span class='ocr_line' id='line_1_119' title="bbox 1901 5628 3558 5701; baseline -0.001 -14"><span class='ocrx_word' id='word_1_825' title='bbox 1901 5647 2011 5687; x_wconf 92' lang='lat' dir='ltr'>sua</span> <span class='ocrx_word' id='word_1_826' title='bbox 2040 5630 2224 5687; x_wconf 86' lang='lat' dir='ltr'>fuere.</span> <span class='ocrx_word' id='word_1_827' title='bbox 2257 5630 2643 5686; x_wconf 87' lang='lat' dir='ltr'>restituantur</span> <span class='ocrx_word' id='word_1_828' title='bbox 2688 5646 2703 5685; x_wconf 88' lang='lat'><strong>:</strong></span> <span class='ocrx_word' id='word_1_829' title='bbox 2760 5633 3063 5701; x_wconf 78' lang='lat' dir='ltr'>quatenus</span> <span class='ocrx_word' id='word_1_830' title='bbox 3119 5628 3424 5687; x_wconf 90' lang='lat' dir='ltr'>discordia</span> <span class='ocrx_word' id='word_1_831' title='bbox 3481 5630 3558 5686; x_wconf 92' lang='lat' dir='ltr'>de</span> 
     </span>
    </p>
   </div>
   <div class='ocr_carea' id='block_1_120' title="bbox 1900 5719 3560 5792">
    <p class='ocr_par' dir='ltr' id='par_1_120' title="bbox 1900 5719 3560 5792">
     <span class='ocr_line' id='line_1_120' title="bbox 1900 5719 3560 5792; baseline 0.001 -16"><span class='ocrx_word' id='word_1_832' title='bbox 1900 5720 2103 5776; x_wconf 91' lang='lat' dir='ltr'>medio</span> <span class='ocrx_word' id='word_1_833' title='bbox 2134 5720 2371 5777; x_wconf 85' lang='lat' dir='ltr'>sublata</span> <span class='ocrx_word' id='word_1_834' title='bbox 2400 5719 2818 5792; x_wconf 85' lang='lat' dir='ltr'>unusquisque</span> <span class='ocrx_word' id='word_1_835' title='bbox 2840 5734 3049 5775; x_wconf 91' lang='lat' dir='ltr'>eorum</span> <span class='ocrx_word' id='word_1_836' title='bbox 3079 5724 3325 5792; x_wconf 88' lang='lat' dir='ltr'>propter</span> <span class='ocrx_word' id='word_1_837' title='bbox 3344 5721 3479 5788; x_wconf 88' lang='lat' dir='ltr'>hoc,</span> <span class='ocrx_word' id='word_1_838' title='bbox 3501 5723 3560 5777; x_wconf 89' lang='lat' dir='ltr'>et</span> 
     </span>
    </p>
   </div>
   <div class='ocr_carea' id='block_1_121' title="bbox 1901 5808 3559 5885">
    <p class='ocr_par' dir='ltr' id='par_1_121' title="bbox 1901 5808 3559 5885">
     <span class='ocr_line' id='line_1_121' title="bbox 1901 5808 3559 5885; baseline 0 -18"><span class='ocrx_word' id='word_1_839' title='bbox 1901 5810 2053 5868; x_wconf 88' lang='lat' dir='ltr'>sicut</span> <span class='ocrx_word' id='word_1_840' title='bbox 2075 5809 2137 5868; x_wconf 89' lang='lat' dir='ltr'>in</span> <span class='ocrx_word' id='word_1_841' title='bbox 2157 5810 2443 5869; x_wconf 80' lang='lat' dir='ltr'>omnibus</span> <span class='ocrx_word' id='word_1_842' title='bbox 2465 5814 2756 5868; x_wconf 88' lang='lat' dir='ltr'>statutum</span> <span class='ocrx_word' id='word_1_843' title='bbox 2784 5814 2893 5882; x_wconf 87' lang='lat' dir='ltr'>est,</span> <span class='ocrx_word' id='word_1_844' title='bbox 2915 5808 3031 5865; x_wconf 80' lang='lat' dir='ltr'>sibi</span> <span class='ocrx_word' id='word_1_845' title='bbox 3052 5809 3356 5882; x_wconf 76' lang='lat' dir='ltr'>subjectae</span> <span class='ocrx_word' id='word_1_846' title='bbox 3381 5824 3559 5885; x_wconf 84' lang='lat' dir='ltr'>paro-</span> 
     </span>
    </p>
   </div>
  </div>
