3968 6430
391 337 496 393 663

1785 324 2033 382 LEONIS
2070 321 2283 380 ΡΛΡΕ
2319 323 2409 378 [ν.

3725 315 3837 368 664

395 457 511 515 sibi
527 457 830 529 subjectas
849 453 1165 528 parochias
1182 456 1498 523 regat,nec
1519 451 1599 508 ad
1620 451 1883 507 vicinam
1903 447 2047 502 ἀίω·
2073 449 2122 502 Α
2154 446 2270 502 cim
2325 445 2737 502 sacerdotibus
2791 442 3054 505 idoneis,
3135 455 3395 513 quorum
3448 451 3573 493 non
3625 436 3839 491 fuerat

393 549 581 606 cesim
613 547 704 602 sui
730 546 922 602 fratris
941 543 1282 600 nullatenus
1315 543 1597 597 accedere
1634 542 1984 615 praesumat.
2016 559 2044 588 ››

394 641 556 694 Tunc
583 637 948 691 Comeranus
977 632 1298 704 episcopus
1323 631 1470 687 dixit
1488 630 1773 686 omnibus
1798 645 1810 683 :
1847 651 1875 679 ‹‹
1903 630 2048 684 Sunt

394 726 542 784 mihi
569 725 766 782 adhuc
795 727 970 779 testes
999 721 1219 790 idonei,
1252 737 1409 793 quos
1431 721 1506 776 de
1525 736 1661 776 mea
1676 719 1908 776 civitate
1930 718 2050 774 huc

394 815 560 887 duxi,
590 814 811 887 quibus
841 812 1163 885 propositae
1194 811 1594 867 altercationis
1648 814 1812 883 patet
1854 807 2048 863 ambi-

395 919 623 976 guum:
657 902 763 974 qui
785 901 1035 973 antiqua
1055 900 1340 956 relatione
1392 899 1687 955 nobilium
1730 900 2048 972 parentum

393 991 690 1064 quidquid
720 991 858 1046 inde
889 995 981 1044 est
1006 989 1314 1058 insigniter
1335 993 1648 1046 noverunt.
1703 987 1837 1060 Ipsi,
1865 985 1915 1041 si
1969 985 2054 1040 in-

393 1080 650 1136 troducti
675 1079 913 1141 fuerint,
948 1079 1258 1133 veritatem
1285 1077 1450 1132 nullo
1473 1076 1656 1132 modo
1693 1073 1991 1130 celabunt.
2024 1093 2052 1121 »

393 1171 554 1226 Tunc
579 1169 887 1238 ingressus
932 1165 1299 1222 Willeradus
1357 1165 1533 1221 honre
1587 1163 1891 1220 memoria:
1949 1163 2056 1218 Me-

391 1256 679 1329 rempridi
711 1256 888 1324 ﬁlius,
922 1259 978 1311 et
1007 1257 1403 1310 Gunteramus
1426 1253 1584 1308 ﬁlius
1612 1251 1926 1325 quondam
1969 1248 2054 1304 Si-

393 1345 639 1401 cheradi
671 1343 980 1408 Ginnonis,
1011 1344 1113 1415 qui
1143 1348 1311 1398 erant
1345 1341 1558 1397 milites
1592 1341 1768 1411 regis,
1794 1343 1851 1395 et
1889 1341 2058 1394 Lam-

394 1432 600 1490 fredus
626 1433 797 1488 miles
827 1432 1094 1505 praedicti
1125 1432 1392 1503 episcopi
1418 1431 1656 1485 Aretini.
1693 1433 1758 1484 Et
1806 1428 2060 1483 Willera-

397 1520 514 1577 dus
545 1521 661 1576 sub
693 1522 1000 1577 testatione
1031 1520 1216 1575 divini
1245 1519 1507 1574 nominis
1538 1535 1573 1574 a
1606 1518 1778 1573 nobis
1809 1517 2057 1572 interro-

398 1614 598 1679 gatus,
629 1609 777 1666 dixit
809 1627 822 1664 :
857 1633 883 1659 ε(
911 1610 1143 1666 Scimus
1171 1610 1348 1678 igitur
1377 1607 1544 1680 quod
1588 1606 1887 1680 praedictae
1940 1605 2060 1678 ple-

397 1698 507 1756 bes
537 1703 594 1754 et
617 1698 1009 1767 monasteria,
1036 1699 1210 1769 juxta
1235 1697 1584 1753 relationem
1617 1712 1892 1753 meorum
1915 1693 2063 1750 anti-

398 1802 661 1860 quorum
692 1791 1032 1859 parentum,
1060 1786 1334 1842 Senensis
1349 1785 1611 1840 ecclesiae
1630 1785 1884 1839 fuerunt.
1906 1784 2062 1838 Con-
2104 1803 2144 1856 Β
2172 1792 2257 1847 sic
2279 1789 2535 1847 dicendo
2583 1788 2964 1845 deﬁnivimus
3023 1803 3035 1840 :

400 1875 791 1944 signationes,
819 1879 1117 1930 rectorum
1149 1873 1652 1938 consecrationes,
1674 1877 1730 1928 et
1750 1870 2062 1944 presbyte-

397 1979 605 2020 rorum
626 1964 1058 2032 ordinationes,
1092 1964 1411 2035 episcopus
1464 1962 1744 2018 Senensis
1802 1961 2064 2017 ecclesiae

395 2051 482 2108 ibi
508 2051 716 2108 fecisse
752 2051 1029 2107 vidimus.
1079 2051 1319 2107 Nullum
1375 2051 1522 2106 inibi
1581 2051 1762 2106 fuisse
1809 2049 2064 2119 litigium

398 2140 718 2197 manifesta
741 2157 836 2195 res
867 2141 1063 2206 docet,
1095 2141 1209 2196 nisi
1245 2140 1324 2195 ab
1354 2140 1627 2210 ingressu
1670 2138 1863 2207 gentis
1919 2141 2065 2194 Lan-

399 2229 1174 2299 gobardoruminltaliam.
1210 2229 1491 2285 Senensis
1541 2228 1767 2301 quippe
1817 2227 2069 2284 ecclesia

399 2333 594 2390 usque
620 2317 700 2375 ad
730 2333 940 2374 eorum
959 2323 1232 2390 tempora
1251 2319 1607 2374 inconcusse
1628 2317 1946 2390 praedictas
1963 2331 2069 2388 pa-

397 2406 636 2463 rochias
692 2407 1064 2479 possederat.
1100 2429 1128 2456 »
1178 2406 1411 2479 Reliqui
1443 2422 1586 2462 vero
1647 2421 1879 2473 omnes,
1927 2421 2067 2460 cum

401 2494 746 2565 singillatim
776 2496 1123 2565 interrogati
1156 2496 1429 2562 fuissent,
1463 2495 1871 2551 testimonium
1915 2493 2069 2550 veri-

361 2651 373 2659 .
399 2583 537 2640 tatis
571 2583 932 2640 Villeradum
961 2584 1284 2656 protulisse
1315 2585 1508 2640 testati
1554 2589 1693 2638 sunt
1749 2601 1761 2638 :
1819 2583 1902 2638 illi
1930 2598 2071 2638 vero

402 2687 530 2728 una
558 2688 704 2728 voce
739 2672 1148 2728 testimonium
1171 2673 1433 2728 veritatis
1461 2672 1850 2745 proferentes,
1875 2687 2072 2727 sacro-

405 2760 629 2815 sanctis
656 2760 1016 2830 Evangeliis,
1052 2761 1111 2816 in
1135 2761 1333 2816 medio
1356 2761 1588 2833 positis,
1622 2761 1792 2816 tactis
1834 2761 2074 2831 jurave-

406 2853 664 2904 runt.....
689 2849 1144 2920 praenominatae
1176 2850 1478 2922 parochias
1505 2851 1631 2921 jam
1670 2849 1945 2906 Senensis
1977 2865 2072 2905 ec-

410 2935 609 2992 clesiae
637 2937 754 2993 sint
782 2938 1064 3010 propriae,
1097 2939 1261 3011 quod
1295 2939 1558 2995 ecclesiae
1607 2939 1859 2994 Aretinae
1913 2942 2075 2994 recto

402 3027 539 3098 jure
567 3039 692 3081 non
715 3025 1032 3098 pertinent.
1067 3030 1186 3082 Hoc
1217 3032 1594 3084 sacramento
1650 3027 1906 3100 expleto,
1964 3043 2075 3083 nos

2153 534 2352 591 adhuc
2380 536 2442 591 in
2463 534 2799 592 testimonio
2821 530 3251 603 jusjurandum
3283 531 3591 600 receptum
3663 528 3838 580 Tunc

2149 625 2369 697 juravit
2389 624 2630 680 Cautius
2657 639 2796 678 cum
2822 620 3139 677 duodecim
3173 616 3606 681 sacerdotibus,
3661 615 3841 686 quod

2153 713 2216 769 in
2272 712 2662 769 sacramentis
2732 709 3216 782 supradictorum
3309 705 3553 761 testium
3601 703 3839 758 veritas

2155 803 2385 876 absque
2416 803 2537 858 ullo
2567 801 2706 858 dolo
2737 804 2974 856 versata
2998 803 3105 854 est.
3165 797 3333 851 Tunc
3387 809 3569 850 omne
3630 793 3845 848 conci-

2156 893 2306 949 lium
2327 892 2507 948 simul
2535 891 2814 948 clamavit
2846 908 2858 946 :
2895 912 2923 938 ‹‹
2945 889 3158 945 Jubeat
3187 903 3336 956 ergo
3367 884 3692 958 apostolici
3716 882 3845 939 cnl-

2159 984 2336 1039 minis
2367 983 2670 1046 sanctitas,
2704 997 2776 1036 ex
2809 979 2986 1036 totius
3016 976 3249 1034 concilii
3273 975 3533 1040 decreto,
3571 972 3845 1046 praedic-

2165 1078 2361 1130 tarum
2392 1071 2840 1145 parochiarum,
2874 1085 3028 1142 quas
3057 1073 3275 1124 temere
3306 1065 3542 1129 invasit,
3594 1068 3845 1120 Petrum

2161 1163 2512 1234 episcopum
2536 1159 2954 1216 refutationem
3002 1155 3247 1212 Senensi
3291 1153 3552 1210 ecclesiae
3610 1153 3846 1219 facere,

2163 1269 2233 1308 ac
2263 1251 2545 1323 deinceps
2575 1265 2758 1321 super
2784 1248 2898 1304 hac
2950 1262 3012 1302 re
3060 1245 3299 1319 penitus
3355 1243 3546 1298 silere.
3577 1263 3606 1292 »
3674 1243 3849 1296 Tunc

2159 1342 2404 1413 jubente
2431 1339 2795 1412 Apostolico,
2829 1341 2886 1393 et
2913 1336 3122 1405 legatis
3145 1332 3547 1406 imperatoris,
3578 1347 3651 1386 ac
3713 1328 3848 1384 uni-

2164 1447 2336 1486 verso
2366 1430 2636 1495 concilio,
2668 1429 2905 1501 penitus
2936 1425 3156 1498 posuit,
3185 1429 3243 1479 et
3291 1420 3574 1478 refutavit
3626 1421 3848 1474 Petrus

2167 1523 2483 1595 episcopus
2515 1519 2793 1577 Senensis
2819 1515 3086 1574 ecclesiae
3118 1513 3438 1588 parochias
3486 1526 3680 1583 supra
3743 1525 3850 1564 no-

2170 1612 2449 1678 minatas,
2481 1627 2636 1684 quas
2664 1608 2969 1683 illicite,_et
3017 1605 3244 1660 nefario
3299 1619 3453 1660 ausu
3499 1601 3836 1657 invaserat.

2169 1701 2268 1756 His
2298 1701 2475 1771 igitur
2500 1700 2582 1755 ita
2611 1698 2876 1770 expletis,
2908 1711 3019 1752 nos
3070 1697 3183 1750 Leo
3240 1708 3515 1748 summus
3568 1688 3846 1764 pontifex

3099 1807 3126 1834 «
3157 1787 3577 1856 Opportunu‘n
3636 1781 3848 1852 itaque

2172 1880 2347 1936 valde
2370 1896 2504 1935 reor
2531 1879 2593 1934 in
2617 1878 2802 1948 hujus
2833 1875 3002 1946 litigii
3057 1873 3466 1930 deﬁnitionem
3524 1869 3850 1926 auctorita-

2175 1975 2293 2027 tem
2323 1974 2590 2026 nostram
2621 1965 3104 2031 accommodare,
3142 1969 3322 2036 atque
3355 1961 3469 2017 sub
3492 1961 3852 2016 anathema-

2175 2061 2248 2116 tis
2280 2058 2729 2131 interpositione
2758 2054 3108 2128 aequissima
3147 2053 3378 2108 ratione
3434 2050 3673 2106 ﬁnitum
3731 2045 3848 2102 liti-

2177 2150 2342 2220 gium
2397 2148 2535 2203 hinc
2589 2146 2726 2202 inde
2784 2144 3002 2218 sopire,
3032 2159 3108 2198 ne
3168 2141 3316 2197 forte
3363 2140 3423 2195 in
3465 2138 3666 2194 futuro
3698 2143 3849 2193 tem-

2175 2254 2320 2313 pore
2342 2237 2581 2308 aliquis,
2613 2235 2899 2308 pravitate
2950 2233 3188 2306 plenus,
3239 2229 3402 2302 quod
3453 2227 3640 2284 modo
3685 2229 3848 2299 juste

2177 2334 2234 2385 et
2263 2327 2550 2384 canonice
2580 2341 2616 2381 a
2640 2324 2817 2380 nobis
2847 2323 3157 2379 deﬁnitum
3183 2325 3274 2376 est
3322 2318 3543 2375 audeat
3593 2317 3844 2373 violare.

2181 2424 2329 2476 Nam
2357 2417 2600 2472 ﬁrmum
2635 2419 2692 2471 et
2713 2413 2924 2470 stabile
2950 2414 3007 2468 in
3032 2411 3279 2470 Senensi
3322 2424 3563 2466 manere
3593 2407 3849 2464 ecclesia

2179 2508 2484 2566 sancimus
2531 2504 2828 2579 quidquid
2903 2520 3010 2576 per
3089 2501 3326 2558 testium
3399 2499 3851 2568 indagationem

2182 2599 2376 2654 eidem
2409 2597 2704 2669 pertinere
2731 2599 2822 2650 est
2849 2597 3250 2665 compertum.
3286 2590 3342 2647 Si
3371 2589 3507 2662 quis
3549 2589 3735 2657 igitur
3756 2587 3854 2642 ad'

2180 2693 2389 2744 versus
2430 2685 2615 2756 hujus
2691 2683 2877 2739 nostri
2933 2681 3226 2755 privilegii
3286 2680 3592 2735 decretum
3651 2677 3851 2751 aliquo

2183 2783 2450 2850 tempore
2474 2773 2724 2848 quilibet
2749 2772 2967 2829 violare
2997 2769 3393 2844 temptaverit,
3417 2767 3537 2822 sive
3567 2766 3843 2834 clericus,

2183 2867 2307 2922 sive
2337 2865 2547 2935 laicus,
2583 2863 2707 2918 sive
2736 2861 3022 2932 dignitate
3067 2859 3371 2933 praeditus,
3427 2857 3549 2912 sive
3607 2857 3845 2912 honori-

2181 2956 2298 3013 bus
2356 2955 2695 3020 decoratus,
2756 2956 2861 3008 aut
2902 2951 3170 3025 qualibet
3242 2963 3489 3019 magna,
3541 2961 3848 3019 parvaque

2182 3059 2467 3119 persona,
2497 3042 2642 3097 sciat
2670 3058 2732 3096 se
2779 3040 3129 3097 auctoritate
3189 3036 3422 3094 Domini
3457 3034 3645 3090 nostri
3708 3029 3848 3090 Petri

413 3117 528 3216 11:0
556 3130 856 3216 suilli-11.1118.
877 3115 1145 3216 βρηῐίξθξ
1203 3116 1467 3216 ἀξΧίῐῙιυε
1515 3120 1683 3216 Peli?
1724 3117 2024 3216 Episcopo
2059 3133 2072 3172 ³
2105 3160 2146 3216 C
2185 3115 2613 3207 apostolorum
2691 3130 2978 3204 principis
3017 3127 3183 3184 omni
3243 3127 3470 3182 honore
3524 3123 3845 3198 privatum,

410 3225 440 3254 ι(
461 3204 702 3275 Oportet
725 3207 801 3272 te,
831 3204 1010 3261 frater
1038 3208 1222 3275 Pctre,
1237 3206 1365 3276 jam
1394 3221 1555 3261 nunc
1579 3205 1692 3262 tuis
1719 3209 2081 3261 tantummo-

410 3291 489 3347 do
520 3292 826 3364 parochiis
857 3298 1207 3350 contentum
1238 3311 1391 3363 esse,
1450 3299 1506 3350 et
1561 3295 1637 3350 ab
1683 3294 1883 3351 illicita
1923 3310 2078 3367 pra;-

411 3381 757 3452 sumptione
788 3398 1044 3452 cessare,
1067 3388 1125 3439 et
1147 3384 1407 3456 primam
1434 3383 1510 3439 de
1540 3384 1656 3442 hac
1695 3384 1976 3440 inusitate.
2006 3383 2077 3439 ﬁ-

409 3469 560 3536 nire,
591 3474 696 3526 aut
727 3471 778 3525 si
808 3471 958 3542 quid
986 3472 1066 3526 ad
1087 3473 1520 3545 opponendum
1553 3483 1743 3546 potes,
1772 3473 1940 3547 quod
1972 3473 2078 3529 uti-

409 3557 466 3615 le
493 3557 585 3625 sit,
613 3557 923 3615 adhibere.
955 3563 1109 3616 Nam
1144 3563 1289 3618 nihil
1315 3579 1564 3631 vanum,
1617 3580 1813 3637 neque
1872 3579 2078 3636 super-

410 3645 625 3714 ﬂuum,
658 3647 944 3720 autquod
970 3664 1006 3705 a
1031 3650 1270 3706 veritate
1289 3651 1362 3706 sit
1381 3652 1665 3723 alienum,
1691 3653 1806 3708 hoc
1834 3669 2073 3709 sacrum

411 3734 620 3808 recipit
649 3737 989 3794 concilium.
1028 3761 1055 3788 »
1087 3742 1289 3796 Petrus
1314 3757 1455 3796 vero
1485 3743 1805 3814 episcopus
1835 3742 2030 3814 inquit
2061 3757 2074 3796 :

411 3827 590 3882 Juxta
619 3827 1095 3885 examinationes
1117 3835 1344 3888 vestras
1373 3838 1613 3888 sanctas
1641 3831 1895 3902 litigium
1952 3848 2078 3887 rec-

412 3919 541 3973 tum
562 3917 853 3989 pensavit,
882 3934 1079 3991 neque
1110 3920 1171 3975 in
1203 3921 1511 3992 ambiguo,
1531 3921 1696 3994 quod
1725 3937 1762 3977 a
1787 3921 1960 3977 vobis
1985 3921 2080 3977 hic

413 4004 729 4062 deﬁnitum
749 4011 858 4079 est,
888 4023 1071 4079 pono.
1107 4012 1172 4065 Et
1187 4010 1316 4080 jam
1365 4027 1562 4083 neque
1623 4010 1880 4066 aliorum
1930 4027 2080 4083 prm-

415 4093 669 4149 sentiam
697 4095 1036 4167 hominum,
1067 4098 1291 4170 quibus
1322 4115 1426 4155 vos
1458 4100 1654 4169 magis
1681 4100 1921 4157 credere
1941 4117 2078 4174 pos-

416 4181 564 4249 sitis,
597 4183 878 4239 exhibere
909 4186 1100 4254 valeo,
1153 4203 1349 4260 neque
1403 4189 1657 4247 aliorum
1717 4191 2077 4264 scriptorum

415 4269 681 4340 decreta,
711 4276 928 4343 praeter
958 4290 1095 4346 quae
1125 4291 1161 4331 a
1190 4292 1286 4332 me
1314 4277 1410 4334 hic
1438 4285 1576 4336 sunt
1596 4286 1857 4338 ostensa.
1894 4303 1923 4330 »

486 4357 577 4413 Ad
606 4358 735 4414 haec
762 4359 1089 4433 imperator
1121 4381 1134 4419 :
1164 4387 1191 4414 «
1227 4365 1468 4424 Constat
1520 4370 1720 4443 itaque
1776 4371 2080 4428 evidenter

416 4447 658 4502 Petrum
679 4447 1031 4522 episcopum
1064 4459 1412 4526 superatum
1437 4476 1450 4525 ;
1496 4460 1790 4530 quoniam
1819 4460 2078 4517 testimo-

415 4535 530 4591 niis
555 4552 786 4604 eorum,
819 4556 857 4595 a
885 4541 1106 4614 quibus
1139 4560 1200 4601 se
1232 4545 1448 4603 salvari
1474 4549 1746 4620 putabat,
1801 4551 2077 4606 Senensis

415 4625 668 4683 ecclesia
695 4627 1002 4688 victoriam
1036 4638 1124 4690 est
1148 4642 1490 4694 consecuta.
1539 4641 1776 4695 Justum
1827 4643 1934 4702 est,
1995 4639 2080 4695 in-

412 4714 563 4787 quit,
593 4720 659 4773 ut
685 4723 932 4792 propter
957 4722 1072 4778 hoc
1104 4723 1292 4792 sileat,
1337 4742 1537 4800 neque
1590 4727 1851 4800 amplius
1896 4729 2080 4801 hujus

409 4804 497 4903 rei
517 4804 968 4903 altercationem
995 4813 1160 4870 adire
1189 4821 1537 4889 praesumat.
1575 4816 1957 4889 Superﬂuum
1991 4825 2081 4877 est

412 4897 486 4960 ei,
511 4897 576 4949 ut
598 4911 739 4951 cum
765 4914 890 4955 suae
907 4900 1125 4959 civitati
1148 4906 1471 4976 parochias
1489 4905 1791 4976 subjectas
1805 4908 2077 4976 retineat,

410 4981 493 5038 ad
517 4981 758 5039 alterius
779 4987 1044 5062 episcopi
1065 4991 1374 5050 dioecesim
1396 4994 1566 5050 illum
1587 4996 1904 5052 temerario
1922 5013 2077 5055 ausu

409 5069 685 5126 transire.
719 5077 1091 5149 QuaprOpter
1117 5082 1400 5138 volumus
1431 5088 1496 5138 ut
1516 5082 1576 5137 in
1606 5083 1720 5139 hoc
1753 5101 1991 5142 sacrum
2022 5093 2080 5144 et

407 5157 750 5255 venerabile
776 5164 1095 5223 concilium
1126 5169 1206 5225 ita
1236 5171 1419 5240 hujus
1449 5171 1566 5226 litis
1627 5172 2076 5233 altercationem

409 5246 756 5337 aequissimo
778 5251 1030 5308 termino
1052 5256 1322 5314 includat
1351 5265 1531 5332 atque
1561 5261 1824 5329 deﬁniat,
1872 5271 2078 5337 quate-

406 5346 525 5425 nus
552 5332 752 5392 futuro
781 5342 1049 5412 tempore
1079 5343 1176 5400 illa
1205 5347 1394 5417 possit
1422 5348 1572 5404 inter
1591 5366 1692 5406 eos
1715 5332 2076 5425 scrupblosi-

406 5423 500 5521 tas
528 5427 826 5521 renovari.
863 5451 890 5477 »
923 5431 1090 5487 Tunc
1121 5433 1471 5506 imperator,
1505 5436 1720 5495 relictis
1757 5423 2074 5498 nobiscum

405 5512 610 5567 missis
641 5517 762 5570 suis
789 5518 868 5574 ad
895 5519 1072 5576 istam
1101 5539 1350 5580 causam
1382 5526 1737 5601 ﬁniendam,
1770 5530 1831 5586 id
1861 5537 1956 5587 est
1982 5535 2076 5588 Jo-

613 5606 1116 5696 archicapellano,
1174 5615 1531 5684 Angelberto
1595 5620 2069 5694 archiepiscopo,

403 5687 991 5788 litotingo‘episcopo,
1021 5703 1076 5755 et
1105 5703 1418 5762 Adelchesi
1451 5709 1688 5774 comite,
1720 5725 1758 5765 a
1799 5687 2069 5766 concilio

403 5773 696 5839 discessit.
732 5784 1091 5846 Remansere
1121 5798 1324 5854 autem
1357 5798 1600 5856 Cautius
1650 5773 1790 5864 cum
1840 5799 2068 5858 dUOde'

2186 3229 2365 3295 atque
2411 3221 2810 3278 anathematis
2864 3218 3225 3274 maranatha
3271 3213 3525 3272 vinculis
3600 3212 3847 3268 innoda-

2185 3317 2339 3381 tum,
2393 3316 2452 3367 et
2494 3327 2636 3366 cum
2687 3309 2842 3364 Juda
2887 3307 3189 3382 proditore
3242 3303 3475 3361 Domini
3527 3300 3717 3358 nostri
3768 3303 3846 3356 Je-

2187 3419 2258 3458 su
2309 3401 2546 3467 Christi,
2600 3405 2658 3457 et
2714 3400 2948 3455 Anania
2996 3402 3054 3453 et
3113 3395 3322 3453 Safﬁra
3369 3399 3658 3468 perpetuo
3711 3407 3844 3464 sup-

2184 3492 2365 3567 plicio
2447 3490 2886 3564 deputandum.
2978 3491 3044 3543 Et
3099 3485 3390 3560 quoniam
3469 3484 3530 3540 in
3581 3482 3682 3539 Dei
3761 3497 3846 3536 su.

2190 3598 2328 3638 mus
2380 3579 2626 3637 nomine
2677 3578 2924 3645 collecti,
2987 3576 3275 3633 Dominus
3322 3590 3456 3630 vere
3511 3572 3664 3628 inter
3745 3585 3843 3627 nos

2184 3688 2314 3728 esse
2352 3671 2631 3738 creditur,
2660 3670 2790 3740 ejus
2838 3667 3079 3736 auxilio,
3127 3664 3424 3739 quidquid
3469 3663 3708 3733 agimus
3739 3661 3842 3734 vel,

2184 3759 2530 3826 deﬁnimus,
2593 3758 2896 3814 credimus
2944 3773 3073 3812 esse
3099 3755 3412 3821 fulcitum;
3460 3751 3683 3808 idcirco
3707 3767 3841 3824 pris-

2186 3850 2361 3906 dictaa
2391 3849 2796 3906 maledictioni
2867 3864 2930 3902 se
2979 3846 3252 3917 innodat,
3304 3841 3579 3918 quisquis
3627 3841 3840 3898 violare

2189 3938 2584 4012 temptaverit,
2611 3936 2906 4010 quidquid
2937 3952 2974 3992 a
3001 3935 3178 3992 nobis
3209 3939 3317 3999 est,
3357 3936 3474 3988 Deo
3505 3930 3837 3995 auxiliante,

2186 4029 2494 4084 decretum
2512 4076 2516 4082 ,
2562 4050 2590 4077 ››

2259 4121 2394 4189 Leo,
2421 4117 2520 4173 Dei
2553 4117 2766 4187 gratia,
2797 4115 3102 4172 catholicae
3133 4118 3189 4171 et
3233 4111 3576 4186 apostolicae
3635 4110 3836 4165 Roma-

2187 4223 2281 4264 nas
2304 4206 2575 4262 Ecclesia-3
2608 4207 2955 4278 episcopus,
3002 4203 3183 4274 hujus
3239 4199 3490 4258 Judicati
3544 4198 3835 4255 decretum

2187 4297 2433 4370 propria
2461 4311 2648 4352 manu
2669 4293 2968 4350 roboravi.

2259 4386 2500 4458 Ioseph,
2527 4383 3043 4454 archicapellanus
3062 4373 3835 4451 dominiimperatoris,sub-

2188 4475 2424 4548 scripsi.

2256 4567 2533 4628 Joannes,
2563 4561 3051 4635 archiepiscopus
3083 4562 3404 4627 Ravennae,
3429 4554 3776 4626 subscripsi.

2259 4653 2670 4722 Angelbertus,
2704 4649 3189 4723 archiepiscopus
3210 4644 3690 4710 Mediolanensis,
3713 4640 3834 4698 sub-

2188 4741 2416 4814 scripsi.

2259 4826 2568 4895 Notingus,
2602 4826 2922 4897 episcopus
2948 4821 3286 4887 Brixiensis,
3321 4819 3491 4875 subs.

2259 4915 2632 4975 Ambrosius.
2655 4915 2974 4986 episcopus
3007 4913 3309 4978 Lucensis,
3347 4908 3482 4964 sub.

2259 5004 2513 5074 Oschisi,
2545 5004 2864 5077 episcopus
2891 4999 3283 5067 Pistoriensis,
3318 4997 3453 5054 sub.

2259 5099 2542 5161 Donatus,
2572 5094 2894 5165 episcopus
2935 5090 3292 5158 Fesulanus,
3321 5087 3454 5143 sub.

2259 5185 2576 5251 Gerardus,
2603 5184 2923 5256 episcopus
2955 5180 3350 5248 Florentinus,
3391 5177 3525 5232 sub.

2262 5271 2589 5331 Johannes,
2615 5268 2938 5340 episcopus
2965 5267 3132 5328 Piste,
3159 5265 3295 5319 sub.

2258 5360 2552 5423 Andreas,
2583 5356 2896 5414 Volaterrae
2928 5355 3271 5428 episcopus,
3305 5351 3440 5407 sub.

2257 5446 2707 5519 Taceprandus,
2733 5446 3051 5517 episcopus
3078 5443 3374 5510 Clusinus,
3409 5439 3543 5495 sub.

2260 5539 2411 5604 Otto,
2447 5538 2766 5609 episcopus
2794 5534 3167 5601 Bosellensis,
3200 5533 3332 5588 sub.

2258 5621 2692 5687 Tanimundus,
2726 5620 3046 5692 episcopus
3075 5617 3417 5682 Suanensis,
3451 5615 3589 5671 sub.

2259 5710 2624 5777 Dominicus,
2657 5709 2976 5782 episcopus
3009 5705 3555 5771 Centumcellensis,
3585 5705 3723 5764 sub.

2259 5801 2484 5865 Petrus,
2510 5797 2832 5870 episcopus
2864 5797 3279 5857 Orbivetanus,
3319 5793 3454 5850 sub.
