3968 6410
113 374 227 428 665

188 498 487 563 Joannes,
523 497 845 569 episcopus
874 495 1302 566 Tuscanensis,
1340 497 1473 553 sub.

189 588 434 656 Petrus,
466 586 790 660 episcopus
825 587 1206 660 Spoletanus,
1243 587 1377 644 sub.

918 715 1008 770 Vl.

238 835 524 875 ECCLBSI£
547 833 822 875 CUJUSDAK
852 834 1168 874 PRIVILBGIA
1201 833 1634 876 COMFIRMANTUR
1653 824 1691 872 ⁸.

196 925 604 984 Scrivendum
652 926 1054 999 praecepimus
1104 926 1444 998 Stephanus
1491 924 1803 981 scriniario

122 1016 296 1072 sedis
329 1023 554 1072 nostrae
583 1016 641 1070 in
673 1031 880 1071 mense
912 1016 1286 1088 Septembrio
1315 1016 1410 1071 die
1456 1015 1686 1088 quinta,
1719 1014 1804 1069 in-

118 1106 392 1161 dictione
415 1104 915 1178 quartadecima;
961 1103 1172 1160 datum
1218 1104 1443 1176 pridias
1499 1103 1804 1160 Kalendas

123 1194 546 1267 Septembrias
576 1209 683 1267 per
714 1209 966 1249 manum
983 1191 1196 1249 Tiberii
1212 1193 1533 1267 primicerii
1565 1195 1619 1250 S.
1647 1192 1804 1248 sedis

120 1283 508 1358 apostolicae,
535 1288 687 1355 Imp.
721 1282 972 1339 domino
1003 1287 1208 1339 nostro
1225 1283 1497 1356 piissimo
1513 1285 1804 1356 perpetuo

121 1377 408 1442 Augusto
439 1372 716 1428 Lothario
748 1388 784 1427 a
817 1374 936 1428 Deo
967 1376 1257 1428 coronato
1297 1387 1524 1441 magno
1551 1372 1807 1444 impera-

124 1467 278 1530 tore,
306 1477 472 1518 anno
504 1461 808 1518 tricesimo
825 1461 996 1517 tertio
1023 1465 1078 1517 et
1105 1466 1243 1534 post
1269 1461 1653 1518 consulatum
1676 1461 1806 1532 ejus

124 1568 295 1608 anno
321 1551 619 1608 tricesimo
647 1551 818 1607 tertio
843 1551 951 1606 sed
1001 1554 1059 1607 et
1103 1551 1403 1607 Ludovico
1440 1551 1604 1608 nobo
1631 1551 1803 1623 imp..

123 1641 259 1714 ejus
287 1641 414 1698 ﬁlio
441 1657 674 1698 anno...

913 1732 1028 1786 VII.

325 1821 356 1861 δ
384 1834 878 1874 EXCOMHUNICATIO
920 1835 1216 1876 ΑΝΑετΑειι
1247 1834 1584 1875 PRESBYTER!
1603 1823 1620 1846 ⁸

200 1907 651 1982 lmperantibus
681 1907 944 1964 dominis
969 1908 1209 1976 nostris,
1233 1907 1506 1964 Lothario
1532 1911 1588 1962 et
1617 1907 1807 1962 Ludo-

127 2000 267 2056 vico
301 1997 612 2069 Augustis,
645 1997 872 2053 mensis
908 1997 1252 2054 Decembris
1283 1997 1378 2054 die
1408 1996 1647 2053 decima
1677 2013 1807 2052 sex-

132 2094 216 2160 ta,
247 2086 580 2144 indictione
608 2089 692 2142 14.

207 2185 260 2235 1.
297 2179 414 2234 Leo
436 2177 783 2250 episcopus,
818 2192 1028 2232 servus
1058 2192 1373 2233 servorum
1408 2175 1530 2231 Dei.
1562 2176 1809 2231 Anasta-

136 2268 284 2340 sius,
313 2265 630 2340 presbyter
655 2265 916 2322 cardinis
945 2265 1152 2333 nostri,
1184 2281 1368 2338 quem
1396 2265 1458 2321 in
1478 2264 1648 2320 titulo
1673 2263 1810 2319 bea-

139 2359 180 2415 ti
210 2355 472 2414 Marcelli
502 2355 946 2424 ordinavimus,
987 2354 1214 2427 quique
1267 2353 1555 2410 secedens
1616 2353 1694 2409 ab
1738 2368 1810 2408 eo

137 2447 216 2504 ad
265 2446 500 2504 alienas
559 2443 879 2517 parochias
947 2445 1179 2516 absque
1228 2448 1436 2498 nostra
1482 2441 1812 2516 pontiﬁcali

137 2535 386 2593 scientia
417 2533 792 2604 demigratus
822 2537 934 2596 est,
965 2549 1150 2605 quem
1183 2547 1292 2605 per
1320 2533 1538 2588 missos
1588 2537 1645 2587 et
1672 2531 1812 2587 litte-

136 2641 236 2682 ras
264 2623 648 2687 vocavimus,
681 2627 738 2678 et
793 2639 904 2695 pro
934 2638 1058 2695 quo
1107 2620 1390 2677 dominos
1421 2621 1812 2693 imperatores

141 2712 467 2788 supplicati
497 2728 608 2785 per
648 2711 867 2768 missos
894 2715 1151 2776 nostros,
1202 2715 1265 2766 ut
1313 2726 1454 2766 eum
1503 2710 1577 2766 ad
1638 2726 1811 2766 suam

141 2803 504 2880 parochiam
533 2801 724 2858 redire
771 2801 1072 2872 juberent,
1103 2800 1207 2873 qui
1255 2817 1419 2857 nunc
1470 2801 1588 2856 huc
1653 2815 1813 2855 nunc

143 2894 282 2951 illuc
313 2891 610 2950 latitando
635 2891 696 2948 in
718 2891 854 2964 ipsa
881 2891 1320 2960 demigratione
1363 2906 1471 2963 per
1499 2889 1813 2946 biennium

140 2988 419 3041 moratus
459 2985 570 3053 est,
629 2986 687 3038 et
729 2981 807 3037 ad
856 2980 980 3036 duo
1017 2984 1267 3036 vocatus
1310 2980 1564 3036 concilia
1609 2983 1816 3036 nostra

141 3073 396 3131 minime
425 3071 610 3141 venit,
640 3070 745 3126 sed
793 3086 989 3143 neque
1041 3070 1321 3126 inventus
1367 3074 1492 3138 est;
1542 3069 1708 3142 quia,
1752 3071 1816 3124 ut

1424 370 1778 429 EPISTOLE
1816 368 1904 425 ΕΤ
1941 369 2282 430 DECRETA.

3465 384 3568 438 666

1829 493 1876 545 Α
1909 508 2044 548 ecce
2074 494 2202 564 jam
2233 513 2339 569 per
2363 497 2760 572 quinquennii
2803 505 3039 573 tempus
3079 502 3136 558 in
3172 503 3400 559 alienas
3457 520 3565 576 pa-

1909 583 2146 639 rochias
2175 586 2331 642 velut
2377 589 2506 643 ovis
2549 605 2756 644 errans
2791 590 3095 658 discurrit,
3138 608 3322 664 quem
3364 593 3568 660 etiam,

1910 675 2259 730 auctoritate
2292 676 2515 733 suﬂ‘ulti
2545 679 3213 751 canonica,apostolicis
3241 680 3446 737 litteris
3465 697 3572 753 per

1911 762 2142 818 tertiam
2174 771 2578 840 quartamque
2605 767 2798 824 vicem
2845 768 3217 824 vocavimus.
3248 773 3319 824 At
3349 770 3450 826 ubi
3481 787 3570 827 re-

1911 851 2036 907 dire
2082 853 2328 920 distulit,
2387 855 2510 912 duo
2559 873 2669 930 pro
2708 873 2779 913 eo
2833 857 3262 931 episcoporum
3316 859 3571 916 concilia

1912 944 2432 1012 congregavimus,
2465 963 2726 1018 quorum
2755 952 3052 1002 conventu
3100 964 3238 1002 cum
3288 948 3417 1018 ejus
3446 963 3570 1003 non

1911 1031 2319 1104 potuissemus
2361 1033 2561 1090 videre
2591 1035 2682 1090 vel
2713 1035 2936 1091 habere
2966 1036 3286 1108 specialem
3314 1053 3574 1108 praesen-

1913 1120 2083 1189 tiam,
2114 1123 2424 1178 communi
2463 1140 2602 1179 eum
2631 1125 2870 1180 decreto
2902 1130 3113 1181 sancta
3141 1125 3572 1202 communione

1913 1209 2308 1281 privavimus,
2331 1211 2598 1268 volentes
2626 1213 2922 1286 siquidem
2945 1231 3119 1270 suam
3146 1231 3252 1286 per
3271 1215 3453 1286 hujus
3469 1232 3570 1272 ex-

1913 1299 2524 1356 communnicationis
2554 1318 2874 1357 censuram
2892 1302 2969 1358 ad
2998 1304 3294 1372 gremium
3326 1309 3571 1372 sanctae,

1913 1404 1949 1443 a
1973 1405 2097 1460 qua
2124 1389 2502 1460 discesserat,
2530 1391 2737 1447 matris
2758 1390 3030 1446 Ecclesiae
3055 1408 3376 1463 personam
3395 1393 3572 1449 redu-

1913 1494 2064 1534 cere.
2101 1479 2215 1535 Sed
2245 1479 2576 1552 apostolica
2604 1483 2836 1536 monita
2869 1480 3184 1552 sanctique
3214 1480 3447 1536 concilii
3464 1497 3574 1553 pro

1914 1566 2101 1622 nihilo
2131 1566 2382 1638 ducens,
2414 1569 2630 1625 erroris
2646 1569 2905 1626 irretitus
2939 1568 3212 1638 caligine,
3231 1568 3423 1625 redire
3449 1569 3579 1626 nul-

1913 1655 2150 1711 latenus
2176 1656 2380 1713 voluit.
2437 1657 2709 1726 Proinde,
2754 1657 2904 1714 sicut
2934 1661 3231 1714 Ravennae
3269 1657 3446 1714 nobis
3477 1657 3579 1714 de—

1919 1745 2197 1814 gentibus
2229 1746 2303 1801 de
2335 1762 2406 1802 eo
2451 1746 2511 1802 in
2538 1747 2788 1803 ecclesia
2832 1747 2993 1803 beati
3039 1746 3238 1803 Vitalis
3295 1745 3578 1818 martyris

1833 1841 1881 1898 B
1917 1851 2128 1891 mense
2158 1836 2326 1904 Maio,
2358 1837 2453 1892 die
2474 1841 2566 1908 29,
2588 1837 2914 1892 indictione
2954 1837 3171 1909 prima,
3195 1852 3297 1892 ore
3329 1837 3577 1909 proprio

1917 1925 2457 1997 promulgavimus,
2490 1942 2653 1982 nunc
2683 1926 2898 1981 iterum
2929 1926 2989 1981 in
3017 1925 3265 1982 ecclesia
3292 1925 3453 1982 beati
3468 1925 3578 1980 Pe-

1917 2015 1989 2070 tri
2019 2014 2279 2086 apostoli
2297 2031 2505 2071 mense
2521 2014 2720 2086 Junio,
2739 2014 2834 2070 die
2864 2016 2946 2086 19,
2966 2014 3288 2070 indictione
3301 2013 3578 2086 superius

1917 2103 2225 2173 adnotata,
2255 2103 2521 2160 similiter
2550 2103 3070 2176 promulgavimus
3094 2121 3107 2158 :
3137 2103 3212 2158 sit
3238 2102 3334 2158 ille
3353 2117 3579 2158 asanc-

1919 2195 1991 2249 tis
2024 2194 2292 2249 Patribus
2321 2199 2377 2250 et
2405 2210 2441 2250 a
2470 2194 2646 2250 nobis
2673 2194 3019 2262 anathema,
3048 2198 3105 2250 et
3128 2209 3341 2249 omnes
3383 2191 3493 2266 qui
3523 2191 3578 2248 ei

1919 2283 2042 2338 sive
2066 2283 2125 2338 in
2149 2283 2458 2355 ejectione,
2491 2283 2656 2356 quod
2705 2282 2881 2352 absit,
2914 2288 3016 2339 aut
3042 2282 3428 2355 pontiﬁcatus
3467 2281 3578 2336 ho-

1919 2389 2064 2429 nore
2091 2373 2460 2443 adjutorium
2490 2377 2773 2445 praestare
2803 2372 2898 2428 vel
2929 2372 3208 2428 solatium
3257 2370 3578 2444 quodcun-

1918 2479 2036 2536 que
2068 2462 2380 2525 voluerint,
2425 2461 2603 2517 simili
2631 2461 3001 2518 anathemati
3031 2462 3442 2531 subjaceant°.

1992 2558 2044 2610 3.
2081 2556 2140 2607 In
2171 2552 2416 2607 nomine
2448 2551 2660 2620 Patris,
2693 2555 2749 2606 et
2779 2551 2922 2617 Filii,
2978 2556 3035 2607 et
3089 2550 3344 2622 Spiritus
3405 2565 3579 2605 sanc-

1922 2643 1980 2699 ti.
2012 2641 2222 2714 lncipit
2242 2646 2451 2696 sancta
2481 2657 2551 2696 ac
2583 2641 2932 2697 veneranda
2958 2639 3252 2713 synodus,
3309 2655 3444 2711 quae
3475 2654 3584 2710 per

1922 2731 2158 2787 Domini
2189 2732 2446 2800 gratiam
2489 2735 2547 2786 et
2587 2731 2718 2801 ejus
2759 2729 3034 2785 divinum
3080 2728 3397 2784 consilium
3445 2742 3584 2782 con-

1923 2825 2172 2891 gregata
2197 2825 2286 2874 est
2335 2820 2395 2875 in
2430 2819 2683 2874 ecclesia
2715 2819 2875 2874 beati
2908 2818 3057 2874 Petri
3089 2817 3368 2890 apostoli,
3420 2831 3582 2872 anno

1924 2910 2146 2966 scilicet
2177 2909 2561 2982 pontiﬁcatus
2607 2908 2970 2964 sanctissimi
3028 2924 3100 2963 ac
3144 2905 3473 2976 coangelici
3529 2909 3583 2960 et

1924 2997 2279 3055 universalis
2304 2999 2502 3070 quarti
2531 3013 2708 3070 papae
2741 2997 2952 3053 Leonis
2983 2997 3261 3069 septimo,
3292 3000 3472 3068 atque
3501 2994 3582 3050 in-

1924 3088 2391 3144 victissimorum
2425 3087 2686 3143 Lotharii
2734 3102 2805 3142 ac
2837 3085 3116 3141 Ludovici
3147 3085 3581 3156 imperatorum

141 3161 558 3255 Ρΐδθάίκίῖίὲυεο
592 3159 774 3255 νβξίξίί
800 3160 929 3255 Ῠνίε
968 3175 1187 3255 ω’ΓὲΠὲ
1217 3158 1513 3255 εἶχίῖίξηεῖίε
1566 3158 1816 3227 ι’θὲζίοηί·
1845 3200 1890 3255 ο
1926 3193 2086 3234 anno
2107 3176 2340 3249 imperii
2361 3174 2829 3248 quadragesimo
2879 3173 3144 3229 secundo
3170 3171 3204 3242 ί,
3241 3186 3448 3227 mense
3479 3171 3582 3226 De-

140 3255 263 3311 bus
298 3251 592 3308 suadente
615 3249 861 3306 diabolo
909 3249 1140 3306 occulte
1173 3248 1571 3315 inhabitabat,
1606 3264 1815 3303 secun-

137 3343 294 3399 dum
325 3340 625 3398 canonica
679 3339 950 3396 instituta
998 3355 1069 3394 ex
1112 3338 1214 3394 Dei
1274 3338 1704 3411 omnipotentis
1761 3341 1818 3393 et

139 3431 312 3489 beati
359 3428 512 3486 Petri
562 3428 821 3502 apostoli
865 3432 1194 3500 nostraque
1247 3427 1428 3482 simul
1487 3426 1816 3499 apostolica

138 3519 505 3579 auctoritate
536 3517 616 3574 ab
646 3517 824 3574 hodie
852 3517 926 3573 sit
946 3515 1375 3574 communione
1400 3515 1690 3589 privatus,
1713 3515 1816 3571 do-

137 3628 256 3670 nec
287 3610 419 3684 ipse
467 3625 618 3665 mea:
661 3608 908 3682 speciali
939 3607 1270 3681 praesentiae
1299 3606 1362 3662 in
1393 3607 1688 3663 canonico
1723 3607 1815 3677 ju-

140 3700 312 3758 dicio
344 3697 523 3754 fuerit
574 3702 995 3771 prmsentatus,
1055 3701 1112 3753 et
1151 3697 1199 3752 si
1230 3712 1354 3752 non
1383 3697 1632 3764 venerit,
1664 3711 1816 3752 nun-

137 3807 334 3866 quam
367 3789 775 3845 communicet
802 3787 843 3843 ‘.

214 3885 272 3936 2.
302 3881 418 3936 Leo
449 3878 793 3953 episcopus,
812 3893 1022 3934 servus
1052 3894 1360 3934 servorum
1388 3877 1508 3942 Dei,
1528 3877 1814 3934 omnibus

138 3968 475 4044 episcopis,
503 3967 891 4041 presbyteris,
918 3967 1298 4038 diaconibus,
1317 3967 1814 4036 subdiaconibus,

137 4064 202 4117 et
227 4057 521 4114 universis
552 4056 780 4112 clericis
807 4061 1145 4129 cunctoque
1175 4056 1404 4130 populo
1460 4057 1811 4114 Christiano.

145 4147 330 4216 Quod
357 4147 516 4203 bene
537 4161 609 4202 ac
637 4145 888 4218 pleniter
914 4145 1229 4202 vobiscum
1249 4147 1463 4213 simus,
1480 4145 1816 4201 charissimi

141 4235 579 4300 fratres,scitis.
614 4239 779 4291 Nunc
797 4237 1011 4291 iterum
1032 4252 1144 4308 pro
1168 4235 1403 4292 cautela
1425 4241 1481 4291 et
1522 4236 1815 4292 memoria

139 4334 493 4401 temporum
525 4325 871 4382 futurorum
902 4325 1207 4381 dilectioni
1235 4330 1448 4380 vestras
1504 4325 1815 4395 cognitum

140 4433 279 4474 esse
299 4415 585 4472 volumus
605 4414 940 4487 quomodo,
959 4414 1281 4483 instigante
1303 4429 1374 4469 ac
1388 4413 1677 4470 suadente
1691 4413 1815 4468 dia-

137 4506 308 4575 bolo,
337 4504 716 4572 Anastasius,
753 4503 1070 4577 presbyter
1109 4503 1374 4559 cardinis
1398 4503 1604 4566 nostri,
1627 4519 1810 4576 quem

137 4611 259 4653 nos
287 4595 349 4650 in
378 4593 549 4651 titulo
596 4593 756 4650 beati
824 4592 1078 4649 Marcelli
1133 4592 1572 4660 ordinavimus,
1605 4597 1813 4650 contra

137 4687 366 4742 statuta
381 4688 624 4756 patrum
650 4683 1027 4756 provinciam
1045 4681 1480 4755 ecclesiamque
1503 4680 1812 4754 deserens,

138 4899 182 4957 ti
212 4833 230 4857 '
258 4824 467 4954 Earini
499 4829 549 4896 l,
591 4823 787 4898 papiri
820 4826 907 4882 14.
957 4855 1025 4865 -
1059 4824 1340 4882 Clausula
1398 4828 1486 4881 est
1529 4823 1706 4880 valde
1737 4826 1815 4882 vi-

185 4914 254 4956 os
300 4939 314 4954 .

185 4914 314 4956 083.

212 4995 240 5034 b
271 4988 350 5042 Ex
372 4984 708 5041 Annalibus
729 4985 1032 5041 Hincmari
1057 4984 1427 5052 Rhemensis,
1444 4985 1610 5057 apud
1636 4989 1813 5054 Pertz,

135 5061 526 5117 Monumenta
555 5057 887 5113 Germaniae
920 5057 1229 5112 historica.

210 5153 229 5178 '
257 5145 612 5203 Anastasius
645 5146 752 5201 iste
784 5145 936 5202 alius
968 5151 1058 5202 est
1088 5145 1167 5200 ab
1229 5144 1551 5199 Anastasio
1600 5144 1811 5200 Biblio-

137 5219 427 5285 thecario,
463 5217 558 5273 cui
590 5218 732 5273 Vitae
763 5217 1122 5291 pontiﬁcum
1183 5219 1595 5272 Romanorum
1658 5217 1811 5272 attri-

137 5292 430 5348 buuntur.
465 5291 644 5352 Bono.

212 5380 234 5410 ‘
261 5379 402 5436 Post
430 5381 774 5435 Romanum
795 5377 1148 5451 pontiﬁcem
1173 5376 1234 5432 in
1260 5376 1375 5432 hac
1404 5377 1814 5451 excommuni-

138 5451 374 5510 catione
394 5448 837 5522 consenserunt
857 5449 1348 5522 archiepiscopus
1375 5448 1738 5522 Ravennatis
1759 5455 1812 5505 et

140 5523 626 5650 Mediollianensis,
661 5521 883 5594 aliique
911 5519 1168 5577 numero
1231 5519 1612 5593 septuaginta
1638 5519 1811 5591 quin-

140 5612 279 5650 aue.
360 5611 514 5650 mox.

138 5612 279 5669 que.
315 5611 514 5650 "mox.

214 5693 236 5719 ο
263 5685 395 5739 Post
426 5687 770 5738 Romanum
797 5681 1156 5754 pontiﬁcem,
1179 5681 1239 5735 in
1273 5679 1384 5737 hoc
1425 5679 1807 5754 anathemate

139 5760 578 5812 consenserunt
593 5752 876 5819 Joannes,
898 5753 1387 5826 archiepiscopus
1421 5752 1803 5818 Ravennatis,

141 5842 449 5915 Nottingus
481 5844 562 5917 (a)
585 5847 643 5898 et
675 5841 1023 5912 Sigilfredus
1053 5841 1437 5914 (b),episcopi
1469 5840 1800 5897 domniim-

1925 3266 2151 3323 cembri
2177 3266 2272 3321 die
2302 3270 2540 3334 octavo,
2572 3263 2897 3319 indictione
2928 3266 2980 3318 2.
3038 3263 3104 3317 In
3143 3277 3215 3318 ac
3279 3259 3582 3332 siquidem

1927 3360 2133 3412 sancta
2190 3371 2260 3410 ac
2305 3353 2632 3410 venerabili
2691 3353 2951 3426 synodo,
3003 3351 3240 3407 Domini
3270 3349 3583 3406 solatiante

1926 3445 2116 3515 gratia
2147 3443 2425 3499 nobiliter
2455 3442 2776 3512 celebrata,
2806 3445 2944 3514 post
2968 3441 3238 3496 diversas
3269 3439 3585 3512 episcopo-

1925 3551 2059 3590 rum
2092 3533 2596 3604 sacerdotumque
2661 3530 2750 3586 vel
2807 3530 3160 3586 clericorum
3223 3533 3404 3601 atque
3459 3542 3586 3584 om-

1925 3625 2092 3680 nium
2126 3622 2600 3678 Christianorum
2625 3621 2756 3693 pias
2805 3636 2876 3676 ac
2926 3619 3261 3676 salutiferas
3315 3616 3588 3673 admoni-

1927 3715 2116 3770 tiones
2149 3710 2669 3768 etexhortationes
2722 3710 3034 3782 depositus
3085 3713 3173 3764 est
3213 3708 3370 3779 juste
3401 3709 3584 3779 atque

1925 3803 2212 3859 canonice
2239 3800 2610 3865 Anastasius,
2651 3799 2965 3873 presbyter
3018 3797 3164 3854 tituli
3207 3797 3394 3853 sancti
3441 3798 3586 3853 Mar-

1926 3892 2078 3961 celli,
2129 3907 2200 3948 eo
2256 3890 2424 3964 quod
2481 3894 2689 3946 contra
2746 3891 3160 3945 auctoritatem
3227 3885 3584 3942 canonicam

1924 3981 2235 4056 propriam
2262 3979 2615 4054 parochiam
2635 3977 2993 4034 deseruisset
3023 3993 3129 4050 per
3150 3991 3344 4032 annos
3363 3974 3587 4032 scilicet

1925 4071 2215 4145 quinque,
2249 4075 2306 4126 et
2336 4070 2396 4125 in
2427 4069 2625 4126 aliena
2653 4067 2731 4124 ad
2780 4083 2976 4139 usque
3005 4066 3186 4122 hodie
3215 4065 3586 4135 demoratur,

1926 4167 1984 4217 et
2011 4177 2208 4233 neque
2256 4165 2504 4215 vocatus
2535 4175 2732 4231 neque
2788 4156 3348 4213 excommunicatus
3406 4160 3464 4211 et
3508 4154 3587 4211 ad

1926 4250 2205 4306 ultimum
2228 4247 2787 4314 anathematizatus,
2820 4248 2972 4302 sicut
2991 4246 3066 4301 de
3098 4263 3168 4302 eo
3195 4246 3254 4301 in
3277 4245 3392 4301 hac
3419 4260 3590 4317 syno-

1925 4339 2006 4395 do
2078 4338 2341 4394 veridica
2415 4337 2651 4410 pictura
2713 4337 3106 4403 demonstrat,
3184 4335 3263 4392 ad
3338 4349 3588 4404 congre-

1929 4433 2069 4498 gata
2126 4427 2248 4484 duo
2306 4443 2418 4500 pro
2473 4442 2544 4482 eo
2598 4427 3023 4499 episcoporum
3079 4424 3334 4482 concilia
3389 4423 3589 4480 venire

1927 4518 2155 4584 noluit;
2189 4517 2325 4573 ideo
2357 4523 2478 4574 tam
2509 4532 2546 4572 a
2591 4532 2834 4572 summo
2866 4515 3149 4588 pontiﬁce
3174 4529 3486 4588 quamque
3512 4511 3590 4568 ab

1925 4608 2222 4666 universis
2279 4607 2579 4680 episcopis
2610 4610 2752 4662 tunc
2809 4605 3044 4677 synodo
3107 4602 3590 4676 praesidentibus,

1925 4697 2200 4754 videlicet
2265 4711 2521 4751 numero
2589 4693 2902 4763 sexaginta
2958 4697 3209 4764 septem,
3273 4691 3352 4746 ob
3415 4705 3591 4745 suam

1924 4835 2236 4909 peratoris,
2269 4837 2331 4909 et
2356 4849 2459 4888 sex
2491 4830 2757 4903 episcopi
2781 4830 2858 4886 ad
2890 4828 3243 4909 praedictum
3261 4825 3590 4909 archiepis-

1926 4898 2154 4980 copum
2183 4898 2573 4980 pertinentes,
2604 4898 2867 4980 quorum
2893 4898 3169 4980 notitiam
3225 4913 3348 4954 non
3384 4898 3591 4980 recoli-

1925 4969 2092 5040 mus.
2142 4969 2203 5033 et
2248 4975 2346 5033 alii
2377 4979 2502 5031 tam
2541 4969 2913 5029 ex'Romana
2959 4969 3105 5026 urbe
3137 4985 3323 5042 quam
3357 4985 3426 5025 ex
3459 4969 3590 5042 aliis

1925 5065 2182 5105 numero
2235 5046 2681 5121 quinquaginta
2727 5061 2851 5106 sex,
2865 5044 3109 5121 _abs_qu_e
3137 5041 3506 5121 presbyteris
3533 5047 3591 5099 et

1925 5115 2282 5177 diaconibus
2307 5115 2528 5174 san—ctee
2555 5120 2838 5172 Romanae
2865 5115 3154 5171 Ecclesiae.
3189 5116 3384 5170 Hmau.

1996 5192 2010 5221 ί
2042 5193 2143 5247 Hic
2188 5191 2328 5246 anni
2382 5189 2613 5260 imperii
2651 5187 2905 5260 Lotharii
2965 5203 3033 5260 ac
3070 5185 3347 5260 Ludovici
3410 5183 3589 5240 simul

1925 5264 2394 5330 coniunguntur.
2430 5259 2637 5314 Annus
2678 5259 2847 5330 enim,
2874 5259 3130 5313 Lotharii
3157 5262 3222 5312 37
3255 5273 3395 5330 cum
3426 5271 3588 5330 anno

1928 5326 2207 5392 Ludovici
2257 5339 2286 5388 5
2344 5332 2723 5401 conjunctus,
2755 5329 2951 5384 reddit
2980 5344 3212 5384 annum
3237 5331 3305 5381 42
3332 5326 3590 5401 imperii

1925 5408 2370 5478 eorum.7Porro
2396 5397 2912 5478 ist—udcon'cilium
2947 5403 3291 5478 Romanum
3328 5397 3394 5478 in
3440 5397 3591 5478 prse-

1927 5479 2149 5534 fatione
2169 5475 2448 5532 habitum
2471 5474 2717 5529 dicitur:
2763 5472 3015 5528 Lotharii
3067 5487 3136 5525 ac
3172 5468 3462 5524 Ludovici
3482 5468 3590 5524 im-

1922 5555 2269 5623 peratorum
2295 5563 2458 5623 anno
2490 5545 2962 5623 imperiineorum
2995 5547 3023 5597 5
3044 5547 3099 5597 et
3121 5545 3208 5606 37,
3243 5556 3450 5596 mense
3482 5541 3591 5596 De-

1923 5617 2170 5687 cembri,
2200 5619 2296 5674 die
2322 5623 2375 5690 5,
2407 5617 2613 5673 indict.
2638 5620 2692 5670 2.
2729 5617 2902 5678 Bono.

1996 5767 2073 5836 (a)
2104 5765 2426 5835 EpiscOpus
2458 5760 2779 5836 Brixiensis
2814 5761 3025 5836 Pyrra.

2004 5827 2334 5909 lb')Vi‘detur
2351 5853 2478 5889 esse
2492 5831 3159 5902 Sigisfridusﬁegiensis
3181 5827 3588 5902 episcOpuan.
