3968 6386
421 326 526 401 ρρῖ

421 447 665 519 stultam
696 444 1016 517 audaciam
1047 444 1280 515 merito,
1303 446 1369 517 ut
1403 440 1815 520 pradiximus,
1861 438 1949 501 est
1971 432 2074 499 de-

420 538 655 612 positus
688 540 744 591 et
775 532 1131 605 sacerdotali
1163 532 1392 588 honore
1431 532 1723 605 privatus,
1776 539 1937 582 anno
1979 521 2079 576 de-

422 627 631 705 nique,
654 639 861 695 mense
883 638 953 681 ac
985 621 1081 679 die
1109 627 1288 695 atque
1320 619 1643 697 indictione
1664 623 1728 673 ut
1749 630 1951 687 supra.

1198 712 1318 787 vni

851 819 924 857 AD
967 816 1268 877 EPISCOPOS
1308 816 1648 859 BRITANNLE.

422 896 604 949 Docet
631 892 933 963 episcopos
959 892 1313 947 simoniacos
1332 892 1405 963 in
1439 889 1695 946 concilio
1716 881 2081 963 judicanch

493 956 881 1092 essbe."deinde
923 963 1239 1033 respondet
1277 962 1416 1018 aliis
1449 976 1654 1017 eorum
1700 956 2085 1014 consultatio-

493 1053 557 1092 m
604 1051 689 1092 us.

493 1051 689 1092 ηιοαδ.

498 1128 608 1181 Leo
648 1123 935 1181 omnibus
984 1121 1479 1179 reverentissimis
1537 1117 1937 1176 confratribus
1968 1112 2087 1167 Bri-

423 1214 679 1271 tannicae
704 1213 898 1281 gentis
927 1212 1247 1284 episcopis.

497 1306 735 1370 Quanto
767 1301 965 1358 studio
996 1305 1346 1376 quantaque
1393 1298 1884 1367 solertiagregem
1914 1292 2085 1348 vobis

425 1411 462 1452 ι
497 1394 754 1450 Domino
776 1392 1175 1448 commissum
1207 1391 1473 1464 pascitis,
1512 1388 1846 1459 divinisque
1878 1384 2087 1439 fovetis

426 1483 646 1538 eduliis
676 1482 854 1537 nobis
884 1481 1107 1536 directa
1135 1480 1357 1551 scripta
1392 1474 1933 1534 reserarunt.Unde
1964 1488 2085 1526 non

426 1572 670 1627 modica
702 1569 1101 1625 exsultatione
1126 1585 1237 1625 con
1248 1558 1531 1638 gratulor,
1555 1571 1610 1622 et
1640 1569 1940 1621 tantarum
1963 1578 2090 1616 am-

426 1660 793 1730 biguitatum
821 1658 1210 1727 indagatione
1227 1657 1584 1727 ltetificatus,
1602 1671 1638 1710 a
1664 1654 1873 1710 timore
1906 1650 2081 1717 negli-

432 1749 666 1820 gentiae,
690 1748 797 1821 qui
829 1764 924 1803 me
953 1747 1109 1803 illius
1140 1747 1401 1818 regionis
1457 1747 1517 1801 in
1547 1744 1767 1800 inﬁmis
1798 1742 2093 1813 deprime-
2126 1743 2169 1823 β

424 1839 551 1908 bat,
608 1838 783 1910 quasi
814 1852 850 1893 a
878 1836 1044 1907 gravi
1071 1836 1371 1907 languore
1431 1834 1728 1890 relevatus
1772 1836 1829 1887 et
1887 1832 2090 1901 utpote

428 1942 635 1993 sanus,
668 1926 805 1981 licet
829 1925 996 1980 omni
1023 1925 1213 1981 salute
1244 1930 1476 1997 captus,
1501 1922 1696 1991 magis
1730 1920 1936 1977 animo
1962 1933 2091 1972 sos-

427 2030 539 2089 pes
569 2014 800 2070 surrexi
831 2029 1020 2086 quam
1068 2028 1340 2086 corpore,
1387 2012 1536 2077 Quia
1591 2026 1730 2065 eum
1791 2007 2091 2081 quosdam

424 2103 724 2161 laicorum
748 2103 807 2158 in
825 2102 1236 2158 ecclesiasticis
1250 2100 1636 2171 cognoverim
1668 2098 1826 2154 curis
1844 2094 2095 2169 praepol-

434 2192 577 2262 lere,
603 2197 659 2247 et
685 2191 954 2248 studioso
985 2192 1189 2247 animo
1207 2191 1284 2246 ab
1305 2190 1542 2246 illorum
1574 2188 1937 2260 respondere
1953 2183 2095 2253 vigi-

424 2281 623 2337 lantiis
651 2296 916 2349 cogerer,
949 2280 1097 2335 nihil
1126 2279 1290 2335 aliud
1318 2296 1447 2350 vos,
1475 2278 1580 2351 qui
1602 2277 1820 2332 divinis
1841 2273 2094 2342 negotiis

427 2373 484 2426 et
513 2368 929 2426 ecclesiasticis
963 2373 1119 2425 sorte
1140 2368 1406 2435 venistis,
1424 2383 1612 2441 quam
1631 2366 1936 2421 crederem
1958 2363 2096 2416 dor-

426 2459 670 2514 mitare:
703 2474 865 2513 nunc
886 2457 1093 2513 divina
1120 2458 1311 2526 gratia
1330 2458 1387 2512 bi
1427 2456 1753 2511 confratres
1775 2453 1979 2509 nostri.
2014 2452 2095 2506 vi-

427 2547 643 2604 delicet
667 2546 898 2616 talium,
948 2551 1005 2601 et
1046 2546 1195 2601 tales
1234 2545 1626 2601 ecclesiarum
1673 2542 1981 2616 praesules,
2014 2541 2092 2595 ad

428 2651 541 2691 nos
562 2634 836 2707 perducti
864 2640 921 2691 et
941 2634 1185 2704 cogniti,
1233 2634 1431 2703 magis
1478 2648 1723 2688 securus
1749 2647 1910 2685 nunc
1940 2630 2093 2684 duro

431 2739 620 2796 quam
642 2729 841 2780 antea.
874 2723 1252 2793 Legationem
1285 2722 1546 2796 denique
1562 2736 1949 2777 communem
1968 2735 2093 2772 om-

429 2813 602 2869 nium
629 2813 1056 2886 episcoporum
1104 2812 1738 2867 reverendissimorum
1760 2809 1936 2864 nobis
1962 2824 2096 2878 pro-

431 2902 691 2975 positam
735 2901 1169 2974 delinquentes,
1198 2901 1493 2974 requiritis
1525 2901 1600 2956 de
1625 2900 1718 2955 his
1748 2898 1850 2971 qui
1872 2898 2093 2969 turpis-

431 2992 586 3047 simo
600 2991 767 3047 lucro
789 2990 1103 3046 columbas
1122 2991 1182 3045 in
1201 2990 1426 3062 templo
1453 2988 1684 3045 Domini
1700 2988 1956 3043 vendere
1970 3002 2091 3040 non

429 3082 857 3154 pertimescunt
887 3085 934 3149 (t
948 3122 965 3151 ,
997 3097 1057 3153 q.
1090 3085 1144 3152 2,
1173 3081 1498 3153 Requiritis
1528 3079 1601 3136 de
1638 3080 1750 3149 iis),
1779 3082 1835 3133 et
1857 3094 1967 3132 sua
1992 3093 2090 3132 ac-
2126 3092 2166 3143 υ

430 3176 490 3229 ta
510 3171 790 3246 improba
808 3171 1136 3227 temeritate
1175 3170 1432 3227 Simonis
1453 3169 1664 3226 haeresi
1689 3168 2088 3238 conjunguut,

426 3263 630 3317 utrum
661 3262 900 3334 possint
944 3259 1005 3316 in
1058 3258 1269 3315 ordine
1314 3258 1727 3331 pcenitentiam
1757 3273 1956 3323 agere,
1990 3262 2093 3310 aut

426 3349 852 3405 tantummodo
896 3353 1064 3405 extra
1101 3348 1375 3404 ordinem
1403 3353 1459 3403 et
1490 3346 1925 3403 sacerdotalem
1964 3344 2091 3399 ﬁeri

430 3437 712 3509 gradum.
746 3437 975 3500 Quibus
996 3452 1108 3492 nos
1135 3436 1381 3509 quidem
1413 3436 1698 3491 convictis
1722 3435 1828 3507 qui
1846 3442 1967 3490 tam
1988 3435 2091 3488 (le-

429 3525 703 3582 testabila
728 3524 923 3594 nefas,
956 3526 1122 3596 quod
1162 3526 1291 3596 jam
1344 3524 1550 3581 multis
1602 3530 1688 3579 est
1733 3524 2092 3579 damnatum

430 3612 717 3680 conciliis,
778 3613 1080 3686 peregisse
1144 3619 1493 3679 noscuntur,
1544 3613 1708 3668 nulla
1745 3612 2094 3685 poenitentia

430 3719 758 3778 possumus
800 3702 1144 3773 subvenire,
1176 3706 1233 3757 et
1264 3706 1349 3758 tot
1377 3702 1785 3774 spiritualibus
1821 3701 2094 3772 patribus

430 3793 709 3850 obviare:
740 3792 846 3849 sed
867 3792 928 3848 in
962 3792 1202 3848 illorum
1232 3797 1474 3866 patrum
1502 3807 1599 3847 me
1644 3790 1931 3845 sententia
1958 3806 2097 3845 con-

428 3882 627 3939 venire
649 3882 934 3938 omnibus
963 3888 1192 3938 certum
1225 3882 1317 3937 sit.
1352 3882 1436 3937 Ita
1467 3886 1668 3936 tamen
1699 3885 1763 3935 ut
1789 3880 1995 3935 omnia
2032 3879 2093 3934 in

433 3971 698 4027 conciliis
730 3971 855 4027 sint
881 3971 1327 4043 episcoporum.
1386 3974 1533 4026 Nam
1574 3969 1807 4024 nullam
1839 3970 2093 4023 damna-

428 4060 655 4116 tionem
678 4061 1106 4133 episcoporum
1135 4077 1265 4116 esse
1291 4075 1564 4131 unquam
1591 4075 1910 4115 censemus
1942 4058 1998 4129 (l,
2030 4075 2090 4130 q.

432 4153 487 4219 '7,
519 4149 773 4204 Nullam
799 4149 1294 4216 damnationem),
1325 4148 1441 4203 nisi
1470 4151 1573 4204 aut
1603 4154 1739 4204 ante
1760 4149 2094 4219 legitimum

427 4251 752 4293 numerum
783 4237 1230 4309 episcoporum,
1251 4237 1439 4311 quiﬁt
1468 4253 1574 4310 per
1602 4238 1923 4294 duodecim
1942 4238 2096 4309 epis—

431 4342 643 4399 copos,
677 4331 782 4383 aut
802 4331 957 4383 certe
980 4327 1238 4399 probata
1251 4331 1563 4400 sententia,
1578 4344 1686 4401 per
1711 4330 2093 4402 septuaginta

430 4416 586 4472 duos
607 4415 860 4472 idoneos
886 4420 1084 4488 testes,
1105 4416 1212 4489 qui
1240 4416 1387 4473 tales
1409 4417 1543 4485 sint,
1578 4418 1685 4490 qui
1708 4422 1764 4473 et
1808 4434 2091 4473 accusare

1826 306 2079 386 14.30le
2116 306 2327 383 3AM?
2366 310 2442 387 Π

3752 317 3855 389 M8

2339 434 2379 488 Ι.
2408 435 2510 491 Ad
2538 452 2684 509 quos
2716 437 3147 495 ecclesiasticus
3191 437 3337 495 ordo
3362 439 3713 512 pertineat,

2266 522 2461 579 Primo
2491 526 2738 598 quidem
2753 526 3013 609 capitulo
3041 526 3288 596 dictum,
3308 528 3403 601 cui
3418 528 3856 601 ecclesiasticus

2195 615 2345 669 ordo
2358 617 2651 688 pertineat
2675 637 2687 673 :
2721 618 2889 691 quod
2910 619 3208 691 episcopis
3227 624 3283 674 et
3312 619 3539 676 clericis
3566 620 3858 677 ordinatis

2194 705 2487 775 pertinere
2500 722 2621 762 non
2634 708 2890 763 dubium
2902 713 3005 764 est.
3016 709 3187 774 Quod
3201 725 3303 764 vos
3316 709 3593 777 ignorare
3611 711 3860 766 minime

2198 794 2619 863 credimus,ab
2650 798 2795 868 ipsis
2830 798 3172 870 apostolicis
3193 798 3331 853 viris
3373 800 3763 867 cognoscitis.
3796 803 3860 856 Et

2198 899 2336 939 cum
2379 884 2439 939 in
2468 885 2650 941 sacris
2682 887 2947 947 conciliis
2996 887 3075 947 ab
3104 888 3403 962 episc0pis
3455 889 3859 960 promulgatae

2197 972 2316 1028 sint
2330 974 2549 1042 regulae
2566 979 2621 1030 et
2637 976 3053 1047 receptaequis
3071 982 3237 1033 extra
3258 977 3575 1050 episcopos
3596 978 3863 1049 promul-

2198 1068 2369 1130 gator
2395 1063 2827 1123 canonicarum
2858 1065 3114 1138 quiverit
3147 1082 3275 1121 esse
3309 1067 3794 1123 sententiarum?

2199 1172 2262 1223 11.
2278 1168 2657 1241 Unaquaeque
2665 1171 2958 1241 parochia
2976 1174 3237 1242 episcopi
3245 1174 3586 1244 provisione
3596 1174 3864 1245 regenda

2271 1259 2548 1328 Regenda
2569 1276 2711 1315 vero
2742 1266 2829 1322 est
2859 1277 3242 1335 unaquaeque
3276 1264 3668 1335 parochia(x,
3711 1280 3773 1336 q.
3812 1270 3861 1330 t,

2198 1348 2477 1417 Regenda
2499 1356 2583 1405 est
2602 1356 2998 1422 unaquaque)
3024 1352 3136 1405 sub
3156 1352 3496 1423 provisione
3515 1368 3586 1407 ac
3618 1350 3867 1408 tuitione

2200 1439 2484 1511 episcopi,
2505 1456 2613 1512 per
2635 1440 2974 1495 sacerdotes
3013 1441 3107 1495 vel
3144 1448 3370 1497 ceteros
3392 1442 3666 1509 clericos,
3702 1459 3863 1514 quos

2200 1528 2330 1600 ipse
2360 1546 2497 1584 eum
2528 1529 2628 1585 Dei
2651 1530 2862 1585 timore
2884 1530 3243 1602 praeviderit,
3282 1532 3375 1587 cui
3411 1532 3544 1603 jure
3565 1533 3866 1605 pertinere

2203 1616 2514 1683 videbitur,
2543 1622 2601 1672 et
2630 1618 2964 1679 circumire.
2990 1624 3054 1675 ut
3085 1620 3197 1675 sibi
3218 1620 3629 1677 necessarium
3659 1621 3867 1676 visum

2203 1705 2395 1772 fuerit,
2420 1706 2819 1763 ecclesiastica
2850 1708 3099 1763 utilitate
3139 1715 3409 1779 cogente.

2277 1815 2366 1867 Ill.
2416 1814 2549 1869 Non
2596 1813 2891 1886 cogendus
2922 1816 3234 1885 presbyter
3278 1817 3360 1872 ad
3396 1832 3575 1874 sacra
3606 1819 3868 1873 concilia

2750 1888 3018 1957 euloyias
3067 1888 3323 1957 deferre.

2280 1974 2358 2027 De
2390 1973 2641 2040 eulogiis
2670 1975 2749 2030 ad
2772 1992 2943 2031 sacra
2965 1976 3218 2031 consilia
3233 1976 3572 2032 deferendis
3602 1977 3867 2047 (Dist.18,

2205 2062 2291 2117 De
2320 2064 2592 2133 eulogiis)
2620 2064 2766 2119 nihil
2796 2064 3132 2120 invenimus
3162 2081 3198 2121 a
3231 2066 3567 2137 majoribus
3589 2068 3871 2122 termina-

2207 2157 2355 2213 tum,
2404 2153 2507 2208 sed
2540 2152 2690 2210 sicut
2746 2155 3070 2227 unicuique
3122 2156 3498 2229 presbyterio
3550 2158 3863 2230 placuerit.

2207 2244 2353 2295 Nam
2377 2241 2423 2296 si
2447 2244 2833 2300 constitutum
2864 2244 3037 2299 fuerit
3068 2245 3167 2301 illo
3198 2246 3257 2300 in
3286 2250 3553 2319 tempore
3580 2246 3867 2302 benedic-

2206 2329 2396 2385 tiones
2427 2331 2644 2401 afferri,
2678 2331 2883 2388 forsan
2938 2334 3140 2389 minus
3179 2334 3431 2390 libenter
3468 2335 3544 2390 ad
3593 2336 3866 2407 synodos

2206 2427 2539 2487 occurrent,
2563 2426 2621 2476 et
2657 2422 2854 2491 magis
2897 2423 3099 2478 venire
3148 2423 3599 2480 detrectabunt:
3634 2441 3774 2496 quae
3805 2430 3869 2479 ut

2206 2508 2464 2563 arbitror
2489 2525 2610 2564 non
2640 2515 2779 2566 sunt
2826 2511 3261 2568 rationabiliter
3309 2512 3705 2586 requirendaa,
3755 2529 3865 2569 nec

2207 2596 2359 2651 ultro
2384 2597 2594 2653 delatae
2627 2601 3002 2673 respuendae.

2208 2705 2291 2759 IV.
2324 2704 2463 2759 Sors
2488 2706 2646 2761 nihil
2673 2707 2847 2762 aliud
2875 2723 3053 2778 quam
3083 2708 3373 2763 divinatio
3396 2713 3449 2764 et
3475 2708 3861 2779 maleﬁcium.

2277 2794 2357 2847 De
2397 2794 2762 2871 experientia
2792 2799 2991 2852 autem
3022 2795 3461 2857 divinationum
3513 2797 3607 2852 vel
3637 2798 3864 2859 maleﬁ-

2207 2882 2455 2948 ciorum,
2490 2884 2776 2956 scriptum
2798 2885 3045 2958 quidem
3066 2886 3125 2941 in
3158 2886 3342 2941 sacris
3368 2885 3667 2957 habemus
3689 2903 3864 2942 cano-

2205 2972 2407 3034 nibus,
2432 2978 2495 3028 ut
2518 2973 2651 3046 ipsa
2679 2974 2865 3030 verba
2894 2991 3216 3048 ponamus,
3238 2976 3320 3031 ita
3367 2977 3547 3032 Conc.
3581 2977 3860 3048 Ancyr..,

2206 3076 2345 3115 oan.
2379 3064 2490 3131 23):
2513 3063 2621 3125 Qui
2638 3063 3035 3119 divinationes
3056 3069 3361 3143 expetunt,
3384 3071 3439 3121 et
3468 3081 3703 3122 morem
3729 3082 3866 3137 gen-

2209 3149 2394 3205 tilium
2431 3151 2907 3225 subscquuntur,
2934 3157 3037 3210 aut
3078 3146 3143 3209 in
3172 3154 3386 3210 domos
3413 3171 3554 3210 suas
3587 3155 3866 3227 hujusce-

2206 3240 2368 3295 modi
2401 3241 2678 3297 homines
2706 3228 3094 3298 introducunt
3117 3243 3469 3316 exquirendi
3515 3243 3746 3321 aliquid
3777 3260 3867 3321 ar-

2206 3334 2258 3384 te
2291 3329 2585 3397 maletica,
2625 3335 2727 3387 aut
2757 3332 3039 3405 expiandi
3090 3348 3292 3399 causa,
3320 3332 3433 3388 sub
3463 3320 3674 3407 regula
3695 3320 3865 3407 quin-

2204 3419 2450 3490 quennii
2474 3420 2733 3490 jaceant.
2769 3421 2933 3476 Unde
2987 3421 3064 3477 ad
3104 3421 3341 3477 illorum
3387 3421 3862 3491 similitudinem,

2206 3513 2413 3573 sortes,
2444 3508 2665 3580 quibus
2691 3513 2905 3565 cuncta
2933 3526 3039 3566 vos
3070 3511 3131 3566 in
3178 3512 3387 3567 vestris
3435 3511 3862 3567 discriminatis

2200 3596 2439 3665 judiciis
2474 3602 2583 3663 (26,
2613 3614 2674 3669 q.
2704 3603 2756 3667 5,
2779 3598 2977 3655 Sortes
3015 3599 3267 3670 quibus),
3303 3599 3448 3654 nihil
3470 3599 3636 3654 aliud
3672 3616 3862 3672 quam

2204 3684 2366 3754 quod
2396 3684 2474 3739 illi
2505 3692 2703 3757 patres
2733 3687 3120 3759 damnarunt,
3150 3688 3547 3765 divinationes
3588 3694 3644 3743 et
3674 3688 3860 3744 male-

2204 3772 2341 3827 ﬁcia
2366 3789 2494 3827 esse
2524 3775 2925 3832 decernimus.
2955 3777 3356 3842 Quamobrem
3412 3776 3699 3832 volumus
3734 3778 3861 3833 illas

2206 3862 2454 3917 omnino
2489 3862 2785 3936 damnari,
2837 3869 2894 3921 et
2931 3864 3085 3921 ultra
3114 3866 3267 3922 inter
3295 3864 3663 3922 Christianos
3691 3866 3860 3923 nolu-

2208 3966 2342 4004 mus
2372 3952 2689 4019 nominari,
2713 3957 2851 4010 etut
2875 3954 3327 4027 abscindantur,
3362 3954 3478 4010 sub
3510 3956 3863 4012 anathema-

2206 4039 2277 4095 tis
2298 4040 2609 4096 interdicto
2639 4043 3024 4115 praecipimus
3054 4045 3193 4115 (Ivo,
3216 4034 3368 4118 part.
3403 4060 3476 4114 ix,
3508 4059 3641 4117 cap.
3683 4046 3790 4115 tt).

2205 4149 2268 4204 V.
2304 4147 2377 4203 Ut
2400 4149 2609 4204 nullus
2635 4151 2892 4221 propria
2918 4153 3271 4278 cegpqtione
3300 4125 3615 4223 conjugem
3632 4151 3750 4208 sibi
3778 4168 3865 4209 co-

2944 4239 3025 4278 pu
3055 4239 3084 4278 e
3116 4265 3128 4277 .

2940 4230 3128 4292 putet.

2278 4310 2347 4363 Ut
2371 4308 2687 4365 deﬁnitum
2729 4314 2817 4367 est
2858 4326 2895 4367 a
2943 4310 3239 4381 Patribus,
3271 4310 3470 4366 nullus
3510 4309 3587 4366 de
3620 4311 3864 4384 propria

2205 4398 2561 4465 cognatione
2579 4398 2691 4453 sibi
2713 4399 2933 4455 audeat
2953 4400 3257 4474 copulare,
3291 4399 3515 4472 alioqui
3537 4401 3865 4455 anathema

429 4504 681 4578 possint,
709 4508 767 4561 et
795 4504 963 4579 prius
1017 4486 1096 4561 ad
1124 4486 1302 4562 sacra
1333 4506 1545 4562 Christi
1587 4486 1847 4578 quatuor
1900 4509 2090 4561 Evan-
2125 4486 2169 4547 Ι)
2206 4489 2281 4542 Sit
2304 4488 2466 4579 (_l_)i§t-
2501 4492 2591 4555 2ον
2638 4489 3013 4579 Πεᾲίίίῗθίίίελ
3068 4487 3232 4579 unde
3262 4488 3700 4579 δίῖδίίὶυηίονίδ
3731 4490 3863 4546 Gre“

429 4594 585 4667 gelia
615 4599 992 4652 sacramenta
1033 4599 1336 4669 praestent,
1384 4595 1552 4668 quod
1594 4595 1677 4651 nil
1720 4594 1951 4649 salsum
1996 4595 2095 4650 de-

426 4689 733 4759 promant,
766 4687 921 4742 sicut
952 4685 1120 4742 nobis
1163 4686 1367 4742 beatus
1414 4686 1704 4742 Silvester
1730 4683 2006 4748 tradidit,
2038 4690 2095 4739 et

426 4778 699 4853 Romana
730 4779 944 4851 sancta
973 4779 1172 4834 tenere
1199 4775 1439 4837 videtur
1464 4775 1739 4843 Ecclesia
1769 4777 1812 4825 '.
1848 4774 1913 4827 Et
1944 4772 1991 4827 si
2010 4772 2095 4829 in-

425 4869 513 4925 ter
542 4880 667 4935 eos,
707 4878 865 4937 quos
897 4863 1221 4927 damnatos
1272 4880 1403 4921 esse
1463 4863 1745 4923 dixerunt
1793 4860 2090 4930 homines,

427 4953 602 5009 fuerit
631 4954 974 5025 episcopus,
1006 4955 1110 5026 qui
1143 4968 1318 5009 suam
1370 4967 1622 5007 causam
1683 4950 1743 5004 in
1777 4950 2093 5020 praesentia

428 5044 714 5096 Romanis
743 5038 900 5119 sedis
932 5038 1200 5121 epi8copi
1231 5039 1464 5117 petierit
1493 5037 1713 5104 audiri,
1765 5038 1967 5092 nullus
2000 5055 2093 5093 su-

428 5144 536 5202 per
564 5127 734 5193 illum
785 5129 1078 5185 ﬁnitivam
1126 5132 1456 5203 praesumat
1511 5128 1655 5201 dare
1703 5128 2087 5183 sententiam:

430 5218 537 5275 sed
564 5217 814 5281 omnino
841 5232 981 5272 eum
1005 5218 1199 5274 audiri
1220 5216 1620 5272 decernimus.
1648 5220 1725 5272 De
1751 5222 1958 5273 caetero
1990 5234 2090 5274 ve-

426 5323 516 5378 ro,
542 5306 709 5380 quod
729 5306 905 5363 nobis
931 5305 1206 5377 apicibus
1232 5304 1443 5360 vestris
1468 5305 1693 5360 factum
1724 5312 1809 5361 est
1833 5305 2089 5371 clarum,

428 5396 576 5471 quid
606 5394 701 5475 vel
728 5394 983 5470 qualiter
1029 5393 1104 5449 de
1134 5392 1282 5467 ipsis
1339 5393 1615 5466 capitulis
1668 5395 2087 5465 interrogantis

428 5485 688 5553 debeam
712 5483 1099 5556 respondere,
1128 5482 1291 5537 unde
1322 5482 1602 5555 precibus
1632 5485 1839 5541 vestris
1867 5501 2093 5543 annue-

427 5590 492 5629 re
513 5574 885 5641 curavimus,
916 5578 973 5629 et
993 5572 1337 5641 singillatim
1357 5571 1505 5646 quid
1535 5576 1840 5644 agendum
1874 5581 1983 5639 est,
2018 5576 2091 5629 si-

427 5676 500 5715 ve
526 5661 796 5731 exposito
817 5677 854 5717 a
891 5660 1112 5716 sanctis
1140 5662 1436 5731 Patribus,
1472 5663 1594 5719 sive
1622 5680 1789 5719 more
1831 5665 2089 5736 antiqui-

427 5756 523 5805 tus
546 5747 781 5819 tradito,
803 5748 1146 5806 curavimus
1176 5749 1607 5808 demonstrare.

2206 4576 2352 4644 gorii
2381 4576 2622 4633 decreta
2652 4577 2865 4633 eximie
2908 4582 3049 4634 sunt
3076 4577 3407 4634 retinenda.

2240 4680 2336 4735 VI.
2378 4684 2499 4739 Per
2527 4699 2661 4755 quce
2690 4684 2927 4741 decreta
2946 4685 3232 4754 judicare
3260 4683 3511 4741 debeant
3542 4685 3827 4754 episcopi.

2276 4774 2355 4827 De
2376 4770 2587 4827 libellis
2604 4777 2660 4828 et
2689 4774 3139 4835 commentariis
3171 4772 3427 4833 aliorum
3438 4788 3563 4831 non
3580 4774 3863 4831 convenit

2205 4859 2466 4932 aliquem
2514 4862 2805 4932 judicare,
2855 4866 2912 4917 et
2942 4867 3289 4917 sanctorum
3341 4862 3741 4918 conciliorum
3773 4880 3861 4919 ca-

2204 4966 2392 5004 nones
2416 4949 2769 5022 relinquere,
2807 4951 2897 5006 vel
2934 4951 3322 5007 decretalium
3364 4950 3626 5022 regulas,
3683 4952 3747 5008 id
3779 4956 3861 5007 est

2203 5054 2337 5110 quae
2390 5040 2689 5094 habentur
2743 5040 2907 5112 apud
2953 5056 3063 5095 nos
3113 5039 3291 5095 simul
3339 5057 3478 5095 cum
3525 5038 3640 5095 illis
3673 5040 3738 5096 in
3771 5057 3860 5097 ca-

2203 5144 2379 5193 none,
2422 5133 2477 5209 et
2506 5128 2728 5200 quibus
2757 5129 2818 5184 in
2868 5129 3153 5185 omnibus
3185 5128 3604 5185 ecclesiasticis
3636 5130 3862 5186 utimur

2198 5217 2458 5286 judiciis,
2491 5217 2551 5272 id
2593 5222 2681 5272 est
2724 5218 3176 5289 Apostolorum,
3213 5220 3616 5287 Nicaenorum,
3670 5223 3862 5290 Ancy-

2204 5322 2513 5374 ranorum,
2538 5307 3131 5377 Neocaesariensium,
3178 5307 3642 5379 Gangrensium,
3665 5309 3864 5371 Antio-

2202 5396 2549 5462 chensium,
2654 5396 3146 5466 Laodicensium,
3251 5396 3862 5464 Chalcedonensium,

2202 5485 2665 5553 Sardicensium,
2712 5486 3296 5555 Carthaginensium,
3347 5484 3863 5542 Africanens'ium:

2203 5580 2259 5629 et
2320 5591 2459 5629 cum
2534 5574 2647 5629 illis
2726 5574 2949 5643 regulae
3029 5575 3357 5648 prtesulum
3423 5579 3865 5645 Romanorum,

2207 5663 2489 5732 Silvestri,
2578 5662 2783 5733 Siricii,
2866 5662 3212 5734 Innocentii,
3308 5663 3547 5734 Zosimi,
3654 5664 3869 5722 Cceles-

2204 5752 2332 5822 tini,
2394 5751 2623 5821 Leonis,
2690 5750 2924 5820 Gelasii,
2996 5752 3215 5826 Hilarii,
3276 5752 3647 5826 Symmachi.
3721 5756 3871 5814 Sim-

496 5858 515 5883 '
545 5856 681 5912 Hac
699 5854 887 5916 verba
911 5855 1120 5916 deesse
1145 5858 1210 5917 in
1255 5861 1529 5919 Romana
1563 5858 1843 5931 editione,
1864 5861 1924 5917 et
1949 5859 2014 5918 in
2040 5874 2157 5921 me.
2189 5857 2327 5917 cod.
2361 5858 2647 5917 Vaticano
2671 5858 3022 5919 observavit
3054 5860 3243 5919 Lucas
3271 5858 3642 5920 Holstenius.
