3968 6410
1433 303 1825 366 ΕΡΙεΤΟω
1866 308 1965 371 ιτ
2000 313 2357 379 DECRETA.

358 413 476 531 ‘Isti
503 414 763 479 omnim»
784 423 946 520 sunt,
1340 430 1619 531 iudicant
1646 434 1835 531 “epis-
1863 436 1914 494 Α
1947 529 1963 531 _
2023 441 2173 499 Cum
2197 446 2610 519 spiritualibus
2637 455 2689 509 te
2717 455 2947 512 nostris
2967 465 3355 531 procreatum
3372 465 3613 525 visceri-

149 504 299 578 ποθὶ
320 509 385 563 et
411 521 522 579 per
549 522 706 579 quos
735 510 1011 584 episcopi
1043 514 1225 579 simul
1246 523 1303 578 et
1331 520 1528 578 clerici
1551 504 1834 593 judican-

146 598 268 657 ενι
309 598 471 657 Nam
500 597 689 659 Sintula
706 604 1127 664 emunritvel
1145 609 1460 680 contigerit
1479 612 1833 670 inusitatum

143 684 493 755 negotium,
535 686 709 759 quod
756 689 1009 751 minime
1059 702 1269 768 posset
1323 715 1437 771 per
1476 701 1622 758 istos
1650 702 1828 768 ﬁniri",

142 777 294 865 hinc
316 773 657 843 simorum,
684 794 949 850 quorum
975 785 1334 843 meministis
1366 789 1525 847 dicta
1548 791 1834 865 Hierony-

139 862 254 930 mi,
325 865 666 935 Augustini,
718 867 953 942 isidori,
1010 872 1107 930 vel
1144 880 1501 935 emterorum
1560 862 1831 938 similiter

140 956 525 1043 motoer
561 954 883 1017 doctorum
930 958 1239 1032 similium,
1302 972 1541 1039 reperta,
1585 969 1825 1043 fuerint,

137 1042 623 1131 magnanimitas
670 1048 810 1105 sunt
857 1048 1174 1109 retinenda
1233 1069 1307 1111 ac
1354 1042 1827 1131 promulganda,

138 1129 243 1188 vel
268 1130 357 1194 ad
399 1132 805 1205 apostolicam
859 1137 1071 1200 sedem
1125 1141 1419 1201 referatur
1456 1146 1531 1205 de
1581 1129 1820 1205 tatibus.

139 1221 347 1311 Quam
376 1221 463 1283 ob
488 1238 749 1285 causam
771 1225 1136 1287 metuentius
1164 1236 1223 1289 et
1241 1248 1472 1305 magna
1499 1252 1649 1293 voce
1679 1254 1822 1311 pro.

134 1309 426 1373 nuntiare
455 1326 584 1377 non
610 1312 815 1383 timeo,
871 1317 1020 1389 quia
1066 1321 1171 1392 qui
1218 1321 1320 1383 illa
1362 1340 1501 1396 quae
1547 1309 1821 1383 diximus

135 1402 507 1463 sanctorum
538 1403 783 1463 Patrum
813 1408 1059 1475 statuta,
1107 1424 1251 1482 (Ῑυεβ
1275 1413 1442 1486 apud
1472 1430 1585 1470 nos
1634 1432 1820 1473 cano-

126 1503 250 1545 nes
278 1490 749 1563 praetitulantur,
778 1492 905 1553 sive
925 1501 992 1555 ut
1014 1498 1361 1574 episcopus,
1390 1503 1514 1560 sive
1542 1505 1815 1578 clericus,

128 1579 271 1639 sive
325 1578 545 1649 laicus,
592 1595 718 1645 non
772 1582 1185 1645 indifferenter
1232 1592 1543 1665 receperit,
1594 1595 1729 1668 ipse
1753 1613 1816 1655 se

384 2089 459 2130 an
479 2089 805 2144 LUQOYIGBI
826 2009 1209 2158 {tegimen}
1234 2098 1557 2151 ineusruu.

579 2166 684 2224 Es
706 2168 958 2240 Rege-to
988 2172 1209 2229 Leonis
1242 2176 1352 2230 ιγ.

191 2259 229 2293 α
247 2250 441 2323 Igitur
457 2268 600 2311 cum
628 2270 791 2330 sape
817 2257 1082 2318 adversa
1097 2278 1135 2318 a
1157 2264 1611 2321 Saracenonum
1632 2267 1812 2339 parti-

112 2339 245 2397 bus
261 2343 624 2415 permutant
648 2346 881 2416 nuntia,
904 2348 1160 2421 quidam
1187 2351 1252 2408 in
1281 2355 1620 2411 Romanum
1660 2356 1807 2413 Por-
1849 2385 1853 2390 ν

115 2434 254 2493 tum
278 2430 464 2497 clam,
502 2432 839 2509 furtivoque
867 2442 1150 2495 venturos
1172 2455 1314 2497 esse
1338 2442 1660 2514 dicebant;
1694 2462 1806 2520 pro

113 2534 247 2592 quo
271 2524 555 2579 nostrum
577 2526 933 2596 congregari
954 2529 1342 2602 praecipimus
1375 2535 1638 2599 Portum,
1671 2551 1799 2593 ma-

121 2607 531 2684 ritimamque
574 2613 657 2669 ad
682 2613 847 2670 littus
894 2615 1265 2676 descendere
1310 2619 1714 2692 decrevimus,
1746 2629 1806 2681 et

118 2699 354 2771 egressi
387 2715 605 2758 sumus
633 2704 847 2761 Roma.
943 2778 985 2834 Χ

522 2860 599 2905 AD
634 2820 1400 2913 LUDOVICUMuiﬂPERATOREM.

195 2938 219 2965 '
275 2928 438 2991 Scire
466 2948 579 2991 vos
610 2939 867 3015 oportet,
921 2937 1091 3010 quod
1120 2952 1439 3013 nunquam
1472 2939 1552 2999 ab
1582 2943 1797 3017 aliqui-

107 3018 235 3077 bus
259 3025 508 3083 nostros
527 3022 807 3085 homines
839 3025 1092 3091 sinimus
1121 3028 1423 3107 opprimi;
1457 3031 1563 3101 sed
1603 3033 1651 3088 si
1689 3048 1794 3095 ne-

112 3109 369 3171 cessitas
389 3110 506 3177 illis
528 3112 865 3185 incurrerit,
903 3117 1357 3190 praesentialiter
1383 3119 1789 3192 vindicamus;
1824 3161 1867 3216 ο

107 3197 264 3272 quia
315 3200 507 3265 nostri
552 3202 752 3273 gregis
779 3203 841 3260 in
872 3204 1160 3274 omnibus
1191 3205 1414 3269 ultores
1445 3225 1576 3267 esse
1607 3210 1791 3268 debe-

105 3301 254 3342 mus
284 3291 344 3344 et
366 3288 662 3365 praecipui
683 3289 1013 3369 adjutores.

952 3381 995 3435 Ι.

952 3382 995 3435 Ι.

500 3464 575 3505 ΑΙ)
601 3464 852 3506 JOANNEM
882 3382 1399 3512 AXRCHIEPISCOPUM.

177 3547 207 3577 ·
230 3541 346 3596 Pro
376 3545 537 3599 certo
569 3542 798 3613 scitote,
821 3543 991 3617 quod
1020 3557 1344 3618 nunquam
1382 3547 1786 3620 permittimus

106 3633 358 3687 nosn'os
382 3646 420 3686 a
447 3630 621 3687 vobis
634 3630 888 3689 lacerari
911 3636 1016 3689 aut
1031 3634 1293 3707 opprimi
1312 3634 1590 3692 homines
1606 3642 1788 3712 atque

100 3720 440 3793 subjectos,
463 3720 570 3777 sed
596 3721 649 3778 si
699 3723 892 3796 (quod
912 3739 1038 3780 non
1070 3731 1406 3797 speramus)
1438 3727 1622 3801 hujus
1649 3744 1789 3786 nos-

98 3815 213 3867 trae
257 3809 613 3867 monitionis
653 3811 815 3869 dicta
862 3813 1265 3885 neglexeritis,
1307 3820 1363 3873 et
1392 3817 1653 3890 amplius
1683 3819 1787 3876 ali-

99 3914 262 3973 quas
282 3900 715 3972 oppressiones
746 3901 1034 3977 prmfatis,
1065 3902 1161 3960 vel
1189 3903 1319 3972 aliis
1348 3907 1567 3962 nostris
1593 3908 1785 3964 homi-

97 3990 291 4047 nibus
336 3988 615 4055 feceritis,
649 3992 1103 4063 prmsentialiter
1151 4008 1258 4050 eos
1313 3995 1781 4067 vindicabimus,

99 4083 163 4135 et
184 4077 399 4135 omnia
424 4083 625 4136 vestra
641 4080 872 4154 eripere
895 4081 1268 4151 curabimus,
1299 4081 1629 4144 furibunda
1654 4104 1785 4143 cru-

100 4167 350 4241 delique
379 4168 663 4228 audacia.
876 4246 967 4300 xu

323 4326 608 4375 Lornmo
639 4330 708 4371 s'r
735 4329 1012 4373 Lunovico
1034 4330 1484 4374 iurmroamus
1514 4312 1561 4375 ἀ.

178 4399 529 4459 Lotharium
575 4405 634 4465 et
686 4403 1061 4465 Ludovicum
1103 4404 1500 4478 imperatores
1552 4407 1778 4473 Colono

1944 529 2062 585 bus
2093 535 2424 608 noscimus,
2457 543 2562 618 tua
2599 541 2952 617 deceptione
2969 529 3251 621 quotidie
3275 553 3613 624 ingemisci-

1943 635 2081 675 mus
2111 640 2123 688 ;
2153 625 2256 697 qui
2290 627 2427 683 sinu
2454 631 2665 685 matris
2696 636 2816 689 tum
2857 649 3237 707 progressus,
3282 645 3500 700 erroris
3529 647 3607 702 ir-

1941 710 2146 803 retitus
2176 715 2431 785 caligine
2502 718 2714 783 alienis
2769 726 3074 795 parochiis
3121 730 3213 791 uel
3256 734 3607 803 regionibus

1940 799 2273 875 immorari,
2306 812 2512 864 contra
2557 819 2863 886 praecepta
2889 818 3131 878 Patrum
3174 836 3605 899 canonumque

1939 892 2333 983 sanctionem,
2375 913 2502 963 non
2547 900 2809 961 dubitas.
2858 908 3169 968 Revertere
3204 911 3404 983 igitur,
3446 892 3604 971 salu-

1938 977 2136 1052 tisque
2155 980 2439 1042 incedere
2456 1003 2846 1064 summopere
2868 994 3082 1052 callem
3112 977 3400 1073 procura,
3429 1007 3487 1059 te
3524 1021 3603 1061 ne

1934 1083 2096 1127 vana
2127 1086 2269 1143 spes
2318 1073 2596 1148 decipiat,
2656 1079 3006 1154 oaduceque
3052 1087 3430 1149 adulationes
3457 1094 3602 1153 sub-

1932 1162 2187 1217 vertant.
2234 1163 2352 1229 Sed
2404 1166 2650 1227 terrenis
2694 1176 2895 1233 mente
2944 1175 3177 1237 actibus
3227 1180 3481 1250 erigens,
3528 1200 3602 1242 ea

1930 1263 2365 1342 qumsuperna
2395 1253 2751 1329 inﬁnitaque
2784 1271 3161 1334 permanent,
3198 1268 3600 1342 inquiescibili

1929 1334 2149 1392 intuitu
2192 1340 2479 1432 anhelare
2507 1351 2839 1411 metuente.
2892 1351 3044 1415 Quia
3069 1334 3326 1415 salutem
3358 1374 3598 1432 semper

1929 1430 2047 1481 tuae
2077 1428 2357 1501 cupimus
2383 1431 2603 1490 animae
2628 1437 3019 1511 corporisque
3047 1441 3249 1512 videre
3301 1462 3315 1500 :
3365 1452 3421 1504 et
3446 1428 3522 1506 ne
3544 1454 3597 1505 te

1926 1513 2243 1573 diabolicae
2288 1518 2524 1577 insidiae
2585 1524 2972 1595 concludant,
3025 1532 3457 1605 omnipotentis
3487 1537 3597 1593 Do-

1926 1603 2075 1659 mini
2134 1622 2372 1680 semper
2451 1610 2832 1679 clementiam
2906 1603 3253 1687 exoramus.
3312 1625 3598 1682 Praeterea

1796 1729 1812 1754 ,
1925 1696 2271 1793 apostolicis
2298 1698 2403 1755 tibi
2433 1702 2821 1793 praecipimus
2846 1705 3075 1778 litteris;
3095 1710 3226 1781 jam
3258 1713 3595 1787 quinquen-

1926 1788 2008 1839 nii
2040 1790 2277 1861 tempus
2306 1788 2425 1846 huc
2453 1789 2717 1889 illucque
2747 1794 2991 1855 latitans
3030 1799 3196 1867 velut
3225 1804 3442 1875 anguis
3467 1805 3594 1862 dis-

1923 1966 2221 2033 gregaturi
2256 1983 2468 2027 sumus
2494 1969 2590 2028 die
2630 1974 3007 2040 Novembris,
3039 1984 3397 2050 exspectatas
3429 1982 3590 2055 futu-

1918 2068 1999 2107 τω
2033 2055 2314 2111 secundae
2360 2059 2589 2115 mensis
2635 2060 2961 2135 indictione
3003 2068 3252 2147 [mensis
3292 2086 3461 2150 exsp.
3514 2074 3585 2131 F.

1919 2144 2200 2200 secundae
2226 2145 2608 2213 indictionis],
2640 2144 3079 2223 praesentare-te
3109 2159 3276 2214 omni
3309 2144 3587 2233 deposita

1918 2234 2234 2290 occasione
2274 2250 2560 2307 procures
2594 2254 2607 2293 :
2642 2243 2707 2295 ut
2737 2256 2984 2298 causam
3011 2248 3180 2301 tuam
3224 2246 3286 2303 in
3330 2265 3583 2307 venera-

1916 2320 2023 2376 bili
2050 2326 2207 2379 cmtu
2238 2331 2461 2381 sanctae
2489 2326 2801 2384 valeamus
2851 2335 3339 2403 congregationis
3378 2338 3580 2396 subtili

1915 2412 2201 2470 ventilare
2225 2415 2462 2481 intuitu,
2494 2422 2552 2472 et
2578 2418 2903 2477 humanius
2929 2427 3093 2479 tuam
3124 2428 3581 2485 conversionem

1915 2504 2186 2559 tractare.
2239 2504 2295 2559 Si
2327 2508 2529 2561 autem
2573 2508 2908 2579 neglexeris
2956 2512 3125 2585 quod
3170 2516 3578 2592 praecipimus,

1914 2591 2193 2663 ampliori
2217 2598 2268 2647 to
2300 2594 2540 2650 vinculo
2565 2596 2954 2655 innodamus.
2980 2603 3128 2656 Nam
3152 2619 3184 2658 e
3206 2602 3580 2662 multimodis

1912 2688 1935 2715 °
1967 2683 2019 2735 te
2074 2682 2592 2755 reprehendimus,
2639 2702 2709 2742 ac
2762 2689 3295 2764 reprehensibilem
3348 2693 3583 2766 judica—

1914 2785 2086 2838 mus;
2140 2771 2285 2843 quia
2315 2772 2393 2828 ad
2419 2773 2542 2830 duo
2573 2790 2685 2847 pro
2714 2780 2769 2832 te
2797 2784 3165 2851 congregata
3191 2781 3447 2840 concilia
3476 2800 3575 2840 oc-

1909 2873 2147 2915 currere
2174 2859 2453 2918 distulisti
2482 2880 2496 2928 ;
2530 2863 2684 2921 sicut
2710 2865 2770 2921 hi
2800 2874 3130 2939 praesentes
3160 2870 3578 2938 Nicolaus,Pe-

1906 2947 2232 3015 tronacius,
2287 2954 2470 3023 atque
2522 2954 2789 3009 Joannes
2865 2957 3237 3015 venerabiles
3310 2961 3579 3035 episcopi

1905 3036 2115 3104 nostri,
2142 3052 2249 3107 per
2274 3054 2429 3110 quos
2452 3043 2506 3095 te
2539 3056 2702 3096 nunc
2732 3045 3085 3101 auctoritate
3118 3049 3416 3105 canonica
3441 3050 3575 3121 jus-

1905 3123 2094 3180 simus
2140 3141 2415 3198 evocare,
2448 3144 2551 3185 ore
2592 3132 2838 3202 proprio
2865 3132 3240 3191 indicabunt.
3270 3136 3327 3191 Si
3371 3144 3577 3195 autem

1904 3218 2229 3271 constituto
2287 3221 2557 3290 tempore
2608 3218 2687 3286 ad
2732 3220 3089 3293 praedictum
3123 3223 3443 3299 concilium
3471 3242 3575 3282 ve-

1901 3302 2030 3357 nire
2089 3303 2446 3378 neglexeris,
2515 3307 2631 3364 sub
2698 3312 3323 3377 excommunicatione
3394 3319 3575 3390 atque

1904 3393 2286 3450 anathemate
2307 3399 2388 3465 ,te
2437 3396 2637 3453 modis
2676 3396 2963 3455 omnibus
3019 3399 3404 3464 decernimus
3442 3420 3572 3462 esse

1901 3497 2287 3543 mansurum.

2672 3578 2808 3633 XIV.

2380 3706 2663 3749 EPISCOPIS
2695 3709 3015 3752 BIITANNIIE
3047 3694 3081 3751 ¹.

2502 3782 2957 3855 Fragmentum.

1969 3871 2095 3924 Non
2119 3873 2414 3941 cogantur
2443 3870 2781 3957 presbyteri
2810 3873 2889 3928 ad
2920 3890 3095 3947 sacra
3116 3875 3375 3933 concilia
3403 3876 3567 3949 eulo-

1896 3956 2026 4027 gias
2057 3957 2306 4015 deferre.

1966 4048 2046 4102 De
2073 4047 2322 4119 eulogiis
2353 4048 2431 4105 ad
2459 4064 2634 4106 sacra
2658 4049 2911 4108 concilia
2932 4052 3274 4109 deferendis
3298 4052 3446 4110 nihil
3472 4054 3566 4111 in.

1898 4136 2178 4191 venimus
2211 4153 2246 4193 a
2276 4137 2614 4215 majoribus
2644 4141 3030 4209 terminatum
3067 4160 3080 4197 :
3115 4143 3220 4199 sed
3257 4143 3410 4200 sicut
3435 4145 3564 4202 uni-

1892 4224 2114 4298 cuique
2145 4226 2500 4299 presbytero
2532 4228 2844 4300 placuerit.
2903 4234 3055 4288 Nam
3087 4232 3137 4288 si
3168 4233 3563 4292 constitutum

1889 4313 2065 4371 fuerit
2091 4315 2191 4371 illo
2234 4315 2298 4371 in
2328 4320 2600 4391 tempore
2628 4319 3078 4379 bcnedictiones
3118 4322 3338 4392 afferri,
3395 4323 3565 4381 forsi-

1891 4409 1995 4461 tan
2028 4406 2228 4462 minus
2255 4406 2509 4465 libenter
2559 4409 2639 4466 ad
2676 4412 2945 4484 synodos
2965 4414 3311 4485 occurrent,
3338 4420 3396 4470 et
3434 4431 3562 4491 ma-

94 4488 363 4547 diacono
391 4488 706 4556 ecclesiam
738 4492 1049 4555 Reatinam
1092 4497 1285 4564 rogat,
1346 4496 1461 4551 Leo
1509 4517 1538 4548 κ
1569 4500 1651 4564 ut,
1684 4496 1776 4553 in-
1808 4520 1853 4573 υ
1893 4496 1982 4564 gis
1999 4497 2197 4553 venire
2214 4496 2807 4568 obtrectabunt.Quae
2824 4506 2891 4559 ut
2910 4502 3166 4559 arbitror
3180 4520 3304 4560 non
3318 4488 3562 4561 suntra-

92 4577 252 4653 quit,
298 4582 498 4639 vestra
544 4579 786 4641 licentia
828 4586 1095 4659 accepta,
1153 4582 1380 4640 ibidem
1425 4599 1778 4647 consecrare

91 4665 421 4729 valeamus
450 4668 807 4747 episcopum
836 4688 851 4740 ;
884 4670 976 4728 sin
1015 4675 1221 4729 autem
1257 4671 1320 4731 in
1350 4673 1639 4744 praedicta
1685 4692 1777 4737 ec-

91 4759 283 4818 clesia
310 4757 623 4815 nolueritis
653 4764 719 4816 ut
763 4759 1125 4834 praeﬁciatur
1166 4761 1513 4835 episcopus,
1544 4765 1774 4825 Τιλεοιιτ-

89 4851 308 4908 lanam
334 4846 657 4906 ecclesiam
677 4848 760 4907 illi
788 4855 989 4913 vestra
1015 4851 1302 4909 serenitas
1333 4851 1612 4924 dignetur
1626 4871 1772 4913 con-

91 4939 333 4997 cedere.
364 4958 396 4988 κ

871 5014 1009 5068 XIII.

203 5097 279 5139 ΔΙ)
303 5096 663 5139 ANASTASIUM
691 5098 1089 5140 PRESBYTER“
1124 5098 1658 5143 IXCOMHUNICATUM.

490 5173 593 5228 Ad
620 5174 942 5230 concilium
974 5174 1150 5229 illum
1179 5180 1369 5231 vocat.

165 5263 283 5318 Leo
311 5261 658 5335 episcopus,
694 5278 905 5319 servus
934 5278 1249 5319 servorum
1282 5264 1405 5335 Dei,
1438 5265 1766 5323 Arususno

88 5352 451 5426 presbytero
477 5352 1027 5410 excommunicato.

160 5473 188 5501 ι
218 5463 343 5533 lvo,
378 5474 515 5533 cap.
559 5461 649 5515 83.

161 5538 190 5604 lt
217 5531 393 5604 Ibid.,
426 5531 565 5604 cap.
598 5533 687 5601 84,

161 5600 718 5689 ἳιὲίάςροξιῐεςδδέ,
1009 5678 1065 5689 .-
1132 5676 1146 5689 .
1221 5677 1259 5689 ,η
1344 5676 1382 5689 ..
1599 5676 1612 5689 .
1689 5662 1716 5689 .-

161 5675 189 5713 ⁴
220 5675 484 5746 Gratiani
514 5676 768 5745 Decret.,
798 5676 1177 5746 i,63,c.l6,de
1208 5676 1465 5733 Reatina
1485 5676 1755 5733 ecclesia.

159 5756 183 5786 ο
209 5744 294 5821 Et
314 5748 523 5821 multis
544 5744 757 5808 modis.
783 5744 1023 5819 Legitur
1053 5744 1188 5821 cap.
1220 5751 1311 5818 46,
1338 5747 1444 5807 lib.
1477 5764 1552 5817 in,
1585 5747 1750 5805 card.

90 5817 435 5879 Deusdedit.

1891 4585 2251 4644 tionabiliter
2270 4590 2613 4661 quaerendae
2627 4607 2739 4648 nec
2765 4591 2922 4648 ultro
2943 4592 3154 4649 delatae
3175 4594 3555 4687 respuendae.

2316 4816 2392 4856 AD
2429 4818 2750 4860 LOTHARIUI
2803 4819 3121 4869 Δυϐυετυι.

2483 4894 2937 4963 Fragmentum.

1953 4989 1981 5025 II
2012 4980 2255 5038 Habetis
2282 4980 2357 5038 de
2388 4981 2504 5053 hoc
2529 4980 2696 5054 apud
2722 4984 2910 5045 Deum
2938 4980 3395 5059 retributionem
3427 4998 3553 5042 non

1879 5070 2188 5128 modicam
2214 5070 2263 5126 si
2293 5071 2555 5153 antiquae
2584 5069 2732 5141 legis
2756 5070 3050 5142 dogmata
3070 5071 3321 5137 minime
3345 5072 3552 5131 obser-

1878 5164 2093 5217 vantes
2125 5162 2324 5219 vestra
2362 5158 2662 5234 imperiali
2701 5176 2955 5217 censura
2984 5177 3095 5235 pro
3119 5161 3348 5220 viribus
3378 5163 3553 5239 casti-

1878 5250 2052 5319 gatis,
2100 5252 2279 5320 atque
2313 5247 2625 5322 corrigitis.
2658 5251 2828 5307 Item.
2880 5250 3157 5325 Vestram
3201 5251 3551 5325 ﬂagitamus

1877 5338 2259 5394 clementiam
2295 5342 2361 5394 ut
2389 5338 2541 5395 sicut
2581 5338 2875 5395 hactenus
2922 5343 3197 5397 Romana
3234 5339 3331 5396 lex
3362 5340 3552 5410 viguit

1875 5426 2108 5499 absque
2141 5426 2435 5501 universis
2460 5426 2758 5502 procellis,
2792 5433 2851 5484 et
2887 5444 2997 5502 pro
3028 5428 3254 5484 mllius
3284 5443 3548 5504 persona

1948 5532 1965 5569 τ
1986 5533 2144 5610 _Pith.
2176 5535 2556 5610 Degeulogjis.
2579 5565 2653 5576 —
2705 5534 3104 5610 Yidefaulin,
3134 5536 3212 5610 ad
3236 5534 3546 5610 Severum,

1873 5609 1929 5686 et
1976 5604 2295 5661 Centuriat.
2341 5600 2537 5686 T,.'I_X,
2576 5622 2638 5680 p.
2666 5607 2791 5664 407.
2849 5600 3113 5664 Habetur
3136 5602 3269 5677 haec
3295 5600 3546 5681 epis'ola

1874 5677 2077 5731 Romae
2105 5677 2537 5750 manuscripta.

1944 5767 1969 5805 κ
1999 5751 2117 5825 tvo,
2144 5752 2300 5818 part.
2332 5763 2395 5805 tv
2422 5749 2560 5825 cap.
2599 5749 2718 5806 181.
2740 5749 2925 5808 Affert
2952 5751 3069 5813 hoc
3095 5751 3276 5821 etiam
3305 5752 3542 5822 distuli,

1870 5835 2005 5895 cap.
2032 5820 2317 5891 Vestram.
