3968 6392
401 307 501 366 671

1826 287 2074 350 LEONIS
2100 286 2301 344 PAPIE
2333 287 2425 344 IV.

3732 291 3839 345 6'72

404 429 670 488 hominis
728 427 1125 486 reminiscitur
1177 440 1304 480 esse
1375 426 1676 496 corrupta,
1751 419 1836 474 ita
1897 427 2061 472 nunc
2089 411 2139 466 Α
2181 410 2222 466 ti
2255 412 2403 467 Petri
2426 413 2837 486 apostolorum
2858 415 3165 488 principis,
3199 429 3304 469 seu
3325 415 3382 469 et
3409 412 3597 469 sancti
3626 412 3840 469 Leonis

409 537 591 576 suum
619 519 804 576 robur
833 515 1262 590 propriumque
1293 513 1558 583 vigorem
1597 510 1882 567 obtineat.

1173 620 1312 676 XVI.

839 727 910 766 AD
937 725 1254 767 LO'I'HARIUH
1282 723 1572 764 AUGUSTUM
1600 715 1645 762 ⁸.

1009 800 1457 869 Fragmentum.

484 895 561 947 De
582 889 856 963 capitulis
881 888 977 944 vel
1016 887 1331 960 praeceptis
1373 883 1788 958 imperialibus
1837 878 2067 946 vestris,

409 986 868 1050 vestrorumque
907 977 1261 1050 pontificum
1279 976 1795 1048 praedecessorum
1844 968 2072 1026 irrefra-

412 1069 681 1140 gabiliter
706 1066 1117 1124 custodiendis
1148 1070 1205 1122 et
1239 1063 1686 1134 conservandis,
1712 1063 1942 1134 quanto
1973 1073 2074 1114 va-

409 1157 634 1214 luimus
665 1161 720 1212 et
749 1155 1046 1221 valemus,
1078 1155 1308 1211 Christo
1338 1152 1615 1226 propitio,
1649 1154 1706 1207 et
1734 1165 1896 1205 nunc
1927 1151 1984 1203 et
2011 1145 2073 1201 in

411 1262 610 1302 aevum
637 1261 749 1301 nos
793 1248 1255 1300 conservaturos
1315 1242 1511 1298 modis
1555 1239 1840 1296 omnibus
1888 1234 2071 1309 proﬁ-

413 1340 629 1391 temur.
672 1337 740 1389 Et
777 1333 824 1388 si
869 1332 1123 1388 fortasse
1162 1331 1414 1404 quilibet
1443 1330 1616 1386 vobis
1647 1328 1814 1385 aliter
1861 1323 2076 1381 dixerit

415 1423 512 1479 vel
539 1424 808 1479 dicturus
838 1421 930 1485 sit,
965 1421 1164 1477 sciatis
1196 1437 1335 1476 eum
1364 1436 1475 1493 pro
1502 1423 1659 1475 certo
1691 1415 2067 1473 mendacem.

1145 1532 1317 1585 XVII.

883 1638 955 1675 AD
984 1636 1242 1676 CAROLL'M
1273 1635 1499 1674 CALVUM
1530 1628 1577 1673 h.

1030 1713 1451 1780 Fragmentum
1463 1752 1475 1765 .

491 1801 548 1856 Si
574 1801 865 1866 fortassis,
893 1800 1059 1872 quod
1102 1814 1224 1854 non
1255 1797 1580 1864 credimus,
1612 1795 1777 1868 apud
1809 1811 1918 1850 vos
1950 1794 2077 1849 inu-

424 1890 550 1946 tiles
596 1889 967 1960 judicamur,
1001 1889 1260 1944 Ecclesia
1293 1893 1513 1953 tamen,
1537 1887 1632 1942 cui
1653 1884 2076 1959 praesidemus,

419 1994 544 2035 non
593 1979 836 2045 inutilis,
896 1978 1001 2034 sed
1053 1982 1232 2050 caput
1279 1977 1764 2050 principiumque
1805 1973 2080 2030 Omnium

419 2068 631 2125 merito
663 2067 840 2124 simul
871 2068 950 2123 ab
980 2067 1266 2123 omnibus
1305 2071 1574 2123 vocatur.

1154 2174 1344 2232 XV'III.

907 2282 979 2320 AD
1006 2281 1262 2321 CAROLL'M
1296 2279 1520 2320 CALVUM
1551 2272 1593 2320 °.

1019 2357 1468 2425 Fragmentum.

496 2444 714 2500 Contra
749 2450 1096 2501 sanctorum
1127 2447 1367 2500 Patrum
1399 2457 1683 2498 censuras
1713 2440 1945 2496 videtur
1969 2439 2087 2496 exi-

426 2536 578 2588 stere
615 2533 664 2588 si
695 2533 1000 2589 saecularis
1027 2532 1123 2588 vel
1164 2531 1354 2587 laicus
1385 2529 1769 2604 presbyteros
1801 2529 1880 2584 ab
1905 2528 2090 2585 eccle-

427 2621 550 2692 siis,
580 2621 641 2676 in
684 2621 908 2693 quibus
939 2626 1210 2693 tempore
1240 2618 1632 2676 ordinationis
1662 2635 1872 2673 eorum
1896 2618 2090 2674 nomi-

427 2710 547 2765 nati
583 2715 678 2765 vel
725 2709 1046 2765 introducti
1076 2709 1314 2774 fuerint,
1368 2708 1602 2763 videtur
1649 2707 1797 2778 [Al.,
1849 2707 2088 2770 nitetur]

429 2797 746 2870 expellere.

1202 2889 1329 2942 XIX.

946 2995 1018 3033 AD
1052 2993 1293 3032 VIDONEM
1320 2993 1580 3032 COMITEH.

1049 3068 1473 3135 Fragmentum
1486 3107 1498 3120 .

505 3155 743 3211 dValde
787 3155 1108 3225 indignum
1161 3159 1268 3224 est,
1329 3153 1540 3210 futuris
1584 3154 1860 3224 gentibus
1910 3154 2090 3209 etiam

433 3245 820 3308 contrarium,
855 3251 979 3300 tam
1005 3244 1327 3313 gloriosam
1353 3243 1568 3313 legem,
1593 3259 1780 3316 quam
1808 3244 1980 3299 multi
2003 3260 2090 3298 re-

433 3338 526 3390 tro
561 3334 968 3390 custodierunt
995 3334 1406 3405 imperatores,
1438 3348 1600 3388 nunc
1618 3349 1792 3390 suam
1814 3334 1937 3388 vim
1957 3349 2090 3406 per-

437 3423 578 3479 dere
599 3438 668 3479 ac
693 3421 910 3493 injuste
937 3422 1235 3478 damnari.

1221 3531 1323 3585 XX.

691 3633 981 3674 COLORODO
1022 3634 1455 3675 ARCHIEPISCOPO
1487 3635 1556 3674 ΕΤ
1584 3634 1848 3674 BERTUSO.

511 3717 533 3744 ο
577 3707 712 3763 Ideo
742 3708 1118 3780 permittente
1165 3709 1284 3763 Deo
1329 3712 1602 3780 pastores
1649 3707 1968 3762 hominum
2000 3723 2098 3761 su-

441 3813 580 3853 mus
611 3795 820 3860 effecti,
854 3801 919 3853 ut
943 3796 1110 3871 quod
1149 3799 1349 3852 Patres
1396 3797 1582 3851 nostri
1621 3795 1744 3850 sive
1787 3794 1847 3849 in
1876 3795 2098 3850 sanctis

441 3885 797 3954 canonibus,
832 3887 950 3942 sive
979 3887 1040 3942 in
1075 3883 1405 3942 mundanis
1433 3883 1670 3954 legibus
1702 3882 1964 3951 aﬂixere,
1997 3900 2098 3939 ex-

441 3975 652 4032 cedere
678 3976 925 4032 minime
953 3975 1303 4031 debeamus.
1347 3975 1566 4030 Contra
1611 3989 1822 4028 eorum
1875 3974 2100 4047 quippe

445 4063 838 4120 saluberrima
865 4063 1099 4134 agimus
1129 4063 1419 4127 instituta,
1468 4060 1516 4115 si
1545 4076 1681 4132 quae
1731 4060 1846 4133 ipsi
1895 4061 2100 4119 divino

445 4158 779 4210 statuerunt
806 4152 1080 4216 concilio,
1112 4151 1335 4206 intacta
1361 4165 1484 4205 non
1513 4166 1846 4206 servamus.

1208 4261 1336 4314 XXI.

664 4365 734 4403 AD
777 4363 1125 4403 PRUDENTIUM
1157 4363 1462 4403 EPISCOPUM
1495 4365 1881 4404 TRICASSINUM.

456 4440 528 4496 Ut
567 4438 990 4494 monasterium
1035 4437 1108 4492 ab
1139 4437 1474 4494 Adremaro
1519 4444 1927 4495 constructum
1967 4454 2102 4494 con-
2131 4465 2174 4518 ι)

1179 4533 1389 4583 secret.

523 4619 543 4654 τ
568 4622 682 4675 Leo
707 4618 1050 4691 episcopus,
1084 4634 1287 4673 servus
1327 4632 1638 4673 servorum
1667 4616 1790 4686 Dei,
1834 4633 2104 4674 reveren-

453 4708 680 4766 tissimo
706 4713 762 4764 et
790 4708 1167 4764 sanctissimo
1199 4706 1518 4763 Prudentio
1565 4706 1910 4763 Tricassinae
1941 4707 2104 4764 sedis

453 4798 736 4871 episcopo
775 4797 1048 4854 salutem.

527 4890 862 4958 Cognoscat
935 4887 1254 4960 prudentia
1319 4884 1651 4941 sanctitatis
1713 4888 1848 4951 tuae,
1922 4885 2111 4957 quali-

453 4982 542 5032 ter
587 4977 683 5032 hic
711 4976 1022 5046 religiosus
1053 4977 1411 5043 monachus,
1446 4973 1812 5029 Adremarus
1842 4975 2107 5042 nomine,

457 5081 596 5120 cum
644 5066 953 5120 monachis
984 5065 1128 5130 suis,
1171 5081 1310 5120 cum
1358 5079 1600 5118 summa
1640 5062 1977 5133 devotione,
2030 5064 2109 5120 ad

457 5153 698 5208 laudem
723 5158 780 5208 et
803 5153 1056 5221 gloriam
1089 5157 1311 5209 sanctae
1339 5151 1656 5222 Trinitatis,
1691 5156 1747 5207 et
1775 5152 2108 5208 remedium

460 5243 677 5299 animai
707 5259 830 5298 suae
858 5257 1226 5314 suorumque
1257 5240 1551 5307 omnium,
1575 5241 1635 5296 in
1656 5241 1947 5298 honorem
1972 5243 2114 5298 bea-

529 5399 555 5425 ι
584 5371 845 5428 Gratiani
875 5372 1123 5437 lbcretq
1154 5367 1292 5423 dist.
1328 5367 1411 5433 10,
1441 5383 1493 5422 c.
1525 5373 1576 5424 9.

531 5461 558 5500 ιι
585 5443 776 5500 lvonis
800 5443 1045 5503 Decret.,
1079 5440 1212 5494 dist.
1243 5443 1297 5509 5,
1324 5455 1376 5494 c.
1408 5439 1464 5494 ll
1504 5458 1517 5506 ;
1568 5440 1826 5496 Gratiani
1862 5443 2109 5506 Decret.,

463 5529 513 5568 c.
554 5514 638 5583 16,
669 5530 774 5586 qu.
811 5517 1030 5586 (ξλεαρ.
1058 5511 1440 5586 Sifortassis.

533 5599 556 5625 ο
578 5583 840 5641 Gratiani
865 5585 1109 5647 Decret.,
1142 5598 1233 5636 xv:
1260 5598 1362 5653 qu.
1385 5583 1438 5648 7,
1473 5598 1521 5638 c.
1552 5587 1642 5651 29;
1675 5583 1896 5651 (lvonis
1920 5586 2110 5652 ltecr.,

463 5671 543 5708 ιιι.
578 5673 628 5710 ρ.
663 5657 804 5722 102),
837 5655 1055 5709 Contra
1084 5660 1448 5710 sanctorum.

535 5734 562 5772 d
593 5731 712 5792 lvo,
744 5724 888 5780 ibid.
922 5739 1054 5795 cap.
1102 5728 1217 5780 182.

534 5797 556 5824 °
583 5801 672 5865 25,
704 5811 764 5869 q.
798 5800 848 5866 ί,
868 5809 1002 5868 cap.
1031 5797 1168 5854 Ideo
1190 5799 1588 5868 permittente.
1620 5801 1742 5866 tvo,
1764 5799 1919 5866 part.
1955 5812 2035 5851 1v.

2177 502 2450 573 ejusdem
2507 504 2715 560 vicarii
2779 521 2976 579 papae,
3044 503 3484 559 monasterium
3539 501 3842 558 desiderat

2177 604 2549 654 consecrare,
2574 594 2630 645 et
2655 589 2832 645 situm
2865 607 2934 645 ac
2964 593 3322 645 structuram
3353 589 3483 660 ejus
3511 586 3703 642 sancti
3729 603 3842 642 cm-

2177 677 2345 732 nobii
2375 677 2435 733 in
2466 677 2646 734 rebus
2670 679 2822 750 juris
2855 679 2984 750 jam
3015 678 3157 734 dicti
3195 677 3354 734 beati
3378 676 3530 733 Petri
3558 675 3840 749 apostoli,

2177 783 2314 840 quae
2355 767 2484 837 ejus
2512 784 2646 824 vere
2673 772 2835 839 sunt,
2879 768 3133 824 fundare
3166 784 3236 823 ac
3266 767 3644 833 constituere,
3706 781 3844 836 qua:

2177 873 2272 913 res
2293 856 2592 928 praedicta
2615 857 2869 913 Guidoni
2887 857 3315 927 gloriosissimo
3346 854 3547 911 comiti
3571 870 3680 926 per
3695 869 3849 926 prae-

2179 950 2421 1017 ceptum
2451 944 2791 1018 pontiﬁcale
2820 945 3057 1000 donatae
3085 949 3242 1000 sunt.
3272 945 3466 1010 Quam
3491 941 3572 998 ob
3594 957 3847 998 causam

2175 1035 2461 1108 jubemus
2489 1051 2557 1091 ac
2588 1035 2898 1090 hortamur
2915 1035 3290 1090 sanctitatem
3312 1038 3477 1090 tuam
3499 1036 3563 1088 ut
3592 1030 3847 1104 quando

2183 1125 2263 1181 ab
2286 1124 2444 1180 illius
2494 1123 2760 1197 praedicti
2798 1123 3079 1180 monachi
3112 1123 3294 1179 fueris
3329 1121 3666 1178 humilitate
3704 1136 3846 1194 pos-

2183 1213 2427 1281 tulatus,
2455 1213 2594 1269 illuc
2614 1213 2895 1270 accedere
2926 1213 3171 1283 debeas,
3203 1217 3260 1268 et
3276 1212 3432 1274 loco,
3458 1227 3646 1283 quem
3675 1208 3848 1265 vobis

2185 1302 2626 1373 signiﬁcaverit,
2658 1303 2822 1376 ipsas
2864 1302 2981 1358 illic
3022 1301 3306 1375 reliquias
3351 1316 3534 1373 supra
3563 1298 3848 1355 nomina-

2186 1399 2385 1450 torum
2416 1398 2782 1459 sanctorum,
2808 1389 2970 1465 quas
3001 1408 3036 1447 a
3080 1391 3256 1446 nobis
3295 1390 3543 1462 accepit,
3573 1405 3646 1444 eo
3681 1393 3850 1444 teno-

2185 1499 2247 1539 re
2273 1488 2330 1538 et
2354 1481 2691 1538 conditione
2712 1479 3005 1536 recondas
3031 1484 3210 1552 atque
3235 1494 3570 1546 consecres,
3598 1482 3666 1533 ut
3689 1493 3849 1532 sem-

2187 1588 2294 1645 per
2320 1576 2377 1627 et
2411 1571 2833 1644 perpetualiter
2879 1569 2992 1625 sub
3026 1569 3160 1640 jure
3201 1585 3271 1624 ac
3296 1571 3589 1641 potestate
3625 1571 3850 1622 sancte:

2187 1665 2409 1718 nostrae
2439 1664 2722 1716 Romanae
2743 1659 3004 1715 ecclesiae
3027 1659 3157 1729 jam
3188 1658 3376 1713 fatum
3409 1654 3850 1712 monasterium

2111 1764 2149 1818 Β
2188 1753 2471 1808 consistat
2501 1754 2679 1824 atque
2710 1753 3079 1822 permaneat.
3116 1747 3504 1804 Sanctitatem
3535 1751 3711 1801 tuam
3731 1761 3855 1800 om-

2188 1844 2466 1916 nipotens
2499 1842 2656 1896 Deus
2696 1839 3058 1895 incolumem
3101 1837 3418 1903 custodiat,
3454 1835 3657 1891 frater.
3698 1837 3849 1890 Bene

2189 1932 2340 1989 vale.

2936 1999 3104 2054 XXII.

2500 2089 2572 2127 AD
2611 2085 2935 2127 HINCIARUM
2967 2082 3447 2125 ARCHIEPISCOPUM
3482 2079 3524 2122 8.

2193 2147 2319 2203 Cur
2347 2145 2563 2216 synodi
2584 2142 3018 2199 Suessionensis
3043 2140 3556 2209 conﬁrmationem
3579 2137 3857 2207 differat.

2262 2238 2488 2290 Causas
2519 2248 2628 2305 pro
2655 2231 2878 2303 quibus
2909 2231 3023 2286 hoc
3055 2245 3247 2301 usque
3292 2227 3369 2284 ad
3416 2231 3663 2299 tempus
3730 2243 3855 2282 sus-

2190 2324 2533 2398 pendimus,
2563 2320 2835 2376 charitati
2862 2323 3071 2375 vestae
3098 2319 3388 2374 dicemus.
3445 2317 3649 2371 Prima
3683 2315 3858 2385 igitur

2191 2417 2321 2471 haec
2343 2417 2448 2480 est,
2482 2411 2626 2483 quia
2664 2409 2815 2464 sicut
2844 2409 2922 2464 ab
2952 2408 3250 2480 episcopis
3289 2405 3738 2480 praenominata
3769 2421 3857 2475 sy-

2195 2504 2391 2561 nodus
2413 2500 2628 2557 utiliter
2653 2498 2953 2563 ventilata,
2984 2498 3108 2553 sive
3135 2497 3332 2570 sopita
3363 2501 3451 2551 est
3484 2514 3498 2564 ;
3520 2495 3604 2551 ita
3624 2511 3742 2568 per
3762 2493 3856 2550 ali-

2195 2598 2344 2667 quot
2369 2609 2440 2648 ex
2471 2592 2573 2656 eis,
2624 2594 2689 2645 ut
2727 2589 3021 2643 dubitatio
3080 2589 3229 2642 foret
3283 2586 3569 2642 radicitus
3620 2585 3854 2648 evulsa,

2200 2687 2422 2739 statuta
2446 2685 2651 2736 vestra:
2679 2677 2894 2750 synodi
2924 2678 3222 2733 destinare
3251 2675 3559 2732 debuistis.
3597 2673 3732 2730 Alia
3754 2689 3854 2728 au-

2201 2781 2319 2830 tem
2344 2774 2517 2843 juxta
2550 2775 2756 2825 votum
2788 2767 2963 2823 vestri
2999 2766 3276 2822 desiderii
3320 2765 3380 2821 id
3425 2781 3534 2820 nos
3567 2764 3854 2836 perﬁcere

2201 2864 2447 2920 minime
2477 2859 2760 2933 permisit,
2791 2875 2860 2913 eo
2891 2857 3054 2930 quod
3086 2856 3264 2927 legati
3303 2855 3460 2911 sedis
3511 2853 3853 2926 apostolica:

2201 2956 2523 3027 praesentes
2545 2949 2772 3005 ibidem
2801 2963 2923 3003 non
2945 2947 3184 3002 fuerunt
3230 2963 3243 3000 :
3293 2960 3489 3017 neque
3532 2941 3854 3016 imperialis

2203 3041 2451 3116 epistola
2482 3040 2656 3095 nobis
2686 3039 2820 3094 talis
2845 3042 2936 3092 est
2964 3041 3342 3110 praesentata,
3385 3049 3521 3106 quae
3551 3033 3672 3088 hoc
3700 3029 3855 3105 quod

2124 3115 2164 3170 C
2203 3115 2606 3205 eipetendum
2633 3127 2876 3183 misistis
2907 3145 2919 3193 ;
2977 3124 3307 3198 specialiter
3335 3122 3602 3178 indicare
3635 3119 3855 3194 potuis-

2205 3230 2311 3279 set.
2337 3226 2556 3288 Quarta
2583 3219 2803 3274 scilicet
2830 3232 3020 3272 causa
3041 3217 3168 3270 haec
3193 3218 3300 3281 est,
3329 3213 3472 3286 quia
3497 3212 3559 3267 hi
3587 3229 3748 3285 quos
3770 3211 3857 3264 de—

2204 3315 2430 3389 positos
2457 3310 2714 3367 charitas
2745 3314 2955 3367 ,vestra
2984 3305 3330 3362 auctoritate
3365 3302 3580 3375 synodi
3615 3303 3744 3357 fore
3779 3299 3854 3356 af-

2204 3406 2423 3470 ﬁrmat,
2453 3417 2559 3473 per
2584 3399 2856 3472 proprias
2876 3396 3098 3452 litteras
3117 3394 3322 3450 sedem
3343 3390 3740 3465 apostolicam
3763 3405 3856 3460 ap-

2206 3493 2525 3567 pellarunt,
2571 3493 2628 3544 et
2659 3486 2864 3542 volunt
2910 3485 3122 3541 iterum
3172 3488 3378 3539 nostra
3426 3498 3487 3537 se
3531 3478 3856 3553 apostolica

2209 3582 2402 3640 audiri
2453 3577 2774 3653 praesentia
2819 3593 2833 3642 ;
2896 3579 2953 3630 et
2981 3579 3120 3629 tunc
3177 3573 3224 3628 si
3273 3570 3609 3644 culpabiles
3642 3567 3855 3625 inventi

2207 3672 2442 3738 fuerint,
2475 3686 2598 3725 non
2629 3683 2692 3722 se
2713 3665 2990 3722 abnuunt
3015 3662 3376 3727 canonicam
3403 3660 3699 3715 sustinere
3730 3671 3854 3712 cen—

2209 3777 2438 3817 suram.

2953 3825 3132 3881 XXIII.

2650 3917 2720 3953 Mi
2771 3912 3091 3953 amomum
3121 3909 3344 3949 neuneu
3373 3893 3419 3948 δ.

2211 3979 2296 4033 De
2355 3973 2558 4031 eadem
2614 3971 2842 4040 synodo
2887 3967 3116 4040 duobus
3167 3965 3380 4036 legatis
3436 3961 3854 4018 demandatum

2926 4039 3152 4094 scribit.

2271 4135 2384 4194 Sed
2401 4133 2480 4190 ad
2500 4135 2725 4187 vestras
2742 4128 3054 4202 petitiones
3081 4123 3497 4198 exsequendas
3523 4125 3579 4177 et
3600 4121 3859 4176 obtinen-

2211 4225 2322 4280 das
2356 4227 2590 4277 Petrum
2635 4216 3057 4276 venerabilem.
3084 4220 3140 4270 et
3169 4211 3628 4269 dilectissimum
3675 4207 3855 4269 nobis,

2215 4313 2604 4386 Spoletanum
2636 4307 3013 4378 episcopum,
3045 4304 3184 4359 viva
3212 4317 3360 4358 voce
3388 4304 3596 4356 nostra
3619 4299 3749 4354 vice
3777 4311 3858 4350 ex-

2214 4407 2545 4458 secutorem
2577 4395 2986 4458 iustruximus,
3036 4398 3091 4448 et
3139 4392 3325 4447 alium
3357 4391 3597 4444 Petrum
3629 4400 3860 4443 venera-

2214 4493 2396 4549 bilem
2446 4504 2614 4560 teque
2645 4492 2702 4542 et
2726 4484 3234 4550 amantissimum,
3285 4481 3643 4553 episcopum
3685 4474 3859 4534 Areti-

2213 4599 2384 4646 num,
2433 4579 2636 4635 litteris
2667 4574 3174 4640 commonuimus,
3210 4577 3266 4628 et
3301 4571 3449 4627 alios
3498 4568 3710 4623 fideles
3738 4581 3859 4620 ves-

2217 4679 2337 4729 tros
2361 4677 2539 4742 atque
2568 4672 2804 4723 nostros
2831 4663 3097 4720 similiter
3125 4661 3265 4718 inde
3292 4658 3669 4719 monuimus.
3702 4663 3754 4713 et
3785 4668 3860 4708 re-

2219 4764 2403 4833 liqua.
2948 4825 3116 4880 XXIV

2521 4918 2591 4954 AD
2619 4913 2945 4954 NOMENOJl'M
2985 4897 2993 4934 ί
3026 4911 3200 4951 nuce.“
3234 4907 3571 4948 ΒιιιτΑΝΝιΑζ.

2223 4977 2292 5033 Ut
2344 4972 2689 5032 Gz'slardum
2723 4972 3056 5093 invasam?
3088 4967 3241 5091 sedis;
3272 4965 3644 5021 Namneticae
3674 4959 3860 5030 defen-

2840 5055 2974 5093 sme
3055 5053 3215 5093 esma
3251 5080 3262 5091 .

2840 5055 2930 5095 δαν
2945 5055 2974 5094 ϐ
3011 5053 3262 5094 aesmat.

2290 5140 2415 5192 Non
2448 5133 2638 5189 furem
2673 5135 2727 5185 et
2747 5130 3040 5184 latronem
3064 5126 3368 5198 (7,q.l,Nc
3393 5119 3860 5195 furem)qualem

2220 5223 2556 5282 Gislardum
2598 5219 2886 5275 sentimus
2933 5232 3062 5272 esse
3102 5215 3162 5270 in
3202 5214 3551 5270 Namnetica
3581 5212 3741 5276 sede,
3773 5201 3862 5278 qui

2219 5364 2354 5405 can.
2402 5350 2520 5403 I36.
2818 5361 2819 5364 η

2294 5364 2520 5490 Ρ
2544 5418 2754 5490 Mansi.
2787 5416 3226 5490 Cone._gen_87_'_._.
3261 5407 3554 5490 tom.XIV.

2291 5521 2315 5558 ε
2345 5481 2428 5545 Ei:
2459 5487 2758 5544 Hincmari
2780 5481 3028 5558 epistola
3051 5484 3128 5538 ad
3158 5481 3483 5538 Nicolaum.

2291 5555 2318 5604 Ῑι
2347 5564 2430 5616 Ex
2462 5561 2672 5616 eadem
2696 5555 2963 5628 epistola.

2294 5631 2306 5671 ί
2337 5615 2616 5688 Mendose
2665 5615 2829 5702 apud
2861 5627 3228 5702 Gratianum,
3284 5641 3387 5692 vu,
3423 5627 3572 5702 q_._l,
3620 5620 3679 5675 in
3715 5615 3865 5702 titulo

2222 5705 2432 5776 capitis
2484 5694 2743 5758 Vernozii
2793 5700 3080 5771 scriptum
3130 5703 3235 5764 est,
3279 5712 3389 5768 pro
3439 5694 3785 5760 Nomenojo,
3815 5694 3866 5740 in

2225 5795 2386 5849 hunc
2404 5790 2675 5847 modum:
2698 5792 2836 5846 Item
2853 5791 2967 5844 Leo
2986 5788 3078 5844 IV
3098 5787 3360 5844 νενηοηί
3368 5784 3510 5840 duci
3519 5778 3865 5838 Britanniae.
