3968 6420
105 289 206 346 673
1392 291 1754 348 EPISTOL/E

1946 293 2258 355 )ECRETA.
3444 305 3476 361 6
3490 307 3560 361 ’74

101 409 379 476 viventis,
432 411 601 483 quod
629 427 752 467 non
783 411 967 478 licuit,
995 413 1199 470 locum
1231 430 1356 470 non
1386 415 1580 471 timuit
1609 432 1781 470 usur-
1812 421 1859 472 A
2616 422 2839 480 XXVIII.

100 514 271 573 pare,
303 515 418 571 pro
448 499 865 574 cujuscunque
892 503 1161 559 muneris
1192 503 1368 560 donis
1397 504 1550 560 ultra
1594 503 1780 560 debes
2106 529 2171 568 ne
2211 528 2278 568 eo
2318 529 2409 576 QUI
2448 528 2656 568 rwass
2694 529 2992 571 recussus
3030 532 3261 572 aenum
3291 518 3318 558 ἀ

99 587 446 645 defensare.
2501 603 2951 672 Fragmentum.

876 693 1028 746 XXV.
1633 694 1646 699 ’
1964 690 2075 756 Qui
2099 690 2300 763 plures
2329 690 2614 747 ecclesias
2641 690 2871 762 retinet,
2921 708 3110 749 unam
3141 693 3389 766 quidem
3419 695 3560 751 titu-

301 811 373 850 ΑΒ
414 812 692 852 EBRUINUM
732 813 796 852 ετ
834 814 1196 855 Δυειρηεουη
1234 813 1533 855 εριεηοροε
1569 812 1594 840 a
1889 779 2130 852 Μίδαι]
2149 779 2332 837 aliam
2369 796 2509 837 vero
2555 779 2668 835 SUb
2721 781 3248 839 commendatione
3305 784 3560 842 retinere

723 906 1174 976 Fragmentum.
1893 867 2092 924 debet'
2636 942 2807 997 XXIX.

173 1008 337 1074 Quia
370 1008 729 1080 praesulatus
760 1010 949 1066 nostri
988 1011 1179 1084 (quod
1206 1010 1360 1066 bene
1391 1010 1602 1082 nostis)
1653 1027 1783 1066 ma-
2087 1081 2090 1084 ξ
2467 1046 2532 1084 οε
2571 1045 2668 1085 εευ
2709 1045 2952 1087 cummi
2985 1046 3006 1073 ε

100 1097 421 1167 gisterium
450 1113 573 1153 non
597 1098 794 1154 solum
821 1100 895 1155 de
931 1099 1337 1171 sacerdotum,
1365 1115 1576 1155 verum
1603 1099 1784 1155 etiam
2504 1120 2954 1189 Fragmentum.

100 1186 175 1242 de
205 1187 595 1282 saecularium
639 1187 988 1282 utilitatibus
1027 1188 1208 1245 debet
1254 1206 1384 1282 esse
1443 1188 1784 1282 sollicitum,
1969 1210 2037 1264 Ut
2061 1223 2098 1262 ει
2127 1222 2314 1262 omna;
2341 1186 2788 1279 termino,'qum
2838 1208 2905 1264 ﬁt
2947 1209 3007 1265 in
3049 1209 3341 1282 principio
3371 1211 3562 1267 noctis

99 1281 433 1373 Propterea
490 1277 919 1373 ἶνίὶῖθωίίίὶίρω
979 1285 1242 1373 vestram}
1297 1279 1444 1373 50il_‘0
1500 1279 1784 1334 mlumus
1893 1300 2121 1370 quartae
2153 1296 2334 1363 ferite,
2371 1311 2509 1368 quze
2550 1277 2796 1352 lucescit
2823 1297 2884 1352 in
2915 1277 3134 1371 quarta
3170 1277 3337 1370 feria,
3369 1316 3563 1373 usque

99 1367 268 1421 hunc
299 1372 664 1439 praesentem
693 1368 1114 1440 presbyterum
1167 1369 1244 1424 ad
1302 1368 1506 1424 sedem
1541 1373 1786 1440 aposto-

1946 1386 1976 1443 1
2005 1384 2340 1442 diluculum
2389 1367 2612 1457 quintae
2662 1385 2822 1441 ferite
2880 1367 2955 1442 et_
2981 1388 3247 1444 similiter
3303 1367 3339 1445 a
3391 1367 3564 1445 ccena

97 1455 285 1512 licam
317 1457 579 1522 venisse,
615 1458 916 1531 nobisque
947 1457 1294 1514 violentiam
1347 1464 1406 1514 et
1433 1474 1785 1514 excommu-

1946 1476 2089 1533 octis
2123 1479 2305 1530 sexta:
2352 1473 2531 1541 feriae,
2577 1491 2714 1546 qua
2764 1475 3010 1532 lucescit
3059 1477 3121 1532 in
3175 1482 3339 1533 sexta
3395 1477 3562 1546 feria,

97 1547 474 1603 nicationem
521 1564 697 1604 suam
755 1565 864 1622 per
929 1549 1204 1606 ordinem
1261 1548 1566 1617 retulisse;
1620 1549 1786 1620 quod

1946 1563 2185 1635 :junatio
2213 1578 2405 1635 usque
2432 1562 2510 1618 ad
2541 1562 2787 1619 Sabbati
2813 1563 3009 1620 lucem
3042 1565 3454 1637 protendatur.

98 1637 286 1726 etiam
308 1635 450 1726 rsine
476 1637 640 1726 justo
665 1637 817 1708 legis
853 1638 1088 1694 tramite
1108 1637 1192 1693 illi
1214 1654 1325 1694 sua
1353 1638 1562 1694 fuisset
1585 1637 1788 1694 ablata
1894 1635 1903 1636 ί
2662 1673 2812 1726 χχχ,

99 1724 382 1787 ecclesia,
416 1725 686 1782 similiter
713 1726 1003 1783 indicavit
1029 1746 1041 1783 :
1077 1743 1264 1800 quam
1291 1726 1444 1783 alius
1476 1727 1618 1783 dato
1649 1743 1786 1782 mu-

100 1829 248 1868 nere
283 1813 573 1869 sacerdos
611 1813 735 1870 zelo
784 1814 999 1870 ductus
1029 1815 1271 1871 invidiae
1303 1831 1600 1889 usurpare
1629 1831 1783 1887 prae-

103 1903 391 1976 sumpsit.
423 1904 564 1959 Inde
608 1909 888 1976 parentes
929 1905 1060 1977 ejus
1099 1922 1326 1978 magno
1367 1905 1572 1962 dolore
1619 1921 1785 1961 com-

103 1992 268 2066 pulsi
300 1993 723 2066 presbyterum
753 1994 945 2063 illum,
977 1996 1083 2068 qui
1110 2012 1286 2052 suam
1321 1995 1562 2052 tenebat
1598 1994 1787 2051 eccle-

105 2083 288 2152 siam,
317 2099 462 2138 mox
483 2084 1091 2156 comprehenderunt,
1111 2090 1168 2142 et
1183 2086 1235 2141 ei
1251 2085 1460 2141 oculos
1481 2088 1783 2140 eruerunt.

103 2178 337 2230 Tamen
357 2174 486 2247 ipse
505 2190 663 2247 szepe
685 2174 881 2231 dictus
901 2176 1185 2232 sacerdos
1209 2175 1349 2231 dicit
1369 2174 1535 2248 quod
1555 2173 1788 2247 absque

104 2281 221 2320 sua
248 2263 559 2320 voluntate
608 2270 666 2319 et
703 2263 829 2320 sine
861 2265 992 2336 ejus
1022 2265 1272 2321 consilio
1301 2266 1417 2320 hoc
1461 2265 1534 2320 sit
1578 2279 1786 2337 perac-

106 2360 260 2410 tum.
293 2354 469 2420 Quod
499 2354 548 2410 si
571 2353 654 2410 ita
683 2359 794 2422 est,
826 2360 890 2411 ut
909 2355 1037 2427 ipse
1057 2355 1237 2411 nobis
1268 2370 1381 2410 suo
1407 2369 1510 2410 ore
1542 2358 1788 2410 testatus

105 2451 219 2511 est,
278 2444 456 2500 vobis
506 2459 877 2517 magnopere
935 2444 1384 2517 providendum
1433 2448 1539 2510 est,
1593 2448 1677 2508 ut,
1739 2441 1788 2497 si

103 2538 402 2592 canonice
427 2533 556 2606 ipse
587 2533 1146 2590 excommunicatus
1179 2550 1303 2590 non
1335 2537 1442 2601 est,
1494 2531 1787 2588 canonica

103 2641 293 2698 super
324 2639 466 2680 eum
499 2623 605 2679 ﬁat
629 2623 924 2680 remissio.

2299 1776 2372 1815 ,ω
2410 1775 2725 1816 LUDOVICAM
2765 1777 3064 1818 mensum
3105 1762 3122 1801 ι

2509 1851 2955 1919 Fragmentum.

1968 1943 2084 1996 Nos
2117 1938 2170 1995 si
2193 1937 2668 2010 incompetenter
2697 1937 2926 2010 aliquid
2957 1938 3215 2008 egimus.
3246 1941 3305 1995 et
3328 1938 3390 1994 in
3419 1940 3565 1996 sub-

1895 2028 2034 2086 ditis
2082 2027 2260 2101 justee
2307 2025 2456 2096 legis
2510 2026 2811 2082 tramitem
2868 2042 2992 2082 non
3047 2027 3562 2096 conservavimus,

1895 2122 2095 2174 VBSU‘O
2127 2133 2198 2174 ac
2247 2115 2580 2172 missorum
2620 2120 2956 2172 vestrorum
3014 2122 3231 2173 cuncta
3278 2116 3564 2174 volumus

1896 2211 2221 2263 emendare
2247 2203 2515 2276 judicio;
2569 2204 2709 2260 inde
2755 2204 3154 2277 imploramus
3201 2210 3267 2262 ut
3306 2205 3454 2262 tales
3485 2206 3564 2262 ad

1896 2297 2026 2353 haec
2050 2311 2186 2368 qua:
2216 2294 2481 2349 diximus
2510 2293 2920 2367 perquirenda
2951 2295 3170 2350 missos
3199 2294 3262 2351 in
3299 2295 3394 2351 his
3423 2310 3564 2368 par-

1894 2386 2058 2442 tibus
2081 2383 2372 2455 dirigatis,
2423 2383 2528 2456 qui
2573 2387 2762 2439 Deum
2799 2400 2906 2457 per
2951 2385 3159 2441 omnia
3207 2385 3457 2441 timeant
3509 2389 3566 2441 et

1895 2480 2132 2544 cuncta,
2165 2471 2692 2547 quemadmodum
2733 2473 2783 2529 si
2836 2478 3032 2530 vestra
3061 2490 3328 2546 praesens
3358 2474 3566 2531 fuisset

1895 2563 2224 2637 imperialis
2249 2562 2460 2633 gloria,
2485 2561 2800 2632 diligenter
2820 2564 3175 2630 exquirant:
3205 2567 3264 2620 et
3281 2579 3405 2620 non
3431 2568 3564 2620 tan-

1894 2659 2025 2712 tum
2059 2653 2186 2709 haec
2217 2651 2349 2708 sola
2383 2667 2518 2724 quae
2549 2651 2826 2724 superius
2873 2652 3159 2722 diximus,
3211 2653 3562 2726 quaerimus,

852 2759 1043 2815 XXVI,
1895 2743 2216 2814 exagitent,
2267 2741 2375 2796 sed
2419 2740 2545 2796 sive
2594 2740 2850 2805 minora,
2886 2741 3008 2798 sive
3039 2742 3275 2814 majora
3303 2742 3417 2798 illis
3449 2742 3566 2800 sint

1896 2833 1971 2889 de
1999 2832 2174 2889 nobis
2190 2829 2464 2902 judicata
2484 2830 2746 2901 negotia,
2771 2830 2851 2887 ita
2873 2835 2938 2886 ut
2958 2831 3331 2888 examussim
3353 2848 3564 2888 eorum

1897 2925 2113 2978 cuncta
2134 2919 2401 2991 legitimo
2431 2919 2825 2976 terminentur
2850 2921 3150 2992 examine,
3176 2926 3478 2994 quatenus
3502 2920 3564 2977 in

1897 3017 2210 3085 posterum
2239 3009 2388 3064 nihil
2435 3009 2506 3064 sit
2542 3031 2570 3058 «
2609 3009 2780 3082 quod
2804 3026 2877 3065 ex
2915 3009 2999 3066 eis
3030 3011 3439 3068 indiscussum
3472 3010 3565 3067 vel

1896 3099 2288 3157 indiiﬁnitum
2317 3102 2648 3154 remaneat.
2685 3121 2714 3148 ››

2631 3206 2820 3263 XXXI.

2103 3310 2385 3352 LOTHARIO
2425 3311 2490 3350 ΕΤ
2530 3311 2805 3351 LUDOVICO
2842 3310 3286 3352 IMPERATORIBUS
3317 3308 3343 3347 8

2504 3387 2952 3454 Fragmentum.

1971 3477 2127 3531 Inter
2151 3490 2263 3530 nos
2295 3477 2352 3530 et
2376 3489 2484 3529 vos
2514 3473 2674 3546 pacti
2705 3473 2852 3529 serie
2884 3478 3173 3530 statutum
3205 3476 3298 3530 est
3324 3476 3380 3529 et
3421 3487 3566 3529 con-

1897 3567 2206 3621 ﬁrmatum
2227 3563 2394 3636 quod
2415 3562 2622 3619 electio
2645 3567 2702 3618 et
2717 3564 3091 3620 consecratio
3113 3563 3294 3619 futuri
3313 3561 3569 3619 Romani

1900 3654 2199 3728 pontiﬁcis
2230 3668 2354 3709 non
2385 3652 2498 3708 nisi
2517 3654 2675 3725 juste
2701 3659 2758 3709 et
2787 3653 3076 3710 canonice
3104 3653 3235 3710 ﬁeri
3262 3652 3503 3709 debeat.

618 2882 690 2920 AD
727 2882 954 2922 JUDICEM
996 2883 1100 2922 SAR
1110 2882 1290 2921 DlNlB.

176 2976 206 3015 b
238 2977 355 3030 Nec
405 2989 560 3040 mos,
607 2989 720 3029 nec
754 2974 987 3029 novitcr
1020 2973 1364 3029 introducta
1411 2970 1788 3028 consuetudo

103 3069 331 3121 nostrae
377 3063 651 3118 Ecclesiae
699 3063 1364 3136 praedecessoribusque
1411 3062 1634 3118 nostris
1680 3059 1792 3123 fuit

108 3159 326 3210 contra
371 3156 720 3208 sanctorum
765 3169 1072 3209 canonum
1125 3168 1307 3223 nova,
1364 3150 1459 3206 vel
1505 3150 1790 3206 inusitata
1827 3131 1868 3188 (ἶ

109 3258 506 3317 prtesumere.
571 3242 980 3308 Quamobrem
1034 3258 1149 3298 nos
1205 3240 1480 3298 devotius
1525 3238 1790 3294 volentes

109 3338 345 3389 vestras
377 3331 692 3404 petitiones
723 3332 1049 3404 suscipere,
1103 3331 1153 3387 si
1192 3331 1253 3387 in
1282 3331 1376 3386 his
1406 3345 1518 3385 nos
1549 3332 1789 3384 sancto-

110 3440 250 3479 rum
285 3424 532 3478 Patrum
565 3437 821 3478 censura
847 3422 1103 3493 juvaret,
1137 3421 1244 3477 sed
1273 3420 1409 3476 ideo
1435 3417 1581 3491 quia
1611 3433 1791 3490 syno-

111 3513 266 3568 dicae
293 3511 534 3583 paginze
565 3511 626 3566 in
657 3511 771 3567 hoc
801 3511 1003 3568 favere
1028 3527 1151 3566 non
1180 3509 1479 3577 videntur,
1513 3523 1624 3563 nos
1655 3511 1788 3562 tan-

108 3607 240 3658 tam
269 3600 603 3656 novitatem
632 3616 998 3673 praesumere
1042 3615 1167 3655 non
1195 3613 1549 3672 possumus,
1610 3600 1666 3651 et
1713 3595 1791 3650 ab

100 3692 214 3748 illo
240 3688 582 3746 rectissimo
611 3689 846 3746 tramite
876 3688 1136 3745 deviare.

2633 3759 2831 3814 XXXII.

849 3831 1058 3887 xxvu-
1970 3850 1998 3890 ιι
2027 3852 2250 3906 Omnes
2273 3864 2579 3905 canonum
2599 3852 2812 3920 sponte
2835 3846 3176 3914 violatores,
3197 3846 3260 3902 in
3282 3844 3572 3902 omnibus

635 3957 707 3995 AI)
743 3956 968 3996 mmmam
1011 3955 1282 3995 summa
1901 3938 2259 3997 authenticis
2287 3936 2551 3993 conciliis
2583 3936 3070 3992 anathematizati
3096 3940 3256 3992 sunt.

189 4060 217 4091 ο
248 4046 678 4106 Celsitudinem
709 4052 971 4102 vestram
1005 4045 1290 4102 duximus
1321 4041 1790 4109 obsecrandam,
2621 4044 2845 4100 XXXIII.

107 4147 181 4198 ut
213 4138 396 4195 nobis
423 4141 685 4210 quantos
715 4141 820 4192 tua
851 4136 1190 4208 praeviderit
1219 4132 1666 4205 magniﬁcentia
1697 4147 1794 4187 ar-
2249 4137 2351 4192 Ex
2379 4136 2632 4206 registro
2661 4135 2874 4190 Leonis
2899 4149 3083 4204 papa:
3111 4135 3219 4190 IV.

107 4234 322 4287 matos
355 4226 482 4282 sive
511 4242 752 4299 pueros,
791 4225 914 4281 sive
956 4225 1030 4282 ad
1045 4225 1214 4288 ultos,
1263 4241 1333 4280 ac
1371 4224 1623 4294 juvenes
1656 4235 1796 4276 cum
1975 4228 1990 4267 i
2029 4229 2111 4282 De
2141 4224 2390 4282 decimis
2413 4224 2575 4296 justo
2605 4224 2815 4281 ordine
2837 4237 2959 4282 non
2986 4229 3220 4281 tantum
3242 4224 3438 4292 nobis,
3465 4222 3572 4280 sed

107 4318 310 4376 armis
343 4315 467 4371 suis
501 4315 794 4383 mandare
819 4313 1173 4384 dignemini,
1225 4313 1330 4386 qui
1376 4311 1553 4368 nobis
1603 4308 1795 4381 quoli-
1904 4314 2238 4387 majoribus
2267 4313 2468 4368 visum
2497 4317 2605 4380 est,
2637 4312 2918 4385 plebibus
2952 4319 3206 4382 tantum,
3239 4312 3345 4369 ubi
3374 4329 3575 4370 sacro-

105 4412 312 4470 diana
345 4407 518 4478 jussa
547 4405 782 4479 possint
817 4404 1075 4478 explere.
1906 4409 2115 4461 sancta
2144 4403 2366 4460 dantur
2389 4401 2776 4475 baptismate,
2808 4402 2943 4459 dari
2969 4402 3210 4459 debere.

190 4548 217 4577 ι
249 4531 517 4590 Gratiani
545 4531 795 4600 Decret.,
826 4546 886 4598 ιι,
920 4547 971 4586 c.
1006 4535 1052 4596 I,
1087 4532 1298 4603 quaest.
1327 4531 1382 4584 4.
1827 4487 1872 4540 D
1908 4603 1944 4609 _
1978 4529 1998 4570 τ
2033 4527 2293 4609 Gratiani
2322 4530 2572 4609 Decretl,
2611 4525 2750 4609 dist.
2797 4531 2846 4597 t,
2888 4543 2938 4583 c.
2987 4531 3040 4609 2,
3085 4543 3190 4609 qu.
3244 4531 3317 4595 7;
3376 4526 3573 4585 lvonis

187 4625 221 4666 ιι
251 4628 376 4694 Ivo,
409 4626 566 4695 part.
600 4637 676 4689 iv,
710 4636 843 4693 cap.
880 4625 1000 4676 196.
1107 4600 1128 4603 ἡ

1946 4604 2249 4695 ’θέδξῗὲίῖ-
2263 4603 2466 4695 ,ᾗΞέ
2489 4600 2615 4695 Νίίἒ
2644 4600 2700 4695 δέ
2723 4600 3209 4695 ίῗῗίῗωξέίίίἒίίῗξ·

251 4667 376 4724 ⁸’ἷ”
409 4667 566 4695 rw"
600 4667 676 4689 ””
713 4667 843 4693 ”“””
885 4667 1000 4676 ’“’
1980 4687 2004 4724 ις
2033 4671 2231 4728 lvonis
2262 4673 2512 4735 Decret.,
2558 4685 2615 4740 v,
2665 4685 2716 4724 c.
2754 4672 2858 4737 14;
2921 4667 3181 4726 Gratiani
3228 4667 3479 4740 Decret.,
3527 4683 3568 4736 ι,

191 4729 218 4757 ⁸
249 4712 428 4781 Ιδίάη
462 4727 598 4785 (Ἦρ-
633 4715 725 4767 86.
1907 4743 2026 4785 Αίςὶ
2080 4744 2147 4785 62
2200 4756 2251 4785 ρ,
2286 4744 2342 4785 3t
2379 4757 2390 4785 ξ
2431 4742 2594 4785 Inter
2623 4754 2730 4785 nos
2759 4744 2834 4785 et-

191 4742 218 4757 ·
250 4742 428 4811 luxu-3
462 4742 598 4810 υξψ·
633 4742 725 4767 ου·
1535 4796 1538 4800 ,
1907 4743 2048 4799 dist.
2080 4744 2168 4805 63,
2200 4756 2252 4795 c.
2286 4744 2342 4796 3t
2379 4757 2392 4806 ;
2427 4742 2594 4795 Inter
2623 4754 2730 4793 nos
2759 4744 2834 4795 et.

189 4803 220 4844 δ
251 4804 518 4859 Gratiam
547 4799 797 4869 Decret.,
826 4814 878 4854 c.
911 4802 1001 4890 2t,
1033 4813 1138 4872 qu.
1175 4801 1223 4865 t,
1256 4812 1306 4852 c.
1339 4802 1391 4866 3,
1424 4796 1539 4890 Qui
1565 4794 1795 4864 plures.
1979 4814 2006 4890 ii
2035 4815 2130 4890 ΕΞ
2146 4810 2363 4890 δμρριε
2386 4809 2841 4890 Mansi,_top._l,
2874 4823 3014 4890 pag.
3048 4811 3181 4890 998..
3258 4856 3268 4866 .

190 4907 216 4936 ο
246 4890 518 4950 Gratiani
545 4892 793 4957 Decret.,
828 4904 911 4957 ιιι,
944 4887 1080 4945 dist.
1113 4891 1167 4956 3,
1200 4903 1251 4943 c.
1289 4891 1374 4955 Η,
1410 4889 1494 4942 De
1521 4899 1622 4942 esu
1656 4897 1797 4940 car-
1979 4885 1995 4924 ί
2031 4875 2313 4957 ΑΠθι-ῐξθὶί
2343 4875 2636 4957 Leone_IV
2670 4875 2938 4957 Gerhous
2963 4875 3030 4934 in
3059 4876 3206 4934 Dial.
3246 4875 3410 4948 vulg.
3441 4893 3481 4936 a
3506 4881 3568 4936 P.

109 4970 314 5024 mum.
780 4951 789 4957 '
897 4951 907 4957 '
1153 4951 1163 4956 '
1361 4951 1370 4955 '
1905 4957 2016 5013 Pez
2038 4952 2327 5040 Anecdot.
2359 4956 2504 5010 tom.
2538 4951 2606 5024 Il,
2634 4965 2777 5024 pag.
2809 4953 2936 5008 482.
