3968 6430
142 417 251 473 689

1681 375 2066 468 EPISTOI.1E.

3484 418 3590 470 690

139 542 436 620 Ergsierea
465 536 778 620 Do‘minico
807 536 902 620 die
931 536 1196 620 diluculo
1218 536 1281 592 in
1307 535 1623 620 basilicam
1649 535 1811 620 beati
1840 539 1888 593 Α
1922 535 2221 620 ἔξωθεν...
2257 539 2538 620 spatham
2567 556 2706 620 cum
2738 555 2886 596 auro
2948 538 3273 610 purissimo
3311 537 3581 620 ligatam.

137 611 300 668 Petri
331 609 588 684 apostoli
619 608 698 665 ab
727 609 1029 682 episcopis
1045 608 1234 684 clero,
1247 607 1608 684 proceribus
1627 606 1812 684 dedu-

136 687 276 754 ctus
321 677 430 751 est,
464 685 523 738 et
574 680 662 754 in_
693 677 1019 754 conspectu
1073 677 1368 754 omnium,
1398 677 1812 751 imperialibus

136 753 350 810 missis
377 751 862 825 cernentibus__iii
899 751 1230 825 apostolica
1257 751 1418 818 sede,
1446 756 1512 825 ut
1541 766 1673 806 mos
1700 753 1806 815 est,

133 830 198 882 et
214 825 470 898 antiqua
487 823 727 898 traditio
743 821 960 898 dictat;
969 827 1358 898 consecratus
1375 821 1808 898 ordinatusque

135 901 232 970 est
261 891 552 970 pontifex.
579 895 922 970 Portuensis
943 910 1086 950 vero
1117 894 1437 970 episcopus
1460 891 1810 970 prohibetur

134 967 221 1024 ab
250 965 528 1037 ecclesia,
551 965 1016 1037 ordinationem,
1047 965 1233 1038 quam
1265 965 1558 1021 debuerat
1579 978 1808 1038 ;_super

133 1055 282 1096 eum
315 1035 660 1112 nullatenus
682 1037 840 1112 fecit,
860 1035 1028 1112 quod
1048 1035 1429 1112 anathemate
1451 1035 1808 1106 sesejunxe—

131 1115 260 1240 rats
279 1126 352 1239 ato
379 1111 444 1167 in
473 1109 721 1184 perjurii
744 1108 1100 1181 voraginem
1149 1108 1446 1164 ceciderat
1468 1111 1648 1180 atque
1678 1122 1805 1162 ma-

131 1197 215 1239 ne
263 1198 303 1240 a
332 1221 346 1236 .

129 1187 346 1240 nebat.

207 1257 350 1310 Post
367 1268 540 1309 sacra
566 1256 769 1310 autem
795 1256 940 1313 tunc
970 1251 1296 1308 missarum
1325 1249 1622 1306 solemnia
1649 1248 1802 1304 cele-

125 1324 332 1391 brata,
349 1326 408 1380 in
422 1323 1196 1398 patriarchiiLateranensis
1207 1322 1474 1398 pontifex
1491 1321 1803 1398 ordinatus

125 1393 538 1453 reversus'est
565 1395 905 1452 ecclesiam.
936 1398 1115 1452 Erant
1141 1393 1302 1450 enim
1339 1393 1714 1456 mitissimus,
1747 1397 1804 1448 et

125 1467 424 1524 omnibus
453 1467 640 1524 sacris
670 1467 989 1540 decoratus
1017 1464 1524 1540 operibus,_vul_tu
1553 1463 1803 1540 pulcher

124 1544 191 1596 et
219 1546 421 1596 mente
451 1541 674 1610 clarus,
705 1538 900 1595 dulcis
922 1534 1132 1609 verbo,
1154 1536 1428 1594 doctrina
1448 1534 1796 1592 benevolus.

121 1628 400 1688 Michael
447 1629 616 1698 ﬁlius
681 1627 1020 1698 Theophili,
1081 1629 1410 1697 imperator
1464 1624 1798 1692 orientalis,

621 1699 782 1756 dona
820 1701 1004 1756 mittit
1044 1700 1312 1755 Romam.

200 1791 393 1871 Hujus
410 1789 800 1871 temporibus
831 1787 1076 1871 Mifihael
1097 1787 1266 1871 ﬁlius
1282 1784 1592 1871 Theophili
1613 1784 1800 1871 impe-

117 1854 346 1919 ratoris
403 1854 1078 1933 Cons’tantinOpolitanaa
1135 1858 1303 1933 urbis
1341 1854 1671 1933 imperator
1701 1854 1798 1911 ‘ob

118 1948 403 2006 amorem
458 1928 874 2006 apostolorum
931 1931 1094 1987 misit
1144 1930 1223 1986 ad
1259 1928 1524 2006 beatum
1555 1928 1795 2006 Petrum

116 2005 468 2084 apostolum
498 1997 738 2084 "dorum
811 2019 918 2084 per
955 2018 1207 2084 manum
1257 2000 1454 2057 Lazari
1488 1997 1794 2084 mpnachi,

117 2069 185 2150 ei
211 2075 480 2150 piciorias
511 2075 654 2150 artis
679 2069 862 2150 nimie
882 2073 1352 2150 eruditi,_genere
1380 2087 1523 2127 vero
1554 2069 1792 2150 ghazai,

113 2147 186 2204 id
207 2141 299 2219 ést
323 2146 716 2219 Evangelium
739 2146 814 2202 de
838 2161 986 2219 auro
1007 2141 1506 2219 purissimo,_cum
1539 2141 1793 2219 diversis

110 2218 430 2292 lapidibus
460 2212 756 2292 pretiosis.
783 2212 1040 2292 calicem
1061 2233 1205 2292 vero
1228 2215 1494 2292 similiter
1517 2212 1597 2292 _de
1619 2227 1789 2292 aurp,

111 2283 518 2364 et'lapidibiis
573 2288 1035 2364 circumdatum,
1079 2287 1328 2364 reticulo
1375 2284 1677 2364 pendente
1715 2283 1791 2338 de

111 2355 383 2432 geminis
399 2360 553 2434 albis
583 2359 856 2434 pretiosis
881 2360 1048 2416 mirte
1061 2355 1521 2434 pulchritudinis
1547 2355 1792 2434 decora:

109 2427 252 2491 ium
279 2437 338 2490 et
362 2431 494 2489 vela
509 2427 634 2488 duo
654 2431 730 2488 de
740 2431 1002 2501 olovero,
1016 2427 1154 2487 cum
1173 2446 1348 2486 cruce
1361 2428 1436 2484 de
1454 2427 1719 2492 olovero,
1734 2429 1793 2501 _et

108 2505 257 2561 lista
286 2503 556 2576 similiter
584 2502 661 2560 de
689 2497 1108 2576 chrysoclavo,
1127 2506 1184 2558 et
1205 2517 1392 2574 parva
1413 2497 1790 2576 coopertoria

109 2577 312 2650 ipsius
340 2574 564 2650 calicis,
589 2575 742 2632 sicut
770 2569 904 2650 mos
930 2569 1400 2650 Graicoru'mest.
1438 2569 1713 2650 Similiter
1732 2573 1791 2624 et

109 2641 354 2729 vestem
394 2647 470 2703 de
500 2641 781 2729 purpura.
792 2645 1097 2729 imperiali
1108 2643 1342 2729 munda
1357 2657 1552 2729 super
1567 2728 1570 2729 ν
1587 2641 1788 2729 pltare

108 2719 340 2801 majus_
361 2712 636 2801 ex‘o'mni
653 2723 822 2801 parte
870 2712 1009 2773 cum
1040 2716 1288 2801 historia
1317 2719 1373 2801 et
1399 2712 1700 2801 cancellis,
1733 2715 1790 2768 et

106 2784 276 2848 rosis
304 2789 380 2846 de
409 2784 805 2862 chrysoclavo
834 2804 1076 2862 magnae
1106 2785 1568 2862 pulchritudinis
1611 2784 1787 2840 deor-

107 2867 353 2927 natam,
380 2858 562 2918 etiam
605 2865 662 2917 et
708 2859 911 2917 velum
949 2858 1040 2916 'de
1089 2858 1347 2916 stauraci
1395 2873 1608 2926 unum,
1647 2871 1789 2912 cum

107 2949 298 2992 cruce
323 2932 400 2988 de
431 2931 847 3006 chrysoclavo,
872 2935 932 2988 et
957 2931 1166 2988 litteris
1194 2930 1269 2986 de
1299 2944 1449 2986 auro
1476 2927 1714 2985 Graecis.

201 3025 521 3082 Saxonum
548 3038 662 3080 rex
689 3022 1000 3094 religionis
1031 3035 1216 3078 causa
1243 3021 1492 3076 Romam
1518 3018 1691 3088 petit.

187 3113 386 3186 Hujus
405 3110 782 3186 temporibus
797 3113 1250 3186 rex_Saxon:_:_m,
1270 3108 1582 3186 non;ine._..
1600 3121 1787 3163 causa

106 3178 407 3242 orationis
434 3178 705 3248 veniens,
734 3182 951 3239 relictis
981 3182 1267 3238 omnibus
1317 3180 1440 3236 suis
1464 3178 1666 3247 rebus,
1693 3194 1784 3234 re-

107 3272 307 3338 gnum
335 3255 654 3338 proprium
681 3271 857 3338 suum
885 3253 1133 3338 dimisit,
1165 3256 1424 3338 'itoriiam

104 3320 192 3386 ad
221 3320 436 3384 limina
455 3320 1139 3400 apostolorumpetriet
1164 3323 1346 3400 Pauli,
1366 3320 1504 3378 cum
1523 3320 1785 3400 multiiu-

105 3401 256 3456 dine
287 3391 523 3473 populi;
543 3403 604 3454 et
629 3397 843 3473 obtulit
868 3397 1031 3473 dona
1061 3395 1240 3452 beato
1279 3391 1780 3473 Petro__apostolo,

101 3464 402 3550 coronam
424 3464 672 3527 ex'auro
692 3468 1016 3550 purissimo
1041 3471 1397 3550 pensantem
1419 3464 1605 3520 libras
1636 3479 1783 3550 qua-

104 3549 266 3610 tuor,
295 3542 529 3599 bancas
562 3557 635 3597 ex
666 3537 816 3597 a'uro
847 3537 1176 3612 purissimo
1217 3537 1374 3594 duas
1421 3541 1779 3610 pensantem

1451 3265 1785 3324 properans
1817 3259 1856 3314 ί]
1895 3261 2082 3324 quam

1925 609 2067 682 Item
2111 609 2410 682 imagines
2439 611 2594 667 duas
2628 611 2891 666 minores
2923 609 2993 666 ex
3024 627 3172 665 auro
3223 610 3581 682 purissimo;

1923 679 2218 753 gabathas
2261 683 2525 738 saxiscas
2555 682 2629 737 de
2684 689 2933 749 argento
2965 679 3252 738 exaurato
3299 687 3578 753 quatuor.

1923 753 2142 826 Saraca
2171 751 2514 826 deolovero
2535 770 2676 826 cum
2693 753 3089 826 chrysoclavo
3105 769 3258 826 uno.
3287 751 3580 826 Cannisias

1921 821 2092 897 albas
2143 821 2836 897 sigillatasholoserica's
2888 841 3025 881 cum
3067 824 3481 897 chrysoclavo,
3525 831 3583 880 et

1919 893 2052 948 vela
2084 893 2317 965 majora
2340 896 2413 952 de
2438 895 2687 952 fundato
2717 896 2859 952 duo.

1994 967 2058 1020 Et
2108 965 2233 1040 ipse
2285 983 2389 1040 rex
2449 969 2766 1037 Saxorum,
2819 968 3158 1040 postulante
3226 965 3578 1040 santissimo

1917 1034 2146 1118 domno
2164 1038 2487 1118 ‘Depe‘dicto
2518 1055 2699 1118 papa,
2733 1034 3040 1118 uillaceret
3063 1056 3270 1118 rogum
3294 1039 3363 1118 in
3395 1037 3579 1118 eccle:

1919 1106 2009 1180 sia
2045 1106 2199 1163 beati
2243 1109 2389 1180 Petri
2421 1106 2675 1180 apostoli
2710 1110 3014 1180 publicam
3043 1111 3117 1165 de
3141 1106 3412 1180 pondere
3444 1107 3576 1180 auri

1915 1177 2011 1233 vel
2037 1184 2277 1259 argenti
2327 1177 2640 1259 libi-drum,
2672 1177 2990 1259 episcopis,
3020 1177 3400 1259 presbyteris,
3442 1179 3573 1259 dia-

1914 1251 2110 1331 conis,
2133 1255 2188 1306 et
2240 1251 2518 1306 universo
2564 1251 2725 1331 clero
2764 1257 2820 1308 et
2867 1251 3259 1331 optimatibus
3289 1251 3574 1306 Romanis

1912 1321 2118 1377 tribuit
2136 1337 2374 1383 aurum,
2405 1323 2630 1394 populo
2659 1339 2802 1378 vero
2835 1321 3130 1378 minutum
3160 1329 3498 1389 argentum.

1983 1395 2050 1447 Et
2103 1394 2492 1464 postmodum
2540 1394 2709 1450 ﬁnita
2753 1411 2937 1450 causa
2979 1395 3263 1450 orationis
3291 1410 3571 1448 reversus

1911 1468 1999 1544 est
2027 1464 2105 1520 ad
2129 1465 2336 1544 prium
2365 1482 2621 1544 regnum
2653 1483 2870 1544 suumL
2901 1471 2957 1521 et
2988 1470 3124 1544 post
3166 1482 3394 1537 paucos
3443 1464 3572 1520 dies

1911 1536 2094 1608 vitam
2121 1536 2331 1604 ﬁnivit,
2361 1542 2416 1591 et
2441 1537 2700 1608 perrexit
2729 1537 2808 1592 ad
2839 1536 3181 1592 Dominum:

1979 1605 2222 1680 Multum
2253 1605 2514 1680 denique
2544 1609 2703 1664 idem
2733 1610 2954 1680 praesul
2980 1613 3324 1680 sanctarum
3346 1605 3446 1659 Dei
3477 1621 3570 1680 ec-

1909 1675 2224 1752 clesiarum
2273 1675 2497 1752 curam
2539 1675 2769 1752 gerens,
2801 1695 3160 1752 semperque
3209 1679 3310 1750 pio
3352 1677 3570 1752 mentis

1908 1748 2226 1829 atfectu_ac
2257 1751 2454 1829 studio
2486 1751 2546 1806 in
2567 1751 2816 1829 illarum
2847 1748 3228 1829 reparatione
3272 1749 3564 1828 gaudens,

1907 1819 1968 1874 in
1995 1819 2244 1876 basilica
2274 1822 2443 1889 regni
2473 1821 2763 1878 caelorum
2812 1818 3092 1884 clavigeri
3135 1819 3441 1876 nutritoris
3475 1818 3568 1872 sui

1830 1896 1869 1950 Β
1907 1891 2096 1946 fatum
2127 1893 2481 1948 cantharum
2513 1898 2861 1958 argenteum
2887 1894 3195 1948 sedentem
3218 1893 3278 1947 in
3305 1890 3564 1962 pedibus

1905 1967 2167 2028 quatuor
2197 1979 2232 2018 a
2261 1964 2570 2019 Saracenis
2601 1965 2742 2019 olim
2775 1966 3067 2032 ablatum,
3095 1965 3156 2018 in
3199 1961 3324 2034 quo
3350 1961 3425 2017 ad
3459 1961 3564 2015 de—

1905 2049 2010 2088 cus
2062 2035 2272 2106 ipsius
2338 2034 2599 2090 basilicae
2679 2036 2740 2090 in
2821 2036 3034 2090 diebus
3124 2034 3308 2106 festis,
3381 2039 3562 2106 atque

1908 2103 2226 2178 Dominicis
2253 2105 2497 2178 lucerna
2525 2105 2702 2162 simul
2732 2111 2789 2162 et
2813 2108 2964 2162 cerei
2991 2105 3373 2178 ponebantur
3391 2103 3567 2172 juxta

1901 2175 2210 2249 lectorium
2242 2177 2494 2232 mirifico
2540 2194 2719 2249 opere
2771 2178 2920 2243 fecit,
2957 2175 3026 2233 ac
3071 2175 3379 2249 renovavit
3421 2189 3565 2244 pen-

1901 2263 2044 2302 sans
2068 2247 2368 2304 libras.....
2401 2251 2535 2304 Erat
2559 2247 2718 2304 enim
2745 2249 2822 2305 ad
2849 2249 3032 2304 divini
3059 2247 3252 2304 cultus
3290 2261 3560 2300 amorem

1901 2335 2138 2391 semper
2166 2319 2428 2401 intentus
2456 2320 2748 2401 pacisque
2781 2326 3034 2385 amator,
3063 2323 3120 2374 et
3147 2318 3422 2401 omnium
3465 2332 3563 2372 su-

1898 2390 2226 2463 pernorum
2267 2390 2501 2463 pudicis
2525 2390 2796 2447 moribus
2828 2407 3080 2464 operum
3113 2390 3322 2446 cultor.

2004 2498 2180 2568 Papa
2211 2499 2540 2568 sepultura:
2571 2498 2929 2554 clericorum
2962 2499 3110 2553 solet
3150 2497 3450 2552 interesse.

1968 2603 2073 2659 Hic
2103 2603 2409 2659 constituit
2437 2607 2501 2660 ut
2531 2621 2672 2660 cum
2697 2603 3035 2675 episcopus,
3081 2603 3172 2658 vel
3225 2601 3558 2675 presbyter,

1899 2675 2706 2747 autdiaconusmoreretur,
2734 2672 3005 2747 pontifex
3049 2691 3170 2730 una
3192 2672 3330 2747 cum
3361 2672 3559 2747 omni-

1896 2747 2013 2803 bus
2071 2745 2380 2820 episcopis
2423 2751 2480 2802 et
2527 2743 2914 2820 presbyteris,
2959 2751 3138 2820 atque
3178 2743 3556 2820 diaconibus,

1896 2815 2134 2874 necnon
2182 2823 2240 2873 et
2281 2815 2782 2890 reliquisfclericis
2829 2817 2906 2890 ad
2956 2815 3086 2887 ejus
3145 2815 3559 2890 sepeliendum

1897 2893 2203 2972 coppusuet
2230 2888 2785 2972 commendandam
2807 2889 3098 2972 animam,
3123 2888 3484 2972 conveniret.

1971 2955 2246 3033 Similiter
2269 2959 2455 3033 etiam
2501 2960 2618 3033 ipsi
2649 2960 2930 3033 facerent,
2987 2975 3128 3033 cum
3181 2957 3450 3033 pontifex
3480 2955 3559 3033 ab

1895 3033 2010 3104 hac
2038 3031 2170 3104 luce
2198 3027 2731 3104 migrassetiquod
2759 3047 2884 3086 non
2918 3027 3129 3086 solum
3180 3027 3403 3104 docuit,
3452 3027 3562 3104 sed

1896 3109 1953 3160 et
1983 3103 2135 3158 fecit.
2178 3098 2377 3174 iCuj'us
2398 3098 2958 3174 rvestigiarsequens
2997 3116 3310 3174 successor
3337 3099 3467 3168 ejus
3497 3098 3560 3153 in

1897 3190 2084 3230 causa
2130 3173 2364 3299 pietatis
2394 3173 2598 3243 hujus,
2631 3171 2789 3228 sicut
2813 3178 2866 3228 et
2893 3173 2953 3226 in
2985 3171 3211 3226 cieteris
3243 3186 3382 3224 eum
3424 3173 3556 3223 tan-

1897 3261 2082 3299 quam
2153 3259 2324 3298 iteres
2367 3243 2798 3299 devotissimus
2828 3243 3092 3298 imitatus
3121 3245 3228 3296 est.
3280 3240 3376 3294 llic
3427 3239 3556 3294 fecit

2153 3259 2324 3298 iteres
2367 3239 2798 3300 devotissimus
2828 3243 3092 3298 imitatus
3121 3245 3228 3296 est.
3280 3240 3376 3294 llic
3427 3239 3558 3294 fecit

1894 3310 2336 3396 ordinationem
2383 3331 2580 3396 unam
2616 3330 2744 3396 _per
2803 3330 3074 3369 mensem
3142 3310 3551 3396 Decembrem.

1893 3387 2277 3468 presbyteros
2293 3386 2581 3468 quinque,
2596 3383 2920 3442 diaconum
2939 3401 3130 3468 unum
3153 3389 3209 3438 et
3235 3383 3554 3468 episcopos

1894 3456 2000 3532 per
2029 3456 2268 3514 diversa
2295 3456 2427 3532 loca
2457 3456 2711 3532 numero
2760 3458 3075 3532 sexaginta
3105 3471 3228 3532 sex.
3279 3456 3556 3532 Sepultus

1893 3523 2036 3587 vero
2063 3535 2152 3586 est
2179 3536 2316 3586 ante
2343 3529 2498 3586 fores
2526 3529 2791 3586 basilicae
2821 3529 2983 3585 beati
3012 3526 3158 3582 Petri
3189 3523 3464 3598 apostoli.

106 3663 2322 3688 _______________________________————

839 3793 1630 3920 BENEDICTI
1752 3789 1929 3910 IIl
2052 3787 2821 3910 EPISTOL/E.

1621 4004 1853 4079 (Mansi,
1887 4003 2050 4076 ibid.)

1713 4138 1969 4152 .-

631 4219 980 4280 EPISTOLA
1017 4222 1251 4278 PRIMA.

250 4329 326 4368 AD
365 4327 700 4369 ιιικωίλιιυκ
741 4325 1220 4368 Αιιωιειιιεοορωι
1258 4321 1619 4363 ΒΗΕΜΕΝὸΕΜ.

102 4403 446 4472 Conﬁrmat
475 4402 772 4472 synodum
797 4401 1275 4458 Suessionensem
1299 4415 1342 4472 ll_
1369 4413 1505 4453 cum
1531 4395 1775 4472 privile-

249 4475 366 4546 giis
395 4469 684 4531 Ecclesia:
711 4478 766 4530 et
796 4473 1236 4542 archiepiscopi
1266 4469 1628 4526 Rhemensis.

177 4566 527 4620 BENEDICTUS
583 4562 908 4636 episcopus
962 4577 1170 4617 servus
1219 4574 1531 4616 servorum
1562 4555 1662 4612 Dei
1691 4571 1775 4611 re-

97 4651 526 4710 verentissimo
556 4656 615 4708 et
635 4650 1020 4707 sanctissimo
1047 4647 1328 4706 confratri
1359 4651 1564 4704 nostro
1597 4645 1772 4702 Hinc-

98 4757 284 4798 maro
357 4739 814 4814 archiepiscopo
883 4745 1107 4797 sanctae
1165 4737 1516 4796 Rhemensis
1580 4735 1772 4792 Eccle-

99 4831 230 4888 sine.

176 4919 594 4976 Probabilium
616 4934 1050 4992 sacrorumque
1071 4917 1448 4974 deﬁnitiones
1470 4921 1775 4988 gestorum

99 5007 487 5067 audientium
517 5011 750 5064 mentes
771 5005 1128 5077 exhilarant,
1155 5006 1501 5079 faciuntque
1523 5005 1773 5070 alacres,

97 5105 162 5155 et
196 5097 259 5154 in
283 5101 520 5154 tantum
541 5096 891 5153 mortalium
911 5095 1114 5152 laetitia
1143 5095 1328 5152 corda
1349 5095 1599 5168 replent,
1630 5098 1695 5150 ut
1713 5093 1771 5149 in

96 5185 446 5244 Conditoris
501 5184 779 5242 omnium
839 5184 1170 5242 exuberent
1211 5183 1444 5250 laudes,
1496 5181 1775 5255 facilique

96 5275 326 5334 intuitu
353 5274 599 5332 illarum
629 5273 991 5330 conﬁrment
1018 5274 1321 5347 proficuas
1342 5272 1699 5329 intentiones
1720 5275 1778 5327 et

97 5371 296 5433 actus,
325 5363 654 5436 validoque
689 5368 748 5422 et
780 5363 1140 5421 inconvulso
1192 5379 1531 5437 propagare
1561 5361 1776 5418 funda-

101 5455 268 5512 mine
290 5453 618 5511 certamine
649 5453 875 5523 ingenti
905 5458 1248 5527 procurent.
1268 5453 1463 5509 Nostri
1487 5452 1778 5526 quemad-

103 5545 362 5603 modum
393 5543 696 5617 pontiiicis
725 5560 830 5600 cor
857 5543 1183 5601 dulcisonis
1221 5549 1337 5600 tuae
1394 5542 1777 5613 benignitatis

104 5634 385 5710 apicibus
433 5633 626 5690 laetius
669 5633 948 5691 effectum
989 5637 1076 5691 est
1105 5638 1163 5690 et
1206 5633 1500 5690 hilarius:
1532 5637 1778 5692 strenua

103 5741 266 5801 quos
297 5724 673 5798 perlegentes
701 5725 1106 5798 inquisitione,
1137 5730 1357 5782 nostras
1383 5730 1437 5781 te
1467 5742 1599 5782 esse
1630 5744 1775 5784 con-

101 5818 388 5891 junctum
438 5814 742 5872 dilectioni
782 5815 1031 5873 internis
1057 5816 1338 5892 novimus
1376 5817 1590 5890 oculis,
1622 5817 1774 5886 divi:

177 5916 204 5946 ⁸
242 5910 370 5975 Ivo,
400 5907 575 5982 parte
603 5920 683 5973 iv,
711 5920 845 5986 cap.
882 5905 1000 5964 156.

1885 4210 2102 4282 nisque
2172 4207 2672 4282 prosperitatibus
2741 4207 3070 4277 efﬁcacem,
3131 4217 3155 4242 ει
3210 4205 3547 4278 synodique

1888 4303 2117 4356 textum
2181 4297 2520 4354 imminenti
2579 4297 2930 4354 ventilantes
2995 4297 3230 4362 intuitu,
3297 4295 3548 4366 ejusque

1884 4392 2074 4446 actus.
2107 4403 2295 4460 quam
2328 4386 2493 4460 apud
2523 4387 2857 4444 Suessionis
2888 4387 3188 4444 civitatem
3238 4390 3340 4440 tua
3368 4383 3550 4439 beati—

1883 4478 2030 4536 tudo
2063 4477 2290 4534 studuit
2315 4476 2641 4548 celebrare,
2673 4496 2815 4534 cum
2842 4477 3142 4551 episcopis
3183 4482 3296 4532 tute
3327 4476 3546 4530 (Πιναρ-

1883 4584 2038 4635 seos,
2084 4567 2650 4641 venerabilibusque
2697 4567 3187 4640 archiepiscopis,
3246 4565 3547 4620 Wenilone

1884 4658 2105 4714 scilicet
2157 4658 2506 4720 Senonensi,
2556 4657 2857 4714 Amalrico
2907 4655 3263 4722 Turonensi,
3296 4653 3546 4723 aliisque

1884 4747 2204 4820 episcopis,
2237 4750 2304 4802 ut
2359 4745 2592 4818 scriptis
2644 4747 2706 4802 in
2750 4764 2822 4803 ea
2853 4743 3170 4810 contulisti,
3223 4741 3545 4810 subtilique

1885 4834 2397 4893 demonstratione
2421 4834 2688 4908 pandere
2709 4834 3048 4908 procurasti
3078 4849 3090 4888 :
3123 4848 3261 4903 quae
3295 4828 3372 4885 ad
3410 4844 3546 4900 pro-

1884 4926 2106 4984 fectum
2137 4928 2358 4981 sancta:
2387 4929 2720 4981 noscuntur
2747 4923 3018 4980 Ecclesia:
3048 4920 3162 4993 piis
3199 4916 3546 4975 auctoribus

1886 5020 2109 5072 statuta
2156 5014 2386 5070 sancita
2440 5013 2793 5086 reperimus,
2836 5010 3136 5084 praecipue
3187 5008 3248 5064 in
3314 5006 3542 5079 quibus

1885 5104 2262 5177 aequiparare
2294 5108 2348 5158 te
2401 5103 2560 5158 viros
2603 5102 2734 5158 illos
2786 5099 3232 5174 prospeximus,
3265 5097 3370 5171 qui
3421 5112 3545 5152 non

1884 5192 2130 5251 terrenis
2175 5193 2429 5258 actibus,
2459 5192 2826 5264 caducisque
2856 5189 3128 5246 delectati
3163 5193 3302 5244 sunt
3349 5190 3548 5243 obser-

1885 5282 2250 5349 vationibus,
2285 5282 2640 5356 infinitoque
2669 5283 2770 5338 Dei
2801 5281 2924 5338 zelo
2955 5279 3211 5346 accensi,
3265 5277 3545 5333 ecclesia-

1887 5372 2034 5430 stica
2053 5371 2519 5445 promulgarunt
2543 5376 2762 5428 statuta
2788 5376 2844 5429 et
2871 5371 3135 5428 ordines.
3152 5369 3286 5422 Haec
3303 5379 3548 5420 cernen-

1888 5470 1994 5528 tes,
2029 5461 2107 5517 ad
2131 5477 2202 5517 ea
2229 5478 2364 5534 quia
2391 5462 2562 5534 cupis
2588 5461 2932 5517 nullatenus
2965 5475 3076 5514 nos
3105 5455 3394 5512 inclinare
3417 5470 3547 5509 am-

1884 5552 2170 5624 bigimus,
2223 5556 2339 5607 tuae
2395 5551 2798 5608 venerationis
2856 5549 3186 5621 adimplere
3243 5544 3552 5618 cupientes

1888 5641 2192 5698 affectum.
2216 5643 2282 5696 Et
2300 5641 2445 5705 quia
2466 5645 2530 5696 ut
2556 5641 2806 5696 devotus
2827 5638 3144 5710 ﬁdelisque
3175 5637 3232 5692 in
3266 5634 3554 5690 omnibus

1886 5731 2068 5799 ﬁlius,
2089 5746 2200 5803 pro
2222 5730 2613 5786 instructione
2637 5747 2742 5786 seu
2768 5727 3224 5785 confirmatione
3248 5731 3554 5792 gestorum

1889 5836 1960 5906 ac
1989 5819 2336 5891 regularum
2366 5819 2928 5891 ecclesiasticarum,
2951 5834 3187 5892 semper
3215 5817 3293 5877 ad
3318 5817 3479 5874 hanc
3504 5820 3554 5870 te
