  <div class='ocr_page' id='page_1' title='image "/cluster/home/n/w/nwhite01/storage/ocr_20150623/115-116/uc1.31175006916467/353.png"; bbox 0 0 3968 6412; ppageno 0'>
   <div class='ocr_carea' id='block_1_1' title="bbox 427 340 527 407">
    <p class='ocr_par' dir='ltr' id='par_1_1' title="bbox 427 340 527 407">
     <span class='ocr_line' id='line_1_1' title="bbox 427 340 527 407; baseline -0.02 0"><span class='ocrx_word' id='word_1_1' title='bbox 427 340 527 407; x_wconf 63' lang='lat'>991</span> 
     </span>
    </p>
   </div>
   <div class='ocr_carea' id='block_1_2' title="bbox 1542 334 2737 407">
    <p class='ocr_par' dir='ltr' id='par_1_2' title="bbox 1542 334 2737 407">
     <span class='ocr_line' id='line_1_2' title="bbox 1542 334 2737 407; baseline 0.003 -17"><span class='ocrx_word' id='word_1_2' title='bbox 1542 336 1903 392; x_wconf 84' lang='lat' dir='ltr'>BENEDICTI</span> <span class='ocrx_word' id='word_1_3' title='bbox 1943 337 2012 403; x_wconf 75' lang='grc' dir='ltr'>ΙΙΙ</span> <span class='ocrx_word' id='word_1_4' title='bbox 2038 334 2318 407; x_wconf 64' lang='lat' dir='ltr'>ROMANI</span> <span class='ocrx_word' id='word_1_5' title='bbox 2355 337 2737 393; x_wconf 82' lang='lat' dir='ltr'>PONTIFICIS</span> 
     </span>
    </p>
   </div>
   <div class='ocr_carea' id='block_1_3' title="bbox 3766 337 3867 393">
    <p class='ocr_par' dir='ltr' id='par_1_3' title="bbox 3766 337 3867 393">
     <span class='ocr_line' id='line_1_3' title="bbox 3766 337 3867 393; baseline 0 0"><span class='ocrx_word' id='word_1_6' title='bbox 3766 337 3867 393; x_wconf 63' lang='lat'>69%</span> 
     </span>
    </p>
   </div>
   <div class='ocr_carea' id='block_1_4' title="bbox 431 456 3865 535">
    <p class='ocr_par' dir='ltr' id='par_1_4' title="bbox 431 456 3865 535">
     <span class='ocr_line' id='line_1_4' title="bbox 431 456 3865 535; baseline 0.001 -19"><span class='ocrx_word' id='word_1_7' title='bbox 431 459 639 527; x_wconf 84' lang='lat' dir='ltr'>sedem</span> <span class='ocrx_word' id='word_1_8' title='bbox 669 472 971 513; x_wconf 82' lang='lat' dir='ltr'>recurrere</span> <span class='ocrx_word' id='word_1_9' title='bbox 996 456 1505 530; x_wconf 76' lang='lat' dir='ltr'>contemplemur;</span> <span class='ocrx_word' id='word_1_10' title='bbox 1528 468 1553 495; x_wconf 77' lang='grc' dir='ltr'>ἰ</span> <span class='ocrx_word' id='word_1_11' title='bbox 1574 459 1948 515; x_wconf 87' lang='lat' dir='ltr'>deﬁnitiones</span> <span class='ocrx_word' id='word_1_12' title='bbox 1976 459 2087 513; x_wconf 89' lang='lat' dir='ltr'>fra-</span> <span class='ocrx_word' id='word_1_13' title='bbox 2115 461 2164 514; x_wconf 83' lang='lat' dir='ltr'><strong>A</strong></span> <span class='ocrx_word' id='word_1_14' title='bbox 2202 461 2499 516; x_wconf 84' lang='lat' dir='ltr'>connectit</span> <span class='ocrx_word' id='word_1_15' title='bbox 2540 463 2860 531; x_wconf 91' lang='lat' dir='ltr'>consortio,</span> <span class='ocrx_word' id='word_1_16' title='bbox 2894 466 2951 519; x_wconf 89' lang='lat' dir='ltr'>et</span> <span class='ocrx_word' id='word_1_17' title='bbox 2978 462 3099 535; x_wconf 92' lang='lat' dir='ltr'>poli</span> <span class='ocrx_word' id='word_1_18' title='bbox 3144 461 3414 535; x_wconf 86' lang='lat' dir='ltr'>perducit</span> <span class='ocrx_word' id='word_1_19' title='bbox 3453 460 3529 518; x_wconf 87' lang='lat' dir='ltr'>ad</span> <span class='ocrx_word' id='word_1_20' title='bbox 3569 461 3865 520; x_wconf 88' lang='lat' dir='ltr'>climata:</span> 
     </span>
    </p>
   </div>
   <div class='ocr_carea' id='block_1_5' title="bbox 430 548 2089 625">
    <p class='ocr_par' dir='ltr' id='par_1_5' title="bbox 430 548 2089 625">
     <span class='ocr_line' id='line_1_5' title="bbox 430 548 2089 625; baseline -0.004 -13"><span class='ocrx_word' id='word_1_21' title='bbox 430 549 723 619; x_wconf 69' lang='lat' dir='ltr'>temitatis</span> <span class='ocrx_word' id='word_1_22' title='bbox 754 552 889 617; x_wconf 65' lang='lat' dir='ltr'>tuae,</span> <span class='ocrx_word' id='word_1_23' title='bbox 913 550 968 603; x_wconf 90' lang='lat' dir='ltr'>et</span> <span class='ocrx_word' id='word_1_24' title='bbox 994 552 1338 613; x_wconf 86' lang='lat' dir='ltr'>caeterorum</span> <span class='ocrx_word' id='word_1_25' title='bbox 1361 549 1808 625; x_wconf 77' lang='lat' dir='ltr'>episcoporum,</span> <span class='ocrx_word' id='word_1_26' title='bbox 1840 565 1995 624; x_wconf 85' lang='lat' dir='ltr'>quas</span> <span class='ocrx_word' id='word_1_27' title='bbox 2026 548 2089 606; x_wconf 92' lang='lat' dir='ltr'>in</span> 
     </span>
    </p>
   </div>
   <div class='ocr_carea' id='block_1_6' title="bbox 430 637 2089 715">
    <p class='ocr_par' dir='ltr' id='par_1_6' title="bbox 430 637 2089 715">
     <span class='ocr_line' id='line_1_6' title="bbox 430 637 2089 715; baseline -0.01 -6"><span class='ocrx_word' id='word_1_28' title='bbox 430 639 683 715; x_wconf 65' lang='grc' dir='ltr'>Ρῖωἶβιθι</span> <span class='ocrx_word' id='word_1_29' title='bbox 713 637 946 709; x_wconf 69' lang='grc' dir='ltr'>εγηρείο</span> <span class='ocrx_word' id='word_1_30' title='bbox 976 638 1323 710; x_wconf 72' lang='lat' dir='ltr'>apostolicis</span> <span class='ocrx_word' id='word_1_31' title='bbox 1354 641 1781 713; x_wconf 77' lang='lat' dir='ltr'>canonicisque</span> <span class='ocrx_word' id='word_1_32' title='bbox 1833 639 2089 703; x_wconf 83' lang='lat' dir='ltr'>auctori-</span> 
     </span>
    </p>
   </div>
   <div class='ocr_carea' id='block_1_7' title="bbox 431 725 2096 812">
    <p class='ocr_par' dir='ltr' id='par_1_7' title="bbox 431 725 2096 812">
     <span class='ocr_line' id='line_1_7' title="bbox 431 725 2096 812; baseline 0.001 -26"><span class='ocrx_word' id='word_1_33' title='bbox 431 728 655 786; x_wconf 83' lang='lat' dir='ltr'>tatibus</span> <span class='ocrx_word' id='word_1_34' title='bbox 684 725 940 812; x_wconf 76' lang='lat' dir='ltr'>propriis</span> <span class='ocrx_word' id='word_1_35' title='bbox 969 725 1170 795; x_wconf 79' lang='lat' dir='ltr'>digitis</span> <span class='ocrx_word' id='word_1_36' title='bbox 1195 727 1517 799; x_wconf 88' lang='lat' dir='ltr'>roborasti,</span> <span class='ocrx_word' id='word_1_37' title='bbox 1544 731 1591 785; x_wconf 89' lang='lat' dir='ltr'>si</span> <span class='ocrx_word' id='word_1_38' title='bbox 1632 730 1713 786; x_wconf 89' lang='lat' dir='ltr'>ita</span> <span class='ocrx_word' id='word_1_39' title='bbox 1744 735 1848 795; x_wconf 88' lang='lat' dir='ltr'>est,</span> <span class='ocrx_word' id='word_1_40' title='bbox 1883 733 2096 787; x_wconf 78' lang='lat' dir='ltr'>nostra</span> 
     </span>
    </p>
   </div>
   <div class='ocr_carea' id='block_1_8' title="bbox 431 816 2091 890">
    <p class='ocr_par' dir='ltr' id='par_1_8' title="bbox 431 816 2091 890">
     <span class='ocr_line' id='line_1_8' title="bbox 431 816 2091 890; baseline -0.001 -14"><span class='ocrx_word' id='word_1_41' title='bbox 431 823 498 876; x_wconf 84' lang='lat' dir='ltr'>ut</span> <span class='ocrx_word' id='word_1_42' title='bbox 537 817 767 890; x_wconf 86' lang='lat' dir='ltr'>scriptis</span> <span class='ocrx_word' id='word_1_43' title='bbox 808 816 1158 890; x_wconf 67' lang='lat' dir='ltr'>praesulatui</span> <span class='ocrx_word' id='word_1_44' title='bbox 1185 819 1469 885; x_wconf 85' lang='lat' dir='ltr'>intimasti</span> <span class='ocrx_word' id='word_1_45' title='bbox 1511 826 1566 875; x_wconf 90' lang='lat' dir='ltr'>et</span> <span class='ocrx_word' id='word_1_46' title='bbox 1608 826 1911 890; x_wconf 82' lang='lat' dir='ltr'>gestorum</span> <span class='ocrx_word' id='word_1_47' title='bbox 1944 820 2091 875; x_wconf 88' lang='lat' dir='ltr'>serie</span> 
     </span>
    </p>
   </div>
   <div class='ocr_carea' id='block_1_9' title="bbox 435 905 2092 984">
    <p class='ocr_par' dir='ltr' id='par_1_9' title="bbox 435 905 2092 984">
     <span class='ocr_line' id='line_1_9' title="bbox 435 905 2092 984; baseline 0.001 -22"><span class='ocrx_word' id='word_1_48' title='bbox 435 905 1017 975; x_wconf 61' lang='lat' dir='ltr'>demoutrastimatas</span> <span class='ocrx_word' id='word_1_49' title='bbox 1036 921 1139 965; x_wconf 86' lang='lat' dir='ltr'>eas</span> <span class='ocrx_word' id='word_1_50' title='bbox 1168 907 1417 982; x_wconf 83' lang='lat' dir='ltr'>quidem</span> <span class='ocrx_word' id='word_1_51' title='bbox 1442 908 1818 975; x_wconf 81' lang='lat' dir='ltr'>definitiones</span> <span class='ocrx_word' id='word_1_52' title='bbox 1852 914 2092 984; x_wconf 86' lang='lat' dir='ltr'>aposto-</span> 
     </span>
    </p>
   </div>
   <div class='ocr_carea' id='block_1_10' title="bbox 430 994 2093 1070">
    <p class='ocr_par' dir='ltr' id='par_1_10' title="bbox 430 994 2093 1070">
     <span class='ocr_line' id='line_1_10' title="bbox 430 994 2093 1070; baseline 0 -18"><span class='ocrx_word' id='word_1_53' title='bbox 430 995 545 1052; x_wconf 87' lang='lat' dir='ltr'>lica</span> <span class='ocrx_word' id='word_1_54' title='bbox 598 994 723 1059; x_wconf 84' lang='lat' dir='ltr'>fore</span> <span class='ocrx_word' id='word_1_55' title='bbox 779 995 1244 1068; x_wconf 78' lang='lat' dir='ltr'>prgmulgamus</span> <span class='ocrx_word' id='word_1_56' title='bbox 1304 999 1677 1065; x_wconf 72' lang='lat' dir='ltr'>auctoritate,</span> <span class='ocrx_word' id='word_1_57' title='bbox 1736 1014 2093 1070; x_wconf 83' lang='lat' dir='ltr'>semperque</span> 
     </span>
    </p>
   </div>
   <div class='ocr_carea' id='block_1_11' title="bbox 430 1085 2094 1159">
    <p class='ocr_par' dir='ltr' id='par_1_11' title="bbox 430 1085 2094 1159">
     <span class='ocr_line' id='line_1_11' title="bbox 430 1085 2094 1159; baseline 0 -17"><span class='ocrx_word' id='word_1_58' title='bbox 430 1098 677 1155; x_wconf 83' lang='lat' dir='ltr'>manere</span> <span class='ocrx_word' id='word_1_59' title='bbox 707 1085 1050 1151; x_wconf 81' lang='lat' dir='ltr'>statuimus,</span> <span class='ocrx_word' id='word_1_60' title='bbox 1076 1090 1141 1140; x_wconf 85' lang='lat' dir='ltr'>ut</span> <span class='ocrx_word' id='word_1_61' title='bbox 1171 1085 1310 1141; x_wconf 90' lang='lat' dir='ltr'>inde</span> <span class='ocrx_word' id='word_1_62' title='bbox 1334 1087 1586 1158; x_wconf 73' lang='lat' dir='ltr'>quaestio</span> <span class='ocrx_word' id='word_1_63' title='bbox 1611 1087 1791 1143; x_wconf 90' lang='lat' dir='ltr'>nullis</span> <span class='ocrx_word' id='word_1_64' title='bbox 1825 1088 2094 1159; x_wconf 89' lang='lat' dir='ltr'>aliquan-</span> 
     </span>
    </p>
   </div>
   <div class='ocr_carea' id='block_1_12' title="bbox 431 1171 2092 1248">
    <p class='ocr_par' dir='ltr' id='par_1_12' title="bbox 431 1171 2092 1248">
     <span class='ocr_line' id='line_1_12' title="bbox 431 1171 2092 1248; baseline 0.002 -20"><span class='ocrx_word' id='word_1_65' title='bbox 431 1173 512 1245; x_wconf 86' lang='lat' dir='ltr'>do</span> <span class='ocrx_word' id='word_1_66' title='bbox 572 1171 943 1247; x_wconf 87' lang='lat' dir='ltr'>temporibus</span> <span class='ocrx_word' id='word_1_67' title='bbox 1001 1173 1249 1247; x_wconf 87' lang='lat' dir='ltr'>oriatur,</span> <span class='ocrx_word' id='word_1_68' title='bbox 1309 1179 1366 1230; x_wconf 92' lang='lat' dir='ltr'>et</span> <span class='ocrx_word' id='word_1_69' title='bbox 1434 1176 1767 1248; x_wconf 89' lang='lat' dir='ltr'>aspirantes</span> <span class='ocrx_word' id='word_1_70' title='bbox 1831 1175 2092 1231; x_wconf 79' lang='lat' dir='ltr'>indcbite</span> 
     </span>
    </p>
   </div>
   <div class='ocr_carea' id='block_1_13' title="bbox 431 1250 2089 1336">
    <p class='ocr_par' dir='ltr' id='par_1_13' title="bbox 431 1250 2089 1336">
     <span class='ocr_line' id='line_1_13' title="bbox 431 1250 2089 1336; baseline 0.004 -17"><span class='ocrx_word' id='word_1_71' title='bbox 431 1250 731 1329; x_wconf 77' lang='lat' dir='ltr'>anhelitus</span> <span class='ocrx_word' id='word_1_72' title='bbox 757 1262 1090 1334; x_wconf 80' lang='lat' dir='ltr'>compressi</span> <span class='ocrx_word' id='word_1_73' title='bbox 1119 1262 1390 1330; x_wconf 81' lang='lat' dir='ltr'>funditus</span> <span class='ocrx_word' id='word_1_74' title='bbox 1440 1270 1731 1336; x_wconf 81' lang='lat' dir='ltr'>perpetuo</span> <span class='ocrx_word' id='word_1_75' title='bbox 1760 1270 2044 1332; x_wconf 74' lang='lat' dir='ltr'>maneant</span> <span class='ocrx_word' id='word_1_76' title='bbox 2077 1283 2089 1325; x_wconf 89' lang='lat'>:</span> 
     </span>
    </p>
   </div>
   <div class='ocr_carea' id='block_1_14' title="bbox 431 1349 2095 1423">
    <p class='ocr_par' dir='ltr' id='par_1_14' title="bbox 431 1349 2095 1423">
     <span class='ocr_line' id='line_1_14' title="bbox 431 1349 2095 1423; baseline 0 -15"><span class='ocrx_word' id='word_1_77' title='bbox 431 1366 510 1416; x_wconf 87' lang='lat' dir='ltr'>ne</span> <span class='ocrx_word' id='word_1_78' title='bbox 554 1350 817 1423; x_wconf 84' lang='lat' dir='ltr'>amplius</span> <span class='ocrx_word' id='word_1_79' title='bbox 857 1349 1117 1417; x_wconf 72' lang='lat' dir='ltr'>ullarum</span> <span class='ocrx_word' id='word_1_80' title='bbox 1160 1352 1700 1418; x_wconf 79' lang='lat' dir='ltr'>contradicentium</span> <span class='ocrx_word' id='word_1_81' title='bbox 1732 1353 2095 1421; x_wconf 69' lang='lat' dir='ltr'>adversitati-</span> 
     </span>
    </p>
   </div>
   <div class='ocr_carea' id='block_1_15' title="bbox 430 1438 2096 1509">
    <p class='ocr_par' dir='ltr' id='par_1_15' title="bbox 430 1438 2096 1509">
     <span class='ocr_line' id='line_1_15' title="bbox 430 1438 2096 1509; baseline 0.001 -13"><span class='ocrx_word' id='word_1_82' title='bbox 430 1439 551 1497; x_wconf 84' lang='lat' dir='ltr'>bus</span> <span class='ocrx_word' id='word_1_83' title='bbox 584 1439 682 1495; x_wconf 91' lang='lat' dir='ltr'>Dei</span> <span class='ocrx_word' id='word_1_84' title='bbox 713 1438 1100 1505; x_wconf 82' lang='lat' dir='ltr'>conturbetur</span> <span class='ocrx_word' id='word_1_85' title='bbox 1132 1440 1431 1509; x_wconf 85' lang='lat' dir='ltr'>Ecclesia;</span> <span class='ocrx_word' id='word_1_86' title='bbox 1467 1442 1573 1497; x_wconf 82' lang='lat' dir='ltr'>sed</span> <span class='ocrx_word' id='word_1_87' title='bbox 1613 1443 1895 1498; x_wconf 89' lang='lat' dir='ltr'>omnibus</span> <span class='ocrx_word' id='word_1_88' title='bbox 1927 1447 2096 1498; x_wconf 85' lang='lat' dir='ltr'>eruta</span> 
     </span>
    </p>
   </div>
   <div class='ocr_carea' id='block_1_16' title="bbox 434 1529 2093 1618">
    <p class='ocr_par' dir='ltr' id='par_1_16' title="bbox 434 1529 2093 1618">
     <span class='ocr_line' id='line_1_16' title="bbox 434 1529 2093 1618; baseline 0.001 -32"><span class='ocrx_word' id='word_1_89' title='bbox 434 1546 612 1599; x_wconf 63' lang='lat' dir='ltr'>saeva</span> <span class='ocrx_word' id='word_1_90' title='bbox 654 1529 1135 1615; x_wconf 88' lang='lat' dir='ltr'>pertractationis</span> <span class='ocrx_word' id='word_1_91' title='bbox 1192 1531 1496 1587; x_wconf 89' lang='lat' dir='ltr'>erroribus</span> <span class='ocrx_word' id='word_1_92' title='bbox 1544 1533 1709 1589; x_wconf 86' lang='lat' dir='ltr'>unita</span> <span class='ocrx_word' id='word_1_93' title='bbox 1752 1549 1987 1618; x_wconf 82' lang='lat' dir='ltr'>semper</span> <span class='ocrx_word' id='word_1_94' title='bbox 2033 1534 2093 1589; x_wconf 92' lang='lat' dir='ltr'>in</span> 
     </span>
    </p>
   </div>
   <div class='ocr_carea' id='block_1_17' title="bbox 437 1617 2095 1700">
    <p class='ocr_par' dir='ltr' id='par_1_17' title="bbox 437 1617 2095 1700">
     <span class='ocr_line' id='line_1_17' title="bbox 437 1617 2095 1700; baseline 0 -23"><span class='ocrx_word' id='word_1_95' title='bbox 437 1617 668 1691; x_wconf 68' lang='lat' dir='ltr'>Christo</span> <span class='ocrx_word' id='word_1_96' title='bbox 717 1622 1088 1700; x_wconf 78' lang='lat' dir='ltr'>permaneat,</span> <span class='ocrx_word' id='word_1_97' title='bbox 1117 1619 1145 1659; x_wconf 74' lang='grc' dir='ltr'>ι)</span> <span class='ocrx_word' id='word_1_98' title='bbox 1174 1620 1329 1687; x_wconf 86' lang='lat' dir='ltr'>Inter</span> <span class='ocrx_word' id='word_1_99' title='bbox 1378 1620 1507 1681; x_wconf 76' lang='lat' dir='ltr'>haec</span> <span class='ocrx_word' id='word_1_100' title='bbox 1565 1622 1811 1696; x_wconf 82' lang='lat' dir='ltr'>quidem</span> <span class='ocrx_word' id='word_1_101' title='bbox 1868 1617 1925 1685; x_wconf 82' lang='lat' dir='ltr'>et</span> <span class='ocrx_word' id='word_1_102' title='bbox 1982 1624 2095 1679; x_wconf 86' lang='lat' dir='ltr'>hoc</span> 
     </span>
    </p>
   </div>
   <div class='ocr_carea' id='block_1_18' title="bbox 438 1706 2089 1781">
    <p class='ocr_par' dir='ltr' id='par_1_18' title="bbox 438 1706 2089 1781">
     <span class='ocr_line' id='line_1_18' title="bbox 438 1706 2089 1781; baseline 0.003 -18"><span class='ocrx_word' id='word_1_103' title='bbox 438 1706 765 1774; x_wconf 73' lang='lat' dir='ltr'>sancimus,</span> <span class='ocrx_word' id='word_1_104' title='bbox 789 1722 866 1773; x_wconf 78' lang='lat' dir='ltr'>ne</span> <span class='ocrx_word' id='word_1_105' title='bbox 896 1707 1145 1780; x_wconf 73' lang='lat' dir='ltr'>quilibet</span> <span class='ocrx_word' id='word_1_106' title='bbox 1172 1713 1287 1764; x_wconf 66' lang='lat' dir='ltr'>tuas</span> <span class='ocrx_word' id='word_1_107' title='bbox 1329 1709 1657 1767; x_wconf 78' lang='lat' dir='ltr'>dioeceseos</span> <span class='ocrx_word' id='word_1_108' title='bbox 1694 1710 1914 1781; x_wconf 86' lang='lat' dir='ltr'>regulis</span> <span class='ocrx_word' id='word_1_109' title='bbox 1948 1712 2089 1768; x_wconf 52' lang='lat' dir='ltr'>sub:</span> 
     </span>
    </p>
   </div>
   <div class='ocr_carea' id='block_1_19' title="bbox 2201 550 3864 633">
    <p class='ocr_par' dir='ltr' id='par_1_19' title="bbox 2201 550 3864 633">
     <span class='ocr_line' id='line_1_19' title="bbox 2201 550 3864 633; baseline 0.004 -30"><span class='ocrx_word' id='word_1_110' title='bbox 2201 550 2609 607; x_wconf 85' lang='lat' dir='ltr'>atrocitatibus</span> <span class='ocrx_word' id='word_1_111' title='bbox 2648 558 2869 622; x_wconf 84' lang='lat' dir='ltr'>autem,</span> <span class='ocrx_word' id='word_1_112' title='bbox 2905 552 3256 633; x_wconf 86' lang='lat' dir='ltr'>actibusque</span> <span class='ocrx_word' id='word_1_113' title='bbox 3296 552 3593 620; x_wconf 79' lang='lat' dir='ltr'>malorum</span> <span class='ocrx_word' id='word_1_114' title='bbox 3628 553 3864 619; x_wconf 86' lang='lat' dir='ltr'>lamen-</span> 
     </span>
    </p>
   </div>
   <div class='ocr_carea' id='block_1_20' title="bbox 2201 641 3867 716">
    <p class='ocr_par' dir='ltr' id='par_1_20' title="bbox 2201 641 3867 716">
     <span class='ocr_line' id='line_1_20' title="bbox 2201 641 3867 716; baseline 0.005 -23"><span class='ocrx_word' id='word_1_115' title='bbox 2201 642 2422 710; x_wconf 80' lang='lat' dir='ltr'>tamur,</span> <span class='ocrx_word' id='word_1_116' title='bbox 2453 658 2716 713; x_wconf 82' lang='lat' dir='ltr'>quorum</span> <span class='ocrx_word' id='word_1_117' title='bbox 2765 641 3087 709; x_wconf 84' lang='lat' dir='ltr'>sceleribus</span> <span class='ocrx_word' id='word_1_118' title='bbox 3136 641 3559 711; x_wconf 65' lang='lat' dir='ltr'>circumdatur,</span> <span class='ocrx_word' id='word_1_119' title='bbox 3594 646 3661 709; x_wconf 80' lang='lat' dir='ltr'>et</span> <span class='ocrx_word' id='word_1_120' title='bbox 3691 642 3867 716; x_wconf 76' lang='lat' dir='ltr'>plena</span> 
     </span>
    </p>
   </div>
   <div class='ocr_carea' id='block_1_21' title="bbox 2201 728 3867 803">
    <p class='ocr_par' dir='ltr' id='par_1_21' title="bbox 2201 728 3867 803">
     <span class='ocr_line' id='line_1_21' title="bbox 2201 728 3867 803; baseline 0.008 -22"><span class='ocrx_word' id='word_1_121' title='bbox 2201 728 2375 783; x_wconf 88' lang='lat' dir='ltr'>malis</span> <span class='ocrx_word' id='word_1_122' title='bbox 2405 744 2617 788; x_wconf 90' lang='lat' dir='ltr'>eorum</span> <span class='ocrx_word' id='word_1_123' title='bbox 2656 731 2927 803; x_wconf 84' lang='lat' dir='ltr'>operatio</span> <span class='ocrx_word' id='word_1_124' title='bbox 2958 734 3163 793; x_wconf 85' lang='lat' dir='ltr'>manet</span> <span class='ocrx_word' id='word_1_125' title='bbox 3198 748 3212 786; x_wconf 89' lang='lat'><strong>:</strong></span> <span class='ocrx_word' id='word_1_126' title='bbox 3245 746 3506 803; x_wconf 83' lang='lat' dir='ltr'>quorum</span> <span class='ocrx_word' id='word_1_127' title='bbox 3537 732 3598 793; x_wconf 82' lang='lat' dir='ltr'>in</span> <span class='ocrx_word' id='word_1_128' title='bbox 3633 734 3867 794; x_wconf 78' lang='lat' dir='ltr'>cunctis</span> 
     </span>
    </p>
   </div>
   <div class='ocr_carea' id='block_1_22' title="bbox 2200 818 3870 893">
    <p class='ocr_par' dir='ltr' id='par_1_22' title="bbox 2200 818 3870 893">
     <span class='ocr_line' id='line_1_22' title="bbox 2200 818 3870 893; baseline 0.003 -22"><span class='ocrx_word' id='word_1_129' title='bbox 2200 832 2412 872; x_wconf 81' lang='lat' dir='ltr'>cursus</span> <span class='ocrx_word' id='word_1_130' title='bbox 2433 822 2523 874; x_wconf 88' lang='lat' dir='ltr'>est</span> <span class='ocrx_word' id='word_1_131' title='bbox 2553 818 2939 887; x_wconf 80' lang='lat' dir='ltr'>detestabilis,</span> <span class='ocrx_word' id='word_1_132' title='bbox 2963 820 3409 893; x_wconf 84' lang='lat' dir='ltr'>perseverantia</span> <span class='ocrx_word' id='word_1_133' title='bbox 3431 836 3613 889; x_wconf 60' lang='lat' dir='ltr'>serva,</span> <span class='ocrx_word' id='word_1_134' title='bbox 3639 821 3870 879; x_wconf 73' lang='lat' dir='ltr'>infelix-</span> 
     </span>
    </p>
   </div>
   <div class='ocr_carea' id='block_1_23' title="bbox 2200 907 3864 982">
    <p class='ocr_par' dir='ltr' id='par_1_23' title="bbox 2200 907 3864 982">
     <span class='ocr_line' id='line_1_23' title="bbox 2200 907 3864 982; baseline 0.004 -23"><span class='ocrx_word' id='word_1_135' title='bbox 2200 921 2318 978; x_wconf 88' lang='lat' dir='ltr'>que</span> <span class='ocrx_word' id='word_1_136' title='bbox 2344 907 2567 978; x_wconf 89' lang='lat' dir='ltr'>opinio.</span> <span class='ocrx_word' id='word_1_137' title='bbox 2595 907 2822 973; x_wconf 86' lang='lat' dir='ltr'>Quibus</span> <span class='ocrx_word' id='word_1_138' title='bbox 2856 909 3180 975; x_wconf 84' lang='lat' dir='ltr'>llubertum</span> <span class='ocrx_word' id='word_1_139' title='bbox 3209 907 3511 977; x_wconf 83' lang='lat' dir='ltr'>clericum,</span> <span class='ocrx_word' id='word_1_140' title='bbox 3545 909 3864 982; x_wconf 84' lang='lat' dir='ltr'>quondam</span> 
     </span>
    </p>
   </div>
   <div class='ocr_carea' id='block_1_24' title="bbox 2206 987 3867 1069">
    <p class='ocr_par' dir='ltr' id='par_1_24' title="bbox 2206 987 3867 1069">
     <span class='ocr_line' id='line_1_24' title="bbox 2206 987 3867 1069; baseline 0.003 -19"><span class='ocrx_word' id='word_1_141' title='bbox 2206 995 2451 1057; x_wconf 86' lang='lat' dir='ltr'>Busonis</span> <span class='ocrx_word' id='word_1_142' title='bbox 2503 995 2712 1065; x_wconf 80' lang='lat' dir='ltr'>tilium,</span> <span class='ocrx_word' id='word_1_143' title='bbox 2757 996 3045 1065; x_wconf 76' lang='lat' dir='ltr'>relatione</span> <span class='ocrx_word' id='word_1_144' title='bbox 3096 996 3354 1063; x_wconf 85' lang='lat' dir='ltr'>similem</span> <span class='ocrx_word' id='word_1_145' title='bbox 3404 1015 3531 1059; x_wconf 86' lang='lat' dir='ltr'>esse</span> <span class='ocrx_word' id='word_1_146' title='bbox 3570 987 3867 1069; x_wconf 57' lang='lat' dir='ltr'>cognovi,</span> 
     </span>
    </p>
   </div>
   <div class='ocr_carea' id='block_1_25' title="bbox 2200 1084 3868 1159">
    <p class='ocr_par' dir='ltr' id='par_1_25' title="bbox 2200 1084 3868 1159">
     <span class='ocr_line' id='line_1_25' title="bbox 2200 1084 3868 1159; baseline 0.006 -21"><span class='ocrx_word' id='word_1_147' title='bbox 2200 1100 2370 1151; x_wconf 89' lang='lat' dir='ltr'>mus;</span> <span class='ocrx_word' id='word_1_148' title='bbox 2403 1084 2508 1157; x_wconf 87' lang='lat' dir='ltr'>qui</span> <span class='ocrx_word' id='word_1_149' title='bbox 2539 1086 2717 1141; x_wconf 87' lang='lat' dir='ltr'>tantis</span> <span class='ocrx_word' id='word_1_150' title='bbox 2747 1087 3131 1159; x_wconf 83' lang='lat' dir='ltr'>squaloribus</span> <span class='ocrx_word' id='word_1_151' title='bbox 3179 1087 3457 1153; x_wconf 74' lang='lat' dir='ltr'>irretitus,</span> <span class='ocrx_word' id='word_1_152' title='bbox 3486 1094 3763 1149; x_wconf 79' lang='lat' dir='ltr'>mentem</span> <span class='ocrx_word' id='word_1_153' title='bbox 3792 1089 3868 1148; x_wconf 78' lang='lat' dir='ltr'>ad</span> 
     </span>
    </p>
   </div>
   <div class='ocr_carea' id='block_1_26' title="bbox 2202 1174 3870 1250">
    <p class='ocr_par' dir='ltr' id='par_1_26' title="bbox 2202 1174 3870 1250">
     <span class='ocr_line' id='line_1_26' title="bbox 2202 1174 3870 1250; baseline 0.004 -25"><span class='ocrx_word' id='word_1_154' title='bbox 2202 1188 2463 1244; x_wconf 86' lang='lat' dir='ltr'>superna</span> <span class='ocrx_word' id='word_1_155' title='bbox 2516 1190 2639 1229; x_wconf 90' lang='lat' dir='ltr'>non</span> <span class='ocrx_word' id='word_1_156' title='bbox 2693 1174 3039 1245; x_wconf 86' lang='lat' dir='ltr'>sublevans,</span> <span class='ocrx_word' id='word_1_157' title='bbox 3073 1175 3180 1230; x_wconf 71' lang='lat' dir='ltr'>LBVl</span> <span class='ocrx_word' id='word_1_158' title='bbox 3234 1176 3516 1247; x_wconf 88' lang='lat' dir='ltr'>perennis</span> <span class='ocrx_word' id='word_1_159' title='bbox 3564 1177 3870 1250; x_wconf 86' lang='lat' dir='ltr'>particeps</span> 
     </span>
    </p>
   </div>
   <div class='ocr_carea' id='block_1_27' title="bbox 2201 1260 3870 1333">
    <p class='ocr_par' dir='ltr' id='par_1_27' title="bbox 2201 1260 3870 1333">
     <span class='ocr_line' id='line_1_27' title="bbox 2201 1260 3870 1333; baseline 0.002 -19"><span class='ocrx_word' id='word_1_160' title='bbox 2201 1276 2328 1315; x_wconf 88' lang='lat' dir='ltr'>esse</span> <span class='ocrx_word' id='word_1_161' title='bbox 2356 1260 2521 1327; x_wconf 79' lang='lat' dir='ltr'>nolit.</span> <span class='ocrx_word' id='word_1_162' title='bbox 2548 1261 2859 1329; x_wconf 87' lang='lat' dir='ltr'>Multorum</span> <span class='ocrx_word' id='word_1_163' title='bbox 2883 1280 3025 1329; x_wconf 80' lang='lat' dir='ltr'>vero</span> <span class='ocrx_word' id='word_1_164' title='bbox 3045 1263 3566 1333; x_wconf 82' lang='lat' dir='ltr'>ingemiscentium</span> <span class='ocrx_word' id='word_1_165' title='bbox 3591 1264 3870 1320; x_wconf 43' lang='lat' dir='ltr'>clamoris</span> 
     </span>
    </p>
   </div>
   <div class='ocr_carea' id='block_1_28' title="bbox 2200 1349 3872 1427">
    <p class='ocr_par' dir='ltr' id='par_1_28' title="bbox 2200 1349 3872 1427">
     <span class='ocr_line' id='line_1_28' title="bbox 2200 1349 3872 1427; baseline 0.004 -20"><span class='ocrx_word' id='word_1_166' title='bbox 2200 1349 2314 1407; x_wconf 87' lang='lat' dir='ltr'>bus</span> <span class='ocrx_word' id='word_1_167' title='bbox 2369 1350 2709 1417; x_wconf 82' lang='lat' dir='ltr'>hominum,</span> <span class='ocrx_word' id='word_1_168' title='bbox 2740 1352 3153 1426; x_wconf 81' lang='lat' dir='ltr'>horriiicisque</span> <span class='ocrx_word' id='word_1_169' title='bbox 3203 1353 3665 1422; x_wconf 72' lang='lat' dir='ltr'>assertionibus,</span> <span class='ocrx_word' id='word_1_170' title='bbox 3700 1352 3872 1427; x_wconf 80' lang='lat' dir='ltr'>plura</span> 
     </span>
    </p>
   </div>
   <div class='ocr_carea' id='block_1_29' title="bbox 2199 1437 3865 1514">
    <p class='ocr_par' dir='ltr' id='par_1_29' title="bbox 2199 1437 3865 1514">
     <span class='ocr_line' id='line_1_29' title="bbox 2199 1437 3865 1514; baseline 0.002 -22"><span class='ocrx_word' id='word_1_171' title='bbox 2199 1437 2451 1494; x_wconf 89' lang='lat' dir='ltr'>infelicis</span> <span class='ocrx_word' id='word_1_172' title='bbox 2484 1455 2610 1495; x_wconf 71' lang='lat' dir='ltr'>suae</span> <span class='ocrx_word' id='word_1_173' title='bbox 2641 1440 2911 1496; x_wconf 61' lang='lat' dir='ltr'>audaciae</span> <span class='ocrx_word' id='word_1_174' title='bbox 2940 1440 3123 1508; x_wconf 89' lang='lat' dir='ltr'>mala,</span> <span class='ocrx_word' id='word_1_175' title='bbox 3152 1440 3436 1514; x_wconf 85' lang='lat' dir='ltr'>dirasque</span> <span class='ocrx_word' id='word_1_176' title='bbox 3465 1442 3865 1514; x_wconf 59' lang='lat' dir='ltr'>perpetratis.-</span> 
     </span>
    </p>
   </div>
   <div class='ocr_carea' id='block_1_30' title="bbox 2201 1528 3871 1600">
    <p class='ocr_par' dir='ltr' id='par_1_30' title="bbox 2201 1528 3871 1600">
     <span class='ocr_line' id='line_1_30' title="bbox 2201 1528 3871 1600; baseline 0.003 -18"><span class='ocrx_word' id='word_1_177' title='bbox 2201 1542 2309 1582; x_wconf 89' lang='lat' dir='ltr'>nes</span> <span class='ocrx_word' id='word_1_178' title='bbox 2355 1532 2541 1583; x_wconf 84' lang='lat' dir='ltr'>nostri</span> <span class='ocrx_word' id='word_1_179' title='bbox 2587 1528 2948 1600; x_wconf 72' lang='lat' dir='ltr'>praesulatus</span> <span class='ocrx_word' id='word_1_180' title='bbox 2978 1529 3317 1585; x_wconf 88' lang='lat' dir='ltr'>didicerunt</span> <span class='ocrx_word' id='word_1_181' title='bbox 3362 1529 3559 1599; x_wconf 81' lang='lat' dir='ltr'>legati.</span> <span class='ocrx_word' id='word_1_182' title='bbox 3610 1531 3871 1596; x_wconf 74' lang='lat' dir='ltr'>Qualiter</span> 
     </span>
    </p>
   </div>
   <div class='ocr_carea' id='block_1_31' title="bbox 2203 1616 3863 1689">
    <p class='ocr_par' dir='ltr' id='par_1_31' title="bbox 2203 1616 3863 1689">
     <span class='ocr_line' id='line_1_31' title="bbox 2203 1616 3863 1689; baseline 0.001 -16"><span class='ocrx_word' id='word_1_183' title='bbox 2203 1616 2348 1673; x_wconf 82' lang='lat' dir='ltr'>olim</span> <span class='ocrx_word' id='word_1_184' title='bbox 2375 1634 2685 1673; x_wconf 81' lang='lat' dir='ltr'>sacrorum</span> <span class='ocrx_word' id='word_1_185' title='bbox 2704 1618 2812 1673; x_wconf 90' lang='lat' dir='ltr'>fuit</span> <span class='ocrx_word' id='word_1_186' title='bbox 2833 1619 3192 1689; x_wconf 86' lang='lat' dir='ltr'>conjunctus</span> <span class='ocrx_word' id='word_1_187' title='bbox 3217 1635 3471 1674; x_wconf 85' lang='lat' dir='ltr'>numero</span> <span class='ocrx_word' id='word_1_188' title='bbox 3487 1618 3863 1688; x_wconf 72' lang='lat' dir='ltr'>clericorum,</span> 
     </span>
    </p>
   </div>
   <div class='ocr_carea' id='block_1_32' title="bbox 2203 1706 3868 1780">
    <p class='ocr_par' dir='ltr' id='par_1_32' title="bbox 2203 1706 3868 1780">
     <span class='ocr_line' id='line_1_32' title="bbox 2203 1706 3868 1780; baseline 0.001 -17"><span class='ocrx_word' id='word_1_189' title='bbox 2203 1706 2357 1763; x_wconf 91' lang='lat' dir='ltr'>adeo</span> <span class='ocrx_word' id='word_1_190' title='bbox 2381 1711 2444 1762; x_wconf 90' lang='lat' dir='ltr'>ut</span> <span class='ocrx_word' id='word_1_191' title='bbox 2473 1707 2534 1763; x_wconf 92' lang='lat' dir='ltr'>in</span> <span class='ocrx_word' id='word_1_192' title='bbox 2562 1706 2779 1763; x_wconf 85' lang='lat' dir='ltr'>divinis</span> <span class='ocrx_word' id='word_1_193' title='bbox 2807 1706 3182 1763; x_wconf 87' lang='lat' dir='ltr'>celebrandis</span> <span class='ocrx_word' id='word_1_194' title='bbox 3203 1709 3501 1780; x_wconf 87' lang='lat' dir='ltr'>mysteriis</span> <span class='ocrx_word' id='word_1_195' title='bbox 3529 1725 3709 1766; x_wconf 90' lang='lat' dir='ltr'>more</span> <span class='ocrx_word' id='word_1_196' title='bbox 3738 1708 3868 1765; x_wconf 90' lang='lat' dir='ltr'>sub-</span> 
     </span>
    </p>
   </div>
   <div class='ocr_carea' id='block_1_33' title="bbox 430 1794 3865 1872">
    <p class='ocr_par' dir='ltr' id='par_1_33' title="bbox 430 1794 3865 1872">
     <span class='ocr_line' id='line_1_33' title="bbox 430 1794 3865 1872; baseline 0 -19"><span class='ocrx_word' id='word_1_197' title='bbox 430 1797 629 1870; x_wconf 88' lang='lat' dir='ltr'>jectus</span> <span class='ocrx_word' id='word_1_198' title='bbox 658 1794 952 1866; x_wconf 73' lang='lat' dir='ltr'>Ecclesiae,</span> <span class='ocrx_word' id='word_1_199' title='bbox 986 1801 1038 1853; x_wconf 89' lang='lat' dir='ltr'>te</span> <span class='ocrx_word' id='word_1_200' title='bbox 1070 1800 1435 1872; x_wconf 87' lang='lat' dir='ltr'>contempto,</span> <span class='ocrx_word' id='word_1_201' title='bbox 1460 1800 1708 1871; x_wconf 86' lang='lat' dir='ltr'>impune</span> <span class='ocrx_word' id='word_1_202' title='bbox 1738 1801 1959 1856; x_wconf 85' lang='lat' dir='ltr'>audeat</span> <span class='ocrx_word' id='word_1_203' title='bbox 1989 1817 2097 1856; x_wconf 87' lang='lat' dir='ltr'>seu</span> <span class='ocrx_word' id='word_1_204' title='bbox 2128 1814 2168 1868; x_wconf 79' lang='grc' dir='ltr'>Β</span> <span class='ocrx_word' id='word_1_205' title='bbox 2203 1794 2600 1861; x_wconf 86' lang='lat' dir='ltr'>diaconorum</span> <span class='ocrx_word' id='word_1_206' title='bbox 2629 1812 2830 1863; x_wconf 87' lang='lat' dir='ltr'>sacras</span> <span class='ocrx_word' id='word_1_207' title='bbox 2870 1794 3153 1852; x_wconf 90' lang='lat' dir='ltr'>lectiones</span> <span class='ocrx_word' id='word_1_208' title='bbox 3191 1796 3606 1865; x_wconf 84' lang='lat' dir='ltr'>conscendens</span> <span class='ocrx_word' id='word_1_209' title='bbox 3657 1797 3865 1855; x_wconf 86' lang='lat' dir='ltr'>ambo-</span> 
     </span>
    </p>
   </div>
   <div class='ocr_carea' id='block_1_34' title="bbox 436 1883 2098 1969">
    <p class='ocr_par' dir='ltr' id='par_1_34' title="bbox 436 1883 2098 1969">
     <span class='ocr_line' id='line_1_34' title="bbox 436 1883 2098 1969; baseline 0.003 -29"><span class='ocrx_word' id='word_1_210' title='bbox 436 1883 637 1952; x_wconf 84' lang='lat' dir='ltr'>valeat</span> <span class='ocrx_word' id='word_1_211' title='bbox 683 1883 881 1940; x_wconf 86' lang='lat' dir='ltr'>aliena</span> <span class='ocrx_word' id='word_1_212' title='bbox 929 1890 1203 1969; x_wconf 82' lang='lat' dir='ltr'>expetere</span> <span class='ocrx_word' id='word_1_213' title='bbox 1234 1890 1337 1943; x_wconf 88' lang='lat' dir='ltr'>aut</span> <span class='ocrx_word' id='word_1_214' title='bbox 1384 1894 1730 1962; x_wconf 80' lang='lat' dir='ltr'>exspectare</span> <span class='ocrx_word' id='word_1_215' title='bbox 1756 1889 2004 1961; x_wconf 82' lang='lat' dir='ltr'>judicia,</span> <span class='ocrx_word' id='word_1_216' title='bbox 2034 1894 2098 1957; x_wconf 84' lang='lat' dir='ltr'>ut</span> 
     </span>
    </p>
   </div>
   <div class='ocr_carea' id='block_1_35' title="bbox 438 1972 2099 2052">
    <p class='ocr_par' dir='ltr' id='par_1_35' title="bbox 438 1972 2099 2052">
     <span class='ocr_line' id='line_1_35' title="bbox 438 1972 2099 2052; baseline 0.003 -22"><span class='ocrx_word' id='word_1_217' title='bbox 438 1972 743 2041; x_wconf 78' lang='lat' dir='ltr'>almorum</span> <span class='ocrx_word' id='word_1_218' title='bbox 775 1972 1192 2043; x_wconf 78' lang='lat' dir='ltr'>traditionibus</span> <span class='ocrx_word' id='word_1_219' title='bbox 1221 1976 1489 2047; x_wconf 80' lang='lat' dir='ltr'>Patrum,</span> <span class='ocrx_word' id='word_1_220' title='bbox 1519 1993 1945 2052; x_wconf 85' lang='lat' dir='ltr'>canonumque</span> <span class='ocrx_word' id='word_1_221' title='bbox 1966 1994 2099 2051; x_wconf 88' lang='lat' dir='ltr'>pro-</span> 
     </span>
    </p>
   </div>
   <div class='ocr_carea' id='block_1_36' title="bbox 435 2061 2099 2133">
    <p class='ocr_par' dir='ltr' id='par_1_36' title="bbox 435 2061 2099 2133">
     <span class='ocr_line' id='line_1_36' title="bbox 435 2061 2099 2133; baseline 0.005 -16"><span class='ocrx_word' id='word_1_222' title='bbox 435 2061 911 2133; x_wconf 74' lang='lat' dir='ltr'>nauigationibus</span> <span class='ocrx_word' id='word_1_223' title='bbox 934 2068 1025 2122; x_wconf 82' lang='lat' dir='ltr'>est</span> <span class='ocrx_word' id='word_1_224' title='bbox 1050 2065 1477 2131; x_wconf 77' lang='lat' dir='ltr'>constitutum;</span> <span class='ocrx_word' id='word_1_225' title='bbox 1510 2067 1678 2127; x_wconf 84' lang='lat' dir='ltr'>salvo</span> <span class='ocrx_word' id='word_1_226' title='bbox 1707 2068 1767 2131; x_wconf 84' lang='lat' dir='ltr'>in</span> <span class='ocrx_word' id='word_1_227' title='bbox 1814 2069 2099 2131; x_wconf 81' lang='lat' dir='ltr'>omnibus</span> 
     </span>
    </p>
   </div>
   <div class='ocr_carea' id='block_1_37' title="bbox 431 2150 2100 2229">
    <p class='ocr_par' dir='ltr' id='par_1_37' title="bbox 431 2150 2100 2229">
     <span class='ocr_line' id='line_1_37' title="bbox 431 2150 2100 2229; baseline 0.005 -24"><span class='ocrx_word' id='word_1_228' title='bbox 431 2151 569 2224; x_wconf 83' lang='lat' dir='ltr'>jure</span> <span class='ocrx_word' id='word_1_229' title='bbox 619 2150 963 2222; x_wconf 67' lang='lat' dir='ltr'>apostolicae</span> <span class='ocrx_word' id='word_1_230' title='bbox 1002 2157 1223 2209; x_wconf 59' lang='lat' dir='ltr'>nostra:</span> <span class='ocrx_word' id='word_1_231' title='bbox 1263 2155 1443 2224; x_wconf 84' lang='lat' dir='ltr'>sedis,</span> <span class='ocrx_word' id='word_1_232' title='bbox 1494 2160 1558 2211; x_wconf 90' lang='lat' dir='ltr'>ut</span> <span class='ocrx_word' id='word_1_233' title='bbox 1609 2156 1687 2212; x_wconf 89' lang='lat' dir='ltr'>ab</span> <span class='ocrx_word' id='word_1_234' title='bbox 1739 2157 1871 2229; x_wconf 91' lang='lat' dir='ltr'>ipso</span> <span class='ocrx_word' id='word_1_235' title='bbox 1916 2157 2100 2214; x_wconf 88' lang='lat' dir='ltr'>veluti</span> 
     </span>
    </p>
   </div>
   <div class='ocr_carea' id='block_1_38' title="bbox 437 2238 2099 2313">
    <p class='ocr_par' dir='ltr' id='par_1_38' title="bbox 437 2238 2099 2313">
     <span class='ocr_line' id='line_1_38' title="bbox 437 2238 2099 2313; baseline 0.004 -18"><span class='ocrx_word' id='word_1_236' title='bbox 437 2238 670 2309; x_wconf 73' lang='lat' dir='ltr'>Christo</span> <span class='ocrx_word' id='word_1_237' title='bbox 700 2244 756 2296; x_wconf 91' lang='lat' dir='ltr'>et</span> <span class='ocrx_word' id='word_1_238' title='bbox 782 2241 967 2296; x_wconf 85' lang='lat' dir='ltr'>sacris</span> <span class='ocrx_word' id='word_1_239' title='bbox 997 2245 1085 2298; x_wconf 89' lang='lat' dir='ltr'>est</span> <span class='ocrx_word' id='word_1_240' title='bbox 1132 2249 1379 2299; x_wconf 87' lang='lat' dir='ltr'>cautum</span> <span class='ocrx_word' id='word_1_241' title='bbox 1410 2245 1770 2313; x_wconf 84' lang='lat' dir='ltr'>canonibus.</span> <span class='ocrx_word' id='word_1_242' title='bbox 1808 2247 1921 2303; x_wconf 88' lang='lat' dir='ltr'>Sed</span> <span class='ocrx_word' id='word_1_243' title='bbox 1952 2263 2099 2303; x_wconf 90' lang='lat' dir='ltr'>cun-</span> 
     </span>
    </p>
   </div>
   <div class='ocr_carea' id='block_1_39' title="bbox 438 2329 2098 2410">
    <p class='ocr_par' dir='ltr' id='par_1_39' title="bbox 438 2329 2098 2410">
     <span class='ocr_line' id='line_1_39' title="bbox 438 2329 2098 2410; baseline 0.005 -22"><span class='ocrx_word' id='word_1_244' title='bbox 438 2330 537 2402; x_wconf 88' lang='lat' dir='ltr'>cti,</span> <span class='ocrx_word' id='word_1_245' title='bbox 566 2329 688 2386; x_wconf 87' lang='lat' dir='ltr'>sive</span> <span class='ocrx_word' id='word_1_246' title='bbox 718 2330 781 2397; x_wconf 80' lang='lat' dir='ltr'>in</span> <span class='ocrx_word' id='word_1_247' title='bbox 806 2331 1177 2410; x_wconf 76' lang='lat' dir='ltr'>praefatione,</span> <span class='ocrx_word' id='word_1_248' title='bbox 1208 2333 1330 2393; x_wconf 85' lang='lat' dir='ltr'>sive</span> <span class='ocrx_word' id='word_1_249' title='bbox 1360 2334 1423 2403; x_wconf 75' lang='lat' dir='ltr'>in</span> <span class='ocrx_word' id='word_1_250' title='bbox 1477 2334 1846 2409; x_wconf 78' lang='lat' dir='ltr'>subjectione</span> <span class='ocrx_word' id='word_1_251' title='bbox 1875 2337 2098 2403; x_wconf 85' lang='lat' dir='ltr'>debita,</span> 
     </span>
    </p>
   </div>
   <div class='ocr_carea' id='block_1_40' title="bbox 436 2418 2098 2494">
    <p class='ocr_par' dir='ltr' id='par_1_40' title="bbox 436 2418 2098 2494">
     <span class='ocr_line' id='line_1_40' title="bbox 436 2418 2098 2494; baseline 0.001 -16"><span class='ocrx_word' id='word_1_252' title='bbox 436 2418 712 2487; x_wconf 80' lang='lat' dir='ltr'>ordinem</span> <span class='ocrx_word' id='word_1_253' title='bbox 761 2419 840 2490; x_wconf 78' lang='lat' dir='ltr'>ab</span> <span class='ocrx_word' id='word_1_254' title='bbox 872 2421 1287 2491; x_wconf 84' lang='lat' dir='ltr'>ecclesiasticis</span> <span class='ocrx_word' id='word_1_255' title='bbox 1317 2423 1538 2494; x_wconf 82' lang='lat' dir='ltr'>regulis</span> <span class='ocrx_word' id='word_1_256' title='bbox 1570 2425 1851 2493; x_wconf 83' lang='lat' dir='ltr'>traditum</span> <span class='ocrx_word' id='word_1_257' title='bbox 1894 2426 2098 2483; x_wconf 91' lang='lat' dir='ltr'>obser-</span> 
     </span>
    </p>
   </div>
   <div class='ocr_carea' id='block_1_41' title="bbox 436 2509 2099 2589">
    <p class='ocr_par' dir='ltr' id='par_1_41' title="bbox 436 2509 2099 2589">
     <span class='ocr_line' id='line_1_41' title="bbox 436 2509 2099 2589; baseline 0.003 -22"><span class='ocrx_word' id='word_1_258' title='bbox 436 2512 646 2567; x_wconf 89' lang='lat' dir='ltr'>vantes</span> <span class='ocrx_word' id='word_1_259' title='bbox 687 2509 993 2579; x_wconf 89' lang='lat' dir='ltr'>obediant,</span> <span class='ocrx_word' id='word_1_260' title='bbox 1028 2515 1087 2568; x_wconf 92' lang='lat' dir='ltr'>et</span> <span class='ocrx_word' id='word_1_261' title='bbox 1130 2512 1458 2568; x_wconf 90' lang='lat' dir='ltr'>studiosius</span> <span class='ocrx_word' id='word_1_262' title='bbox 1507 2514 1922 2588; x_wconf 88' lang='lat' dir='ltr'>obtemperare</span> <span class='ocrx_word' id='word_1_263' title='bbox 1960 2533 2099 2589; x_wconf 87' lang='lat' dir='ltr'>pro-</span> 
     </span>
    </p>
   </div>
   <div class='ocr_carea' id='block_1_42' title="bbox 438 2598 2098 2683">
    <p class='ocr_par' dir='ltr' id='par_1_42' title="bbox 438 2598 2098 2683">
     <span class='ocr_line' id='line_1_42' title="bbox 438 2598 2098 2683; baseline 0.002 -27"><span class='ocrx_word' id='word_1_264' title='bbox 438 2602 666 2667; x_wconf 77' lang='lat' dir='ltr'>curent.</span> <span class='ocrx_word' id='word_1_265' title='bbox 700 2606 724 2635; x_wconf 76' lang='grc'><strong>⁸</strong></span> <span class='ocrx_word' id='word_1_266' title='bbox 755 2600 821 2655; x_wconf 83' lang='lat' dir='ltr'>Et</span> <span class='ocrx_word' id='word_1_267' title='bbox 866 2598 984 2656; x_wconf 87' lang='lat' dir='ltr'>hoc</span> <span class='ocrx_word' id='word_1_268' title='bbox 1030 2600 1515 2673; x_wconf 85' lang='lat' dir='ltr'>promulgamus,</span> <span class='ocrx_word' id='word_1_269' title='bbox 1548 2607 1729 2683; x_wconf 88' lang='lat' dir='ltr'>atque</span> <span class='ocrx_word' id='word_1_270' title='bbox 1760 2605 2098 2675; x_wconf 82' lang='lat' dir='ltr'>statuimus,</span> 
     </span>
    </p>
   </div>
   <div class='ocr_carea' id='block_1_43' title="bbox 437 2686 2100 2763">
    <p class='ocr_par' dir='ltr' id='par_1_43' title="bbox 437 2686 2100 2763">
     <span class='ocr_line' id='line_1_43' title="bbox 437 2686 2100 2763; baseline 0 -14"><span class='ocrx_word' id='word_1_271' title='bbox 437 2690 507 2758; x_wconf 68' lang='lat' dir='ltr'>ut</span> <span class='ocrx_word' id='word_1_272' title='bbox 534 2690 613 2754; x_wconf 82' lang='lat' dir='ltr'>te.</span> <span class='ocrx_word' id='word_1_273' title='bbox 643 2686 745 2763; x_wconf 83' lang='lat' dir='ltr'>qui</span> <span class='ocrx_word' id='word_1_274' title='bbox 780 2686 909 2763; x_wconf 82' lang='lat' dir='ltr'>ejus</span> <span class='ocrx_word' id='word_1_275' title='bbox 935 2688 1259 2763; x_wconf 60' lang='lat' dir='ltr'>provinciis</span> <span class='ocrx_word' id='word_1_276' title='bbox 1288 2689 1516 2762; x_wconf 73' lang='lat' dir='ltr'>primas</span> <span class='ocrx_word' id='word_1_277' title='bbox 1543 2690 1934 2760; x_wconf 83' lang='lat' dir='ltr'>dignosceris,</span> <span class='ocrx_word' id='word_1_278' title='bbox 1968 2693 2100 2749; x_wconf 75' lang='lat' dir='ltr'>nul-</span> 
     </span>
    </p>
   </div>
   <div class='ocr_carea' id='block_1_44' title="bbox 437 2773 2106 2854">
    <p class='ocr_par' dir='ltr' id='par_1_44' title="bbox 437 2773 2106 2854">
     <span class='ocr_line' id='line_1_44' title="bbox 437 2773 2106 2854; baseline 0.004 -22"><span class='ocrx_word' id='word_1_279' title='bbox 437 2773 559 2835; x_wconf 83' lang='lat' dir='ltr'>lius</span> <span class='ocrx_word' id='word_1_280' title='bbox 585 2789 861 2847; x_wconf 81' lang='lat' dir='ltr'>unquam</span> <span class='ocrx_word' id='word_1_281' title='bbox 890 2774 1287 2843; x_wconf 78' lang='lat' dir='ltr'>infestatione,</span> <span class='ocrx_word' id='word_1_282' title='bbox 1312 2784 1521 2839; x_wconf 84' lang='lat' dir='ltr'>contra</span> <span class='ocrx_word' id='word_1_283' title='bbox 1546 2781 1839 2841; x_wconf 81' lang='lat' dir='ltr'>canonica</span> <span class='ocrx_word' id='word_1_284' title='bbox 1868 2786 2106 2854; x_wconf 87' lang='lat' dir='ltr'>aposto-</span> 
     </span>
    </p>
   </div>
   <div class='ocr_carea' id='block_1_45' title="bbox 438 2863 2103 2938">
    <p class='ocr_par' dir='ltr' id='par_1_45' title="bbox 438 2863 2103 2938">
     <span class='ocr_line' id='line_1_45' title="bbox 438 2863 2103 2938; baseline 0.002 -16"><span class='ocrx_word' id='word_1_285' title='bbox 438 2863 678 2936; x_wconf 80' lang='lat' dir='ltr'>licaque</span> <span class='ocrx_word' id='word_1_286' title='bbox 742 2864 1005 2931; x_wconf 85' lang='lat' dir='ltr'>decreta,</span> <span class='ocrx_word' id='word_1_287' title='bbox 1063 2867 1188 2922; x_wconf 82' lang='lat' dir='ltr'>sive</span> <span class='ocrx_word' id='word_1_288' title='bbox 1248 2866 1477 2938; x_wconf 88' lang='lat' dir='ltr'>judicia</span> <span class='ocrx_word' id='word_1_289' title='bbox 1535 2868 1934 2928; x_wconf 87' lang='lat' dir='ltr'>ecclesiastica</span> <span class='ocrx_word' id='word_1_290' title='bbox 1997 2871 2103 2928; x_wconf 88' lang='lat' dir='ltr'>tibi</span> 
     </span>
    </p>
   </div>
   <div class='ocr_carea' id='block_1_46' title="bbox 444 2939 2106 3027">
    <p class='ocr_par' dir='ltr' id='par_1_46' title="bbox 444 2939 2106 3027">
     <span class='ocr_line' id='line_1_46' title="bbox 444 2939 2106 3027; baseline 0.006 -21"><span class='ocrx_word' id='word_1_291' title='bbox 444 2939 792 3023; x_wconf 77' lang='lat' dir='ltr'>commissa,</span> <span class='ocrx_word' id='word_1_292' title='bbox 831 2958 936 3021; x_wconf 56' lang='lat' dir='ltr'>aut</span> <span class='ocrx_word' id='word_1_293' title='bbox 992 2953 1202 3016; x_wconf 87' lang='lat' dir='ltr'>virtute</span> <span class='ocrx_word' id='word_1_294' title='bbox 1249 2962 1353 3012; x_wconf 89' lang='lat' dir='ltr'>aut</span> <span class='ocrx_word' id='word_1_295' title='bbox 1399 2955 1678 3025; x_wconf 81' lang='lat' dir='ltr'>facultate</span> <span class='ocrx_word' id='word_1_296' title='bbox 1727 2958 1966 3027; x_wconf 80' lang='lat' dir='ltr'>nudari,</span> <span class='ocrx_word' id='word_1_297' title='bbox 2002 2963 2106 3016; x_wconf 86' lang='lat' dir='ltr'>aut</span> 
     </span>
    </p>
   </div>
   <div class='ocr_carea' id='block_1_47' title="bbox 442 3041 2103 3123">
    <p class='ocr_par' dir='ltr' id='par_1_47' title="bbox 442 3041 2103 3123">
     <span class='ocr_line' id='line_1_47' title="bbox 442 3041 2103 3123; baseline 0.005 -26"><span class='ocrx_word' id='word_1_298' title='bbox 442 3044 581 3111; x_wconf 77' lang='lat' dir='ltr'>ante</span> <span class='ocrx_word' id='word_1_299' title='bbox 631 3041 1001 3111; x_wconf 80' lang='lat' dir='ltr'>audientiam</span> <span class='ocrx_word' id='word_1_300' title='bbox 1045 3045 1299 3106; x_wconf 82' lang='lat' dir='ltr'>Romani</span> <span class='ocrx_word' id='word_1_301' title='bbox 1342 3046 1639 3118; x_wconf 79' lang='lat' dir='ltr'>pontiﬁcis</span> <span class='ocrx_word' id='word_1_302' title='bbox 1671 3063 1708 3115; x_wconf 68' lang='grc' dir='ltr'>β</span> <span class='ocrx_word' id='word_1_303' title='bbox 1735 3064 2103 3123; x_wconf 85' lang='lat' dir='ltr'>quocunque</span> 
     </span>
    </p>
   </div>
   <div class='ocr_carea' id='block_1_48' title="bbox 2205 1884 3864 1963">
    <p class='ocr_par' dir='ltr' id='par_1_48' title="bbox 2205 1884 3864 1963">
     <span class='ocr_line' id='line_1_48' title="bbox 2205 1884 3864 1963; baseline 0.002 -24"><span class='ocrx_word' id='word_1_304' title='bbox 2205 1900 2347 1951; x_wconf 81' lang='lat' dir='ltr'>nem</span> <span class='ocrx_word' id='word_1_305' title='bbox 2380 1884 2604 1956; x_wconf 89' lang='lat' dir='ltr'>populo</span> <span class='ocrx_word' id='word_1_306' title='bbox 2635 1884 2957 1951; x_wconf 85' lang='lat' dir='ltr'>nuntiaret,</span> <span class='ocrx_word' id='word_1_307' title='bbox 3011 1889 3177 1941; x_wconf 68' lang='lat' dir='ltr'>Nunc</span> <span class='ocrx_word' id='word_1_308' title='bbox 3208 1891 3429 1955; x_wconf 81' lang='lat' dir='ltr'>autem,</span> <span class='ocrx_word' id='word_1_309' title='bbox 3462 1886 3635 1960; x_wconf 91' lang='lat' dir='ltr'>quod</span> <span class='ocrx_word' id='word_1_310' title='bbox 3680 1886 3864 1963; x_wconf 63' lang='lat' dir='ltr'>IRCry-</span> 
     </span>
    </p>
   </div>
   <div class='ocr_carea' id='block_1_49' title="bbox 2206 1973 3866 2046">
    <p class='ocr_par' dir='ltr' id='par_1_49' title="bbox 2206 1973 3866 2046">
     <span class='ocr_line' id='line_1_49' title="bbox 2206 1973 3866 2046; baseline 0.004 -17"><span class='ocrx_word' id='word_1_311' title='bbox 2206 1979 2443 2029; x_wconf 87' lang='lat' dir='ltr'>mantes</span> <span class='ocrx_word' id='word_1_312' title='bbox 2473 1973 2809 2041; x_wconf 80' lang='lat' dir='ltr'>referimus,</span> <span class='ocrx_word' id='word_1_313' title='bbox 2840 1973 3189 2046; x_wconf 85' lang='lat' dir='ltr'>iniquorum</span> <span class='ocrx_word' id='word_1_314' title='bbox 3246 1975 3866 2041; x_wconf 50' lang='lat' dir='ltr'>sceleratissimorum.</span> 
     </span>
    </p>
   </div>
   <div class='ocr_carea' id='block_1_50' title="bbox 2206 2061 3865 2138">
    <p class='ocr_par' dir='ltr' id='par_1_50' title="bbox 2206 2061 3865 2138">
     <span class='ocr_line' id='line_1_50' title="bbox 2206 2061 3865 2138; baseline 0.002 -22"><span class='ocrx_word' id='word_1_315' title='bbox 2206 2078 2326 2138; x_wconf 91' lang='lat' dir='ltr'>que</span> <span class='ocrx_word' id='word_1_316' title='bbox 2342 2061 2659 2117; x_wconf 90' lang='lat' dir='ltr'>hominum</span> <span class='ocrx_word' id='word_1_317' title='bbox 2690 2063 3247 2120; x_wconf 88' lang='lat' dir='ltr'>conversationibus</span> <span class='ocrx_word' id='word_1_318' title='bbox 3268 2064 3551 2134; x_wconf 88' lang='lat' dir='ltr'>sociatus,</span> <span class='ocrx_word' id='word_1_319' title='bbox 3570 2064 3865 2121; x_wconf 72' lang='lat' dir='ltr'>infaustae-</span> 
     </span>
    </p>
   </div>
   <div class='ocr_carea' id='block_1_51' title="bbox 2207 2150 3864 2227">
    <p class='ocr_par' dir='ltr' id='par_1_51' title="bbox 2207 2150 3864 2227">
     <span class='ocr_line' id='line_1_51' title="bbox 2207 2150 3864 2227; baseline 0.001 -22"><span class='ocrx_word' id='word_1_320' title='bbox 2207 2166 2326 2223; x_wconf 90' lang='lat' dir='ltr'>que</span> <span class='ocrx_word' id='word_1_321' title='bbox 2356 2150 2487 2211; x_wconf 70' lang='lat' dir='ltr'>vitaa</span> <span class='ocrx_word' id='word_1_322' title='bbox 2521 2152 2739 2221; x_wconf 89' lang='lat' dir='ltr'>unitus,</span> <span class='ocrx_word' id='word_1_323' title='bbox 2773 2156 2828 2207; x_wconf 92' lang='lat' dir='ltr'>et</span> <span class='ocrx_word' id='word_1_324' title='bbox 2858 2152 3058 2207; x_wconf 88' lang='lat' dir='ltr'>multis</span> <span class='ocrx_word' id='word_1_325' title='bbox 3098 2152 3347 2227; x_wconf 88' lang='lat' dir='ltr'>piaculis</span> <span class='ocrx_word' id='word_1_326' title='bbox 3396 2153 3864 2227; x_wconf 83' lang='lat' dir='ltr'>criminibusque</span> 
     </span>
    </p>
   </div>
   <div class='ocr_carea' id='block_1_52' title="bbox 2207 2239 3861 2315">
    <p class='ocr_par' dir='ltr' id='par_1_52' title="bbox 2207 2239 3861 2315">
     <span class='ocr_line' id='line_1_52' title="bbox 2207 2239 3861 2315; baseline 0.001 -19"><span class='ocrx_word' id='word_1_327' title='bbox 2207 2239 2445 2312; x_wconf 88' lang='lat' dir='ltr'>plenus,</span> <span class='ocrx_word' id='word_1_328' title='bbox 2479 2240 2558 2297; x_wconf 91' lang='lat' dir='ltr'>ad</span> <span class='ocrx_word' id='word_1_329' title='bbox 2587 2240 3082 2312; x_wconf 86' lang='lat' dir='ltr'>periclitationem</span> <span class='ocrx_word' id='word_1_330' title='bbox 3116 2257 3260 2313; x_wconf 64' lang='lat' dir='ltr'>suas,</span> <span class='ocrx_word' id='word_1_331' title='bbox 3290 2242 3459 2315; x_wconf 90' lang='lat' dir='ltr'>quod</span> <span class='ocrx_word' id='word_1_332' title='bbox 3486 2259 3615 2303; x_wconf 87' lang='lat' dir='ltr'>non</span> <span class='ocrx_word' id='word_1_333' title='bbox 3646 2243 3861 2310; x_wconf 59' lang='lat' dir='ltr'>debuee</span> 
     </span>
    </p>
   </div>
   <div class='ocr_carea' id='block_1_53' title="bbox 2208 2329 3863 2401">
    <p class='ocr_par' dir='ltr' id='par_1_53' title="bbox 2208 2329 3863 2401">
     <span class='ocr_line' id='line_1_53' title="bbox 2208 2329 3863 2401; baseline 0.003 -17"><span class='ocrx_word' id='word_1_334' title='bbox 2208 2333 2321 2395; x_wconf 88' lang='lat' dir='ltr'>rat,</span> <span class='ocrx_word' id='word_1_335' title='bbox 2369 2329 2586 2385; x_wconf 64' lang='lat' dir='ltr'>animas</span> <span class='ocrx_word' id='word_1_336' title='bbox 2630 2330 2839 2401; x_wconf 88' lang='lat' dir='ltr'>iniquo</span> <span class='ocrx_word' id='word_1_337' title='bbox 2893 2331 3217 2389; x_wconf 87' lang='lat' dir='ltr'>certamine</span> <span class='ocrx_word' id='word_1_338' title='bbox 3260 2330 3466 2400; x_wconf 84' lang='lat' dir='ltr'>tendit,</span> <span class='ocrx_word' id='word_1_339' title='bbox 3511 2336 3571 2390; x_wconf 84' lang='lat' dir='ltr'>et</span> <span class='ocrx_word' id='word_1_340' title='bbox 3625 2336 3863 2392; x_wconf 79' lang='lat' dir='ltr'>eruenta</span> 
     </span>
    </p>
   </div>
   <div class='ocr_carea' id='block_1_54' title="bbox 2208 2417 3859 2492">
    <p class='ocr_par' dir='ltr' id='par_1_54' title="bbox 2208 2417 3859 2492">
     <span class='ocr_line' id='line_1_54' title="bbox 2208 2417 3859 2492; baseline 0.001 -20"><span class='ocrx_word' id='word_1_341' title='bbox 2208 2417 2526 2491; x_wconf 88' lang='lat' dir='ltr'>tyrannide</span> <span class='ocrx_word' id='word_1_342' title='bbox 2570 2424 2933 2492; x_wconf 81' lang='lat' dir='ltr'>perseverat.</span> <span class='ocrx_word' id='word_1_343' title='bbox 2971 2422 3035 2474; x_wconf 87' lang='lat' dir='ltr'>Et</span> <span class='ocrx_word' id='word_1_344' title='bbox 3082 2420 3197 2475; x_wconf 93' lang='lat' dir='ltr'>hoc</span> <span class='ocrx_word' id='word_1_345' title='bbox 3241 2420 3443 2476; x_wconf 87' lang='lat' dir='ltr'>multis</span> <span class='ocrx_word' id='word_1_346' title='bbox 3480 2420 3859 2478; x_wconf 82' lang='lat' dir='ltr'>narrantibus</span> 
     </span>
    </p>
   </div>
   <div class='ocr_carea' id='block_1_55' title="bbox 2210 2495 3861 2584">
    <p class='ocr_par' dir='ltr' id='par_1_55' title="bbox 2210 2495 3861 2584">
     <span class='ocr_line' id='line_1_55' title="bbox 2210 2495 3861 2584; baseline 0.002 -24"><span class='ocrx_word' id='word_1_347' title='bbox 2210 2495 2548 2577; x_wconf 79' lang='lat' dir='ltr'>audierunt,</span> <span class='ocrx_word' id='word_1_348' title='bbox 2579 2507 2743 2580; x_wconf 85' lang='lat' dir='ltr'>quod</span> <span class='ocrx_word' id='word_1_349' title='bbox 2771 2524 2909 2563; x_wconf 89' lang='lat' dir='ltr'>cum</span> <span class='ocrx_word' id='word_1_350' title='bbox 2933 2507 3181 2566; x_wconf 85' lang='lat' dir='ltr'>scenicis</span> <span class='ocrx_word' id='word_1_351' title='bbox 3207 2508 3561 2566; x_wconf 83' lang='lat' dir='ltr'>mulieribus</span> <span class='ocrx_word' id='word_1_352' title='bbox 3602 2508 3861 2584; x_wconf 84' lang='lat' dir='ltr'>quotidie</span> 
     </span>
    </p>
   </div>
   <div class='ocr_carea' id='block_1_56' title="bbox 2209 2595 3859 2673">
    <p class='ocr_par' dir='ltr' id='par_1_56' title="bbox 2209 2595 3859 2673">
     <span class='ocr_line' id='line_1_56' title="bbox 2209 2595 3859 2673; baseline 0.002 -23"><span class='ocrx_word' id='word_1_353' title='bbox 2209 2595 2425 2666; x_wconf 82' lang='lat' dir='ltr'>degere</span> <span class='ocrx_word' id='word_1_354' title='bbox 2456 2612 2578 2653; x_wconf 89' lang='lat' dir='ltr'>non</span> <span class='ocrx_word' id='word_1_355' title='bbox 2608 2596 2858 2664; x_wconf 87' lang='lat' dir='ltr'>dubitet,</span> <span class='ocrx_word' id='word_1_356' title='bbox 2886 2614 3022 2670; x_wconf 62' lang='lat' dir='ltr'>quas</span> <span class='ocrx_word' id='word_1_357' title='bbox 3071 2597 3306 2657; x_wconf 88' lang='lat' dir='ltr'>animas</span> <span class='ocrx_word' id='word_1_358' title='bbox 3351 2599 3616 2673; x_wconf 83' lang='lat' dir='ltr'>perdunt</span> <span class='ocrx_word' id='word_1_359' title='bbox 3662 2605 3719 2665; x_wconf 81' lang='lat' dir='ltr'>et</span> <span class='ocrx_word' id='word_1_360' title='bbox 3747 2612 3859 2666; x_wconf 85' lang='lat' dir='ltr'>cor-</span> 
     </span>
    </p>
   </div>
   <div class='ocr_carea' id='block_1_57' title="bbox 2210 2686 3864 2761">
    <p class='ocr_par' dir='ltr' id='par_1_57' title="bbox 2210 2686 3864 2761">
     <span class='ocr_line' id='line_1_57' title="bbox 2210 2686 3864 2761; baseline 0.002 -22"><span class='ocrx_word' id='word_1_361' title='bbox 2210 2701 2360 2757; x_wconf 87' lang='lat' dir='ltr'>pora</span> <span class='ocrx_word' id='word_1_362' title='bbox 2380 2686 2673 2755; x_wconf 88' lang='lat' dir='ltr'>sauciant,</span> <span class='ocrx_word' id='word_1_363' title='bbox 2692 2687 2770 2741; x_wconf 85' lang='lat' dir='ltr'>ad</span> <span class='ocrx_word' id='word_1_364' title='bbox 2792 2687 3036 2759; x_wconf 89' lang='lat' dir='ltr'>imaque</span> <span class='ocrx_word' id='word_1_365' title='bbox 3058 2686 3387 2747; x_wconf 85' lang='lat' dir='ltr'>deducunt.</span> <span class='ocrx_word' id='word_1_366' title='bbox 3405 2690 3473 2746; x_wconf 86' lang='lat' dir='ltr'>Et</span> <span class='ocrx_word' id='word_1_367' title='bbox 3490 2688 3643 2761; x_wconf 87' lang='lat' dir='ltr'>quia</span> <span class='ocrx_word' id='word_1_368' title='bbox 3668 2703 3864 2758; x_wconf 81' lang='lat' dir='ltr'>aggre-</span> 
     </span>
    </p>
   </div>
   <div class='ocr_carea' id='block_1_58' title="bbox 2211 2773 3856 2843">
    <p class='ocr_par' dir='ltr' id='par_1_58' title="bbox 2211 2773 3856 2843">
     <span class='ocr_line' id='line_1_58' title="bbox 2211 2773 3856 2843; baseline 0.002 -15"><span class='ocrx_word' id='word_1_369' title='bbox 2211 2773 2451 2843; x_wconf 88' lang='lat' dir='ltr'>gationc</span> <span class='ocrx_word' id='word_1_370' title='bbox 2483 2773 2807 2830; x_wconf 88' lang='lat' dir='ltr'>multorum</span> <span class='ocrx_word' id='word_1_371' title='bbox 2838 2776 3152 2842; x_wconf 83' lang='lat' dir='ltr'>hominum</span> <span class='ocrx_word' id='word_1_372' title='bbox 3201 2775 3313 2832; x_wconf 89' lang='lat' dir='ltr'>sibi</span> <span class='ocrx_word' id='word_1_373' title='bbox 3359 2776 3687 2834; x_wconf 78' lang='lat' dir='ltr'>noxiorum</span> <span class='ocrx_word' id='word_1_374' title='bbox 3724 2790 3856 2833; x_wconf 84' lang='lat' dir='ltr'>con-</span> 
     </span>
    </p>
   </div>
   <div class='ocr_carea' id='block_1_59' title="bbox 2206 2862 3855 2941">
    <p class='ocr_par' dir='ltr' id='par_1_59' title="bbox 2206 2862 3855 2941">
     <span class='ocr_line' id='line_1_59' title="bbox 2206 2862 3855 2941; baseline 0.002 -25"><span class='ocrx_word' id='word_1_375' title='bbox 2206 2862 2435 2933; x_wconf 87' lang='lat' dir='ltr'>juncta,</span> <span class='ocrx_word' id='word_1_376' title='bbox 2470 2862 2660 2919; x_wconf 88' lang='lat' dir='ltr'>multa</span> <span class='ocrx_word' id='word_1_377' title='bbox 2687 2863 2748 2919; x_wconf 91' lang='lat' dir='ltr'>in</span> <span class='ocrx_word' id='word_1_378' title='bbox 2794 2863 3032 2936; x_wconf 90' lang='lat' dir='ltr'>plebem</span> <span class='ocrx_word' id='word_1_379' title='bbox 3082 2862 3338 2937; x_wconf 85' lang='lat' dir='ltr'>Domini,</span> <span class='ocrx_word' id='word_1_380' title='bbox 3371 2864 3635 2941; x_wconf 86' lang='lat' dir='ltr'>pretiosa</span> <span class='ocrx_word' id='word_1_381' title='bbox 3681 2878 3855 2939; x_wconf 87' lang='lat' dir='ltr'>quam</span> 
     </span>
    </p>
   </div>
   <div class='ocr_carea' id='block_1_60' title="bbox 2210 2951 3855 3028">
    <p class='ocr_par' dir='ltr' id='par_1_60' title="bbox 2210 2951 3855 3028">
     <span class='ocr_line' id='line_1_60' title="bbox 2210 2951 3855 3028; baseline 0.002 -23"><span class='ocrx_word' id='word_1_382' title='bbox 2210 2951 2494 3024; x_wconf 89' lang='lat' dir='ltr'>passione</span> <span class='ocrx_word' id='word_1_383' title='bbox 2516 2968 2546 3007; x_wconf 93' lang='lat' dir='ltr'>e</span> <span class='ocrx_word' id='word_1_384' title='bbox 2565 2952 2837 3008; x_wconf 89' lang='lat' dir='ltr'>faucibus</span> <span class='ocrx_word' id='word_1_385' title='bbox 2865 2954 3220 3027; x_wconf 86' lang='lat' dir='ltr'>nequissimi</span> <span class='ocrx_word' id='word_1_386' title='bbox 3239 2955 3452 3028; x_wconf 88' lang='lat' dir='ltr'>eripuit</span> <span class='ocrx_word' id='word_1_387' title='bbox 3475 2954 3672 3011; x_wconf 88' lang='lat' dir='ltr'>leonis</span> <span class='ocrx_word' id='word_1_388' title='bbox 3693 2958 3855 3028; x_wconf 85' lang='lat' dir='ltr'>atque</span> 
     </span>
    </p>
   </div>
   <div class='ocr_carea' id='block_1_61' title="bbox 2210 3040 3854 3118">
    <p class='ocr_par' dir='ltr' id='par_1_61' title="bbox 2210 3040 3854 3118">
     <span class='ocr_line' id='line_1_61' title="bbox 2210 3040 3854 3118; baseline 0.002 -24"><span class='ocrx_word' id='word_1_389' title='bbox 2210 3040 2483 3104; x_wconf 87' lang='lat' dir='ltr'>redemit,</span> <span class='ocrx_word' id='word_1_390' title='bbox 2512 3040 2837 3097; x_wconf 89' lang='lat' dir='ltr'>homicidia</span> <span class='ocrx_word' id='word_1_391' title='bbox 2868 3047 2922 3097; x_wconf 89' lang='lat' dir='ltr'>et</span> <span class='ocrx_word' id='word_1_392' title='bbox 2943 3042 3268 3100; x_wconf 89' lang='lat' dir='ltr'>innumera</span> <span class='ocrx_word' id='word_1_393' title='bbox 3295 3043 3610 3114; x_wconf 89' lang='lat' dir='ltr'>adulteria,</span> <span class='ocrx_word' id='word_1_394' title='bbox 3641 3048 3854 3118; x_wconf 87' lang='lat' dir='ltr'>turpes-</span> 
     </span>
    </p>
   </div>
   <div class='ocr_carea' id='block_1_62' title="bbox 441 3127 2105 3222">
    <p class='ocr_par' dir='ltr' id='par_1_62' title="bbox 441 3130 2103 3222">
     <span class='ocr_line' id='line_1_62' title="bbox 441 3130 2103 3222; baseline 0.004 -33"><span class='ocrx_word' id='word_1_395' title='bbox 441 3130 721 3222; x_wconf 76' lang='lat' dir='ltr'>damnari</span> <span class='ocrx_word' id='word_1_396' title='bbox 750 3133 1068 3193; x_wconf 81' lang='lat' dir='ltr'>statuimus</span> <span class='ocrx_word' id='word_1_397' title='bbox 1095 3150 1110 3190; x_wconf 65' lang='grc' dir='ltr'>ε</span> <span class='ocrx_word' id='word_1_398' title='bbox 1145 3136 1254 3193; x_wconf 82' lang='lat' dir='ltr'>sed</span> <span class='ocrx_word' id='word_1_399' title='bbox 1284 3137 1335 3192; x_wconf 87' lang='lat' dir='ltr'>si</span> <span class='ocrx_word' id='word_1_400' title='bbox 1374 3136 1769 3211; x_wconf 85' lang='lat' dir='ltr'>compellatus</span> <span class='ocrx_word' id='word_1_401' title='bbox 1798 3140 2103 3212; x_wconf 87' lang='lat' dir='ltr'>appellare</span> 
     </span>
    </p>
   </div>
   <div class='ocr_carea' id='block_1_63' title="bbox 2213 3127 3854 3222">
    <p class='ocr_par' dir='ltr' id='par_1_63' title="bbox 2213 3127 3854 3205">
     <span class='ocr_line' id='line_1_63' title="bbox 2213 3127 3854 3205; baseline 0.003 -23"><span class='ocrx_word' id='word_1_402' title='bbox 2213 3144 2329 3200; x_wconf 89' lang='lat' dir='ltr'>que</span> <span class='ocrx_word' id='word_1_403' title='bbox 2361 3127 2782 3193; x_wconf 76' lang='lat' dir='ltr'>fornicationes</span> <span class='ocrx_word' id='word_1_404' title='bbox 2812 3146 2881 3187; x_wconf 88' lang='lat' dir='ltr'>ac</span> <span class='ocrx_word' id='word_1_405' title='bbox 2910 3130 3391 3205; x_wconf 80' lang='lat' dir='ltr'>depraedationes</span> <span class='ocrx_word' id='word_1_406' title='bbox 3433 3131 3668 3193; x_wconf 86' lang='lat' dir='ltr'>illicitas</span> <span class='ocrx_word' id='word_1_407' title='bbox 3694 3137 3750 3200; x_wconf 83' lang='lat' dir='ltr'>et</span> <span class='ocrx_word' id='word_1_408' title='bbox 3775 3131 3854 3191; x_wconf 60' lang='lat' dir='ltr'>ine</span> 
     </span>
    </p>
   </div>
   <div class='ocr_carea' id='block_1_64' title="bbox 439 3219 2102 3302">
    <p class='ocr_par' dir='ltr' id='par_1_64' title="bbox 439 3219 2102 3302">
     <span class='ocr_line' id='line_1_64' title="bbox 439 3219 2102 3302; baseline 0.004 -24"><span class='ocrx_word' id='word_1_409' title='bbox 439 3219 523 3278; x_wconf 89' lang='lat' dir='ltr'>ad</span> <span class='ocrx_word' id='word_1_410' title='bbox 546 3220 706 3289; x_wconf 82' lang='lat' dir='ltr'>hanc</span> <span class='ocrx_word' id='word_1_411' title='bbox 727 3226 999 3289; x_wconf 81' lang='lat' dir='ltr'>sanetam</span> <span class='ocrx_word' id='word_1_412' title='bbox 1029 3223 1236 3279; x_wconf 86' lang='lat' dir='ltr'>sedem</span> <span class='ocrx_word' id='word_1_413' title='bbox 1260 3224 1540 3293; x_wconf 89' lang='lat' dir='ltr'>volueris,</span> <span class='ocrx_word' id='word_1_414' title='bbox 1572 3226 1883 3298; x_wconf 90' lang='lat' dir='ltr'>apostolici</span> <span class='ocrx_word' id='word_1_415' title='bbox 1926 3245 2102 3302; x_wconf 73' lang='lat' dir='ltr'>papas</span> 
     </span>
    </p>
   </div>
   <div class='ocr_carea' id='block_1_65' title="bbox 432 3309 2103 3386">
    <p class='ocr_par' dir='ltr' id='par_1_65' title="bbox 432 3309 2103 3386">
     <span class='ocr_line' id='line_1_65' title="bbox 432 3309 2103 3386; baseline 0.005 -22"><span class='ocrx_word' id='word_1_416' title='bbox 432 3309 666 3385; x_wconf 79' lang='lat' dir='ltr'>judicio</span> <span class='ocrx_word' id='word_1_417' title='bbox 712 3312 1032 3385; x_wconf 76' lang='lat' dir='ltr'>reservari,</span> <span class='ocrx_word' id='word_1_418' title='bbox 1061 3318 1292 3386; x_wconf 88' lang='lat' dir='ltr'>nostra,</span> <span class='ocrx_word' id='word_1_419' title='bbox 1324 3315 1448 3371; x_wconf 89' lang='lat' dir='ltr'>imo</span> <span class='ocrx_word' id='word_1_420' title='bbox 1478 3315 1637 3372; x_wconf 90' lang='lat' dir='ltr'>beati</span> <span class='ocrx_word' id='word_1_421' title='bbox 1667 3318 1814 3373; x_wconf 82' lang='lat' dir='ltr'>Petri</span> <span class='ocrx_word' id='word_1_422' title='bbox 1846 3318 2103 3375; x_wconf 86' lang='lat' dir='ltr'>auctori-</span> 
     </span>
    </p>
   </div>
   <div class='ocr_carea' id='block_1_66' title="bbox 439 3401 2105 3479">
    <p class='ocr_par' dir='ltr' id='par_1_66' title="bbox 439 3401 2105 3479">
     <span class='ocr_line' id='line_1_66' title="bbox 439 3401 2105 3479; baseline 0.005 -23"><span class='ocrx_word' id='word_1_423' title='bbox 439 3404 560 3463; x_wconf 82' lang='lat' dir='ltr'>tate</span> <span class='ocrx_word' id='word_1_424' title='bbox 587 3401 974 3475; x_wconf 61' lang='lat' dir='ltr'>praecipimus</span> <span class='ocrx_word' id='word_1_425' title='bbox 1007 3419 1020 3469; x_wconf 87' lang='lat'><strong>;</strong></span> <span class='ocrx_word' id='word_1_426' title='bbox 1051 3419 1162 3461; x_wconf 90' lang='lat' dir='ltr'>nec</span> <span class='ocrx_word' id='word_1_427' title='bbox 1192 3404 1373 3461; x_wconf 88' lang='lat' dir='ltr'>alicui</span> <span class='ocrx_word' id='word_1_428' title='bbox 1398 3406 1818 3479; x_wconf 88' lang='lat' dir='ltr'>cujuscunque</span> <span class='ocrx_word' id='word_1_429' title='bbox 1845 3408 1966 3479; x_wconf 88' lang='lat' dir='ltr'>juri</span> <span class='ocrx_word' id='word_1_430' title='bbox 2010 3408 2105 3465; x_wconf 90' lang='lat' dir='ltr'>vel</span> 
     </span>
    </p>
   </div>
   <div class='ocr_carea' id='block_1_67' title="bbox 433 3487 2104 3565">
    <p class='ocr_par' dir='ltr' id='par_1_67' title="bbox 433 3487 2104 3565">
     <span class='ocr_line' id='line_1_67' title="bbox 433 3487 2104 3565; baseline 0.006 -21"><span class='ocrx_word' id='word_1_431' title='bbox 433 3487 668 3561; x_wconf 87' lang='lat' dir='ltr'>judicio</span> <span class='ocrx_word' id='word_1_432' title='bbox 692 3494 746 3545; x_wconf 86' lang='lat' dir='ltr'>te</span> <span class='ocrx_word' id='word_1_433' title='bbox 773 3489 1010 3560; x_wconf 77' lang='lat' dir='ltr'>subjici,</span> <span class='ocrx_word' id='word_1_434' title='bbox 1033 3498 1283 3563; x_wconf 81' lang='lat' dir='ltr'>excepta</span> <span class='ocrx_word' id='word_1_435' title='bbox 1306 3497 1605 3565; x_wconf 86' lang='lat' dir='ltr'>potestate</span> <span class='ocrx_word' id='word_1_436' title='bbox 1632 3497 1790 3551; x_wconf 87' lang='lat' dir='ltr'>sedis</span> <span class='ocrx_word' id='word_1_437' title='bbox 1821 3499 2104 3554; x_wconf 78' lang='lat' dir='ltr'>Romanae</span> 
     </span>
    </p>
   </div>
   <div class='ocr_carea' id='block_1_68' title="bbox 440 3575 2104 3659">
    <p class='ocr_par' dir='ltr' id='par_1_68' title="bbox 440 3575 2104 3659">
     <span class='ocr_line' id='line_1_68' title="bbox 440 3575 2104 3659; baseline 0.007 -27"><span class='ocrx_word' id='word_1_438' title='bbox 440 3575 820 3659; x_wconf 83' lang='lat' dir='ltr'>pontiﬁcum.</span> <span class='ocrx_word' id='word_1_439' title='bbox 848 3578 875 3615; x_wconf 69' lang='grc' dir='ltr'><strong>ἀ</strong></span> <span class='ocrx_word' id='word_1_440' title='bbox 905 3581 972 3635; x_wconf 88' lang='lat' dir='ltr'>Et</span> <span class='ocrx_word' id='word_1_441' title='bbox 995 3579 1111 3637; x_wconf 91' lang='lat' dir='ltr'>hoc</span> <span class='ocrx_word' id='word_1_442' title='bbox 1158 3581 1462 3651; x_wconf 88' lang='lat' dir='ltr'>volumus,</span> <span class='ocrx_word' id='word_1_443' title='bbox 1485 3600 1561 3640; x_wconf 92' lang='lat' dir='ltr'>ne</span> <span class='ocrx_word' id='word_1_444' title='bbox 1588 3585 1835 3656; x_wconf 82' lang='lat' dir='ltr'>quilibet</span> <span class='ocrx_word' id='word_1_445' title='bbox 1863 3602 1934 3642; x_wconf 84' lang='lat' dir='ltr'>ex</span> <span class='ocrx_word' id='word_1_446' title='bbox 1963 3603 2104 3659; x_wconf 91' lang='lat' dir='ltr'>pro-</span> 
     </span>
    </p>
   </div>
   <div class='ocr_carea' id='block_1_69' title="bbox 440 3658 2102 3741">
    <p class='ocr_par' dir='ltr' id='par_1_69' title="bbox 440 3658 2102 3741">
     <span class='ocr_line' id='line_1_69' title="bbox 440 3658 2102 3741; baseline 0.007 -25"><span class='ocrx_word' id='word_1_447' title='bbox 440 3658 642 3717; x_wconf 78' lang='lat' dir='ltr'>vincia</span> <span class='ocrx_word' id='word_1_448' title='bbox 670 3664 729 3718; x_wconf 90' lang='lat' dir='ltr'>et</span> <span class='ocrx_word' id='word_1_449' title='bbox 753 3660 997 3719; x_wconf 73' lang='lat' dir='ltr'>dioecesi</span> <span class='ocrx_word' id='word_1_450' title='bbox 1048 3664 1366 3737; x_wconf 88' lang='lat' dir='ltr'>metropoli</span> <span class='ocrx_word' id='word_1_451' title='bbox 1410 3670 1523 3722; x_wconf 82' lang='lat' dir='ltr'>tuae</span> <span class='ocrx_word' id='word_1_452' title='bbox 1557 3667 1780 3741; x_wconf 89' lang='lat' dir='ltr'>tibique</span> <span class='ocrx_word' id='word_1_453' title='bbox 1812 3658 2102 3740; x_wconf 80' lang='lat' dir='ltr'>subjecta,</span> 
     </span>
    </p>
   </div>
   <div class='ocr_carea' id='block_1_70' title="bbox 438 3748 2104 3830">
    <p class='ocr_par' dir='ltr' id='par_1_70' title="bbox 438 3748 2104 3830">
     <span class='ocr_line' id='line_1_70' title="bbox 438 3748 2104 3830; baseline 0.007 -25"><span class='ocrx_word' id='word_1_454' title='bbox 438 3748 541 3822; x_wconf 87' lang='lat' dir='ltr'>jus</span> <span class='ocrx_word' id='word_1_455' title='bbox 563 3751 901 3808; x_wconf 89' lang='lat' dir='ltr'>secundum</span> <span class='ocrx_word' id='word_1_456' title='bbox 928 3752 1365 3813; x_wconf 86' lang='lat' dir='ltr'>ecclesiasticas</span> <span class='ocrx_word' id='word_1_457' title='bbox 1399 3757 1852 3816; x_wconf 85' lang='lat' dir='ltr'>constitutiones</span> <span class='ocrx_word' id='word_1_458' title='bbox 1880 3759 2104 3830; x_wconf 88' lang='lat' dir='ltr'>prima-</span> 
     </span>
    </p>
   </div>
   <div class='ocr_carea' id='block_1_71' title="bbox 441 3839 2108 3923">
    <p class='ocr_par' dir='ltr' id='par_1_71' title="bbox 441 3839 2108 3923">
     <span class='ocr_line' id='line_1_71' title="bbox 441 3839 2108 3923; baseline 0.006 -27"><span class='ocrx_word' id='word_1_459' title='bbox 441 3839 528 3897; x_wconf 86' lang='lat' dir='ltr'>tui</span> <span class='ocrx_word' id='word_1_460' title='bbox 558 3840 837 3899; x_wconf 60' lang='lat' dir='ltr'>Ecclesiae</span> <span class='ocrx_word' id='word_1_461' title='bbox 866 3846 981 3900; x_wconf 75' lang='lat' dir='ltr'>tuae</span> <span class='ocrx_word' id='word_1_462' title='bbox 1004 3848 1060 3901; x_wconf 86' lang='lat' dir='ltr'>et</span> <span class='ocrx_word' id='word_1_463' title='bbox 1080 3843 1185 3901; x_wconf 89' lang='lat' dir='ltr'>tibi</span> <span class='ocrx_word' id='word_1_464' title='bbox 1214 3845 1486 3902; x_wconf 89' lang='lat' dir='ltr'>debitum</span> <span class='ocrx_word' id='word_1_465' title='bbox 1512 3862 1761 3919; x_wconf 89' lang='lat' dir='ltr'>quoquo</span> <span class='ocrx_word' id='word_1_466' title='bbox 1794 3849 1974 3905; x_wconf 91' lang='lat' dir='ltr'>modo</span> <span class='ocrx_word' id='word_1_467' title='bbox 2000 3865 2108 3923; x_wconf 88' lang='lat' dir='ltr'>per</span> 
     </span>
    </p>
   </div>
   <div class='ocr_carea' id='block_1_72' title="bbox 442 3932 2104 4004">
    <p class='ocr_par' dir='ltr' id='par_1_72' title="bbox 442 3932 2104 4004">
     <span class='ocr_line' id='line_1_72' title="bbox 442 3932 2104 4004; baseline 0.006 -18"><span class='ocrx_word' id='word_1_468' title='bbox 442 3934 857 4004; x_wconf 88' lang='lat' dir='ltr'>contemptum</span> <span class='ocrx_word' id='word_1_469' title='bbox 888 3932 1238 4001; x_wconf 86' lang='lat' dir='ltr'>convellere,</span> <span class='ocrx_word' id='word_1_470' title='bbox 1268 3939 1372 3991; x_wconf 86' lang='lat' dir='ltr'>aut</span> <span class='ocrx_word' id='word_1_471' title='bbox 1400 3934 1506 3992; x_wconf 90' lang='lat' dir='ltr'>tibi</span> <span class='ocrx_word' id='word_1_472' title='bbox 1554 3935 1646 3991; x_wconf 92' lang='lat' dir='ltr'>vel</span> <span class='ocrx_word' id='word_1_473' title='bbox 1684 3936 1956 3993; x_wconf 81' lang='lat' dir='ltr'>Ecclesiae</span> <span class='ocrx_word' id='word_1_474' title='bbox 1988 3943 2104 3999; x_wconf 62' lang='lat' dir='ltr'>ture</span> 
     </span>
    </p>
   </div>
   <div class='ocr_carea' id='block_1_73' title="bbox 442 4021 2105 4093">
    <p class='ocr_par' dir='ltr' id='par_1_73' title="bbox 442 4021 2105 4093">
     <span class='ocr_line' id='line_1_73' title="bbox 442 4021 2105 4093; baseline 0.006 -19"><span class='ocrx_word' id='word_1_475' title='bbox 442 4034 875 4093; x_wconf 89' lang='lat' dir='ltr'>quamcunque</span> <span class='ocrx_word' id='word_1_476' title='bbox 903 4021 1253 4079; x_wconf 78' lang='lat' dir='ltr'>violentiam</span> <span class='ocrx_word' id='word_1_477' title='bbox 1302 4028 1512 4080; x_wconf 86' lang='lat' dir='ltr'>contra</span> <span class='ocrx_word' id='word_1_478' title='bbox 1553 4024 1768 4081; x_wconf 90' lang='lat' dir='ltr'>eadem</span> <span class='ocrx_word' id='word_1_479' title='bbox 1814 4029 2105 4084; x_wconf 88' lang='lat' dir='ltr'>canonica</span> 
     </span>
    </p>
   </div>
   <div class='ocr_carea' id='block_1_74' title="bbox 443 4107 2105 4189">
    <p class='ocr_par' dir='ltr' id='par_1_74' title="bbox 443 4107 2105 4189">
     <span class='ocr_line' id='line_1_74' title="bbox 443 4107 2105 4189; baseline 0.005 -26"><span class='ocrx_word' id='word_1_480' title='bbox 443 4107 783 4175; x_wconf 85' lang='lat' dir='ltr'>constituta,</span> <span class='ocrx_word' id='word_1_481' title='bbox 803 4113 859 4164; x_wconf 90' lang='lat' dir='ltr'>et</span> <span class='ocrx_word' id='word_1_482' title='bbox 885 4108 1124 4167; x_wconf 89' lang='lat' dir='ltr'>decreta</span> <span class='ocrx_word' id='word_1_483' title='bbox 1144 4114 1557 4167; x_wconf 83' lang='lat' dir='ltr'>Romanorum</span> <span class='ocrx_word' id='word_1_484' title='bbox 1579 4114 1952 4185; x_wconf 88' lang='lat' dir='ltr'>pontiﬁcum,</span> <span class='ocrx_word' id='word_1_485' title='bbox 1976 4132 2105 4189; x_wconf 90' lang='lat' dir='ltr'>per-</span> 
     </span>
    </p>
   </div>
   <div class='ocr_carea' id='block_1_75' title="bbox 443 4193 2101 4272">
    <p class='ocr_par' dir='ltr' id='par_1_75' title="bbox 443 4193 2101 4272">
     <span class='ocr_line' id='line_1_75' title="bbox 443 4193 2101 4272; baseline 0.006 -19"><span class='ocrx_word' id='word_1_486' title='bbox 443 4193 717 4253; x_wconf 84' lang='lat' dir='ltr'>tinaciter</span> <span class='ocrx_word' id='word_1_487' title='bbox 757 4196 973 4253; x_wconf 86' lang='lat' dir='ltr'>inferre</span> <span class='ocrx_word' id='word_1_488' title='bbox 1014 4203 1362 4272; x_wconf 71' lang='lat' dir='ltr'>praesumat,</span> <span class='ocrx_word' id='word_1_489' title='bbox 1390 4216 1529 4257; x_wconf 91' lang='lat' dir='ltr'>cum</span> <span class='ocrx_word' id='word_1_490' title='bbox 1577 4196 1974 4261; x_wconf 85' lang='lat' dir='ltr'>anathematis</span> <span class='ocrx_word' id='word_1_491' title='bbox 2012 4207 2101 4262; x_wconf 89' lang='lat' dir='ltr'>in-</span> 
     </span>
    </p>
   </div>
   <div class='ocr_carea' id='block_1_76' title="bbox 441 4283 2101 4368">
    <p class='ocr_par' dir='ltr' id='par_1_76' title="bbox 441 4283 2101 4368">
     <span class='ocr_line' id='line_1_76' title="bbox 441 4283 2101 4368; baseline 0.007 -28"><span class='ocrx_word' id='word_1_492' title='bbox 441 4283 829 4355; x_wconf 85' lang='lat' dir='ltr'>terpositione</span> <span class='ocrx_word' id='word_1_493' title='bbox 858 4290 1066 4342; x_wconf 88' lang='lat' dir='ltr'>nostra</span> <span class='ocrx_word' id='word_1_494' title='bbox 1095 4287 1447 4358; x_wconf 89' lang='lat' dir='ltr'>apostolica,</span> <span class='ocrx_word' id='word_1_495' title='bbox 1491 4295 1546 4347; x_wconf 89' lang='lat' dir='ltr'>et</span> <span class='ocrx_word' id='word_1_496' title='bbox 1588 4291 1749 4350; x_wconf 86' lang='lat' dir='ltr'>beati</span> <span class='ocrx_word' id='word_1_497' title='bbox 1778 4295 1924 4350; x_wconf 84' lang='lat' dir='ltr'>Petri</span> <span class='ocrx_word' id='word_1_498' title='bbox 1955 4312 2101 4368; x_wconf 89' lang='lat' dir='ltr'>apo-</span> 
     </span>
    </p>
   </div>
   <div class='ocr_carea' id='block_1_77' title="bbox 444 4370 2105 4456">
    <p class='ocr_par' dir='ltr' id='par_1_77' title="bbox 444 4370 2105 4456">
     <span class='ocr_line' id='line_1_77' title="bbox 444 4370 2105 4456; baseline 0.008 -29"><span class='ocrx_word' id='word_1_499' title='bbox 444 4370 738 4429; x_wconf 87' lang='lat' dir='ltr'>stolorum</span> <span class='ocrx_word' id='word_1_500' title='bbox 767 4373 1055 4447; x_wconf 90' lang='lat' dir='ltr'>principis</span> <span class='ocrx_word' id='word_1_501' title='bbox 1087 4378 1453 4447; x_wconf 89' lang='lat' dir='ltr'>auctoritate,</span> <span class='ocrx_word' id='word_1_502' title='bbox 1477 4382 1891 4452; x_wconf 82' lang='lat' dir='ltr'>prohibemus.</span> <span class='ocrx_word' id='word_1_503' title='bbox 1926 4386 2105 4456; x_wconf 89' lang='lat' dir='ltr'>Opta-</span> 
     </span>
    </p>
   </div>
   <div class='ocr_carea' id='block_1_78' title="bbox 443 4460 2104 4531">
    <p class='ocr_par' dir='ltr' id='par_1_78' title="bbox 443 4460 2104 4531">
     <span class='ocr_line' id='line_1_78' title="bbox 443 4460 2104 4531; baseline 0.007 -13"><span class='ocrx_word' id='word_1_504' title='bbox 443 4476 584 4518; x_wconf 89' lang='lat' dir='ltr'>mus</span> <span class='ocrx_word' id='word_1_505' title='bbox 613 4460 1042 4531; x_wconf 73' lang='lat' dir='ltr'>fraternitatcm</span> <span class='ocrx_word' id='word_1_506' title='bbox 1072 4468 1241 4522; x_wconf 91' lang='lat' dir='ltr'>tuam</span> <span class='ocrx_word' id='word_1_507' title='bbox 1290 4466 1351 4523; x_wconf 91' lang='lat' dir='ltr'>in</span> <span class='ocrx_word' id='word_1_508' title='bbox 1400 4468 1630 4525; x_wconf 84' lang='lat' dir='ltr'>Christo</span> <span class='ocrx_word' id='word_1_509' title='bbox 1660 4487 1824 4528; x_wconf 91' lang='lat' dir='ltr'>nunc</span> <span class='ocrx_word' id='word_1_510' title='bbox 1866 4477 1923 4529; x_wconf 88' lang='lat' dir='ltr'>et</span> <span class='ocrx_word' id='word_1_511' title='bbox 1952 4487 2104 4529; x_wconf 92' lang='lat' dir='ltr'>sem-</span> 
     </span>
    </p>
   </div>
   <div class='ocr_carea' id='block_1_79' title="bbox 443 4549 979 4624">
    <p class='ocr_par' dir='ltr' id='par_1_79' title="bbox 443 4549 979 4624">
     <span class='ocr_line' id='line_1_79' title="bbox 443 4549 979 4624; baseline 0.006 -17"><span class='ocrx_word' id='word_1_512' title='bbox 443 4564 557 4624; x_wconf 89' lang='lat' dir='ltr'>per</span> <span class='ocrx_word' id='word_1_513' title='bbox 576 4549 732 4618; x_wconf 84' lang='lat' dir='ltr'>bene</span> <span class='ocrx_word' id='word_1_514' title='bbox 760 4551 979 4621; x_wconf 83' lang='lat' dir='ltr'>valere.</span> 
     </span>
    </p>
   </div>
   <div class='ocr_carea' id='block_1_80' title="bbox 1053 4644 1495 4702">
    <p class='ocr_par' dir='ltr' id='par_1_80' title="bbox 1053 4644 1495 4702">
     <span class='ocr_line' id='line_1_80' title="bbox 1053 4644 1495 4702; baseline 0.005 -3"><span class='ocrx_word' id='word_1_515' title='bbox 1053 4644 1391 4702; x_wconf 80' lang='lat' dir='ltr'>EPISTOLA</span> <span class='ocrx_word' id='word_1_516' title='bbox 1429 4648 1495 4702; x_wconf 86' lang='lat' dir='ltr'>ll.</span> 
     </span>
    </p>
   </div>
   <div class='ocr_carea' id='block_1_81' title="bbox 575 4753 1969 4802">
    <p class='ocr_par' dir='ltr' id='par_1_81' title="bbox 575 4753 1969 4802">
     <span class='ocr_line' id='line_1_81' title="bbox 575 4753 1969 4802; baseline 0.004 -8"><span class='ocrx_word' id='word_1_517' title='bbox 575 4753 649 4795; x_wconf 73' lang='lat' dir='ltr'><strong>AD</strong></span> <span class='ocrx_word' id='word_1_518' title='bbox 685 4754 987 4798; x_wconf 71' lang='lat' dir='ltr'>EPISCOPOS</span> <span class='ocrx_word' id='word_1_519' title='bbox 1025 4757 1081 4799; x_wconf 78' lang='lat' dir='ltr'>IN</span> <span class='ocrx_word' id='word_1_520' title='bbox 1119 4758 1297 4799; x_wconf 77' lang='lat' dir='ltr'>REGNO</span> <span class='ocrx_word' id='word_1_521' title='bbox 1337 4759 1537 4800; x_wconf 75' lang='lat' dir='ltr'>CAROLI</span> <span class='ocrx_word' id='word_1_522' title='bbox 1576 4760 1969 4802; x_wconf 63' lang='lat' dir='ltr'>COﬁSTlTUTOS.</span> 
     </span>
    </p>
   </div>
   <div class='ocr_carea' id='block_1_82' title="bbox 442 4826 2107 4905">
    <p class='ocr_par' dir='ltr' id='par_1_82' title="bbox 442 4826 2107 4905">
     <span class='ocr_line' id='line_1_82' title="bbox 442 4826 2107 4905; baseline 0.005 -20"><span class='ocrx_word' id='word_1_523' title='bbox 442 4826 761 4905; x_wconf 64' lang='lat' dir='ltr'>Aduersus</span> <span class='ocrx_word' id='word_1_524' title='bbox 794 4831 1132 4889; x_wconf 77' lang='lat' dir='ltr'>Hubertum</span> <span class='ocrx_word' id='word_1_525' title='bbox 1189 4835 1497 4901; x_wconf 77' lang='lat' dir='ltr'>clericum,</span> <span class='ocrx_word' id='word_1_526' title='bbox 1522 4840 1587 4889; x_wconf 77' lang='lat' dir='ltr'>ut</span> <span class='ocrx_word' id='word_1_527' title='bbox 1636 4836 1805 4905; x_wconf 80' lang='lat' dir='ltr'>infra</span> <span class='ocrx_word' id='word_1_528' title='bbox 1835 4837 1957 4891; x_wconf 70' lang='lat' dir='ltr'>dies</span> <span class='ocrx_word' id='word_1_529' title='bbox 2001 4840 2107 4894; x_wconf 81' lang='lat' dir='ltr'>tri-</span> 
     </span>
    </p>
   </div>
   <div class='ocr_carea' id='block_1_83' title="bbox 513 4901 2106 4977">
    <p class='ocr_par' dir='ltr' id='par_1_83' title="bbox 513 4901 2106 4977">
     <span class='ocr_line' id='line_1_83' title="bbox 513 4901 2106 4977; baseline 0.006 -22"><span class='ocrx_word' id='word_1_530' title='bbox 513 4901 698 4977; x_wconf 65' lang='lat' dir='ltr'>ginta</span> <span class='ocrx_word' id='word_1_531' title='bbox 718 4902 967 4977; x_wconf 64' lang='lat' dir='ltr'>[tamam</span> <span class='ocrx_word' id='word_1_532' title='bbox 997 4905 1218 4969; x_wconf 82' lang='lat' dir='ltr'>veniat,</span> <span class='ocrx_word' id='word_1_533' title='bbox 1249 4905 1323 4960; x_wconf 84' lang='lat' dir='ltr'>de</span> <span class='ocrx_word' id='word_1_534' title='bbox 1346 4901 1705 4961; x_wconf 75' lang='lat' dir='ltr'>criminibus</span> <span class='ocrx_word' id='word_1_535' title='bbox 1730 4921 1981 4977; x_wconf 79' lang='lat' dir='ltr'>quorum</span> <span class='ocrx_word' id='word_1_536' title='bbox 2013 4910 2106 4965; x_wconf 78' lang='lat' dir='ltr'>in-</span> 
     </span>
    </p>
   </div>
   <div class='ocr_carea' id='block_1_84' title="bbox 514 4973 1369 5045">
    <p class='ocr_par' dir='ltr' id='par_1_84' title="bbox 514 4973 1369 5045">
     <span class='ocr_line' id='line_1_84' title="bbox 514 4973 1369 5045; baseline 0.002 -18"><span class='ocrx_word' id='word_1_537' title='bbox 514 4973 923 5030; x_wconf 74' lang='lat' dir='ltr'>simulabatur</span> <span class='ocrx_word' id='word_1_538' title='bbox 951 4990 1369 5045; x_wconf 80' lang='lat' dir='ltr'>responsurus.</span> 
     </span>
    </p>
   </div>
   <div class='ocr_carea' id='block_1_85' title="bbox 516 5067 2108 5145">
    <p class='ocr_par' dir='ltr' id='par_1_85' title="bbox 516 5067 2108 5145">
     <span class='ocr_line' id='line_1_85' title="bbox 516 5067 2108 5145; baseline 0.009 -25"><span class='ocrx_word' id='word_1_539' title='bbox 516 5067 862 5126; x_wconf 69' lang='lat' dir='ltr'>ansmcrus</span> <span class='ocrx_word' id='word_1_540' title='bbox 903 5072 1243 5145; x_wconf 86' lang='lat' dir='ltr'>episoOpus,</span> <span class='ocrx_word' id='word_1_541' title='bbox 1278 5088 1486 5127; x_wconf 86' lang='lat' dir='ltr'>servus</span> <span class='ocrx_word' id='word_1_542' title='bbox 1532 5088 1846 5131; x_wconf 89' lang='lat' dir='ltr'>servorum</span> <span class='ocrx_word' id='word_1_543' title='bbox 1890 5077 1989 5134; x_wconf 92' lang='lat' dir='ltr'>Dei</span> <span class='ocrx_word' id='word_1_544' title='bbox 2017 5093 2108 5135; x_wconf 88' lang='lat' dir='ltr'>re-</span> 
     </span>
    </p>
   </div>
   <div class='ocr_carea' id='block_1_86' title="bbox 441 5156 2105 5239">
    <p class='ocr_par' dir='ltr' id='par_1_86' title="bbox 441 5156 2105 5239">
     <span class='ocr_line' id='line_1_86' title="bbox 441 5156 2105 5239; baseline 0.007 -27"><span class='ocrx_word' id='word_1_545' title='bbox 441 5156 868 5212; x_wconf 83' lang='lat' dir='ltr'>verentissimis</span> <span class='ocrx_word' id='word_1_546' title='bbox 916 5163 973 5214; x_wconf 89' lang='lat' dir='ltr'>et</span> <span class='ocrx_word' id='word_1_547' title='bbox 1015 5160 1409 5217; x_wconf 87' lang='lat' dir='ltr'>sanctissimis</span> <span class='ocrx_word' id='word_1_548' title='bbox 1460 5162 1930 5239; x_wconf 84' lang='lat' dir='ltr'>archiepiscopis</span> <span class='ocrx_word' id='word_1_549' title='bbox 1957 5184 2105 5224; x_wconf 89' lang='lat' dir='ltr'>cun-</span> 
     </span>
    </p>
   </div>
   <div class='ocr_carea' id='block_1_87' title="bbox 441 5246 2106 5327">
    <p class='ocr_par' dir='ltr' id='par_1_87' title="bbox 441 5246 2106 5327">
     <span class='ocr_line' id='line_1_87' title="bbox 441 5246 2106 5327; baseline 0.008 -24"><span class='ocrx_word' id='word_1_550' title='bbox 441 5246 672 5321; x_wconf 84' lang='lat' dir='ltr'>ctisque</span> <span class='ocrx_word' id='word_1_551' title='bbox 711 5247 1010 5322; x_wconf 87' lang='lat' dir='ltr'>episcopis</span> <span class='ocrx_word' id='word_1_552' title='bbox 1042 5250 1102 5307; x_wconf 89' lang='lat' dir='ltr'>in</span> <span class='ocrx_word' id='word_1_553' title='bbox 1133 5250 1327 5307; x_wconf 89' lang='lat' dir='ltr'>Caroli</span> <span class='ocrx_word' id='word_1_554' title='bbox 1347 5251 1590 5322; x_wconf 84' lang='lat' dir='ltr'>gloriosi</span> <span class='ocrx_word' id='word_1_555' title='bbox 1620 5254 1777 5326; x_wconf 85' lang='lat' dir='ltr'>regis</span> <span class='ocrx_word' id='word_1_556' title='bbox 1806 5273 1949 5327; x_wconf 87' lang='lat' dir='ltr'>rego</span> <span class='ocrx_word' id='word_1_557' title='bbox 1978 5275 2106 5316; x_wconf 84' lang='lat' dir='ltr'>mo-</span> 
     </span>
    </p>
   </div>
   <div class='ocr_carea' id='block_1_88' title="bbox 439 5338 740 5396">
    <p class='ocr_par' dir='ltr' id='par_1_88' title="bbox 439 5338 740 5396">
     <span class='ocr_line' id='line_1_88' title="bbox 439 5338 740 5396; baseline -0.007 0"><span class='ocrx_word' id='word_1_558' title='bbox 439 5338 740 5396; x_wconf 83' lang='lat' dir='ltr'>rantibus.</span> 
     </span>
    </p>
   </div>
   <div class='ocr_carea' id='block_1_89' title="bbox 512 5431 2103 5505">
    <p class='ocr_par' dir='ltr' id='par_1_89' title="bbox 512 5431 2103 5505">
     <span class='ocr_line' id='line_1_89' title="bbox 512 5431 2103 5505; baseline 0.009 -21"><span class='ocrx_word' id='word_1_559' title='bbox 512 5431 820 5487; x_wconf 88' lang='lat' dir='ltr'>Bonorum</span> <span class='ocrx_word' id='word_1_560' title='bbox 862 5447 1103 5505; x_wconf 88' lang='lat' dir='ltr'>semper</span> <span class='ocrx_word' id='word_1_561' title='bbox 1130 5431 1492 5490; x_wconf 88' lang='lat' dir='ltr'>innovamur</span> <span class='ocrx_word' id='word_1_562' title='bbox 1522 5437 1750 5504; x_wconf 91' lang='lat' dir='ltr'>auditu,</span> <span class='ocrx_word' id='word_1_563' title='bbox 1783 5444 1839 5496; x_wconf 92' lang='lat' dir='ltr'>et</span> <span class='ocrx_word' id='word_1_564' title='bbox 1869 5441 2103 5497; x_wconf 88' lang='lat' dir='ltr'>actibus</span> 
     </span>
    </p>
   </div>
   <div class='ocr_carea' id='block_1_90' title="bbox 438 5517 2103 5603">
    <p class='ocr_par' dir='ltr' id='par_1_90' title="bbox 438 5517 2103 5603">
     <span class='ocr_line' id='line_1_90' title="bbox 438 5517 2103 5603; baseline 0.008 -27"><span class='ocrx_word' id='word_1_565' title='bbox 438 5517 859 5577; x_wconf 88' lang='lat' dir='ltr'>hilarescimus</span> <span class='ocrx_word' id='word_1_566' title='bbox 904 5525 1093 5577; x_wconf 90' lang='lat' dir='ltr'>Deum</span> <span class='ocrx_word' id='word_1_567' title='bbox 1138 5520 1532 5596; x_wconf 84' lang='lat' dir='ltr'>diligentium,</span> <span class='ocrx_word' id='word_1_568' title='bbox 1582 5529 1787 5586; x_wconf 89' lang='lat' dir='ltr'>animo</span> <span class='ocrx_word' id='word_1_569' title='bbox 1840 5546 2103 5603; x_wconf 90' lang='lat' dir='ltr'>superna</span> 
     </span>
    </p>
   </div>
   <div class='ocr_carea' id='block_1_91' title="bbox 437 5609 2100 5695">
    <p class='ocr_par' dir='ltr' id='par_1_91' title="bbox 437 5609 2100 5695">
     <span class='ocr_line' id='line_1_91' title="bbox 437 5609 2100 5695; baseline 0.01 -32"><span class='ocrx_word' id='word_1_570' title='bbox 437 5609 814 5681; x_wconf 77' lang='lat' dir='ltr'>ponentium,</span> <span class='ocrx_word' id='word_1_571' title='bbox 864 5627 1020 5683; x_wconf 89' lang='lat' dir='ltr'>quos</span> <span class='ocrx_word' id='word_1_572' title='bbox 1066 5611 1374 5671; x_wconf 88' lang='lat' dir='ltr'>beatitudo</span> <span class='ocrx_word' id='word_1_573' title='bbox 1431 5617 1714 5676; x_wconf 89' lang='lat' dir='ltr'>sublimat</span> <span class='ocrx_word' id='word_1_574' title='bbox 1773 5620 2100 5695; x_wconf 88' lang='lat' dir='ltr'>divinoque</span> 
     </span>
    </p>
   </div>
   <div class='ocr_carea' id='block_1_92' title="bbox 509 5715 1337 5791">
    <p class='ocr_par' dir='ltr' id='par_1_92' title="bbox 509 5715 1337 5791">
     <span class='ocr_line' id='line_1_92' title="bbox 509 5715 1337 5791; baseline -0.008 -18"><span class='ocrx_word' id='word_1_575' title='bbox 509 5724 535 5791; x_wconf 63' lang='grc' dir='ltr'><em>ξ</em></span> <span class='ocrx_word' id='word_1_576' title='bbox 568 5715 696 5791; x_wconf 79' lang='lat' dir='ltr'>_I_vo,</span> <span class='ocrx_word' id='word_1_577' title='bbox 726 5720 898 5787; x_wconf 89' lang='lat' dir='ltr'>parte</span> <span class='ocrx_word' id='word_1_578' title='bbox 921 5733 1003 5788; x_wconf 85' lang='lat' dir='ltr'>1v,</span> <span class='ocrx_word' id='word_1_579' title='bbox 1035 5733 1171 5791; x_wconf 83' lang='lat' dir='ltr'>cap.</span> <span class='ocrx_word' id='word_1_580' title='bbox 1218 5719 1337 5780; x_wconf 71' lang='lat'>156,</span> 
     </span>
    </p>
   </div>
   <div class='ocr_carea' id='block_1_93' title="bbox 508 5785 1442 5864">
    <p class='ocr_par' dir='ltr' id='par_1_93' title="bbox 508 5785 1442 5864">
     <span class='ocr_line' id='line_1_93' title="bbox 508 5785 1442 5864; baseline 0.013 -23"><span class='ocrx_word' id='word_1_581' title='bbox 508 5785 539 5828; x_wconf 73' lang='grc' dir='ltr'>δ</span> <span class='ocrx_word' id='word_1_582' title='bbox 566 5785 943 5861; x_wconf 72' lang='lat' dir='ltr'>Hincinarus,</span> <span class='ocrx_word' id='word_1_583' title='bbox 973 5785 1143 5864; x_wconf 68' lang='lat' dir='ltr'>epist.</span> <span class='ocrx_word' id='word_1_584' title='bbox 1177 5793 1228 5864; x_wconf 86' lang='lat'>6,</span> <span class='ocrx_word' id='word_1_585' title='bbox 1259 5807 1317 5862; x_wconf 85' lang='lat' dir='ltr'>c,</span> <span class='ocrx_word' id='word_1_586' title='bbox 1345 5796 1442 5854; x_wconf 79' lang='grc'>21.</span> 
     </span>
    </p>
   </div>
   <div class='ocr_carea' id='block_1_94' title="bbox 2130 4519 2180 4575">
    <p class='ocr_par' dir='ltr' id='par_1_94' title="bbox 2130 4519 2180 4575">
     <span class='ocr_line' id='line_1_94' title="bbox 2130 4519 2180 4575; baseline 0 0"><span class='ocrx_word' id='word_1_587' title='bbox 2130 4519 2180 4575; x_wconf 89' lang='lat' dir='ltr'><strong>D</strong></span> 
     </span>
    </p>
   </div>
   <div class='ocr_carea' id='block_1_95' title="bbox 2215 3216 3855 3289">
    <p class='ocr_par' dir='ltr' id='par_1_95' title="bbox 2215 3216 3855 3289">
     <span class='ocr_line' id='line_1_95' title="bbox 2215 3216 3855 3289; baseline 0.002 -19"><span class='ocrx_word' id='word_1_588' title='bbox 2215 3216 2635 3272; x_wconf 84' lang='lat' dir='ltr'>sustentabiles</span> <span class='ocrx_word' id='word_1_589' title='bbox 2678 3222 3019 3289; x_wconf 86' lang='lat' dir='ltr'>perpetrare</span> <span class='ocrx_word' id='word_1_590' title='bbox 3066 3234 3188 3275; x_wconf 90' lang='lat' dir='ltr'>non</span> <span class='ocrx_word' id='word_1_591' title='bbox 3237 3225 3447 3277; x_wconf 87' lang='lat' dir='ltr'>cesset.</span> <span class='ocrx_word' id='word_1_592' title='bbox 3492 3224 3624 3279; x_wconf 82' lang='lat' dir='ltr'>Non</span> <span class='ocrx_word' id='word_1_593' title='bbox 3677 3218 3855 3277; x_wconf 86' lang='lat' dir='ltr'>solum</span> 
     </span>
    </p>
   </div>
   <div class='ocr_carea' id='block_1_96' title="bbox 2212 3304 3853 3378">
    <p class='ocr_par' dir='ltr' id='par_1_96' title="bbox 2212 3304 3853 3378">
     <span class='ocr_line' id='line_1_96' title="bbox 2212 3304 3853 3378; baseline 0.001 -19"><span class='ocrx_word' id='word_1_594' title='bbox 2212 3304 2358 3375; x_wconf 64' lang='lat' dir='ltr'>haec,</span> <span class='ocrx_word' id='word_1_595' title='bbox 2391 3306 2498 3360; x_wconf 89' lang='lat' dir='ltr'>sed</span> <span class='ocrx_word' id='word_1_596' title='bbox 2544 3311 2601 3361; x_wconf 88' lang='lat' dir='ltr'>et</span> <span class='ocrx_word' id='word_1_597' title='bbox 2642 3304 2915 3378; x_wconf 89' lang='lat' dir='ltr'>plurimis</span> <span class='ocrx_word' id='word_1_598' title='bbox 2946 3308 3125 3363; x_wconf 86' lang='lat' dir='ltr'>etiam</span> <span class='ocrx_word' id='word_1_599' title='bbox 3177 3307 3626 3365; x_wconf 80' lang='lat' dir='ltr'>afﬁrmantibus</span> <span class='ocrx_word' id='word_1_600' title='bbox 3649 3308 3853 3365; x_wconf 86' lang='lat' dir='ltr'>didice-</span> 
     </span>
    </p>
   </div>
   <div class='ocr_carea' id='block_1_97' title="bbox 2211 3394 3854 3472">
    <p class='ocr_par' dir='ltr' id='par_1_97' title="bbox 2211 3394 3854 3472">
     <span class='ocr_line' id='line_1_97' title="bbox 2211 3394 3854 3472; baseline 0 -23"><span class='ocrx_word' id='word_1_601' title='bbox 2211 3399 2369 3463; x_wconf 91' lang='lat' dir='ltr'>runt,</span> <span class='ocrx_word' id='word_1_602' title='bbox 2401 3394 2566 3467; x_wconf 91' lang='lat' dir='ltr'>quod</span> <span class='ocrx_word' id='word_1_603' title='bbox 2599 3395 3034 3451; x_wconf 87' lang='lat' dir='ltr'>monasterium</span> <span class='ocrx_word' id='word_1_604' title='bbox 3086 3396 3276 3453; x_wconf 88' lang='lat' dir='ltr'>sancti</span> <span class='ocrx_word' id='word_1_605' title='bbox 3306 3397 3671 3472; x_wconf 84' lang='lat' dir='ltr'>gloriosique</span> <span class='ocrx_word' id='word_1_606' title='bbox 3715 3400 3854 3454; x_wconf 87' lang='lat' dir='ltr'>Mau-</span> 
     </span>
    </p>
   </div>
   <div class='ocr_carea' id='block_1_98' title="bbox 2213 3482 3851 3561">
    <p class='ocr_par' dir='ltr' id='par_1_98' title="bbox 2213 3482 3851 3561">
     <span class='ocr_line' id='line_1_98' title="bbox 2213 3482 3851 3561; baseline 0.007 -23"><span class='ocrx_word' id='word_1_607' title='bbox 2213 3483 2326 3539; x_wconf 85' lang='lat' dir='ltr'>ritii</span> <span class='ocrx_word' id='word_1_608' title='bbox 2354 3482 2659 3556; x_wconf 82' lang='lat' dir='ltr'>martyris,</span> <span class='ocrx_word' id='word_1_609' title='bbox 2683 3485 3025 3559; x_wconf 86' lang='lat' dir='ltr'>apostolicis</span> <span class='ocrx_word' id='word_1_610' title='bbox 3051 3486 3373 3561; x_wconf 82' lang='lat' dir='ltr'>privilegiis</span> <span class='ocrx_word' id='word_1_611' title='bbox 3401 3488 3725 3556; x_wconf 77' lang='lat' dir='ltr'>munitum,</span> <span class='ocrx_word' id='word_1_612' title='bbox 3744 3489 3851 3549; x_wconf 71' lang='lat' dir='ltr'>tan-</span> 
     </span>
    </p>
   </div>
   <div class='ocr_carea' id='block_1_99' title="bbox 2215 3573 3850 3650">
    <p class='ocr_par' dir='ltr' id='par_1_99' title="bbox 2215 3573 3850 3650">
     <span class='ocr_line' id='line_1_99' title="bbox 2215 3573 3850 3650; baseline 0.001 -24"><span class='ocrx_word' id='word_1_613' title='bbox 2215 3577 2276 3627; x_wconf 91' lang='lat' dir='ltr'>ta</span> <span class='ocrx_word' id='word_1_614' title='bbox 2322 3573 2623 3628; x_wconf 90' lang='lat' dir='ltr'>ferocitate</span> <span class='ocrx_word' id='word_1_615' title='bbox 2666 3575 2930 3648; x_wconf 89' lang='lat' dir='ltr'>pervasit</span> <span class='ocrx_word' id='word_1_616' title='bbox 2964 3581 3027 3631; x_wconf 90' lang='lat' dir='ltr'>ut</span> <span class='ocrx_word' id='word_1_617' title='bbox 3070 3575 3273 3631; x_wconf 91' lang='lat' dir='ltr'>nullus</span> <span class='ocrx_word' id='word_1_618' title='bbox 3313 3582 3442 3647; x_wconf 87' lang='lat' dir='ltr'>jam</span> <span class='ocrx_word' id='word_1_619' title='bbox 3490 3578 3700 3650; x_wconf 70' lang='lat' dir='ltr'>priscae</span> <span class='ocrx_word' id='word_1_620' title='bbox 3735 3573 3850 3631; x_wconf 88' lang='lat' dir='ltr'>reli-</span> 
     </span>
    </p>
   </div>
   <div class='ocr_carea' id='block_1_100' title="bbox 2214 3652 3849 3738">
    <p class='ocr_par' dir='ltr' id='par_1_100' title="bbox 2214 3652 3849 3738">
     <span class='ocr_line' id='line_1_100' title="bbox 2214 3652 3849 3738; baseline 0.002 -24"><span class='ocrx_word' id='word_1_621' title='bbox 2214 3660 2409 3730; x_wconf 88' lang='lat' dir='ltr'>gionis</span> <span class='ocrx_word' id='word_1_622' title='bbox 2441 3662 2502 3716; x_wconf 88' lang='lat' dir='ltr'>in</span> <span class='ocrx_word' id='word_1_623' title='bbox 2535 3678 2605 3717; x_wconf 90' lang='lat' dir='ltr'>eo</span> <span class='ocrx_word' id='word_1_624' title='bbox 2645 3662 2795 3718; x_wconf 90' lang='lat' dir='ltr'>ordo</span> <span class='ocrx_word' id='word_1_625' title='bbox 2828 3669 3111 3720; x_wconf 86' lang='lat' dir='ltr'>servetur.</span> <span class='ocrx_word' id='word_1_626' title='bbox 3135 3667 3285 3721; x_wconf 90' lang='lat' dir='ltr'>Nam</span> <span class='ocrx_word' id='word_1_627' title='bbox 3313 3663 3417 3721; x_wconf 88' lang='lat' dir='ltr'>illa</span> <span class='ocrx_word' id='word_1_628' title='bbox 3443 3652 3579 3738; x_wconf 51' lang='lat' dir='ltr'>quas.</span> <span class='ocrx_word' id='word_1_629' title='bbox 3616 3669 3730 3722; x_wconf 92' lang='lat' dir='ltr'>Deo</span> <span class='ocrx_word' id='word_1_630' title='bbox 3756 3661 3849 3718; x_wconf 86' lang='lat' dir='ltr'>ibi-</span> 
     </span>
    </p>
   </div>
   <div class='ocr_carea' id='block_1_101' title="bbox 2214 3748 3845 3826">
    <p class='ocr_par' dir='ltr' id='par_1_101' title="bbox 2214 3748 3845 3826">
     <span class='ocr_line' id='line_1_101' title="bbox 2214 3748 3845 3826; baseline 0.005 -21"><span class='ocrx_word' id='word_1_631' title='bbox 2214 3748 2351 3805; x_wconf 91' lang='lat' dir='ltr'>dem</span> <span class='ocrx_word' id='word_1_632' title='bbox 2382 3749 2817 3808; x_wconf 86' lang='lat' dir='ltr'>famulantibus</span> <span class='ocrx_word' id='word_1_633' title='bbox 2855 3768 2929 3808; x_wconf 82' lang='lat' dir='ltr'>ex</span> <span class='ocrx_word' id='word_1_634' title='bbox 2972 3768 3087 3826; x_wconf 91' lang='lat' dir='ltr'>ope</span> <span class='ocrx_word' id='word_1_635' title='bbox 3129 3753 3319 3826; x_wconf 86' lang='lat' dir='ltr'>ipsius</span> <span class='ocrx_word' id='word_1_636' title='bbox 3357 3755 3845 3813; x_wconf 75' lang='lat' dir='ltr'>ministrabantur.</span> 
     </span>
    </p>
   </div>
   <div class='ocr_carea' id='block_1_102' title="bbox 2215 3839 3848 3915">
    <p class='ocr_par' dir='ltr' id='par_1_102' title="bbox 2215 3839 3848 3915">
     <span class='ocr_line' id='line_1_102' title="bbox 2215 3839 3848 3915; baseline 0.001 -24"><span class='ocrx_word' id='word_1_637' title='bbox 2215 3852 2375 3892; x_wconf 87' lang='lat' dir='ltr'>nunc</span> <span class='ocrx_word' id='word_1_638' title='bbox 2407 3840 2844 3909; x_wconf 86' lang='lat' dir='ltr'>meretricibus,</span> <span class='ocrx_word' id='word_1_639' title='bbox 2867 3841 3142 3911; x_wconf 91' lang='lat' dir='ltr'>canibus,</span> <span class='ocrx_word' id='word_1_640' title='bbox 3167 3848 3347 3915; x_wconf 90' lang='lat' dir='ltr'>atque</span> <span class='ocrx_word' id='word_1_641' title='bbox 3379 3843 3617 3910; x_wconf 86' lang='lat' dir='ltr'>avibus,</span> <span class='ocrx_word' id='word_1_642' title='bbox 3636 3839 3848 3914; x_wconf 87' lang='lat' dir='ltr'>nequis-</span> 
     </span>
    </p>
   </div>
   <div class='ocr_carea' id='block_1_103' title="bbox 2216 3924 3849 4005">
    <p class='ocr_par' dir='ltr' id='par_1_103' title="bbox 2216 3924 3849 4005">
     <span class='ocr_line' id='line_1_103' title="bbox 2216 3924 3849 4005; baseline 0.002 -27"><span class='ocrx_word' id='word_1_643' title='bbox 2216 3924 2381 3989; x_wconf 82' lang='lat' dir='ltr'>simis</span> <span class='ocrx_word' id='word_1_644' title='bbox 2406 3942 2643 3982; x_wconf 87' lang='lat' dir='ltr'>necnon</span> <span class='ocrx_word' id='word_1_645' title='bbox 2677 3928 3024 3985; x_wconf 89' lang='lat' dir='ltr'>hominibus</span> <span class='ocrx_word' id='word_1_646' title='bbox 3050 3947 3160 3986; x_wconf 90' lang='lat' dir='ltr'>sua</span> <span class='ocrx_word' id='word_1_647' title='bbox 3173 3930 3508 4001; x_wconf 88' lang='lat' dir='ltr'>largiuntur</span> <span class='ocrx_word' id='word_1_648' title='bbox 3534 3929 3849 4005; x_wconf 65' lang='lat' dir='ltr'>praceptio-</span> 
     </span>
    </p>
   </div>
   <div class='ocr_carea' id='block_1_104' title="bbox 2214 4015 3847 4088">
    <p class='ocr_par' dir='ltr' id='par_1_104' title="bbox 2214 4015 3847 4088">
     <span class='ocr_line' id='line_1_104' title="bbox 2214 4015 3847 4088; baseline 0.004 -19"><span class='ocrx_word' id='word_1_649' title='bbox 2214 4030 2309 4070; x_wconf 91' lang='lat' dir='ltr'>ne.</span> <span class='ocrx_word' id='word_1_650' title='bbox 2345 4015 2529 4088; x_wconf 90' lang='lat' dir='ltr'>quue</span> <span class='ocrx_word' id='word_1_651' title='bbox 2578 4019 3009 4074; x_wconf 88' lang='lat' dir='ltr'>monasterium</span> <span class='ocrx_word' id='word_1_652' title='bbox 3055 4020 3134 4075; x_wconf 91' lang='lat' dir='ltr'>ab</span> <span class='ocrx_word' id='word_1_653' title='bbox 3183 4020 3443 4078; x_wconf 90' lang='lat' dir='ltr'>Ecclesia</span> <span class='ocrx_word' id='word_1_654' title='bbox 3485 4020 3738 4086; x_wconf 89' lang='lat' dir='ltr'>ﬁndens,</span> <span class='ocrx_word' id='word_1_655' title='bbox 3767 4015 3847 4071; x_wconf 82' lang='lat' dir='ltr'>Ai-</span> 
     </span>
    </p>
   </div>
   <div class='ocr_carea' id='block_1_105' title="bbox 2214 4107 3849 4183">
    <p class='ocr_par' dir='ltr' id='par_1_105' title="bbox 2214 4107 3849 4183">
     <span class='ocr_line' id='line_1_105' title="bbox 2214 4107 3849 4183; baseline 0.001 -22"><span class='ocrx_word' id='word_1_656' title='bbox 2214 4107 2479 4176; x_wconf 90' lang='lat' dir='ltr'>moinus,</span> <span class='ocrx_word' id='word_1_657' title='bbox 2525 4109 2620 4163; x_wconf 93' lang='lat' dir='ltr'>cui</span> <span class='ocrx_word' id='word_1_658' title='bbox 2664 4110 2982 4181; x_wconf 77' lang='lat' dir='ltr'>praesidere</span> <span class='ocrx_word' id='word_1_659' title='bbox 3022 4111 3339 4167; x_wconf 89' lang='lat' dir='ltr'>videbatur</span> <span class='ocrx_word' id='word_1_660' title='bbox 3379 4115 3647 4183; x_wconf 87' lang='lat' dir='ltr'>antistes,</span> <span class='ocrx_word' id='word_1_661' title='bbox 3678 4122 3849 4167; x_wconf 89' lang='lat' dir='ltr'>sacro-</span> 
     </span>
    </p>
   </div>
   <div class='ocr_carea' id='block_1_106' title="bbox 2212 4198 3851 4273">
    <p class='ocr_par' dir='ltr' id='par_1_106' title="bbox 2212 4198 3851 4273">
     <span class='ocr_line' id='line_1_106' title="bbox 2212 4198 3851 4273; baseline 0.003 -22"><span class='ocrx_word' id='word_1_662' title='bbox 2212 4213 2348 4252; x_wconf 90' lang='lat' dir='ltr'>rum</span> <span class='ocrx_word' id='word_1_663' title='bbox 2375 4213 2678 4254; x_wconf 88' lang='lat' dir='ltr'>canonum</span> <span class='ocrx_word' id='word_1_664' title='bbox 2702 4202 3063 4273; x_wconf 75' lang='lat' dir='ltr'>Petrumque</span> <span class='ocrx_word' id='word_1_665' title='bbox 3084 4200 3315 4258; x_wconf 84' lang='lat' dir='ltr'>violans</span> <span class='ocrx_word' id='word_1_666' title='bbox 3338 4198 3851 4265; x_wconf 79' lang='lat' dir='ltr'>sanctiones,de-</span> 
     </span>
    </p>
   </div>
   <div class='ocr_carea' id='block_1_107' title="bbox 2214 4288 3848 4364">
    <p class='ocr_par' dir='ltr' id='par_1_107' title="bbox 2214 4288 3848 4364">
     <span class='ocr_line' id='line_1_107' title="bbox 2214 4288 3848 4364; baseline 0 -23"><span class='ocrx_word' id='word_1_667' title='bbox 2214 4291 2417 4342; x_wconf 91' lang='lat' dir='ltr'>center</span> <span class='ocrx_word' id='word_1_668' title='bbox 2461 4288 2767 4359; x_wconf 86' lang='lat' dir='ltr'>possidere</span> <span class='ocrx_word' id='word_1_669' title='bbox 2812 4304 2936 4345; x_wconf 91' lang='lat' dir='ltr'>non</span> <span class='ocrx_word' id='word_1_670' title='bbox 2988 4290 3238 4347; x_wconf 86' lang='lat' dir='ltr'>dubitet.</span> <span class='ocrx_word' id='word_1_671' title='bbox 3274 4293 3339 4346; x_wconf 88' lang='lat' dir='ltr'>Et</span> <span class='ocrx_word' id='word_1_672' title='bbox 3386 4292 3531 4364; x_wconf 89' lang='lat' dir='ltr'>quia</span> <span class='ocrx_word' id='word_1_673' title='bbox 3574 4291 3848 4348; x_wconf 86' lang='lat' dir='ltr'>monaste-</span> 
     </span>
    </p>
   </div>
   <div class='ocr_carea' id='block_1_108' title="bbox 2214 4375 3851 4454">
    <p class='ocr_par' dir='ltr' id='par_1_108' title="bbox 2214 4375 3851 4454">
     <span class='ocr_line' id='line_1_108' title="bbox 2214 4375 3851 4454; baseline 0.002 -24"><span class='ocrx_word' id='word_1_674' title='bbox 2214 4375 2370 4431; x_wconf 90' lang='lat' dir='ltr'>rium</span> <span class='ocrx_word' id='word_1_675' title='bbox 2389 4376 2449 4431; x_wconf 92' lang='lat' dir='ltr'>in</span> <span class='ocrx_word' id='word_1_676' title='bbox 2467 4379 3044 4435; x_wconf 85' lang='lat' dir='ltr'>commemoratione</span> <span class='ocrx_word' id='word_1_677' title='bbox 3066 4378 3228 4435; x_wconf 85' lang='lat' dir='ltr'>beati</span> <span class='ocrx_word' id='word_1_678' title='bbox 3244 4379 3399 4436; x_wconf 88' lang='lat' dir='ltr'>Petri</span> <span class='ocrx_word' id='word_1_679' title='bbox 3416 4380 3670 4454; x_wconf 90' lang='lat' dir='ltr'>apostoli</span> <span class='ocrx_word' id='word_1_680' title='bbox 3688 4382 3851 4436; x_wconf 76' lang='lat' dir='ltr'>buxo-</span> 
     </span>
    </p>
   </div>
   <div class='ocr_carea' id='block_1_109' title="bbox 2219 4463 3847 4539">
    <p class='ocr_par' dir='ltr' id='par_1_109' title="bbox 2219 4463 3847 4539">
     <span class='ocr_line' id='line_1_109' title="bbox 2219 4463 3847 4539; baseline 0.001 -20"><span class='ocrx_word' id='word_1_681' title='bbox 2219 4463 2295 4519; x_wconf 90' lang='lat' dir='ltr'>vii</span> <span class='ocrx_word' id='word_1_682' title='bbox 2325 4466 2733 4534; x_wconf 90' lang='lat' dir='ltr'>constitutum,</span> <span class='ocrx_word' id='word_1_683' title='bbox 2783 4468 2955 4539; x_wconf 91' lang='lat' dir='ltr'>cujus</span> <span class='ocrx_word' id='word_1_684' title='bbox 3005 4468 3245 4525; x_wconf 90' lang='lat' dir='ltr'>claustri</span> <span class='ocrx_word' id='word_1_685' title='bbox 3293 4469 3490 4525; x_wconf 91' lang='lat' dir='ltr'>aditus</span> <span class='ocrx_word' id='word_1_686' title='bbox 3519 4465 3847 4526; x_wconf 84' lang='lat' dir='ltr'>mulieribus</span> 
     </span>
    </p>
   </div>
   <div class='ocr_carea' id='block_1_110' title="bbox 2217 4550 3847 4627">
    <p class='ocr_par' dir='ltr' id='par_1_110' title="bbox 2217 4550 3847 4627">
     <span class='ocr_line' id='line_1_110' title="bbox 2217 4550 3847 4627; baseline 0.001 -20"><span class='ocrx_word' id='word_1_687' title='bbox 2217 4566 2535 4627; x_wconf 90' lang='lat' dir='ltr'>nunquam</span> <span class='ocrx_word' id='word_1_688' title='bbox 2562 4554 2776 4627; x_wconf 89' lang='lat' dir='ltr'>patuit,</span> <span class='ocrx_word' id='word_1_689' title='bbox 2798 4554 3001 4611; x_wconf 89' lang='lat' dir='ltr'>hostili</span> <span class='ocrx_word' id='word_1_690' title='bbox 3030 4556 3214 4613; x_wconf 90' lang='lat' dir='ltr'>modo</span> <span class='ocrx_word' id='word_1_691' title='bbox 3241 4557 3569 4626; x_wconf 85' lang='lat' dir='ltr'>ingressus,</span> <span class='ocrx_word' id='word_1_692' title='bbox 3598 4572 3731 4614; x_wconf 91' lang='lat' dir='ltr'>cum</span> 
     </span>
    </p>
   </div>
   <div class='ocr_carea' id='block_1_111' title="bbox 2218 4640 3846 4718">
    <p class='ocr_par' dir='ltr' id='par_1_111' title="bbox 2218 4640 3846 4718">
     <span class='ocr_line' id='line_1_111' title="bbox 2218 4640 3846 4718; baseline 0.001 -22"><span class='ocrx_word' id='word_1_693' title='bbox 2218 4640 2347 4696; x_wconf 91' lang='lat' dir='ltr'>citis</span> <span class='ocrx_word' id='word_1_694' title='bbox 2393 4642 2746 4699; x_wconf 88' lang='lat' dir='ltr'>mulieribus</span> <span class='ocrx_word' id='word_1_695' title='bbox 2793 4660 2902 4716; x_wconf 92' lang='lat' dir='ltr'>per</span> <span class='ocrx_word' id='word_1_696' title='bbox 2943 4644 3173 4718; x_wconf 89' lang='lat' dir='ltr'>aliquot</span> <span class='ocrx_word' id='word_1_697' title='bbox 3200 4645 3327 4702; x_wconf 89' lang='lat' dir='ltr'>dies</span> <span class='ocrx_word' id='word_1_698' title='bbox 3355 4644 3715 4704; x_wconf 82' lang='lat' dir='ltr'>commorari</span> <span class='ocrx_word' id='word_1_699' title='bbox 3740 4652 3846 4697; x_wconf 91' lang='lat' dir='ltr'>non</span> 
     </span>
    </p>
   </div>
   <div class='ocr_carea' id='block_1_112' title="bbox 2215 4730 3846 4810">
    <p class='ocr_par' dir='ltr' id='par_1_112' title="bbox 2215 4730 3846 4810">
     <span class='ocr_line' id='line_1_112' title="bbox 2215 4730 3846 4810; baseline 0.001 -26"><span class='ocrx_word' id='word_1_700' title='bbox 2215 4730 2541 4802; x_wconf 89' lang='lat' dir='ltr'>trepidarit.</span> <span class='ocrx_word' id='word_1_701' title='bbox 2575 4732 2916 4793; x_wconf 74' lang='lat' dir='ltr'>Quamdam</span> <span class='ocrx_word' id='word_1_702' title='bbox 2955 4735 3133 4791; x_wconf 90' lang='lat' dir='ltr'>etiam</span> <span class='ocrx_word' id='word_1_703' title='bbox 3163 4735 3498 4808; x_wconf 90' lang='lat' dir='ltr'>mulierem,</span> <span class='ocrx_word' id='word_1_704' title='bbox 3528 4753 3662 4810; x_wconf 79' lang='lat' dir='ltr'>quae</span> <span class='ocrx_word' id='word_1_705' title='bbox 3685 4741 3846 4789; x_wconf 81' lang='lat' dir='ltr'>causa</span> 
     </span>
    </p>
   </div>
   <div class='ocr_carea' id='block_1_113' title="bbox 2215 4817 3844 4897">
    <p class='ocr_par' dir='ltr' id='par_1_113' title="bbox 2215 4817 3844 4897">
     <span class='ocr_line' id='line_1_113' title="bbox 2215 4817 3844 4897; baseline 0.004 -25"><span class='ocrx_word' id='word_1_706' title='bbox 2215 4817 2515 4891; x_wconf 75' lang='lat' dir='ltr'>pudicitiae</span> <span class='ocrx_word' id='word_1_707' title='bbox 2547 4837 2582 4876; x_wconf 91' lang='lat' dir='ltr'>a</span> <span class='ocrx_word' id='word_1_708' title='bbox 2613 4823 2856 4895; x_wconf 90' lang='lat' dir='ltr'>proprio</span> <span class='ocrx_word' id='word_1_709' title='bbox 2890 4841 2951 4879; x_wconf 91' lang='lat' dir='ltr'>se</span> <span class='ocrx_word' id='word_1_710' title='bbox 2982 4825 3109 4880; x_wconf 88' lang='lat' dir='ltr'>viro</span> <span class='ocrx_word' id='word_1_711' title='bbox 3131 4824 3492 4893; x_wconf 88' lang='lat' dir='ltr'>dissociavit,</span> <span class='ocrx_word' id='word_1_712' title='bbox 3524 4828 3755 4897; x_wconf 90' lang='lat' dir='ltr'>Deoque</span> <span class='ocrx_word' id='word_1_713' title='bbox 3793 4829 3844 4871; x_wconf 78' lang='lat' dir='ltr'>se</span> 
     </span>
    </p>
   </div>
   <div class='ocr_carea' id='block_1_114' title="bbox 2215 4908 3845 4987">
    <p class='ocr_par' dir='ltr' id='par_1_114' title="bbox 2215 4908 3845 4987">
     <span class='ocr_line' id='line_1_114' title="bbox 2215 4908 3845 4987; baseline 0.001 -23"><span class='ocrx_word' id='word_1_714' title='bbox 2215 4908 2395 4977; x_wconf 87' lang='lat' dir='ltr'>vovit,</span> <span class='ocrx_word' id='word_1_715' title='bbox 2431 4914 2609 4982; x_wconf 90' lang='lat' dir='ltr'>atque</span> <span class='ocrx_word' id='word_1_716' title='bbox 2641 4911 2840 4968; x_wconf 89' lang='lat' dir='ltr'>dicare</span> <span class='ocrx_word' id='word_1_717' title='bbox 2868 4913 3160 4985; x_wconf 89' lang='lat' dir='ltr'>promisit,</span> <span class='ocrx_word' id='word_1_718' title='bbox 3181 4915 3647 4987; x_wconf 88' lang='lat' dir='ltr'>etpostmodum</span> <span class='ocrx_word' id='word_1_719' title='bbox 3666 4908 3845 4969; x_wconf 86' lang='lat' dir='ltr'>diabo-</span> 
     </span>
    </p>
   </div>
   <div class='ocr_carea' id='block_1_115' title="bbox 2214 4994 3843 5074">
    <p class='ocr_par' dir='ltr' id='par_1_115' title="bbox 2214 4994 3843 5074">
     <span class='ocr_line' id='line_1_115' title="bbox 2214 4994 3843 5074; baseline 0 -23"><span class='ocrx_word' id='word_1_720' title='bbox 2214 4996 2254 5052; x_wconf 92' lang='lat' dir='ltr'>li</span> <span class='ocrx_word' id='word_1_721' title='bbox 2279 4997 2482 5067; x_wconf 89' lang='lat' dir='ltr'>jaculo</span> <span class='ocrx_word' id='word_1_722' title='bbox 2515 4999 2811 5057; x_wconf 89' lang='lat' dir='ltr'>terebrata</span> <span class='ocrx_word' id='word_1_723' title='bbox 2857 5007 3037 5074; x_wconf 91' lang='lat' dir='ltr'>atque</span> <span class='ocrx_word' id='word_1_724' title='bbox 3086 5019 3399 5074; x_wconf 71' lang='lat' dir='ltr'>percussa,</span> <span class='ocrx_word' id='word_1_725' title='bbox 3428 5020 3465 5060; x_wconf 90' lang='lat' dir='ltr'>a</span> <span class='ocrx_word' id='word_1_726' title='bbox 3504 4994 3843 5060; x_wconf 88' lang='lat' dir='ltr'>monasterio</span> 
     </span>
    </p>
   </div>
   <div class='ocr_carea' id='block_1_116' title="bbox 2214 5079 3845 5162">
    <p class='ocr_par' dir='ltr' id='par_1_116' title="bbox 2214 5079 3845 5162">
     <span class='ocr_line' id='line_1_116' title="bbox 2214 5079 3845 5162; baseline 0.003 -21"><span class='ocrx_word' id='word_1_727' title='bbox 2214 5084 2470 5155; x_wconf 86' lang='lat' dir='ltr'>fugiens,</span> <span class='ocrx_word' id='word_1_728' title='bbox 2501 5089 2743 5144; x_wconf 90' lang='lat' dir='ltr'>cuidam</span> <span class='ocrx_word' id='word_1_729' title='bbox 2770 5089 3042 5146; x_wconf 89' lang='lat' dir='ltr'>adultero</span> <span class='ocrx_word' id='word_1_730' title='bbox 3065 5092 3277 5162; x_wconf 89' lang='lat' dir='ltr'>juncta</span> <span class='ocrx_word' id='word_1_731' title='bbox 3298 5108 3421 5148; x_wconf 78' lang='lat' dir='ltr'>suae</span> <span class='ocrx_word' id='word_1_732' title='bbox 3449 5110 3511 5147; x_wconf 92' lang='lat' dir='ltr'>se</span> <span class='ocrx_word' id='word_1_733' title='bbox 3540 5079 3845 5149; x_wconf 78' lang='lat' dir='ltr'>defensioni</span> 
     </span>
    </p>
   </div>
   <div class='ocr_carea' id='block_1_117' title="bbox 2217 5176 3845 5254">
    <p class='ocr_par' dir='ltr' id='par_1_117' title="bbox 2217 5176 3845 5254">
     <span class='ocr_line' id='line_1_117' title="bbox 2217 5176 3845 5254; baseline 0 -23"><span class='ocrx_word' id='word_1_734' title='bbox 2217 5176 2516 5248; x_wconf 90' lang='lat' dir='ltr'>submisit,</span> <span class='ocrx_word' id='word_1_735' title='bbox 2531 5182 2836 5250; x_wconf 90' lang='lat' dir='ltr'>postremo</span> <span class='ocrx_word' id='word_1_736' title='bbox 2852 5196 2993 5235; x_wconf 90' lang='lat' dir='ltr'>vero</span> <span class='ocrx_word' id='word_1_737' title='bbox 3011 5180 3632 5254; x_wconf 89' lang='lat' dir='ltr'>archiespiscoporum</span> <span class='ocrx_word' id='word_1_738' title='bbox 3648 5176 3845 5251; x_wconf 87' lang='lat' dir='ltr'>episco-</span> 
     </span>
    </p>
   </div>
   <div class='ocr_carea' id='block_1_118' title="bbox 2214 5266 3838 5344">
    <p class='ocr_par' dir='ltr' id='par_1_118' title="bbox 2214 5266 3838 5344">
     <span class='ocr_line' id='line_1_118' title="bbox 2214 5266 3838 5344; baseline 0.003 -23"><span class='ocrx_word' id='word_1_739' title='bbox 2214 5282 2557 5340; x_wconf 90' lang='lat' dir='ltr'>porumque</span> <span class='ocrx_word' id='word_1_740' title='bbox 2586 5267 2842 5340; x_wconf 73' lang='lat' dir='ltr'>quaesita</span> <span class='ocrx_word' id='word_1_741' title='bbox 2872 5269 3049 5324; x_wconf 70' lang='lat' dir='ltr'>coetui</span> <span class='ocrx_word' id='word_1_742' title='bbox 3078 5270 3305 5326; x_wconf 89' lang='lat' dir='ltr'>minine</span> <span class='ocrx_word' id='word_1_743' title='bbox 3361 5276 3449 5327; x_wconf 93' lang='lat' dir='ltr'>est</span> <span class='ocrx_word' id='word_1_744' title='bbox 3494 5266 3838 5344; x_wconf 57' lang='lat' dir='ltr'>praesentem,</span> 
     </span>
    </p>
   </div>
   <div class='ocr_carea' id='block_1_119' title="bbox 2213 5352 3844 5428">
    <p class='ocr_par' dir='ltr' id='par_1_119' title="bbox 2213 5352 3844 5428">
     <span class='ocr_line' id='line_1_119' title="bbox 2213 5352 3844 5428; baseline -0.006 -17"><span class='ocrx_word' id='word_1_745' title='bbox 2213 5356 2319 5428; x_wconf 91' lang='lat' dir='ltr'>qui</span> <span class='ocrx_word' id='word_1_746' title='bbox 2348 5372 2471 5413; x_wconf 91' lang='lat' dir='ltr'>una</span> <span class='ocrx_word' id='word_1_747' title='bbox 2500 5373 2639 5412; x_wconf 90' lang='lat' dir='ltr'>cum</span> <span class='ocrx_word' id='word_1_748' title='bbox 2682 5355 3103 5414; x_wconf 90' lang='lat' dir='ltr'>defensoribus</span> <span class='ocrx_word' id='word_1_749' title='bbox 3135 5360 3258 5414; x_wconf 91' lang='lat' dir='ltr'>suis</span> <span class='ocrx_word' id='word_1_750' title='bbox 3290 5376 3425 5416; x_wconf 89' lang='lat' dir='ltr'>eam</span> <span class='ocrx_word' id='word_1_751' title='bbox 3476 5360 3553 5416; x_wconf 88' lang='lat' dir='ltr'>ab</span> <span class='ocrx_word' id='word_1_752' title='bbox 3601 5352 3844 5415; x_wconf 87' lang='lat' dir='ltr'>ecclesia-</span> 
     </span>
    </p>
   </div>
   <div class='ocr_carea' id='block_1_120' title="bbox 2214 5445 3838 5518">
    <p class='ocr_par' dir='ltr' id='par_1_120' title="bbox 2214 5445 3838 5518">
     <span class='ocr_line' id='line_1_120' title="bbox 2214 5445 3838 5518; baseline 0.001 -19"><span class='ocrx_word' id='word_1_753' title='bbox 2214 5445 2361 5501; x_wconf 87' lang='lat' dir='ltr'>stica</span> <span class='ocrx_word' id='word_1_754' title='bbox 2410 5445 2837 5501; x_wconf 89' lang='lat' dir='ltr'>communione</span> <span class='ocrx_word' id='word_1_755' title='bbox 2881 5447 3278 5518; x_wconf 79' lang='lat' dir='ltr'>expulerunt;</span> <span class='ocrx_word' id='word_1_756' title='bbox 3319 5450 3611 5505; x_wconf 89' lang='lat' dir='ltr'>hactenus</span> <span class='ocrx_word' id='word_1_757' title='bbox 3653 5453 3838 5514; x_wconf 59' lang='lat' dir='ltr'>usque,</span> 
     </span>
    </p>
   </div>
   <div class='ocr_carea' id='block_1_121' title="bbox 2211 5533 3838 5606">
    <p class='ocr_par' dir='ltr' id='par_1_121' title="bbox 2211 5533 3838 5606">
     <span class='ocr_line' id='line_1_121' title="bbox 2211 5533 3838 5606; baseline 0.001 -18"><span class='ocrx_word' id='word_1_758' title='bbox 2211 5533 2483 5589; x_wconf 90' lang='lat' dir='ltr'>divinum</span> <span class='ocrx_word' id='word_1_759' title='bbox 2510 5550 2631 5589; x_wconf 85' lang='lat' dir='ltr'>non</span> <span class='ocrx_word' id='word_1_760' title='bbox 2666 5535 2880 5589; x_wconf 84' lang='lat' dir='ltr'>timens</span> <span class='ocrx_word' id='word_1_761' title='bbox 2907 5536 3226 5606; x_wconf 86' lang='lat' dir='ltr'>judicium,</span> <span class='ocrx_word' id='word_1_762' title='bbox 3250 5554 3361 5593; x_wconf 80' lang='lat' dir='ltr'>sua</span> <span class='ocrx_word' id='word_1_763' title='bbox 3400 5538 3733 5594; x_wconf 79' lang='lat' dir='ltr'>defensione</span> <span class='ocrx_word' id='word_1_764' title='bbox 3762 5542 3838 5583; x_wconf 77' lang='lat'>1‘6-</span> 
     </span>
    </p>
   </div>
   <div class='ocr_carea' id='block_1_122' title="bbox 2210 5616 3836 5701">
    <p class='ocr_par' dir='ltr' id='par_1_122' title="bbox 2210 5616 3836 5701">
     <span class='ocr_line' id='line_1_122' title="bbox 2210 5616 3836 5701; baseline -0.001 -22"><span class='ocrx_word' id='word_1_765' title='bbox 2210 5622 2396 5679; x_wconf 90' lang='lat' dir='ltr'>tinere</span> <span class='ocrx_word' id='word_1_766' title='bbox 2442 5638 2566 5678; x_wconf 89' lang='lat' dir='ltr'>non</span> <span class='ocrx_word' id='word_1_767' title='bbox 2615 5627 2824 5681; x_wconf 88' lang='lat' dir='ltr'>cesset.</span> <span class='ocrx_word' id='word_1_768' title='bbox 2849 5626 3206 5700; x_wconf 89' lang='lat' dir='ltr'>Pacemque,</span> <span class='ocrx_word' id='word_1_769' title='bbox 3239 5643 3426 5701; x_wconf 89' lang='lat' dir='ltr'>quam</span> <span class='ocrx_word' id='word_1_770' title='bbox 3474 5629 3625 5685; x_wconf 88' lang='lat' dir='ltr'>inter</span> <span class='ocrx_word' id='word_1_771' title='bbox 3668 5616 3836 5679; x_wconf 85' lang='lat' dir='ltr'>Ludo-</span> 
     </span>
    </p>
   </div>
   <div class='ocr_carea' id='block_1_123' title="bbox 2280 5728 2626 5795">
    <p class='ocr_par' dir='ltr' id='par_1_123' title="bbox 2280 5728 2626 5795">
     <span class='ocr_line' id='line_1_123' title="bbox 2280 5728 2626 5795; baseline -0.009 -8"><span class='ocrx_word' id='word_1_772' title='bbox 2280 5738 2302 5764; x_wconf 84' lang='lat'><em>°</em></span> <span class='ocrx_word' id='word_1_773' title='bbox 2341 5728 2513 5795; x_wconf 84' lang='lat' dir='ltr'>Ibid.,</span> <span class='ocrx_word' id='word_1_774' title='bbox 2537 5732 2626 5785; x_wconf 79' lang='grc'>24.</span> 
     </span>
    </p>
   </div>
   <div class='ocr_carea' id='block_1_124' title="bbox 2281 5799 2708 5874">
    <p class='ocr_par' dir='ltr' id='par_1_124' title="bbox 2281 5799 2708 5874">
     <span class='ocr_line' id='line_1_124' title="bbox 2281 5799 2708 5874; baseline 0 -16"><span class='ocrx_word' id='word_1_775' title='bbox 2281 5799 2309 5836; x_wconf 68' lang='grc' dir='ltr'><strong>ει</strong></span> <span class='ocrx_word' id='word_1_776' title='bbox 2336 5799 2511 5874; x_wconf 87' lang='lat' dir='ltr'>Ibid,,</span> <span class='ocrx_word' id='word_1_777' title='bbox 2541 5813 2595 5859; x_wconf 77' lang='grc' dir='ltr'>ο.</span> <span class='ocrx_word' id='word_1_778' title='bbox 2617 5799 2708 5858; x_wconf 84' lang='grc'>26.</span> 
     </span>
    </p>
   </div>
  </div>
