3968 6414
1680 366 2062 429 EPISTOLIE.

3492 388 3598 444 696

125 490 343 550 vicum
378 489 761 579 munivimus
819 493 1116 549 Caesarem
1171 506 1413 565 semper
1443 493 1810 561 Augustum,
1843 495 1891 548 Α
1932 497 2272 573 principum
2305 507 2540 564 statutis
2558 507 2936 579 adjuventur,
2961 507 3326 565 testimantes
3347 512 3596 567 terrente

125 594 405 652 suosque
437 577 733 648 gloriosos
748 594 1210 650 germanos,sua
1226 580 1563 637 miserrima
1585 579 1813 652 cupidi-

119 672 275 738 tate,
309 666 392 724 ad
414 667 746 725 multorum
776 668 1247 727 Christianorum
1263 685 1476 726 necem
1505 674 1687 742 atque
1709 684 1813 742 pe-

118 756 396 814 riculum
422 756 716 826 scindere,
736 763 802 813 ut
827 758 1195 831 audivimus,
1212 774 1337 816 non
1356 758 1812 815 dubitavit.Haec

120 852 181 903 et
210 846 418 905 multa
445 846 668 904 horum
708 847 927 905 similia
965 847 1038 905 de
1086 864 1157 904 eo
1211 848 1542 917 audientes,
1602 846 1809 920 profu-

122 935 216 991 sis
238 935 536 1009 laerymis
568 935 1083 1004 condolemus,ne
1116 954 1242 994 sua;
1271 937 1608 1007 fragilitatis
1640 937 1699 993 in
1718 936 1810 992 his

118 1040 275 1081 eum
302 1022 447 1080 ﬁnis
475 1024 810 1097 contingat,
844 1025 1137 1099 Erebique
1165 1025 1439 1096 voragini
1471 1025 1804 1083 addicatur.

120 1113 463 1189 Propterea
521 1113 823 1184 volumus,
864 1120 922 1171 et
975 1115 1312 1188 apostolica
1363 1130 1488 1170 suae
1539 1113 1809 1188 praecipi-

118 1218 273 1257 mus
340 1202 692 1260 auctoritate
735 1203 1068 1272 industriae,
1132 1208 1195 1259 ut
1251 1204 1416 1260 omni
1471 1202 1811 1278 postposita

118 1290 548 1359 excusatione,
601 1290 926 1365 ablataque
977 1292 1221 1363 ingenio
1258 1297 1396 1367 post
1420 1291 1661 1364 triginta
1689 1290 1809 1346 die-

115 1394 269 1435 rum
318 1379 637 1446 curricula,
690 1396 879 1453 quam
912 1381 1042 1437 haec
1096 1380 1179 1437 illi
1226 1380 1402 1436 fuerit
1449 1383 1811 1453 praesentata

116 1468 407 1541 epistola,
442 1469 552 1526 iter
572 1469 860 1526 inchoare
890 1485 1014 1526 non
1037 1470 1258 1544 pigeat,
1301 1473 1680 1542 Romamque
1709 1485 1807 1524 ce-

115 1557 236 1615 leri
266 1558 470 1615 studio
499 1574 826 1632 properare
859 1559 1097 1616 festinet
1124 1579 1135 1615 :
1165 1558 1695 1633 utpriesentialiter
1720 1558 1807 1614 vi-

117 1647 271 1705 dere
296 1648 633 1719 valeamus,
673 1654 854 1721 atque
882 1666 1269 1720 cognoscere,
1316 1650 1363 1705 si
1420 1649 1611 1706 taliter
1650 1649 1809 1704 circa

117 1753 269 1793 eum
296 1738 425 1793 haec
450 1755 587 1811 quae
620 1738 906 1795 dicuntur
927 1740 1202 1804 existant,
1240 1744 1303 1796 ut
1328 1739 1575 1811 spiritali
1606 1737 1810 1794 ablue-

114 1844 186 1883 re
219 1844 483 1887 censura
508 1845 811 1895 curemus,
836 1829 1225 1902 sauciataque
1255 1829 1530 1885 membra
1550 1828 1807 1899 cgelestis

115 1918 459 1975 reformare
488 1919 805 1975 medicinae
857 1919 1104 1992 collyrio
1148 1920 1477 1976 valeamus.
1513 1919 1805 1991 Cupimus

119 2008 292 2065 enim
322 2007 494 2064 illum
524 2008 703 2063 tantis
749 2014 985 2065 erutum
1018 2024 1147 2064 esse
1178 2009 1427 2078 delictis,
1450 2012 1506 2063 et
1532 2023 1807 2080 supernae

120 2098 339 2169 patrias
370 2099 557 2153 sacris
578 2099 825 2155 monitis
856 2098 1143 2172 perficere
1175 2098 1383 2154 civem.
1402 2097 1459 2153 Si
1490 2102 1694 2154 autem
1712 2113 1810 2153 ve.

119 2188 255 2242 nire
284 2186 632 2255 neglexerit,
648 2187 727 2244 ad
757 2194 1149 2259 nostramque
1172 2186 1566 2260 apostolicam
1597 2186 1806 2243 sedem

120 2277 467 2333 secundum
484 2277 951 2349 praeceptionem
972 2292 1216 2349 pergere
1238 2275 1669 2346 noluerit,scire
1698 2291 1804 2331 vos

119 2366 431 2431 volumus,
465 2366 611 2438 quia
635 2383 778 2422 mox
800 2366 967 2422 illum
994 2366 1073 2422 ab
1104 2365 1508 2422 ecclesiastica
1534 2381 1803 2421 commu-

119 2455 309 2510 nione
340 2453 718 2526 expellimus,
752 2455 833 2509 ita
884 2459 947 2510 ut
994 2471 1104 2510 nec
1144 2454 1487 2523 vobiscum,
1512 2468 1625 2509 nec
1655 2468 1795 2509 cum

120 2544 264 2599 ullis
294 2544 646 2599 Christianae
696 2543 1023 2599 cultoribus
1080 2544 1221 2599 fidei
1275 2543 1642 2599 consortium
1690 2542 1801 2597 ha-

118 2634 286 2699 beat,
317 2639 375 2691 et
406 2649 442 2689 a
475 2633 785 2689 Dominico
813 2648 1064 2706 corpore
1096 2632 1512 2705 sanguineque
1543 2647 1683 2687 eum
1718 2631 1803 2687 fa-

117 2724 323 2779 cimus
355 2722 641 2779 alienum.
678 2724 969 2795 Optamus
999 2722 1433 2779 beatitudinem
1456 2724 1717 2778 vestram
1736 2718 1800 2777 in

114 2813 364 2871 Christo
393 2812 551 2869 bene
578 2811 799 2868 valere.

733 2941 1067 2996 EPISTOLA
1104 2940 1195 2995 lll.

561 3064 633 3103 AD
669 3062 969 3104 EPISCOPOS
1009 3062 1334 3103 GALLIARUM

230 3159 305 3214 In
338 3157 853 3227 couﬁrmationem
897 3156 1358 3227 privilegiorum
1393 3154 1680 3212 Corbeiaa.

192 3266 541 3325 Βειιωιετυε
564 3264 906 3337 episcopus,
937 3280 1144 3319 servus
1171 3279 1487 3319 servorum
1517 3263 1642 3333 Dei,
1666 3262 1797 3318 uni-

114 3355 311 3416 versis
339 3353 642 3427 episcopis
692 3353 1039 3411 Galliarum.

189 3449 211 3475 '
237 3446 388 3499 Cum
404 3446 692 3500 Romanas
714 3442 873 3498 sedis
890 3441 1237 3516 pontiﬁcem
1267 3446 1497 3497 constet
1517 3440 1793 3496 omnium

114 3535 528 3596 Ecclesium
560 3533 772 3593 Christi
812 3538 995 3607 caput
1050 3537 1233 3605 atque
1276 3530 1612 3605 principem
1641 3528 1790 3596 fore,

114 3632 417 3702 tanquam
467 3623 628 3680 beati
664 3624 819 3679 Petri
857 3621 1147 3697 principis
1180 3618 1600 3693 apostolorum
1630 3616 1791 3673 vices

113 3718 426 3787 agentem,
459 3713 557 3770 cui
585 3712 850 3770 Christus
884 3711 1059 3767 totius
1087 3710 1361 3767 Ecclesiae
1408 3707 1789 3765 committens

113 3804 534 3880 principatum
587 3801 783 3859 fatur:
838 3803 923 3856 Tu
956 3817 1013 3857 es
1060 3801 1300 3869 Petrus,
1331 3804 1385 3857 et
1415 3812 1597 3869 super
1630 3796 1789 3853 hanc

113 3901 357 3967 petram
397 3892 706 3961 zdiﬁcabo
737 3891 1067 3948 Ecclesium
1114 3904 1327 3958 meam,
1382 3894 1435 3946 et
1489 3887 1598 3943 tibi
1626 3885 1784 3942 dabo

114 3986 318 4042 claves
347 3982 522 4052 regni
542 3981 823 4038 caelorum
876 3980 1116 4050 (Matth.
1170 3995 1288 4047 xvi,
1323 3980 1437 4044 t8),
1489 3974 1790 4033 cunctatio

114 4071 270 4133 nulli
291 4070 567 4131 ﬁdelium
586 4068 961 4142 relinquitur,
1011 4066 1179 4140 quod
1206 4066 1499 4123 universis
1522 4062 1790 4121 ecclesiis

118 4159 593 4221 sollicitudinem
618 4160 1011 4233 praetendere,
1044 4161 1101 4213 et
1130 4156 1406 4213 omnium
1454 4155 1517 4213 in
1557 4154 1789 4209 Christo

118 4249 496 4309 credentium
554 4247 751 4319 saluti,
806 4247 963 4323 paci,
999 4250 1177 4320 atque
1212 4244 1395 4320 quieti
1446 4243 1791 4317 prospicere

116 4356 236 4399 nos
257 4338 555 4413 oporteat,
587 4342 651 4394 ut
676 4342 730 4393 et
750 4353 885 4410 quas
909 4351 1101 4410 prava
1122 4340 1281 4397 sunt,
1313 4333 1709 4405 corrigantur,
1732 4334 1790 4387 et

117 4445 258 4502 quas
284 4432 438 4492 rata,
467 4426 847 4495 roborentur,
880 4441 1017 4501 qua:
1048 4428 1329 4498 corrupta
1358 4427 1515 4483 sunt.
1558 4436 1787 4478 restau-

117 4521 348 4583 rentur,
377 4531 513 4588 quae
539 4518 742 4572 autem
760 4514 1015 4585 integra,
1038 4516 1486 4570 conserventur.
1511 4511 1782 4583 Cumque

118 4609 283 4665 hanc
306 4622 519 4663 curam
549 4604 708 4661 circa
734 4603 1094 4663 universalis
1118 4602 1390 4660 Ecclesiae
1420 4617 1640 4674 corpus
1678 4615 1786 4672 per

118 4696 305 4755 totius
332 4695 495 4752 orbis
532 4694 912 4752 latitudinem
958 4693 1193 4751 diffusa:
1226 4692 1526 4749 custodire
1564 4690 1787 4747 debea-

120 4802 283 4851 mus,
317 4783 565 4858 speciali
625 4787 823 4840 tamen
858 4782 1257 4857 praerogativa
1285 4787 1425 4856 post
1454 4784 1789 4838 Romanam

123 4879 308 4947 atque
330 4871 594 4929 ltalicam
615 4887 758 4943 erga
773 4871 1057 4929 ecclesias
1090 4870 1423 4928 Gallicanas
1448 4868 1623 4925 nobis
1654 4882 1791 4922 con-

122 4962 285 5019 venit
333 4961 680 5025 observare.
727 4959 1255 5034 quemadmodum
1311 4958 1789 5033 prmdecessores

122 5054 363 5109 nostros
392 5049 604 5107 fecisse
657 5048 1047 5106 manifestum
1078 5051 1187 5104 est.
1239 5046 1413 5115 Quod
1451 5048 1791 5118 competen-

123 5140 243 5199 tius
287 5154 452 5196 nunc
506 5153 752 5213 quoque
792 5136 919 5195 ﬁeri
950 5141 1225 5211 oportere
1280 5136 1407 5210 ipse
1446 5132 1791 5207 reipublicae

121 5232 316 5287 status
343 5226 713 5293 testiﬁcatur,
743 5225 1249 5300 quandoquidem
1279 5228 1601 5296 utramque
1648 5237 1788 5295 pro-

118 5316 387 5377 vinciam
416 5316 595 5375 unius
643 5315 879 5390 imperii
932 5320 1233 5390 sceptrum
1290 5330 1413 5371 non
1470 5311 1701 5378 dividit,
1735 5315 1793 5367 et

122 5411 412 5466 Romanae
437 5405 700 5477 dignitas
722 5406 999 5462 Ecclesiae
1025 5420 1149 5461 una
1169 5420 1311 5460 cum
1330 5408 1561 5460 terreno
1578 5400 1793 5476 princi-

120 5501 270 5572 patu
300 5496 614 5567 utriusque
644 5495 961 5568 provinciae
1009 5510 1266 5564 regnum
1306 5491 1609 5550 communi
1656 5491 1789 5563 jure

123 5585 482 5659 disponit,ut
510 5589 567 5640 et
578 5600 779 5641 rerum
800 5584 1100 5658 principes
1115 5599 1225 5640 sua
1249 5582 1489 5638 decreta
1507 5584 1789 5638 Romanae

126 5676 399 5735 Ecclesiae
420 5674 664 5732 sancitis
685 5676 1109 5748 praemuniant,
1140 5678 1198 5732 et
1220 5672 1620 5731 ecclesiastica
1652 5672 1793 5744 jura

192 5791 213 5815 ⁸
245 5782 387 5857 Vide
411 5782 792 5857 spicilegium
816 5782 1072 5855 therii,
1102 5786 1250 5843 tom.
1276 5780 1368 5847 Vl,
1406 5795 1467 5856 p.
1492 5785 1617 5840 397.

194 5857 225 5907 δ
502 5852 852 5921 Bertetrido.

1928 589 2270 661 reipublicae
2302 601 2558 652 rectores
2611 601 2750 653 tunc
2802 612 2867 653 se
2896 596 3150 654 felicitur
3188 598 3508 671 imperare,
3544 600 3596 656 si

1927 679 2049 734 suis
2080 686 2493 741 sanctionibus
2527 686 2858 759 apostolica
2896 686 3338 744 confoederetnr
3382 694 3593 746 aucto-

1926 768 2093 841 ritas,
2124 789 2312 844 quam
2343 775 2491 833 dum
2517 777 2580 831 in
2606 776 2781 831 nobis
2831 776 3172 849 suscipiunt
3203 794 3272 833 ac
3305 793 3595 835 veneran-

1923 861 2039 930 tur,
2070 861 2241 919 illum
2281 882 2345 920 se
2377 866 2686 938 suscipere
2718 865 3098 934 gratulantur
3122 866 3226 939 qui
3272 865 3590 940 discipulis

1923 949 2045 1003 suis
2076 949 2359 1023 loquitur,
2386 955 2592 1010 dicens
2621 974 2631 1009 :
2670 954 2785 1020 Qui
2816 970 2916 1010 vos
2964 956 3200 1025 recipit,
3246 970 3341 1011 me
3372 958 3589 1026 recipit

1920 1038 2188 1109 (Matth.,
2216 1044 2298 1114 Χ).
2347 1044 2489 1099 lline
2520 1061 2551 1099 e
2606 1043 2908 1100 contrario
2954 1044 3028 1100 de
3070 1045 3593 1118 contemptoribus

1920 1128 2037 1184 ait:
2065 1130 2178 1196 Qui
2204 1147 2301 1187 vos
2326 1134 2576 1201 spernit,
2610 1149 2702 1189 me
2727 1134 2960 1201 spernit
2992 1134 3162 1204 (Luc.
3196 1136 3273 1204 χ).

1991 1219 2171 1287 igitur
2193 1237 2353 1287 cum,
2390 1222 2543 1277 sicut
2575 1220 2802 1276 dictum
2834 1226 2941 1289 est,
2994 1222 3341 1293 apostolica
3373 1222 3587 1278 solliei-

1920 1308 2112 1364 tudini
2140 1310 2492 1366 universalis
2528 1310 2799 1366 Ecclesiae
2821 1311 3047 1367 credita
3077 1311 3153 1368 sit
3181 1311 3583 1384 dispensatio,

1920 1402 1976 1453 et
2002 1414 2112 1470 pro
2142 1405 2495 1456 cunctorum
2524 1400 2793 1456 ﬁdelium
2826 1404 2983 1456 statu
3010 1405 3336 1473 perpetuas
3365 1406 3586 1457 nostra!

1921 1488 2303 1545 sollicitudini
2332 1490 2564 1560 vigilias
2607 1489 2978 1562 prmtendere
3029 1490 3367 1556 conveniat,
3396 1491 3589 1546 maxi-

1920 1595 2020 1634 ma
2048 1583 2251 1635 tamen
2281 1579 2589 1649 diligentia
2619 1595 2828 1635 cuiam
2856 1594 3066 1635 earum
3091 1579 3386 1635 debemus
3406 1578 3588 1634 eccle-

1920 1668 2147 1724 siarum
2183 1685 2410 1738 gerere,
2463 1684 2730 1740 quarum
2777 1668 3095 1741 specialius
3140 1668 3587 1740 providentiam

1918 1758 2069 1812 ratio
2103 1758 2364 1829 suscepti
2399 1757 2577 1813 ofﬁcii
2618 1773 2655 1814 a
2694 1756 2871 1813 nobis
2909 1757 3085 1812 docet
3134 1757 3479 1825 agendam;
3522 1761 3588 1813 ut

1918 1862 2042 1902 non
2074 1846 2267 1902 solum
2290 1863 2362 1902 ea
2390 1863 2527 1919 quae
2558 1846 2849 1902 hactenus
2895 1845 2957 1901 in
2995 1862 3104 1902 suo
3144 1851 3304 1902 statu
3350 1861 3588 1918 perma-

1918 1941 2062 1993 nent
2092 1938 2447 1992 intemerata
2477 1942 2809 1999 serventur,
2843 1952 3050 1991 verum
3093 1951 3165 1990 ea
3221 1952 3359 2006 quae
3406 1934 3585 2006 lapsa

1919 2030 2058 2081 sunt
2089 2042 2122 2078 ει
2152 2025 2363 2098 prioris
2384 2024 2596 2080 formae
2623 2024 2978 2091 dignitatem
3008 2023 3394 2079 reducantur.
3417 2022 3584 2079 Unde

1919 2119 2249 2183 cognoscat
2279 2114 2551 2170 omnium
2585 2114 2913 2186 prmsulum
2942 2118 3290 2169 sanctorum
3312 2128 3419 2185 per
3454 2111 3582 2169 Gal-

1914 2204 2027 2262 lias
2056 2203 2562 2260 commorantium
2617 2202 2947 2258 reverenda
3000 2202 3357 2264 fraternitas,
3407 2201 3580 2273 quod

1916 2294 2003 2349 vir
2026 2292 2386 2349 venerabilis
2414 2292 2564 2357 Odo,
2588 2291 2779 2346 abbas
2815 2307 2888 2347 ex
2916 2292 3286 2347 monasterio
3315 2289 3579 2347 Corbeize

1912 2380 2233 2453 provinciae
2267 2380 2614 2447 Galliarum,
2643 2380 2810 2451 quod
2842 2384 2929 2436 est
2950 2385 3364 2436 constructum
3390 2380 3450 2437 in
3480 2395 3578 2452 pa-

1914 2486 1990 2540 go
2020 2469 2414 2526 Ambianensi
2446 2485 2628 2541 super
2656 2470 2905 2525 ﬂuvium
2955 2472 3239 2536 Summas,
3282 2468 3428 2525 adiit
3465 2484 3578 2525 nos

1910 2576 2017 2632 per
2047 2559 2450 2615 venerabilem
2484 2558 2834 2613 Auselmum
2886 2558 3192 2624 abbatem,
3241 2564 3454 2631 petens
3513 2561 3581 2615 ut

1909 2655 2128 2706 nostras
2167 2648 2537 2704 auctoritatis
2596 2647 2974 2719 privilegium
3036 2664 3216 2719 super
3266 2646 3575 2703 electionis

1909 2737 2167 2808 propriae
2199 2741 2379 2801 statu,
2397 2741 2452 2791 et
2475 2752 2676 2792 rerum
2704 2753 2954 2792 suarum
2974 2736 3164 2793 libera
3186 2736 3575 2809 possessione

1910 2841 2017 2881 seu
2068 2826 2518 2899 dispensatione
2548 2825 2837 2898 praedicto
2888 2826 3259 2882 monasterio
3312 2824 3576 2881 Corbeiee

1908 2915 2397 2971 concederemus.
2434 2915 2701 2971 Ostendit
2729 2931 2974 2988 quoque
3030 2915 3208 2971 nobis
3264 2914 3578 2988 privilegia

1909 3004 1987 3061 ab
2012 3005 2317 3077 episcopis
2339 3004 2519 3070 edita,
2547 3021 2737 3060 unum
2769 3021 2804 3059 a
2834 3005 3093 3077 praesule
3113 3004 3506 3061 Ambiancnsi
3524 3015 3573 3067 ιι,

1908 3093 1986 3150 ad
2018 3094 2192 3165 cujus
2221 3092 2527 3148 dimcesim
2561 3092 2730 3147 locus
2758 3092 2855 3148 ille
2884 3094 3159 3164 pertinet,
3180 3098 3235 3148 et
3267 3092 3574 3164 coepisco-

1906 3184 2000 3256 pis
2033 3182 2155 3237 suis
2173 3182 2397 3237 factum
2421 3187 2602 3252 atque
2623 3180 2975 3236 roboratum
2987 3182 3118 3252 jam
3148 3180 3413 3252 antiquis
3425 3184 3574 3235 tem-

1904 3270 2191 3345 poribus;
2224 3275 2283 3325 et
2310 3268 2464 3324 alius
2496 3268 2575 3325 ab
2595 3268 3050 3341 archiepiscopo
3096 3266 3447 3324 Rhemensis
3472 3268 3574 3322 Ec-

1904 3361 2095 3417 clesize
2130 3361 2449 3415 Hincmaro
2481 3362 2537 3414 et
2594 3358 2909 3414 universali
2959 3358 3214 3414 concilio
3258 3357 3572 3430 episcopo-

1902 3466 2038 3507 rum
2061 3449 2385 3505 Galliarum
2416 3447 2624 3521 paucis
2654 3447 3166 3505 intercedentibus
3185 3446 3363 3504 annis
3390 3460 3570 3502 cons-

1901 3539 2160 3611 criptum
2191 3541 2249 3593 et
2296 3536 2840 3609 subscriptionibus
2888 3536 3147 3609 propriis
3192 3536 3567 3603 roboratum,

1900 3626 2239 3701 petentibus
2274 3630 2334 3681 ut
2376 3625 2455 3682 ad
2484 3641 2906 3699 quoscunque,
2931 3626 3056 3682 sive
3088 3627 3404 3700 episcopos
3445 3624 3570 3680 sive

1900 3717 2151 3773 abbates
2184 3714 2541 3789 pervenerit,
2584 3714 2959 3772 subscribere
2988 3730 3111 3771 non
3143 3715 3570 3785 graventur.ln

1898 3806 2123 3881 quibus
2144 3804 2470 3878 privilegiis
2502 3804 2809 3859 decretum
2856 3810 2964 3872 est,
2996 3808 3062 3860 ut
3084 3803 3405 3877 praefatum
3433 3815 3567 3856 mo-

1898 3895 2231 3953 nasterium
2267 3894 2530 3952 Corbeiae
2563 3898 2619 3950 ct
2643 3909 2847 3950 rerum
2873 3910 3123 3950 suarum
3141 3892 3393 3948 liberam
3416 3888 3570 3946 obti-

1898 3990 2083 4042 neant
2112 3983 2589 4041 dominationem
2620 3987 2677 4039 et
2719 3982 2977 4053 eligendi
3007 3982 3122 4039 sibi
3163 3981 3450 4038 abbatem
3488 3977 3567 4036 de

1900 4074 2023 4131 suis
2054 4088 2295 4146 semper
2339 4071 2608 4128 habeant
2655 4076 3033 4144 potestatem.
3084 4069 3564 4129 Gontradictores

1899 4179 2039 4221 vero
2068 4168 2125 4219 et
2165 4166 2576 4236 repugnantes
2630 4161 2773 4218 huic
2822 4161 3121 4219 sanctioni
3178 4159 3564 4218 anathemate

1899 4257 2193 4327 perpetuo
2231 4250 2638 4308 damnandos.
2676 4254 2867 4326 Super
2895 4252 3027 4308 hmo
3054 4256 3259 4309 autem
3280 4248 3562 4319 magniﬁ-

1900 4342 1953 4399 ci
1977 4339 2356 4415 imperatoris
2387 4340 2646 4397 Lotharii
2670 4345 2729 4398 et
2754 4341 3035 4399 Ludovici
3056 4359 3126 4399 ac
3152 4340 3345 4400 Caroli
3362 4345 3566 4395 'man-

1899 4432 2111 4487 datum
2143 4434 2323 4502 atque
2359 4429 2718 4503 supplicatio
2747 4431 3001 4488 accessit
3044 4431 3310 4504 idipsum
3359 4432 3565 4503 postu-

1900 4519 2096 4592 tantis,
2124 4518 2400 4576 videlicet
2427 4522 2493 4576 ut
2537 4520 2963 4594 episcoporum
3000 4520 3312 4594 privilegia
3352 4522 3565 4576 nostra

1899 4624 2144 4684 quoque
2174 4612 2526 4665 auctorttate
2556 4609 2959 4667 ﬁrmarentur.

1969 4702 2086 4755 Nos
2115 4697 2317 4770 itaque
2339 4701 2669 4764 cernentes,
2686 4698 3032 4770 religiosam
3057 4697 3182 4753 fore
3211 4694 3561 4769 postulatio-

1899 4803 2061 4853 nem,
2091 4800 2288 4857 neque
2310 4784 2389 4841 ab
2415 4785 2750 4857 apostolica
2777 4785 3177 4842 sollicitudine
3200 4787 3564 4857 praetereun-

1900 4876 2050 4932 dum
2105 4872 2273 4947 quod
2320 4888 2429 4945 pro
2472 4889 2789 4930 servorum
2836 4875 2939 4930 Dei
2980 4873 3202 4945 quiete,
3252 4876 3311 4928 et
3369 4870 3561 4928 sancti

1900 4963 2213 5040 pontiﬁces
2257 4961 2353 5035 pie
2408 4967 2761 5028 statuerunt,
2807 4966 2863 5019 et
2908 4961 3218 5027 magniﬁci
3260 4960 3562 5034 principes

1900 5051 2174 5121 religiose
2203 5050 2525 5120 rogabant,
2554 5054 2611 5107 et
2639 5049 2833 5107 abbas
2866 5049 3356 5120 congregationis
3404 5050 3563 5122 ejus-

1902 5138 2040 5199 dem
2072 5138 2417 5195 necessario
2447 5137 2815 5212 postulabat,
2836 5137 3181 5196 censuimus
3202 5140 3399 5212 rogati
3413 5155 3561 5197 con-

1901 5227 2112 5287 cedere
2141 5225 2311 5300 quod
2358 5227 2513 5284 ultro
2562 5226 2817 5289 decebat
2868 5232 3142 5287 nostram
3194 5229 3561 5303 pastoralem

1902 5315 2364 5375 sollicitudinem
2387 5315 2688 5373 exhibere.

1974 5404 2381 5474 Cognovimus
2410 5405 2609 5467 etiam.
2625 5405 2913 5465 referente
2928 5406 3253 5464 venerabili
3277 5406 3564 5463 Anselmo

1902 5494 2121 5552 abbate
2152 5493 2522 5565 coenobium,
2542 5492 2617 5549 de
2640 5511 2764 5566 quo
2782 5497 3044 5567 agimus,
3076 5512 3114 5553 a
3145 5496 3563 5569 prmcellentis-

1904 5585 2060 5641 sima
2088 5582 2455 5639 Francorum
2486 5582 2692 5654 regina
2706 5584 2995 5641 Balthilde
3010 5585 3291 5643 nobiliter
3305 5585 3570 5643 tediiica-

1901 5679 2052 5738 tum,
2070 5674 2125 5727 et
2140 5688 2176 5727 a
2190 5671 2402 5746 primae
2424 5670 2791 5729 fundationis
2810 5691 2933 5730 suae
2956 5678 3116 5732 statu
3131 5691 3273 5733 cum
3288 5676 3566 5738 nobilita-

1973 5785 1991 5809 °
2019 5778 2322 5854 Spicilegii
2346 5783 2491 5840 tom.
2521 5781 2618 5851 Vl,
2644 5765 2786 5854 pag.
2821 5785 2945 5840 887.
