3968 6452
355 385 457 440 695

1425 386 1855 443 BENEDICTUS
1894 384 1962 438 Ill
2005 378 2270 435 ROMANI
2312 379 2701 438 PONTIFICIS

3694 382 3812 436 696

356 509 411 561 te
445 511 794 564 sanctorum
827 523 1090 564 Vll‘Ol'llm
1123 513 1179 565 et
1209 510 1888 580 religionismonachicaa
1908 507 2010 564 ob-
2043 507 2091 560 Α
2127 509 2471 562 convertere
2505 511 2782 580 sumptus
2814 507 3233 580 praesumant?
3265 504 3320 562 Si
3355 504 3515 560 enim
3549 504 3819 562 clerico-

357 597 684 665 servantia;
713 601 837 653 tum
883 615 1127 671 quoque
1163 600 1510 673 principum
1539 605 1904 658 Francorum
1933 600 2015 655 fa-

362 685 518 740 voris
549 686 967 757 praerogativa,
1001 692 1053 743 et
1085 689 1436 745 muniminis
1466 691 1832 763 protectione
1859 705 2014 744 sem-

358 789 466 846 per
492 773 782 829 ﬂoruisse.
817 777 946 840 Qua
967 775 1042 832 de
1079 793 1140 833 re
1168 778 1389 834 factum
1423 785 1531 848 est,
1556 785 1622 835 ut
1651 785 1707 835 et
1734 777 2018 834 immuni-

359 867 509 918 tates
537 878 738 919 rerum
771 881 1042 934 suarum,
1075 872 1131 923 et
1157 868 1466 940 privilegia
1520 869 1777 940 eligendi
1826 868 2015 924 abba-

359 956 476 1007 tem
532 968 746 1008 omnes
787 954 839 1008 ei
892 956 1307 1026 concederent,
1366 974 1841 1031 concessumque
1894 957 2017 1012 fore

356 1040 658 1113 perpetuis
701 1042 916 1099 diebus
960 1045 1367 1108 decernerent,
1413 1064 1780 1121 suarumque
1821 1047 2016 1102 muni-

358 1133 564 1186 menta
595 1133 1057 1189 concessionum
1113 1135 1172 1190 in
1228 1135 1491 1192 archivis
1546 1136 1892 1192 monasterii
1941 1136 2020 1191 ad

356 1219 713 1275 memoriam
752 1220 1091 1277 futurorum
1135 1223 1433 1280 servanda
1465 1230 1840 1298 reponerent.
1885 1225 2019 1291 Qui-

356 1307 471 1362 bus
495 1307 747 1377 cognitis
782 1311 1064 1366 omnibus
1121 1313 1290 1367 nefas
1321 1329 1452 1368 esse
1493 1313 1776 1369 duximus
1818 1314 1865 1369 si
1896 1331 2019 1368 non

358 1396 778 1466 religiosorum
812 1400 1154 1472 principum
1185 1401 1562 1457 devotionem
1595 1408 1930 1474 sequentes,
1966 1408 2022 1458 et

358 1489 705 1540 sanctorum
736 1487 1066 1558 praesulum
1099 1490 1374 1562 exempla
1405 1492 1778 1555 comitantes,
1802 1497 2019 1547 nostra:

360 1575 647 1629 cessionis
677 1577 1090 1632 auctoritatem
1122 1580 1485 1635 monasterio
1511 1580 1773 1636 Corbeiae
1804 1581 2020 1636 tribue-

358 1677 582 1728 remus,
609 1679 683 1719 ne
715 1664 818 1737 qui
851 1666 1028 1737 primi
1067 1673 1310 1739 propter
1341 1669 1681 1740 apostolicae
1723 1670 1879 1725 sedis
1911 1669 2024 1742 pri-

358 1757 594 1808 matum
624 1753 685 1807 in
712 1754 1122 1810 ecclesiasticis
1152 1757 1403 1825 negotiis
1434 1758 1825 1829 disponendis
1855 1759 2022 1814 invc-

2124 611 2280 660 rum,
2309 596 2413 668 qui
2438 596 2513 652 de
2541 598 2802 670 propriis
2831 597 3146 653 abundant
3175 595 3486 666 reditibus,
3519 611 3818 652 commu-

2126 684 2344 740 nicatio
2377 686 2727 757 prohibetur
2751 703 2891 742 cum
2909 686 2993 742 eis
3021 701 3157 758 quae
3185 683 3574 741 conferuntur
3603 684 3815 741 eccle—

2127 773 2247 839 SltB,
2281 772 2508 828 nedum
2539 773 2619 829 illi
2646 774 3002 847 acceperint,
3035 773 3139 846 qui
3187 773 3261 829 de
3291 771 3550 846 propriis
3603 772 3818 829 abun-

2125 861 2291 928 dant,
2315 877 2524 918 eorum
2552 863 2656 935 qui
2686 863 2835 918 nihil
2878 862 3107 918 habent
3129 861 3335 935 inopia
3364 876 3488 916 non
3527 861 3810 931 levetur;

2125 966 2249 1021 qua
2277 951 2620 1008 conscentia
2642 953 2966 1024 episcopus
2992 967 3115 1006 suae
3156 949 3498 1023 sumptibus
3523 951 3812 1006 ecclesias

2130 1038 2456 1107 sufﬁciens,
2479 1056 2615 1112 quae
2648 1056 2961 1097 servorum
2988 1039 3090 1094 Dei
3117 1039 3334 1095 fuerint
3369 1037 3578 1094 usibus
3611 1039 3810 1096 colla-

2129 1133 2185 1184 ta
2215 1135 2543 1201 praesumat
2590 1131 2977 1200 contingere?
3027 1133 3143 1185 Nec
3183 1134 3418 1184 veretur
3476 1129 3647 1200 quod
3687 1144 3815 1201 per

2127 1219 2483 1290 prophetam
2528 1219 2818 1275 Dominus
2863 1218 3188 1291 exprobrat
3235 1216 3650 1274 sacerdotibus
3705 1219 3813 1274 di-

2127 1323 2306 1362 cens:
2354 1309 2594 1377 Rapina
2617 1311 2911 1379 pauperis
2961 1310 3023 1364 in
3065 1307 3335 1363 domibus
3390 1307 3600 1363 vestris
3647 1307 3806 1378 (Isa.

2125 1401 2232 1463 ιιι).
2266 1400 2564 1468 Paupcres
2613 1398 2774 1454 enim
2805 1397 3015 1453 Christi
3046 1413 3178 1453 esse
3210 1395 3344 1469 quis
3395 1396 3645 1466 nesciat,
3689 1397 3813 1469 qui

2129 1491 2576 1542 contemnentes
2607 1487 3008 1544 substantiam
3038 1486 3272 1556 mundi,
3298 1485 3621 1542 Salvatoris
3652 1502 3812 1542 nos-

2128 1577 2201 1630 tri
2223 1575 2472 1646 vestigia
2503 1581 2818 1646 sectantes,
2841 1577 2944 1649 qui
2967 1592 3101 1633 cum
3127 1581 3272 1633 esset
3301 1574 3462 1631 dives
3478 1591 3594 1645 pro
3621 1577 3808 1632 nobis

2125 1683 2360 1737 pauper
2387 1670 2628 1737 effectus
2658 1674 2742 1724 est
2773 1669 2860 1736 (II
2893 1668 3028 1723 Cor.
3054 1668 3193 1739 vni),
3229 1670 3450 1723 sancta:
3473 1666 3811 1738 professio-

2130 1756 2223 1811 nis
2253 1757 2487 1812 titulum
2520 1757 2629 1812 sibi
2660 1757 2897 1813 divitias
2929 1757 3295 1813 arbitrantur
3315 1758 3342 1812 ἱ)

359 1839 475 1895 niri
501 1840 854 1909 debeamus,
879 1844 992 1916 ipsi
1020 1845 1374 1914 posteriores
1405 1849 1808 1919 reperiemur;
1838 1854 1893 1903 et
1917 1847 2023 1920 qui
2057 1863 2100 1915 Β
2206 1845 2485 1918 Quisquis
2504 1846 2684 1915 igitur
2704 1846 2931 1920 aliquid
2960 1847 3181 1902 horum
3204 1862 3341 1918 quae
3364 1845 3582 1902 fuerint
3598 1845 3680 1901 ad
3693 1860 3806 1901 ne-

361 1929 440 1984 ad
463 1946 772 1986 servorum
828 1933 927 1987 Dei
958 1933 1217 2005 quietem
1257 1936 1736 2007 comparandam
1791 1937 2022 1992 caeteris

358 2019 726 2075 auctoritatis
751 2020 956 2076 lumen
979 2028 1262 2094 praestare
1311 2024 1587 2097 exemplo
1618 2029 1822 2081 nostro
1849 2025 2026 2096 jube-

356 2124 514 2173 mur,
572 2108 856 2183 loquente
927 2113 1200 2180 Domino,
1283 2116 1390 2169 Vos
1447 2116 1584 2170 estis
1643 2116 1755 2170 tum
1815 2104 2032 2171 mundi

361 2198 603 2266 (Matth.
634 2200 717 2270 v),
750 2199 864 2272 ipsi
891 2217 999 2273 per
1024 2201 1400 2272 negligentiae
1449 2208 1718 2275 teporem
1773 2204 2023 2260 minime

364 2286 510 2342 boni
539 2288 736 2360 operis
768 2288 1063 2360 fulgorem
1091 2291 1221 2347 aliis
1253 2293 1656 2364 przrbeamus.

435 2377 565 2442 Qua
593 2376 668 2433 de
721 2395 782 2434 re
822 2381 1053 2436 noverit
1082 2382 1280 2437 omnis
1327 2383 1587 2438 Ecclesia
1619 2382 1942 2439 Galliarum
1970 2389 2028 2440 et

363 2466 678 2522 universus
711 2468 1135 2542 episcoporum
1168 2475 1354 2526 ccetus
1387 2472 1578 2528 eidem
1596 2472 1861 2528 Fcclesite
1879 2490 2028 2546 prae-

365 2556 713 2625 sidentium,
745 2559 909 2630 quod
932 2560 1244 2632 privilegia
1293 2568 1636 2617 sanctorum
1671 2563 2022 2634 praesulum,

366 2645 489 2701 sive
515 2662 650 2718 quae
681 2647 897 2703 diebus
913 2649 1200 2722 antiquis,
1227 2650 1351 2704 sive
1382 2666 1520 2722 qua:
1551 2651 1845 2707 moderno
1873 2657 2022 2708 tem-

363 2750 512 2806 pore
537 2739 705 2804 gesta
727 2741 886 2802 sunt,
902 2738 1265 2793 monasterio
1284 2739 1568 2807 Corbeiae,
1587 2739 1753 2812 quod
1769 2746 1860 2796 est
1881 2757 2025 2797 con-

368 2826 631 2878 tructum
662 2823 723 2879 in
755 2840 914 2896 pago
950 2826 1337 2882 Ambianensi
1375 2843 1556 2900 super
1577 2828 1828 2884 ﬂuvium
1862 2831 2030 2886 Sum-

367 2928 557 2980 mam,
579 2913 641 2968 in
690 2914 918 2971 honore
964 2922 1308 2973 sanctorum
1346 2919 1758 2992 apostolorum
1795 2921 1946 2976 Petri
1973 2925 2028 2978 et

370 3001 561 3072 Pauli,
591 3007 648 3058 et
668 3004 862 3060 sancti
898 3006 1181 3078 Stephani
1229 3008 1707 3080 protomartyris,
1746 3010 2026 3082 praesenti

368 3091 734 3148 auctoritatis
759 3099 981 3149 nostras
1011 3095 1204 3152 edicto
1234 3096 1591 3151 roboramus
1618 3116 1630 3165 ;
1656 3098 1717 3152 id
1739 3103 1826 3154 est
1846 3103 1910 3154 ut
1934 3115 2028 3154 res

367 3182 743 3274 monasterii,
778 3183 899 3239 sive
930 3201 1306 3259 quaecunque
1334 3203 1370 3242 a
1393 3187 1673 3243 ﬁdelibus
1691 3188 1893 3244 oblata
1906 3188 2030 3245 fue-
2061 3219 2101 3274 Ο

368 3269 488 3325 rint
517 3271 636 3353 Deo
668 3276 726 3327 et
773 3275 1224 3344 congregationi
1255 3275 1506 3332 fratrum
1536 3277 1763 3333 ibidem
1797 3279 2029 3335 Christo

373 3358 818 3429 famulantium,
852 3363 910 3418 in
958 3363 1348 3436 dispositione
1389 3365 1624 3422 abbatis
1665 3373 1722 3423 et
1777 3368 2031 3425 fratrum

370 3452 659 3504 maneant
685 3467 698 3517 ;
730 3465 927 3522 neque
953 3452 1272 3527 epiSCOpus
1292 3454 1729 3518 Ambianensis,
1751 3456 1833 3512 ad
1861 3457 2034 3528 cujus

371 3535 679 3592 dioecesim
722 3540 1068 3596 coenobium
1098 3543 1244 3598 illud
1273 3544 1532 3616 respicit,
1565 3544 1792 3618 aliquid
1818 3547 2033 3603 exinde

374 3631 728 3699 praesumat,
761 3633 865 3685 aut
917 3630 1132 3704 aliquis
1182 3633 1628 3706 episcoporum,
1679 3651 1937 3707 quorum
1972 3636 2035 3692 in

373 3715 679 3788 parochiis
719 3733 815 3773 res
856 3724 960 3775 aut
990 3720 1272 3778 basilicas
1311 3716 1536 3778 habere
1565 3731 2033 3792 cognoscuntur,

373 3819 570 3877 neque
601 3806 662 3861 in
687 3807 867 3878 agris,
895 3809 1068 3876 villis,
1100 3811 1366 3884 praediis,
1391 3815 1494 3867 aut
1542 3811 1600 3866 in
1631 3812 1724 3867 his
1751 3814 2035 3870 omnibus

374 3909 511 3966 quae
536 3895 615 3950 ad
630 3896 732 3967 jus
764 3901 820 3953 et
840 3898 1315 3971 dominationem
1343 3915 1553 3955 eorum
1574 3902 1920 3973 respiciunt,
1937 3909 2040 3961 aut

375 3981 718 4055 episcopus,
752 3990 856 4040 aut
882 4003 1255 4053 ceconomus,
1286 4004 1393 4044 seu
1428 3988 2041 4062 archipresbyter,aut

377 4071 860 4143 archidiaconus,
885 4079 990 4131 aut
1015 4076 1262 4147 quilibet
1312 4078 1720 4134 ministrorum
1754 4097 1856 4136 seu
1892 4099 2039 4154 prae-

377 4159 714 4230 positorum
741 4163 792 4233 ej
804 4179 872 4218 us
901 4169 1006 4219 aut
1027 4170 1359 4221 conventus
1382 4166 1622 4236 faciant,
1648 4173 2040 4229 autconvivia

380 4254 746 4319 praaparent,
777 4255 881 4307 aut
914 4252 1144 4324 aliquid
1191 4257 1504 4326 potestatis
1547 4257 1682 4328 jure
1714 4258 1826 4315 sibi
1850 4260 2042 4317 vindi-

381 4339 536 4404 cent,
568 4341 673 4392 aut
701 4339 942 4408 exigant
967 4341 1351 4401 vindicanda.
1399 4348 1516 4402 Hac
1546 4363 1789 4420 quoque
1830 4349 2040 4405 condi-

383 4423 560 4479 tionis
589 4424 720 4496 lege
753 4442 966 4485 omnes
995 4429 1261 4505 episcopi
1301 4449 1361 4488 se
1392 4436 1699 4491 conveniri
1740 4439 2036 4510 noverint,

382 4528 644 4585 quorum
676 4518 994 4589 parochias
1020 4537 1113 4577 res
1145 4522 1516 4579 Corbeiensis
1544 4527 1890 4582 monasterii
1921 4544 2039 4582 res-

382 4601 579 4675 picere
609 4614 1087 4676 cognoscuntur:
1119 4626 1230 4668 nec
1258 4628 1502 4682 novum,
1532 4629 1642 4670 nec
1687 4614 2039 4673 inusitatum

385 4699 665 4751 causetur
693 4696 1018 4771 quisquam
1050 4701 1175 4758 fore
1205 4703 1371 4774 quod
1417 4703 1817 4772 decernimus,
1851 4723 2042 4778 quan-

386 4781 716 4856 doquidem
772 4791 829 4843 et
857 4788 994 4846 huic
1027 4791 1303 4849 coenobio
1334 4798 1568 4850 constat
1597 4794 1741 4850 olim
1767 4793 1894 4864 jam
1926 4796 2043 4852 hoc

387 4887 765 4947 concessum,
794 4881 850 4933 et
876 4881 1077 4936 multis
1099 4882 1232 4938 aliis
1264 4898 1387 4938 non
1421 4882 1618 4938 solum
1647 4882 1708 4937 in
1739 4882 1924 4940 Gallia
1952 4885 2044 4941 vel

385 4962 446 5017 in
478 4963 663 5031 Italia,
695 4983 907 5023 verum
941 4975 1063 5027 toto
1097 4977 1403 5028 terranum
1453 4971 1616 5038 orbe,
1660 4987 1784 5027 non
1842 4973 2038 5030 solum

385 5052 850 5123 monachorum,
901 5073 1115 5114 verum
1163 5060 1596 5115 canonicorum
1635 5063 2036 5132 monasteriis,

385 5136 684 5208 hodieque
715 5144 1121 5214 conspicimus
1149 5163 1396 5203 manere
1439 5147 1739 5205 indultum
1766 5169 1778 5205 :
1813 5155 1869 5207 et
1893 5168 2040 5209 una-

385 5241 642 5299 quaeque
697 5229 947 5288 ecclesia
1010 5235 1189 5292 debet
1246 5252 1491 5293 manere
1547 5238 1668 5294 suis
1715 5240 2038 5312 privilegiis

384 5319 682 5384 contenta,
715 5333 824 5374 nec
860 5320 938 5376 ab
986 5322 1102 5378 alia
1133 5322 1293 5396 [alio]
1320 5325 1567 5397 pervadi
1613 5327 1707 5383 vel
1736 5331 2038 5402 usurpari,

383 5404 548 5474 quod
574 5405 814 5462 alterius
847 5409 997 5481 juris
1028 5427 1160 5467 esse
1192 5414 1573 5487 conspicitur.

453 5495 723 5567 Cumque
741 5497 1063 5556 Galliarum
1089 5504 1461 5574 permaxima
1473 5507 1751 5566 ecclesias
1766 5511 2038 5567 ﬁdelium

381 5580 798 5640 collationibus
828 5603 864 5643 a
888 5591 1008 5644 Deo
1031 5597 1260 5651 constet
1279 5611 1408 5653 esse
1432 5597 1740 5667 ditatas,ut
1759 5617 1942 5657 nemo
1968 5601 2044 5656 sit

378 5668 498 5723 fere
527 5671 972 5745 episcoporum,
1004 5680 1099 5735 cui
1131 5698 1254 5739 suae
1300 5693 1575 5762 sumptus
1605 5689 1863 5746 ecclesiae
1895 5691 2040 5745 satis

379 5773 681 5830 superque
697 5775 820 5816 non
835 5765 1252 5846 sutﬁciant,cuj
1263 5792 1330 5831 us
1348 5781 1541 5848 gratia
1553 5779 2034 5846 necessitudinis,

383 5861 515 5921 Ὶυδθ
543 5862 854 5911 servorum
885 5855 1089 5920 Christi
1123 5869 1260 5921 sunt
1288 5868 1504 5923 usibus
1533 5869 1772 5939 collata,
1804 5868 1866 5927 in
1895 5883 2051 5929 suos

2137 1936 2436 1990 cessitates
2492 1951 2701 1991 eorum
2755 1936 2971 1991 collata
3029 1934 3497 2008 praesumpserit,
3552 1940 3611 1990 et
3669 1932 3806 1990 suis

2137 2024 2473 2080 commodis
2505 2024 2876 2096 applicuerit,
2905 2023 3185 2097 rapinam
3214 2023 3276 2079 in
3314 2024 3566 2080 domum
3617 2039 3806 2079 suam

2137 2114 2210 2168 de
2242 2113 2577 2170 substantia
2606 2114 2892 2187 pauperis
2919 2118 3266 2184 congregat.
3302 2113 3515 2170 Omnia
3548 2129 3808 2186 quoque

2135 2218 2271 2274 quae
2305 2202 2729 2258 suntecclesiis
2765 2202 2968 2259 oblata
3015 2201 3109 2258 vel
3151 2201 3426 2272 delegata
3479 2201 3538 2256 in
3568 2217 3805 2274 paupe-

2135 2308 2290 2353 rum,
2320 2292 2712 2364 pupillorum,
2734 2293 3076 2359 viduarum,
3112 2297 3341 2348 certum
3362 2295 3450 2348 est
3468 2291 3805 2347 necessita-

2136 2386 2222 2437 tes
2278 2381 2597 2438 destinata.
2633 2384 2826 2448 Quare
2857 2381 3136 2455 quisquis
3190 2397 3263 2436 ex
3309 2380 3402 2436 his
3459 2379 3688 2452 aliquid
3739 2380 3803 2436 in

2135 2487 2278 2527 suas
2307 2471 2585 2528 utilitates
2616 2472 2814 2543 exigit,
2837 2471 3116 2544 rapinam
3146 2470 3429 2544 pauperis
3458 2469 3519 2525 in
3541 2469 3803 2526 domum

2136 2578 2309 2617 suam
2341 2567 2690 2632 congestam
2739 2562 2979 2618 detinet.
3017 2565 3082 2618 Et
3136 2559 3442 2634 apostolos
3482 2561 3599 2615 ait:
3647 2560 3804 2626 Quia

2136 2665 2385 2720 rapaces
2415 2667 2666 2722 regnum
2706 2652 2812 2707 Dei
2850 2666 2969 2706 non
2995 2651 3385 2720 possidebunt
3431 2649 3485 2719 (Ι
3522 2648 3662 2705 Cor.
3695 2649 3801 2720 γι).

2139 2739 2303 2795 Unde
2330 2740 2408 2795 ab
2439 2739 2723 2796 omnibus
2750 2755 2886 2812 quae
2942 2739 3312 2809 monasterio
3359 2737 3623 2795 Corbeiae
3677 2738 3804 2793 fue-

2138 2829 2276 2898 rint,
2309 2828 2402 2884 vel
2423 2829 2647 2890 oblata,
2671 2828 2766 2884 vel
2795 2844 3162 2901 quocunque
3192 2827 3460 2899 legitimo
3497 2827 3634 2898 jure
3665 2843 3804 2899 pos-

2140 2933 2329 2987 sessa,
2359 2918 2419 2972 in
2464 2917 2756 2989 pecuniis,
2789 2917 2850 2973 in
2904 2917 3084 2987 agris,
3117 2917 3179 2972 in
3228 2915 3488 2988 praediis,
3522 2916 3581 2970 in
3608 2914 3806 2971 domi-

2137 3007 2277 3074 bus,
2307 3007 2368 3062 in
2399 3007 2583 3074 cellis,
2620 3011 2724 3063 aut
2752 3005 3034 3074 ecclesiis,
3055 3005 3200 3062 nihil
3231 3022 3303 3062 ex
3333 3005 3416 3061 eis
3438 3004 3547 3060 sibi
3570 3020 3802 3077 praesu-

2139 3101 2267 3152 mat
2295 3100 2399 3151 aut
2446 3095 2790 3168 episcopus,
2851 3099 2955 3152 aut
2996 3094 3343 3166 quicunque
3389 3092 3804 3149 ministrorum

2144 3186 2293 3257 ejus,
2337 3202 2412 3241 ne
2443 3189 2653 3242 contra
2683 3191 2955 3241 nostram
2985 3185 3360 3256 etmajorum
3387 3183 3806 3240 auctoritatem

2141 3274 2386 3344 faciens,
2401 3290 2610 3344 regum
2625 3289 2871 3346 quoque
2896 3273 3132 3329 decreta
3150 3288 3257 3345 per
3273 3287 3585 3328 servorum
3602 3271 3805 3328 Chris-

2146 3365 2186 3420 ti
2225 3364 2422 3437 quiete
2455 3363 2778 3420 constituta
2807 3369 3221 3433 contemnens,
3268 3378 3440 3418 reum
3495 3377 3557 3418 se
3611 3361 3805 3418 sancti

2142 3453 2373 3510 concilii
2395 3458 2451 3510 et
2480 3457 2782 3526 perpetuae
2805 3451 3211 3508 damnationis
3243 3451 3476 3507 efﬁciat.

2215 3545 2280 3598 Et
2299 3543 2590 3616 quoniam
2621 3541 2904 3598 monachi
2931 3539 3374 3614 tranquillitatis
3405 3543 3806 3612 pacem,etse-

2143 3633 2406 3688 curitatis
2439 3633 2627 3688 otium
2648 3631 2871 3688 habere
2884 3631 3195 3698 debent,ut
3221 3633 3340 3686 Deo
3365 3633 3648 3685 vacantes
3669 3645 3807 3702 pro-

2143 3722 2417 3777 fessionis
2451 3739 2572 3777 suae
2598 3721 2870 3791 regulam
2897 3720 3135 3776 valeant
3155 3719 3497 3786 observare,
3520 3735 3632 3775 nec
3653 3718 3803 3792 epis—

2145 3828 2359 3884 copus,
2385 3827 2494 3865 nec
2521 3811 2984 3866 archidiaconus
3015 3810 3145 3880 ejus
3166 3808 3457 3865 accedant
3485 3808 3562 3863 ad
3589 3807 3802 3880 praefa-

2145 3906 2274 3956 tum
2305 3899 2754 3964 monasterium,
2788 3915 2898 3955 nec
2929 3914 3238 3953 servorum
3273 3897 3371 3952 Dei
3396 3895 3660 3968 quietem
3675 3911 3803 3968 per-

2151 3989 2390 4045 turbare
2431 3989 2833 4060 praesumant;
2858 3987 2971 4043 nisi
2993 3987 3140 4043 forte
3167 3991 3272 4042 aut
3301 3983 3516 4050 abbas,
3552 3989 3656 4040 aut
3691 3983 3806 4041 fra-

2149 4084 2266 4135 tres
2304 4077 2556 4148 alicujus
2589 4077 2854 4134 utilitatis
2886 4077 3076 4146 gratia
3092 4092 3231 4131 eum
3247 4089 3462 4131 vocare
3490 4073 3802 4141 voluerint;

2153 4169 2302 4224 alias
2328 4184 2438 4223 nec
2466 4167 2526 4222 in
2557 4167 2865 4237 abbatem,
2892 4182 2997 4221 nec
3033 4165 3093 4220 in
3127 4164 3390 4236 aliquem
3417 4163 3492 4218 de
3523 4161 3804 4219 fratribus

2153 4257 2489 4330 quidquam
2519 4256 2828 4330 potestatis
2860 4255 3145 4321 obtineat,
3179 4267 3377 4325 neque
3425 4267 3534 4324 per
3579 4252 3806 4324 episco-

2147 4347 2348 4420 palem
2372 4347 2596 4402 fastum
2620 4345 2847 4418 aliquid
2873 4344 2934 4400 in
2961 4361 3062 4401 eos
3091 4342 3349 4411 eiliceat;
3372 4357 3584 4398 verum
3615 4340 3804 4396 abbas

2151 4435 2484 4492 secundum
2515 4434 2788 4504 regulam
2813 4433 3002 4490 sancti
3033 4430 3335 4488 Benedicti
3367 4429 3641 4501 (Cap.65)
3660 4428 3803 4484 libe-

2149 4541 2281 4581 ram
2314 4523 2658 4580 monasterii
2692 4523 2782 4578 sui
2812 4521 3502 4593 habeatpotestatem,et
3525 4516 3804 4572 monachi

2151 4614 2229 4670 ad
2252 4615 2381 4684 ejus
2401 4618 2690 4686 tanquam
2712 4612 2786 4667 ad
2812 4611 3070 4684 pastoris
3092 4610 3186 4665 sui
3207 4606 3594 4664 solummodo
3617 4605 3803 4678 respi—

2150 4703 2309 4759 ciant
2340 4701 2861 4772 gubernationem,
2892 4715 3004 4755 nec
3031 4696 3370 4771 episcopale
3414 4694 3801 4750 ministerium

2149 4792 2374 4865 aliquid
2398 4791 2638 4846 ditionis
2661 4806 2841 4862 super
2867 4805 2969 4844 eos
2987 4787 3256 4844 obtineat
3275 4785 3475 4852 (lbid.,
3496 4801 3547 4839 c.
3570 4785 3803 4855 2).Quo-

2147 4883 2313 4938 niam
2343 4897 2481 4937 cum
2513 4880 2706 4937 abbas
2737 4880 2894 4935 vices
2916 4877 3128 4934 Christi
3152 4877 3215 4932 in
3230 4873 3600 4932 monasterio
3622 4873 3802 4929 credi-

2147 4977 2244 5029 tur
2271 4987 2470 5042 agere,
2525 4969 2783 5042 pastoris
2827 4966 3095 5023 ofﬁcium
3150 4980 3332 5037 super
3385 4962 3641 5017 creditas
3697 4960 3801 5016 sibi

2148 5078 2287 5117 oves
2311 5060 2534 5116 habere
2565 5056 2976 5128 cognoscitur:
2997 5059 3180 5126 utque
3198 5049 3663 5124 dispensationis
3686 5065 3800 5104 suae

2147 5148 2544 5205 ministerium
2571 5160 2846 5200 exercere
2875 5141 3196 5215 praevaleat
3225 5140 3425 5210 digne,
3451 5136 3674 5194 nullius
3704 5137 3801 5192 de-

2146 5238 2247 5294 bet
2273 5233 2616 5310 pertuabari
2652 5236 2947 5305 potestate
2991 5229 3320 5300 subjectus,
3355 5225 3461 5282 sed
3513 5225 3592 5281 ab
3646 5223 3802 5280 omni

2147 5325 2478 5400 episcopali
2499 5323 2651 5378 liber
2677 5319 3109 5388 dominatione,
3129 5317 3428 5372 Christum
3451 5319 3805 5371 tantummo-

2147 5417 2226 5472 do
2238 5415 2507 5487 judicem
2539 5410 2847 5476 sustineat,
2867 5408 2972 5480 qui
2989 5406 3334 5463 redditurus
3360 5408 3449 5459 est
3477 5403 3552 5458 de
3579 5401 3804 5458 creditis

2149 5503 2262 5560 sibi
2290 5502 2506 5559 ovibus
2537 5497 2853 5554 rationem.
2885 5498 3262 5568 Quapropter
3291 5491 3493 5547 modis
3523 5489 3803 5546 omnibus

2149 5594 2486 5656 statuimus;
2505 5592 2570 5644 ut
2583 5586 2907 5659 episcopus
2921 5584 3216 5642 adventus
3231 5582 3323 5637 sui
3338 5579 3656 5654 praesentia
3681 5595 3802 5633 mo-

2148 5681 2391 5741 nasterii
2407 5675 2902 5749 tranquillitatem
2915 5691 3037 5729 non
3051 5673 3473 5744 inquietetmec
3493 5667 3716 5740 aliquid
3748 5667 3797 5722 in

2150 5790 2220 5830 eo
2242 5766 2568 5846 episcopali
2598 5768 2888 5836 potestate
2925 5762 3119 5818 facere
3142 5762 3607 5833 praesumannec
3629 5757 3803 5846 fratri-

2151 5864 2264 5918 bus
2283 5845 2398 5930 aut
2427 5853 2633 5924 abbati
2666 5851 2852 5910 ullam
2879 5850 3352 5918 molestiam,aut
3381 5845 3802 5920 inquietudinis
