  <div class='ocr_page' id='page_1' title='image "/cluster/home/n/w/nwhite01/storage/ocr_20150623/115-116/uc1.31175006916467/356.png"; bbox 0 0 3968 6402; ppageno 0'>
   <div class='ocr_carea' id='block_1_1' title="bbox 148 437 263 492">
    <p class='ocr_par' dir='ltr' id='par_1_1' title="bbox 148 437 263 492">
     <span class='ocr_line' id='line_1_1' title="bbox 148 437 263 492; baseline 0.017 -2"><span class='ocrx_word' id='word_1_1' title='bbox 148 437 263 492; x_wconf 81' lang='lat'><strong>897</strong></span> 
     </span>
    </p>
   </div>
   <div class='ocr_carea' id='block_1_2' title="bbox 148 558 1835 636">
    <p class='ocr_par' dir='ltr' id='par_1_2' title="bbox 148 558 1835 636">
     <span class='ocr_line' id='line_1_2' title="bbox 148 558 1835 636; baseline 0 -20"><span class='ocrx_word' id='word_1_2' title='bbox 148 558 680 633; x_wconf 84' lang='lat' dir='ltr'><strong>perturbationem</strong></span> <span class='ocrx_word' id='word_1_3' title='bbox 707 560 958 630; x_wconf 79' lang='lat' dir='ltr'><strong>ingerat.</strong></span> <span class='ocrx_word' id='word_1_4' title='bbox 986 563 1159 628; x_wconf 88' lang='lat' dir='ltr'><strong>Quod</strong></span> <span class='ocrx_word' id='word_1_5' title='bbox 1177 563 1226 619; x_wconf 93' lang='lat' dir='ltr'><strong>si</strong></span> <span class='ocrx_word' id='word_1_6' title='bbox 1256 563 1476 620; x_wconf 88' lang='lat' dir='ltr'><strong>violare</strong></span> <span class='ocrx_word' id='word_1_7' title='bbox 1497 577 1835 636; x_wconf 85' lang='lat' dir='ltr'><strong>praesump-</strong></span> 
     </span>
    </p>
   </div>
   <div class='ocr_carea' id='block_1_3' title="bbox 150 650 1833 724">
    <p class='ocr_par' dir='ltr' id='par_1_3' title="bbox 150 650 1833 724">
     <span class='ocr_line' id='line_1_3' title="bbox 150 650 1833 724; baseline 0.002 -20"><span class='ocrx_word' id='word_1_8' title='bbox 150 650 322 719; x_wconf 84' lang='lat' dir='ltr'><strong>serit,</strong></span> <span class='ocrx_word' id='word_1_9' title='bbox 356 664 479 705; x_wconf 91' lang='lat' dir='ltr'><strong>non</strong></span> <span class='ocrx_word' id='word_1_10' title='bbox 529 651 793 722; x_wconf 85' lang='lat' dir='ltr'><strong>pastoris</strong></span> <span class='ocrx_word' id='word_1_11' title='bbox 821 650 1108 718; x_wconf 80' lang='lat' dir='ltr'><strong>ofﬁcium,</strong></span> <span class='ocrx_word' id='word_1_12' title='bbox 1172 654 1278 708; x_wconf 92' lang='lat' dir='ltr'><strong>sed</strong></span> <span class='ocrx_word' id='word_1_13' title='bbox 1329 653 1622 709; x_wconf 89' lang='lat' dir='ltr'><strong>eversoris</strong></span> <span class='ocrx_word' id='word_1_14' title='bbox 1653 657 1833 724; x_wconf 90' lang='lat' dir='ltr'><strong>atque</strong></span> 
     </span>
    </p>
   </div>
   <div class='ocr_carea' id='block_1_4' title="bbox 150 737 1834 812">
    <p class='ocr_par' dir='ltr' id='par_1_4' title="bbox 150 737 1834 812">
     <span class='ocr_line' id='line_1_4' title="bbox 150 737 1834 812; baseline 0.002 -20"><span class='ocrx_word' id='word_1_15' title='bbox 150 737 608 794; x_wconf 88' lang='lat' dir='ltr'><strong>conturbatoris</strong></span> <span class='ocrx_word' id='word_1_16' title='bbox 661 739 952 796; x_wconf 91' lang='lat' dir='ltr'><strong>Dominici</strong></span> <span class='ocrx_word' id='word_1_17' title='bbox 1002 741 1199 812; x_wconf 84' lang='lat' dir='ltr'><strong>gregis</strong></span> <span class='ocrx_word' id='word_1_18' title='bbox 1259 742 1491 798; x_wconf 88' lang='lat' dir='ltr'><strong>noverit</strong></span> <span class='ocrx_word' id='word_1_19' title='bbox 1520 756 1581 796; x_wconf 91' lang='lat' dir='ltr'><strong>se</strong></span> <span class='ocrx_word' id='word_1_20' title='bbox 1609 742 1834 811; x_wconf 88' lang='lat' dir='ltr'><strong>agitare</strong></span> 
     </span>
    </p>
   </div>
   <div class='ocr_carea' id='block_1_5' title="bbox 137 827 1834 904">
    <p class='ocr_par' dir='ltr' id='par_1_5' title="bbox 137 827 1834 904">
     <span class='ocr_line' id='line_1_5' title="bbox 137 827 1834 904; baseline 0.002 -22"><span class='ocrx_word' id='word_1_21' title='bbox 137 827 576 899; x_wconf 76' lang='lat' dir='ltr'><strong>tyrannidem:</strong></span> <span class='ocrx_word' id='word_1_22' title='bbox 608 844 678 884; x_wconf 89' lang='lat' dir='ltr'><strong>ac</strong></span> <span class='ocrx_word' id='word_1_23' title='bbox 703 845 810 902; x_wconf 88' lang='lat' dir='ltr'><strong>per</strong></span> <span class='ocrx_word' id='word_1_24' title='bbox 852 829 968 885; x_wconf 91' lang='lat' dir='ltr'><strong>hoc</strong></span> <span class='ocrx_word' id='word_1_25' title='bbox 997 846 1120 886; x_wconf 90' lang='lat' dir='ltr'><strong>non</strong></span> <span class='ocrx_word' id='word_1_26' title='bbox 1161 837 1226 887; x_wconf 90' lang='lat' dir='ltr'><strong>ut</strong></span> <span class='ocrx_word' id='word_1_27' title='bbox 1268 838 1476 904; x_wconf 84' lang='lat' dir='ltr'><strong>pastor</strong></span> <span class='ocrx_word' id='word_1_28' title='bbox 1507 832 1834 904; x_wconf 90' lang='lat' dir='ltr'><strong>suscipien-</strong></span> 
     </span>
    </p>
   </div>
   <div class='ocr_carea' id='block_1_6' title="bbox 147 915 1832 992">
    <p class='ocr_par' dir='ltr' id='par_1_6' title="bbox 147 915 1832 992">
     <span class='ocr_line' id='line_1_6' title="bbox 147 915 1832 992; baseline 0.002 -21"><span class='ocrx_word' id='word_1_29' title='bbox 147 915 300 979; x_wconf 89' lang='lat' dir='ltr'><strong>dus,</strong></span> <span class='ocrx_word' id='word_1_30' title='bbox 326 933 540 973; x_wconf 89' lang='lat' dir='ltr'><strong>verum</strong></span> <span class='ocrx_word' id='word_1_31' title='bbox 570 922 868 992; x_wconf 84' lang='lat' dir='ltr'><strong>tanquam</strong></span> <span class='ocrx_word' id='word_1_32' title='bbox 909 919 1090 992; x_wconf 87' lang='lat' dir='ltr'><strong>lupus</strong></span> <span class='ocrx_word' id='word_1_33' title='bbox 1125 920 1203 976; x_wconf 88' lang='lat' dir='ltr'><strong>ab</strong></span> <span class='ocrx_word' id='word_1_34' title='bbox 1234 921 1371 976; x_wconf 83' lang='lat' dir='ltr'>ovili</span> <span class='ocrx_word' id='word_1_35' title='bbox 1401 921 1609 977; x_wconf 80' lang='lat' dir='ltr'><strong>Christi</strong></span> <span class='ocrx_word' id='word_1_36' title='bbox 1640 937 1832 976; x_wconf 80' lang='lat' dir='ltr'><strong>remo-</strong></span> 
     </span>
    </p>
   </div>
   <div class='ocr_carea' id='block_1_7' title="bbox 145 1005 1832 1080">
    <p class='ocr_par' dir='ltr' id='par_1_7' title="bbox 145 1005 1832 1080">
     <span class='ocr_line' id='line_1_7' title="bbox 145 1005 1832 1080; baseline 0.003 -20"><span class='ocrx_word' id='word_1_37' title='bbox 145 1005 413 1072; x_wconf 90' lang='lat' dir='ltr'><strong>vendus,</strong></span> <span class='ocrx_word' id='word_1_38' title='bbox 442 1006 852 1063; x_wconf 84' lang='lat' dir='ltr'><strong>damnationis</strong></span> <span class='ocrx_word' id='word_1_39' title='bbox 886 1024 1008 1063; x_wconf 63' lang='lat' dir='ltr'><strong>suze</strong></span> <span class='ocrx_word' id='word_1_40' title='bbox 1034 1024 1246 1080; x_wconf 88' lang='lat' dir='ltr'><strong>poenas</strong></span> <span class='ocrx_word' id='word_1_41' title='bbox 1271 1010 1668 1066; x_wconf 84' lang='lat' dir='ltr'><strong>anathematis</strong></span> <span class='ocrx_word' id='word_1_42' title='bbox 1697 1027 1832 1065; x_wconf 84' lang='lat' dir='ltr'><strong>mu-</strong></span> 
     </span>
    </p>
   </div>
   <div class='ocr_carea' id='block_1_8' title="bbox 147 1097 1834 1169">
    <p class='ocr_par' dir='ltr' id='par_1_8' title="bbox 147 1097 1834 1169">
     <span class='ocr_line' id='line_1_8' title="bbox 147 1097 1834 1169; baseline 0.004 -21"><span class='ocrx_word' id='word_1_43' title='bbox 147 1109 339 1149; x_wconf 90' lang='lat' dir='ltr'><strong>crone</strong></span> <span class='ocrx_word' id='word_1_44' title='bbox 364 1111 691 1168; x_wconf 91' lang='lat' dir='ltr'><strong>percussus</strong></span> <span class='ocrx_word' id='word_1_45' title='bbox 722 1097 999 1169; x_wconf 79' lang='lat' dir='ltr'><strong>excipiat.</strong></span> <span class='ocrx_word' id='word_1_46' title='bbox 1035 1097 1260 1154; x_wconf 85' lang='lat' dir='ltr'><strong>Altaria</strong></span> <span class='ocrx_word' id='word_1_47' title='bbox 1290 1115 1432 1154; x_wconf 92' lang='lat' dir='ltr'><strong>vero</strong></span> <span class='ocrx_word' id='word_1_48' title='bbox 1489 1115 1595 1155; x_wconf 91' lang='lat' dir='ltr'><strong>seu</strong></span> <span class='ocrx_word' id='word_1_49' title='bbox 1633 1099 1834 1154; x_wconf 87' lang='lat' dir='ltr'><strong>basili-</strong></span> 
     </span>
    </p>
   </div>
   <div class='ocr_carea' id='block_1_9' title="bbox 146 1183 1836 1260">
    <p class='ocr_par' dir='ltr' id='par_1_9' title="bbox 146 1183 1836 1260">
     <span class='ocr_line' id='line_1_9' title="bbox 146 1183 1836 1260; baseline 0.004 -23"><span class='ocrx_word' id='word_1_50' title='bbox 146 1197 256 1238; x_wconf 86' lang='lat' dir='ltr'><strong>cas</strong></span> <span class='ocrx_word' id='word_1_51' title='bbox 289 1183 351 1238; x_wconf 94' lang='lat' dir='ltr'><strong>in</strong></span> <span class='ocrx_word' id='word_1_52' title='bbox 403 1185 772 1241; x_wconf 90' lang='lat' dir='ltr'><strong>monasterio</strong></span> <span class='ocrx_word' id='word_1_53' title='bbox 796 1190 1043 1255; x_wconf 90' lang='lat' dir='ltr'><strong>rogatus</strong></span> <span class='ocrx_word' id='word_1_54' title='bbox 1081 1186 1158 1242; x_wconf 89' lang='lat' dir='ltr'><strong>ab</strong></span> <span class='ocrx_word' id='word_1_55' title='bbox 1209 1187 1426 1244; x_wconf 82' lang='lat' dir='ltr'><strong>abbate</strong></span> <span class='ocrx_word' id='word_1_56' title='bbox 1458 1205 1568 1260; x_wconf 91' lang='lat' dir='ltr'><strong>pro</strong></span> <span class='ocrx_word' id='word_1_57' title='bbox 1623 1187 1836 1245; x_wconf 86' lang='lat' dir='ltr'><strong>Christi</strong></span> 
     </span>
    </p>
   </div>
   <div class='ocr_carea' id='block_1_10' title="bbox 144 1272 1834 1350">
    <p class='ocr_par' dir='ltr' id='par_1_10' title="bbox 144 1272 1834 1350">
     <span class='ocr_line' id='line_1_10' title="bbox 144 1272 1834 1350; baseline 0.004 -25"><span class='ocrx_word' id='word_1_58' title='bbox 144 1272 399 1328; x_wconf 89' lang='lat' dir='ltr'><strong>nomine</strong></span> <span class='ocrx_word' id='word_1_59' title='bbox 423 1279 731 1329; x_wconf 87' lang='lat' dir='ltr'><strong>consecret</strong></span> <span class='ocrx_word' id='word_1_60' title='bbox 749 1280 929 1346; x_wconf 89' lang='lat' dir='ltr'><strong>atque</strong></span> <span class='ocrx_word' id='word_1_61' title='bbox 950 1274 1570 1333; x_wconf 89' lang='lat' dir='ltr'><strong>benedicat.Chrisma</strong></span> <span class='ocrx_word' id='word_1_62' title='bbox 1587 1293 1834 1350; x_wconf 87' lang='lat' dir='ltr'><strong>quoque</strong></span> 
     </span>
    </p>
   </div>
   <div class='ocr_carea' id='block_1_11' title="bbox 144 1360 1830 1438">
    <p class='ocr_par' dir='ltr' id='par_1_11' title="bbox 144 1360 1830 1438">
     <span class='ocr_line' id='line_1_11' title="bbox 144 1360 1830 1438; baseline 0.004 -24"><span class='ocrx_word' id='word_1_63' title='bbox 144 1360 278 1416; x_wconf 86' lang='lat' dir='ltr'>sive</span> <span class='ocrx_word' id='word_1_64' title='bbox 303 1361 792 1418; x_wconf 90' lang='lat' dir='ltr'><strong>sanctiﬁcationis</strong></span> <span class='ocrx_word' id='word_1_65' title='bbox 818 1365 1023 1420; x_wconf 89' lang='lat' dir='ltr'><strong>oleum</strong></span> <span class='ocrx_word' id='word_1_66' title='bbox 1065 1365 1316 1436; x_wconf 82' lang='lat' dir='ltr'>singulis</span> <span class='ocrx_word' id='word_1_67' title='bbox 1344 1365 1517 1421; x_wconf 89' lang='lat' dir='ltr'><strong>annis</strong></span> <span class='ocrx_word' id='word_1_68' title='bbox 1545 1365 1830 1438; x_wconf 70' lang='lat' dir='ltr'><strong>praebeat.</strong></span> 
     </span>
    </p>
   </div>
   <div class='ocr_carea' id='block_1_12' title="bbox 148 1448 1837 1524">
    <p class='ocr_par' dir='ltr' id='par_1_12' title="bbox 148 1448 1837 1524">
     <span class='ocr_line' id='line_1_12' title="bbox 148 1448 1837 1524; baseline 0.004 -20"><span class='ocrx_word' id='word_1_69' title='bbox 148 1448 268 1505; x_wconf 82' lang='lat' dir='ltr'><strong>Sed</strong></span> <span class='ocrx_word' id='word_1_70' title='bbox 298 1451 403 1505; x_wconf 88' lang='lat' dir='ltr'><strong>etsi</strong></span> <span class='ocrx_word' id='word_1_71' title='bbox 430 1466 617 1522; x_wconf 88' lang='lat' dir='ltr'><strong>quem</strong></span> <span class='ocrx_word' id='word_1_72' title='bbox 649 1451 888 1524; x_wconf 88' lang='lat' dir='ltr'><strong>petierit</strong></span> <span class='ocrx_word' id='word_1_73' title='bbox 918 1452 1112 1508; x_wconf 85' lang='lat' dir='ltr'><strong>abbas</strong></span> <span class='ocrx_word' id='word_1_74' title='bbox 1144 1458 1250 1508; x_wconf 90' lang='lat' dir='ltr'><strong>aut</strong></span> <span class='ocrx_word' id='word_1_75' title='bbox 1275 1454 1349 1510; x_wconf 93' lang='lat' dir='ltr'><strong>de</strong></span> <span class='ocrx_word' id='word_1_76' title='bbox 1387 1455 1702 1510; x_wconf 89' lang='lat' dir='ltr'><strong>monachis</strong></span> <span class='ocrx_word' id='word_1_77' title='bbox 1732 1459 1837 1510; x_wconf 88' lang='lat' dir='ltr'><strong>aut</strong></span> 
     </span>
    </p>
   </div>
   <div class='ocr_carea' id='block_1_13' title="bbox 143 1536 1834 1614">
    <p class='ocr_par' dir='ltr' id='par_1_13' title="bbox 143 1536 1834 1614">
     <span class='ocr_line' id='line_1_13' title="bbox 143 1536 1834 1614; baseline 0.003 -21"><span class='ocrx_word' id='word_1_78' title='bbox 143 1536 224 1594; x_wconf 93' lang='lat' dir='ltr'><strong>de</strong></span> <span class='ocrx_word' id='word_1_79' title='bbox 256 1539 565 1595; x_wconf 86' lang='lat' dir='ltr'><strong>canonicis</strong></span> <span class='ocrx_word' id='word_1_80' title='bbox 601 1540 725 1595; x_wconf 89' lang='lat' dir='ltr'><strong>suis</strong></span> <span class='ocrx_word' id='word_1_81' title='bbox 768 1541 849 1596; x_wconf 92' lang='lat' dir='ltr'><strong>ad</strong></span> <span class='ocrx_word' id='word_1_82' title='bbox 890 1541 1154 1614; x_wconf 87' lang='lat' dir='ltr'><strong>aliquem</strong></span> <span class='ocrx_word' id='word_1_83' title='bbox 1186 1542 1442 1612; x_wconf 90' lang='lat' dir='ltr'><strong>gradum</strong></span> <span class='ocrx_word' id='word_1_84' title='bbox 1474 1543 1834 1600; x_wconf 87' lang='lat' dir='ltr'><strong>ecclesiasti-</strong></span> 
     </span>
    </p>
   </div>
   <div class='ocr_carea' id='block_1_14' title="bbox 143 1629 1833 1702">
    <p class='ocr_par' dir='ltr' id='par_1_14' title="bbox 143 1629 1833 1702">
     <span class='ocr_line' id='line_1_14' title="bbox 143 1629 1833 1702; baseline 0.004 -20"><span class='ocrx_word' id='word_1_85' title='bbox 143 1643 293 1682; x_wconf 90' lang='lat' dir='ltr'><strong>cum</strong></span> <span class='ocrx_word' id='word_1_86' title='bbox 347 1629 856 1700; x_wconf 88' lang='lat' dir='ltr'><strong>consecrandum,</strong></span> <span class='ocrx_word' id='word_1_87' title='bbox 888 1630 1232 1687; x_wconf 87' lang='lat' dir='ltr'><strong>nullatenus</strong></span> <span class='ocrx_word' id='word_1_88' title='bbox 1287 1632 1676 1702; x_wconf 85' lang='lat' dir='ltr'><strong>contradicat,</strong></span> <span class='ocrx_word' id='word_1_89' title='bbox 1718 1634 1833 1694; x_wconf 82' lang='lat' dir='ltr'>nisi</span> 
     </span>
    </p>
   </div>
   <div class='ocr_carea' id='block_1_15' title="bbox 139 1714 1832 1792">
    <p class='ocr_par' dir='ltr' id='par_1_15' title="bbox 139 1714 1832 1792">
     <span class='ocr_line' id='line_1_15' title="bbox 139 1714 1832 1792; baseline 0.005 -22"><span class='ocrx_word' id='word_1_90' title='bbox 139 1714 301 1771; x_wconf 88' lang='lat' dir='ltr'><strong>forte</strong></span> <span class='ocrx_word' id='word_1_91' title='bbox 326 1716 376 1772; x_wconf 90' lang='lat' dir='ltr'><strong>is</strong></span> <span class='ocrx_word' id='word_1_92' title='bbox 407 1732 518 1789; x_wconf 91' lang='lat' dir='ltr'><strong>pro</strong></span> <span class='ocrx_word' id='word_1_93' title='bbox 545 1735 670 1791; x_wconf 89' lang='lat' dir='ltr'><strong>quo</strong></span> <span class='ocrx_word' id='word_1_94' title='bbox 697 1719 941 1792; x_wconf 86' lang='lat' dir='ltr'><strong>petitur,</strong></span> <span class='ocrx_word' id='word_1_95' title='bbox 976 1720 1264 1790; x_wconf 91' lang='lat' dir='ltr'><strong>indignus</strong></span> <span class='ocrx_word' id='word_1_96' title='bbox 1297 1721 1397 1776; x_wconf 91' lang='lat' dir='ltr'><strong>tali</strong></span> <span class='ocrx_word' id='word_1_97' title='bbox 1432 1721 1660 1776; x_wconf 89' lang='lat' dir='ltr'><strong>honore</strong></span> <span class='ocrx_word' id='word_1_98' title='bbox 1681 1723 1832 1778; x_wconf 80' lang='lat' dir='ltr'><strong>veri-</strong></span> 
     </span>
    </p>
   </div>
   <div class='ocr_carea' id='block_1_16' title="bbox 140 1804 1830 1882">
    <p class='ocr_par' dir='ltr' id='par_1_16' title="bbox 140 1804 1830 1882">
     <span class='ocr_line' id='line_1_16' title="bbox 140 1804 1830 1882; baseline 0.005 -23"><span class='ocrx_word' id='word_1_99' title='bbox 140 1804 288 1860; x_wconf 88' lang='lat' dir='ltr'><strong>tatis</strong></span> <span class='ocrx_word' id='word_1_100' title='bbox 317 1806 662 1863; x_wconf 89' lang='lat' dir='ltr'><strong>testimonio</strong></span> <span class='ocrx_word' id='word_1_101' title='bbox 694 1807 1182 1881; x_wconf 88' lang='lat' dir='ltr'><strong>deprehendatur</strong></span> <span class='ocrx_word' id='word_1_102' title='bbox 1207 1826 1219 1864; x_wconf 92' lang='lat'><strong>:</strong></span> <span class='ocrx_word' id='word_1_103' title='bbox 1251 1811 1542 1882; x_wconf 88' lang='lat' dir='ltr'><strong>quoniam</strong></span> <span class='ocrx_word' id='word_1_104' title='bbox 1562 1810 1714 1866; x_wconf 85' lang='lat' dir='ltr'><strong>sicut</strong></span> <span class='ocrx_word' id='word_1_105' title='bbox 1738 1812 1830 1867; x_wconf 87' lang='lat' dir='ltr'><strong>di-</strong></span> 
     </span>
    </p>
   </div>
   <div class='ocr_carea' id='block_1_17' title="bbox 1693 435 2077 492">
    <p class='ocr_par' dir='ltr' id='par_1_17' title="bbox 1693 435 2077 492">
     <span class='ocr_line' id='line_1_17' title="bbox 1693 435 2077 492; baseline 0.003 -1"><span class='ocrx_word' id='word_1_106' title='bbox 1693 435 2077 492; x_wconf 74' lang='lat' dir='ltr'><strong>EPISTOUE.</strong></span> 
     </span>
    </p>
   </div>
   <div class='ocr_carea' id='block_1_18' title="bbox 3513 457 3618 512">
    <p class='ocr_par' dir='ltr' id='par_1_18' title="bbox 3513 457 3618 512">
     <span class='ocr_line' id='line_1_18' title="bbox 3513 457 3618 512; baseline 0.019 -3"><span class='ocrx_word' id='word_1_107' title='bbox 3513 457 3618 512; x_wconf 79' lang='lat'><strong>698</strong></span> 
     </span>
    </p>
   </div>
   <div class='ocr_carea' id='block_1_19' title="bbox 1948 569 3612 648">
    <p class='ocr_par' dir='ltr' id='par_1_19' title="bbox 1948 569 3612 648">
     <span class='ocr_line' id='line_1_19' title="bbox 1948 569 3612 648; baseline 0.01 -29"><span class='ocrx_word' id='word_1_108' title='bbox 1948 574 2159 621; x_wconf 88' lang='lat' dir='ltr'><strong>verum</strong></span> <span class='ocrx_word' id='word_1_109' title='bbox 2191 570 2371 625; x_wconf 88' lang='lat' dir='ltr'><strong>etiam</strong></span> <span class='ocrx_word' id='word_1_110' title='bbox 2419 569 2601 625; x_wconf 90' lang='lat' dir='ltr'><strong>divini</strong></span> <span class='ocrx_word' id='word_1_111' title='bbox 2650 570 2803 640; x_wconf 90' lang='lat' dir='ltr'>juris</span> <span class='ocrx_word' id='word_1_112' title='bbox 2835 572 3053 628; x_wconf 89' lang='lat' dir='ltr'><strong>noxius</strong></span> <span class='ocrx_word' id='word_1_113' title='bbox 3103 578 3355 648; x_wconf 89' lang='lat' dir='ltr'><strong>tenetur,</strong></span> <span class='ocrx_word' id='word_1_114' title='bbox 3404 583 3460 634; x_wconf 90' lang='lat' dir='ltr'><strong>et</strong></span> <span class='ocrx_word' id='word_1_115' title='bbox 3487 586 3612 636; x_wconf 87' lang='lat' dir='ltr'><strong>n&#39;on</strong></span> 
     </span>
    </p>
   </div>
   <div class='ocr_carea' id='block_1_20' title="bbox 1949 653 3610 734">
    <p class='ocr_par' dir='ltr' id='par_1_20' title="bbox 1949 653 3610 734">
     <span class='ocr_line' id='line_1_20' title="bbox 1949 653 3610 734; baseline 0.01 -26"><span class='ocrx_word' id='word_1_116' title='bbox 1949 653 2144 710; x_wconf 89' lang='lat' dir='ltr'><strong>solum</strong></span> <span class='ocrx_word' id='word_1_117' title='bbox 2200 658 2454 730; x_wconf 87' lang='lat' dir='ltr'><strong>raptoris</strong></span> <span class='ocrx_word' id='word_1_118' title='bbox 2508 663 2612 714; x_wconf 89' lang='lat' dir='ltr'><strong>aut</strong></span> <span class='ocrx_word' id='word_1_119' title='bbox 2676 661 3015 732; x_wconf 89' lang='lat' dir='ltr'><strong>pervasoris</strong></span> <span class='ocrx_word' id='word_1_120' title='bbox 3081 663 3350 734; x_wconf 89' lang='lat' dir='ltr'><strong>crimine,</strong></span> <span class='ocrx_word' id='word_1_121' title='bbox 3399 683 3610 724; x_wconf 88' lang='lat' dir='ltr'><strong>verum</strong></span> 
     </span>
    </p>
   </div>
   <div class='ocr_carea' id='block_1_21' title="bbox 1947 741 3610 826">
    <p class='ocr_par' dir='ltr' id='par_1_21' title="bbox 1947 741 3610 826">
     <span class='ocr_line' id='line_1_21' title="bbox 1947 741 3610 826; baseline 0.009 -29"><span class='ocrx_word' id='word_1_122' title='bbox 1947 741 2124 799; x_wconf 89' lang='lat' dir='ltr'><strong>etiam</strong></span> <span class='ocrx_word' id='word_1_123' title='bbox 2157 745 2449 816; x_wconf 85' lang='lat' dir='ltr'><strong>sacrilegii</strong></span> <span class='ocrx_word' id='word_1_124' title='bbox 2480 751 2624 804; x_wconf 91' lang='lat' dir='ltr'><strong>nota</strong></span> <span class='ocrx_word' id='word_1_125' title='bbox 2675 747 3083 819; x_wconf 88' lang='lat' dir='ltr'><strong>damnandus,</strong></span> <span class='ocrx_word' id='word_1_126' title='bbox 3119 752 3340 808; x_wconf 68' lang='lat' dir='ltr'><strong>cmlesti</strong></span> <span class='ocrx_word' id='word_1_127' title='bbox 3379 754 3610 826; x_wconf 91' lang='lat' dir='ltr'><strong>judicio</strong></span> 
     </span>
    </p>
   </div>
   <div class='ocr_carea' id='block_1_22' title="bbox 1945 831 2353 889">
    <p class='ocr_par' dir='ltr' id='par_1_22' title="bbox 1945 831 2353 889">
     <span class='ocr_line' id='line_1_22' title="bbox 1945 831 2353 889; baseline 0.015 -6"><span class='ocrx_word' id='word_1_128' title='bbox 1945 831 2353 889; x_wconf 88' lang='lat' dir='ltr'><strong>mulctabitur.</strong></span> 
     </span>
    </p>
   </div>
   <div class='ocr_carea' id='block_1_23' title="bbox 2021 921 3608 1001">
    <p class='ocr_par' dir='ltr' id='par_1_23' title="bbox 2021 921 3608 1001">
     <span class='ocr_line' id='line_1_23' title="bbox 2021 921 3608 1001; baseline 0.009 -26"><span class='ocrx_word' id='word_1_129' title='bbox 2021 921 2184 976; x_wconf 89' lang='lat' dir='ltr'><strong>Unde</strong></span> <span class='ocrx_word' id='word_1_130' title='bbox 2216 923 2519 993; x_wconf 89' lang='lat' dir='ltr'><strong>magniﬁci</strong></span> <span class='ocrx_word' id='word_1_131' title='bbox 2547 925 2847 997; x_wconf 85' lang='lat' dir='ltr'><strong>principes</strong></span> <span class='ocrx_word' id='word_1_132' title='bbox 2870 926 3128 996; x_wconf 81' lang='lat' dir='ltr'><strong>cogitent</strong></span> <span class='ocrx_word' id='word_1_133' title='bbox 3148 934 3377 1001; x_wconf 82' lang='lat' dir='ltr'><strong>quanto</strong></span> <span class='ocrx_word' id='word_1_134' title='bbox 3402 947 3466 987; x_wconf 92' lang='lat' dir='ltr'><strong>se</strong></span> <span class='ocrx_word' id='word_1_135' title='bbox 3496 933 3608 988; x_wconf 87' lang='lat' dir='ltr'><strong>cri-</strong></span> 
     </span>
    </p>
   </div>
   <div class='ocr_carea' id='block_1_24' title="bbox 1945 1008 3608 1092">
    <p class='ocr_par' dir='ltr' id='par_1_24' title="bbox 1945 1008 3608 1092">
     <span class='ocr_line' id='line_1_24' title="bbox 1945 1008 3608 1092; baseline 0.008 -30"><span class='ocrx_word' id='word_1_136' title='bbox 1945 1008 2107 1063; x_wconf 90' lang='lat' dir='ltr'><strong>mine</strong></span> <span class='ocrx_word' id='word_1_137' title='bbox 2138 1015 2274 1065; x_wconf 91' lang='lat' dir='ltr'><strong>ante</strong></span> <span class='ocrx_word' id='word_1_138' title='bbox 2302 1018 2694 1085; x_wconf 91' lang='lat' dir='ltr'><strong>conspectum</strong></span> <span class='ocrx_word' id='word_1_139' title='bbox 2720 1014 2939 1070; x_wconf 68' lang='lat' dir='ltr'><strong>divinae</strong></span> <span class='ocrx_word' id='word_1_140' title='bbox 2970 1017 3296 1087; x_wconf 90' lang='lat' dir='ltr'><strong>majestatis</strong></span> <span class='ocrx_word' id='word_1_141' title='bbox 3321 1017 3608 1092; x_wconf 91' lang='lat' dir='ltr'><strong>obligent,</strong></span> 
     </span>
    </p>
   </div>
   <div class='ocr_carea' id='block_1_25' title="bbox 1945 1097 3608 1171">
    <p class='ocr_par' dir='ltr' id='par_1_25' title="bbox 1945 1097 3608 1171">
     <span class='ocr_line' id='line_1_25' title="bbox 1945 1097 3608 1171; baseline 0.008 -20"><span class='ocrx_word' id='word_1_142' title='bbox 1945 1097 2051 1168; x_wconf 90' lang='lat' dir='ltr'><strong>qui</strong></span> <span class='ocrx_word' id='word_1_143' title='bbox 2079 1114 2172 1153; x_wconf 90' lang='lat' dir='ltr'><strong>res</strong></span> <span class='ocrx_word' id='word_1_144' title='bbox 2208 1103 2320 1156; x_wconf 88' lang='lat' dir='ltr'><strong>Deo</strong></span> <span class='ocrx_word' id='word_1_145' title='bbox 2355 1102 2598 1158; x_wconf 87' lang='lat' dir='ltr'><strong>traditas</strong></span> <span class='ocrx_word' id='word_1_146' title='bbox 2642 1103 2946 1171; x_wconf 89' lang='lat' dir='ltr'><strong>invadere,</strong></span> <span class='ocrx_word' id='word_1_147' title='bbox 2980 1109 3037 1160; x_wconf 90' lang='lat' dir='ltr'><strong>et</strong></span> <span class='ocrx_word' id='word_1_148' title='bbox 3066 1105 3144 1160; x_wconf 89' lang='lat' dir='ltr'><strong>ab</strong></span> <span class='ocrx_word' id='word_1_149' title='bbox 3201 1107 3608 1165; x_wconf 88' lang='lat' dir='ltr'><strong>ecclesiasticis</strong></span> 
     </span>
    </p>
   </div>
   <div class='ocr_carea' id='block_1_26' title="bbox 1948 1187 3603 1254">
    <p class='ocr_par' dir='ltr' id='par_1_26' title="bbox 1948 1187 3603 1254">
     <span class='ocr_line' id='line_1_26' title="bbox 1948 1187 3603 1254; baseline 0.007 -14"><span class='ocrx_word' id='word_1_150' title='bbox 1948 1187 2157 1242; x_wconf 89' lang='lat' dir='ltr'><strong>usibus</strong></span> <span class='ocrx_word' id='word_1_151' title='bbox 2189 1188 2249 1244; x_wconf 92' lang='lat' dir='ltr'><strong>in</strong></span> <span class='ocrx_word' id='word_1_152' title='bbox 2283 1206 2424 1244; x_wconf 90' lang='lat' dir='ltr'><strong>suas</strong></span> <span class='ocrx_word' id='word_1_153' title='bbox 2472 1191 2745 1248; x_wconf 85' lang='lat' dir='ltr'><strong>utilitates</strong></span> <span class='ocrx_word' id='word_1_154' title='bbox 2782 1199 3125 1249; x_wconf 87' lang='lat' dir='ltr'><strong>convertere</strong></span> <span class='ocrx_word' id='word_1_155' title='bbox 3152 1211 3273 1251; x_wconf 92' lang='lat' dir='ltr'><strong>non</strong></span> <span class='ocrx_word' id='word_1_156' title='bbox 3307 1201 3603 1254; x_wconf 90' lang='lat' dir='ltr'><strong>metuunt.</strong></span> 
     </span>
    </p>
   </div>
   <div class='ocr_carea' id='block_1_27' title="bbox 1950 1275 3608 1352">
    <p class='ocr_par' dir='ltr' id='par_1_27' title="bbox 1950 1275 3608 1352">
     <span class='ocr_line' id='line_1_27' title="bbox 1950 1275 3608 1352; baseline 0.008 -21"><span class='ocrx_word' id='word_1_157' title='bbox 1950 1275 2005 1331; x_wconf 90' lang='lat' dir='ltr'><strong>Si</strong></span> <span class='ocrx_word' id='word_1_158' title='bbox 2022 1292 2164 1332; x_wconf 88' lang='lat' dir='ltr'><strong>vero</strong></span> <span class='ocrx_word' id='word_1_159' title='bbox 2193 1278 2566 1350; x_wconf 85' lang='lat' dir='ltr'><strong>privatorum</strong></span> <span class='ocrx_word' id='word_1_160' title='bbox 2583 1281 2863 1352; x_wconf 86' lang='lat' dir='ltr'><strong>quamvis</strong></span> <span class='ocrx_word' id='word_1_161' title='bbox 2876 1281 3277 1352; x_wconf 90' lang='lat' dir='ltr'><strong>ingenuorum</strong></span> <span class='ocrx_word' id='word_1_162' title='bbox 3290 1286 3608 1345; x_wconf 89' lang='lat' dir='ltr'><strong>hominum</strong></span> 
     </span>
    </p>
   </div>
   <div class='ocr_carea' id='block_1_28' title="bbox 1946 1368 3608 1448">
    <p class='ocr_par' dir='ltr' id='par_1_28' title="bbox 1946 1368 3608 1448">
     <span class='ocr_line' id='line_1_28' title="bbox 1946 1368 3608 1448; baseline 0.008 -29"><span class='ocrx_word' id='word_1_163' title='bbox 1946 1369 2148 1420; x_wconf 89' lang='lat' dir='ltr'><strong>tamen</strong></span> <span class='ocrx_word' id='word_1_164' title='bbox 2180 1368 2592 1439; x_wconf 89' lang='lat' dir='ltr'><strong>possessiones</strong></span> <span class='ocrx_word' id='word_1_165' title='bbox 2616 1370 2836 1440; x_wconf 90' lang='lat' dir='ltr'><strong>injuste</strong></span> <span class='ocrx_word' id='word_1_166' title='bbox 2865 1373 3260 1443; x_wconf 88' lang='lat' dir='ltr'><strong>pervaserint,</strong></span> <span class='ocrx_word' id='word_1_167' title='bbox 3286 1380 3464 1448; x_wconf 91' lang='lat' dir='ltr'><strong>atque</strong></span> <span class='ocrx_word' id='word_1_168' title='bbox 3484 1377 3608 1432; x_wconf 83' lang='lat' dir='ltr'><strong>vio-</strong></span> 
     </span>
    </p>
   </div>
   <div class='ocr_carea' id='block_1_29' title="bbox 1944 1454 3608 1532">
    <p class='ocr_par' dir='ltr' id='par_1_29' title="bbox 1944 1454 3608 1532">
     <span class='ocr_line' id='line_1_29' title="bbox 1944 1454 3608 1532; baseline 0.008 -24"><span class='ocrx_word' id='word_1_169' title='bbox 1944 1454 2132 1510; x_wconf 91' lang='lat' dir='ltr'><strong>lenter</strong></span> <span class='ocrx_word' id='word_1_170' title='bbox 2183 1456 2554 1521; x_wconf 85' lang='lat' dir='ltr'><strong>abstulerint,</strong></span> <span class='ocrx_word' id='word_1_171' title='bbox 2582 1475 2707 1514; x_wconf 90' lang='lat' dir='ltr'><strong>non</strong></span> <span class='ocrx_word' id='word_1_172' title='bbox 2753 1475 2946 1530; x_wconf 84' lang='lat' dir='ltr'><strong>reges,</strong></span> <span class='ocrx_word' id='word_1_173' title='bbox 2973 1460 3034 1515; x_wconf 93' lang='lat' dir='ltr'><strong>id</strong></span> <span class='ocrx_word' id='word_1_174' title='bbox 3071 1465 3178 1532; x_wconf 90' lang='lat' dir='ltr'><strong>est,</strong></span> <span class='ocrx_word' id='word_1_175' title='bbox 3207 1462 3351 1532; x_wconf 89' lang='lat' dir='ltr'><strong>justi</strong></span> <span class='ocrx_word' id='word_1_176' title='bbox 3381 1468 3436 1519; x_wconf 91' lang='lat' dir='ltr'><strong>et</strong></span> <span class='ocrx_word' id='word_1_177' title='bbox 3482 1480 3608 1521; x_wconf 89' lang='lat' dir='ltr'><strong>mo-</strong></span> 
     </span>
    </p>
   </div>
   <div class='ocr_carea' id='block_1_30' title="bbox 1946 1542 3610 1623">
    <p class='ocr_par' dir='ltr' id='par_1_30' title="bbox 1946 1542 3610 1623">
     <span class='ocr_line' id='line_1_30' title="bbox 1946 1542 3610 1623; baseline 0.006 -25"><span class='ocrx_word' id='word_1_178' title='bbox 1946 1542 2118 1609; x_wconf 90' lang='lat' dir='ltr'><strong>desti,</strong></span> <span class='ocrx_word' id='word_1_179' title='bbox 2150 1545 2255 1600; x_wconf 86' lang='lat' dir='ltr'><strong>sed</strong></span> <span class='ocrx_word' id='word_1_180' title='bbox 2285 1548 2543 1618; x_wconf 81' lang='lat' dir='ltr'><strong>tyranni,</strong></span> <span class='ocrx_word' id='word_1_181' title='bbox 2575 1547 2637 1602; x_wconf 93' lang='lat' dir='ltr'><strong>id</strong></span> <span class='ocrx_word' id='word_1_182' title='bbox 2662 1553 2774 1618; x_wconf 87' lang='lat' dir='ltr'><strong>est,</strong></span> <span class='ocrx_word' id='word_1_183' title='bbox 2807 1549 3078 1605; x_wconf 90' lang='lat' dir='ltr'><strong>crudeles</strong></span> <span class='ocrx_word' id='word_1_184' title='bbox 3108 1554 3165 1606; x_wconf 92' lang='lat' dir='ltr'><strong>et</strong></span> <span class='ocrx_word' id='word_1_185' title='bbox 3183 1550 3372 1623; x_wconf 91' lang='lat' dir='ltr'><strong>iniqui</strong></span> <span class='ocrx_word' id='word_1_186' title='bbox 3391 1567 3610 1608; x_wconf 87' lang='lat' dir='ltr'><strong>vocan-</strong></span> 
     </span>
    </p>
   </div>
   <div class='ocr_carea' id='block_1_31' title="bbox 1946 1635 3610 1712">
    <p class='ocr_par' dir='ltr' id='par_1_31' title="bbox 1946 1635 3610 1712">
     <span class='ocr_line' id='line_1_31' title="bbox 1946 1635 3610 1712; baseline 0.005 -24"><span class='ocrx_word' id='word_1_187' title='bbox 1946 1637 2040 1688; x_wconf 90' lang='lat' dir='ltr'><strong>tur</strong></span> <span class='ocrx_word' id='word_1_188' title='bbox 2069 1639 2126 1689; x_wconf 90' lang='lat' dir='ltr'><strong>et</strong></span> <span class='ocrx_word' id='word_1_189' title='bbox 2155 1635 2487 1692; x_wconf 87' lang='lat' dir='ltr'><strong>habentur:</strong></span> <span class='ocrx_word' id='word_1_190' title='bbox 2526 1653 2650 1709; x_wconf 90' lang='lat' dir='ltr'><strong>quo</strong></span> <span class='ocrx_word' id='word_1_191' title='bbox 2680 1637 2947 1706; x_wconf 90' lang='lat' dir='ltr'><strong>nomine,</strong></span> <span class='ocrx_word' id='word_1_192' title='bbox 2992 1655 3190 1712; x_wconf 91' lang='lat' dir='ltr'><strong>quove</strong></span> <span class='ocrx_word' id='word_1_193' title='bbox 3216 1640 3444 1696; x_wconf 89' lang='lat' dir='ltr'><strong>honore</strong></span> <span class='ocrx_word' id='word_1_194' title='bbox 3476 1657 3610 1698; x_wconf 84' lang='lat' dir='ltr'><strong>cen-</strong></span> 
     </span>
    </p>
   </div>
   <div class='ocr_carea' id='block_1_32' title="bbox 1945 1722 3667 1797">
    <p class='ocr_par' dir='ltr' id='par_1_32' title="bbox 1945 1722 3667 1797">
     <span class='ocr_line' id='line_1_32' title="bbox 1945 1722 3667 1797; baseline 0.006 -21"><span class='ocrx_word' id='word_1_195' title='bbox 1945 1722 2116 1778; x_wconf 91' lang='lat' dir='ltr'><strong>sendi</strong></span> <span class='ocrx_word' id='word_1_196' title='bbox 2148 1729 2309 1794; x_wconf 92' lang='lat' dir='ltr'><strong>sunt,</strong></span> <span class='ocrx_word' id='word_1_197' title='bbox 2337 1725 2441 1797; x_wconf 92' lang='lat' dir='ltr'><strong>qui</strong></span> <span class='ocrx_word' id='word_1_198' title='bbox 2463 1725 2732 1781; x_wconf 85' lang='lat' dir='ltr'><strong>divinam</strong></span> <span class='ocrx_word' id='word_1_199' title='bbox 2764 1727 3273 1796; x_wconf 63' lang='lat' dir='ltr'><strong>haereditatem,id</strong></span> <span class='ocrx_word' id='word_1_200' title='bbox 3299 1733 3390 1785; x_wconf 93' lang='lat' dir='ltr'><strong>est</strong></span> <span class='ocrx_word' id='word_1_201' title='bbox 3410 1729 3607 1786; x_wconf 92' lang='lat' dir='ltr'><strong>Eccle-</strong></span> <span class='ocrx_word' id='word_1_202' title='bbox 3652 1742 3667 1758; x_wconf 83' lang='lat'><strong><em>°</em></strong></span> 
     </span>
    </p>
   </div>
   <div class='ocr_carea' id='block_1_33' title="bbox 1943 1811 3610 1887">
    <p class='ocr_par' dir='ltr' id='par_1_33' title="bbox 1943 1811 3610 1887">
     <span class='ocr_line' id='line_1_33' title="bbox 1943 1811 3610 1887; baseline 0.006 -23"><span class='ocrx_word' id='word_1_203' title='bbox 1943 1811 2044 1865; x_wconf 67' lang='lat' dir='ltr'><strong>site</strong></span> <span class='ocrx_word' id='word_1_204' title='bbox 2077 1812 2286 1868; x_wconf 90' lang='lat' dir='ltr'><strong>Christi</strong></span> <span class='ocrx_word' id='word_1_205' title='bbox 2317 1814 2761 1886; x_wconf 89' lang='lat' dir='ltr'><strong>possessionem</strong></span> <span class='ocrx_word' id='word_1_206' title='bbox 2790 1815 3012 1886; x_wconf 89' lang='lat' dir='ltr'><strong>injuste</strong></span> <span class='ocrx_word' id='word_1_207' title='bbox 3043 1817 3359 1887; x_wconf 89' lang='lat' dir='ltr'><strong>invadunt,</strong></span> <span class='ocrx_word' id='word_1_208' title='bbox 3388 1821 3445 1874; x_wconf 89' lang='lat' dir='ltr'><strong>et</strong></span> <span class='ocrx_word' id='word_1_209' title='bbox 3486 1818 3610 1875; x_wconf 87' lang='lat' dir='ltr'><strong>vio-</strong></span> 
     </span>
    </p>
   </div>
   <div class='ocr_carea' id='block_1_34' title="bbox 138 1893 3608 1976">
    <p class='ocr_par' dir='ltr' id='par_1_34' title="bbox 138 1893 3608 1976">
     <span class='ocr_line' id='line_1_34' title="bbox 138 1893 3608 1976; baseline 0.005 -29"><span class='ocrx_word' id='word_1_210' title='bbox 138 1893 305 1949; x_wconf 66' lang='lat' dir='ltr'><strong>vinaa</strong></span> <span class='ocrx_word' id='word_1_211' title='bbox 349 1895 783 1953; x_wconf 88' lang='lat' dir='ltr'><strong>benedictionis</strong></span> <span class='ocrx_word' id='word_1_212' title='bbox 831 1904 1280 1954; x_wconf 86' lang='lat' dir='ltr'><strong>sacramentum</strong></span> <span class='ocrx_word' id='word_1_213' title='bbox 1314 1903 1418 1956; x_wconf 89' lang='lat' dir='ltr'><strong>aut</strong></span> <span class='ocrx_word' id='word_1_214' title='bbox 1473 1915 1583 1972; x_wconf 88' lang='lat' dir='ltr'><strong>pro</strong></span> <span class='ocrx_word' id='word_1_215' title='bbox 1638 1903 1829 1970; x_wconf 77' lang='lat' dir='ltr'><strong>gratia</strong></span> <span class='ocrx_word' id='word_1_216' title='bbox 1869 1923 1910 1976; x_wconf 79' lang='grc' dir='ltr'>Β</span> <span class='ocrx_word' id='word_1_217' title='bbox 1939 1898 2128 1955; x_wconf 91' lang='lat' dir='ltr'><strong>lenter</strong></span> <span class='ocrx_word' id='word_1_218' title='bbox 2158 1901 2474 1958; x_wconf 86' lang='lat' dir='ltr'><strong>auferant?</strong></span> <span class='ocrx_word' id='word_1_219' title='bbox 2501 1902 2662 1958; x_wconf 91' lang='lat' dir='ltr'><strong>unde</strong></span> <span class='ocrx_word' id='word_1_220' title='bbox 2685 1903 2812 1958; x_wconf 70' lang='lat' dir='ltr'><strong>haec</strong></span> <span class='ocrx_word' id='word_1_221' title='bbox 2835 1904 3166 1974; x_wconf 87' lang='lat' dir='ltr'><strong>cogitantes</strong></span> <span class='ocrx_word' id='word_1_222' title='bbox 3187 1903 3294 1960; x_wconf 92' lang='lat' dir='ltr'><strong>ﬁlii</strong></span> <span class='ocrx_word' id='word_1_223' title='bbox 3313 1906 3499 1962; x_wconf 90' lang='lat' dir='ltr'><strong>nostri</strong></span> <span class='ocrx_word' id='word_1_224' title='bbox 3519 1923 3608 1963; x_wconf 88' lang='lat' dir='ltr'><strong>re-</strong></span> 
     </span>
    </p>
   </div>
   <div class='ocr_carea' id='block_1_35' title="bbox 136 1983 1828 2058">
    <p class='ocr_par' dir='ltr' id='par_1_35' title="bbox 136 1983 1828 2058">
     <span class='ocr_line' id='line_1_35' title="bbox 136 1983 1828 2058; baseline 0.005 -20"><span class='ocrx_word' id='word_1_225' title='bbox 136 1983 350 2053; x_wconf 88' lang='lat' dir='ltr'><strong>largiri</strong></span> <span class='ocrx_word' id='word_1_226' title='bbox 385 1985 670 2058; x_wconf 89' lang='lat' dir='ltr'><strong>cuiquam</strong></span> <span class='ocrx_word' id='word_1_227' title='bbox 695 2003 815 2042; x_wconf 91' lang='lat' dir='ltr'><strong>non</strong></span> <span class='ocrx_word' id='word_1_228' title='bbox 844 1986 1300 2057; x_wconf 87' lang='lat' dir='ltr'><strong>decetindigno,</strong></span> <span class='ocrx_word' id='word_1_229' title='bbox 1325 1989 1406 2044; x_wconf 90' lang='lat' dir='ltr'><strong>ita</strong></span> <span class='ocrx_word' id='word_1_230' title='bbox 1433 1989 1614 2057; x_wconf 85' lang='lat' dir='ltr'><strong>gratis</strong></span> <span class='ocrx_word' id='word_1_231' title='bbox 1647 1991 1828 2048; x_wconf 89' lang='lat' dir='ltr'><strong>debet</strong></span> 
     </span>
    </p>
   </div>
   <div class='ocr_carea' id='block_1_36' title="bbox 137 2072 1826 2148">
    <p class='ocr_par' dir='ltr' id='par_1_36' title="bbox 137 2072 1826 2148">
     <span class='ocr_line' id='line_1_36' title="bbox 137 2072 1826 2148; baseline 0.005 -20"><span class='ocrx_word' id='word_1_232' title='bbox 137 2072 414 2129; x_wconf 78' lang='lat' dir='ltr'><strong>exhiberi</strong></span> <span class='ocrx_word' id='word_1_233' title='bbox 443 2073 662 2145; x_wconf 87' lang='lat' dir='ltr'><strong>dignis,</strong></span> <span class='ocrx_word' id='word_1_234' title='bbox 695 2075 852 2131; x_wconf 85' lang='lat' dir='ltr'><strong>sicut</strong></span> <span class='ocrx_word' id='word_1_235' title='bbox 885 2076 1154 2133; x_wconf 90' lang='lat' dir='ltr'><strong>Salvator</strong></span> <span class='ocrx_word' id='word_1_236' title='bbox 1185 2077 1296 2132; x_wconf 91' lang='lat' dir='ltr'><strong>ait:</strong></span> <span class='ocrx_word' id='word_1_237' title='bbox 1339 2077 1543 2134; x_wconf 80' lang='lat' dir='ltr'><strong>Gratis</strong></span> <span class='ocrx_word' id='word_1_238' title='bbox 1570 2081 1826 2148; x_wconf 85' lang='lat' dir='ltr'><strong>accepis-</strong></span> 
     </span>
    </p>
   </div>
   <div class='ocr_carea' id='block_1_37' title="bbox 140 2163 1039 2234">
    <p class='ocr_par' dir='ltr' id='par_1_37' title="bbox 140 2163 1039 2234">
     <span class='ocr_line' id='line_1_37' title="bbox 140 2163 1039 2234; baseline 0.006 -18"><span class='ocrx_word' id='word_1_239' title='bbox 140 2163 243 2224; x_wconf 81' lang='lat' dir='ltr'><strong>tis,</strong></span> <span class='ocrx_word' id='word_1_240' title='bbox 277 2165 472 2232; x_wconf 78' lang='lat' dir='ltr'><strong>gratis</strong></span> <span class='ocrx_word' id='word_1_241' title='bbox 503 2163 644 2220; x_wconf 89' lang='lat' dir='ltr'><strong>date</strong></span> <span class='ocrx_word' id='word_1_242' title='bbox 666 2165 912 2234; x_wconf 81' lang='lat' dir='ltr'><strong>(Matth.</strong></span> <span class='ocrx_word' id='word_1_243' title='bbox 954 2169 1039 2232; x_wconf 70' lang='grc' dir='ltr'><strong>Χ).</strong></span> 
     </span>
    </p>
   </div>
   <div class='ocr_carea' id='block_1_38' title="bbox 217 2251 1824 2326">
    <p class='ocr_par' dir='ltr' id='par_1_38' title="bbox 217 2251 1824 2326">
     <span class='ocr_line' id='line_1_38' title="bbox 217 2251 1824 2326; baseline 0.005 -20"><span class='ocrx_word' id='word_1_244' title='bbox 217 2251 535 2308; x_wconf 86' lang='lat' dir='ltr'><strong>Electionis</strong></span> <span class='ocrx_word' id='word_1_245' title='bbox 562 2258 768 2310; x_wconf 90' lang='lat' dir='ltr'><strong>autem</strong></span> <span class='ocrx_word' id='word_1_246' title='bbox 799 2254 1180 2326; x_wconf 87' lang='lat' dir='ltr'><strong>privilegium</strong></span> <span class='ocrx_word' id='word_1_247' title='bbox 1215 2260 1278 2312; x_wconf 92' lang='lat' dir='ltr'><strong>ut</strong></span> <span class='ocrx_word' id='word_1_248' title='bbox 1319 2255 1586 2313; x_wconf 88' lang='lat' dir='ltr'><strong>habeant</strong></span> <span class='ocrx_word' id='word_1_249' title='bbox 1610 2257 1824 2314; x_wconf 90' lang='lat' dir='ltr'><strong>fratres</strong></span> 
     </span>
    </p>
   </div>
   <div class='ocr_carea' id='block_1_39' title="bbox 135 2341 1825 2419">
    <p class='ocr_par' dir='ltr' id='par_1_39' title="bbox 135 2341 1825 2419">
     <span class='ocr_line' id='line_1_39' title="bbox 135 2341 1825 2419; baseline 0.004 -22"><span class='ocrx_word' id='word_1_250' title='bbox 135 2341 420 2413; x_wconf 89' lang='lat' dir='ltr'><strong>ejusdem</strong></span> <span class='ocrx_word' id='word_1_251' title='bbox 439 2343 789 2399; x_wconf 90' lang='lat' dir='ltr'><strong>monasterii</strong></span> <span class='ocrx_word' id='word_1_252' title='bbox 806 2344 1208 2412; x_wconf 90' lang='lat' dir='ltr'><strong>decernimus,</strong></span> <span class='ocrx_word' id='word_1_253' title='bbox 1230 2345 1290 2401; x_wconf 93' lang='lat' dir='ltr'><strong>id</strong></span> <span class='ocrx_word' id='word_1_254' title='bbox 1311 2349 1398 2401; x_wconf 90' lang='lat' dir='ltr'><strong>est</strong></span> <span class='ocrx_word' id='word_1_255' title='bbox 1411 2349 1478 2402; x_wconf 90' lang='lat' dir='ltr'><strong>ut</strong></span> <span class='ocrx_word' id='word_1_256' title='bbox 1493 2363 1825 2419; x_wconf 89' lang='lat' dir='ltr'><strong>quemcun-</strong></span> 
     </span>
    </p>
   </div>
   <div class='ocr_carea' id='block_1_40' title="bbox 135 2431 1822 2508">
    <p class='ocr_par' dir='ltr' id='par_1_40' title="bbox 135 2431 1822 2508">
     <span class='ocr_line' id='line_1_40' title="bbox 135 2431 1822 2508; baseline 0.004 -22"><span class='ocrx_word' id='word_1_257' title='bbox 135 2447 264 2504; x_wconf 88' lang='lat' dir='ltr'><strong>que</strong></span> <span class='ocrx_word' id='word_1_258' title='bbox 287 2431 362 2486; x_wconf 91' lang='lat' dir='ltr'><strong>de</strong></span> <span class='ocrx_word' id='word_1_259' title='bbox 390 2447 452 2487; x_wconf 93' lang='lat' dir='ltr'><strong>se</strong></span> <span class='ocrx_word' id='word_1_260' title='bbox 483 2432 652 2504; x_wconf 90' lang='lat' dir='ltr'><strong>ipsis,</strong></span> <span class='ocrx_word' id='word_1_261' title='bbox 678 2432 783 2505; x_wconf 90' lang='lat' dir='ltr'><strong>qui</strong></span> <span class='ocrx_word' id='word_1_262' title='bbox 811 2433 886 2489; x_wconf 89' lang='lat' dir='ltr'><strong>sit</strong></span> <span class='ocrx_word' id='word_1_263' title='bbox 907 2434 1279 2490; x_wconf 69' lang='lat' dir='ltr'><strong>monachicae</strong></span> <span class='ocrx_word' id='word_1_264' title='bbox 1308 2435 1716 2508; x_wconf 90' lang='lat' dir='ltr'><strong>professionis,</strong></span> <span class='ocrx_word' id='word_1_265' title='bbox 1732 2438 1822 2493; x_wconf 83' lang='lat' dir='ltr'><strong>di-</strong></span> 
     </span>
    </p>
   </div>
   <div class='ocr_carea' id='block_1_41' title="bbox 139 2520 1824 2596">
    <p class='ocr_par' dir='ltr' id='par_1_41' title="bbox 139 2520 1824 2596">
     <span class='ocr_line' id='line_1_41' title="bbox 139 2520 1824 2596; baseline 0.004 -22"><span class='ocrx_word' id='word_1_266' title='bbox 139 2535 308 2590; x_wconf 88' lang='lat' dir='ltr'><strong>gnus</strong></span> <span class='ocrx_word' id='word_1_267' title='bbox 338 2525 544 2576; x_wconf 89' lang='lat' dir='ltr'><strong>tamen</strong></span> <span class='ocrx_word' id='word_1_268' title='bbox 594 2520 884 2593; x_wconf 89' lang='lat' dir='ltr'><strong>pastorali</strong></span> <span class='ocrx_word' id='word_1_269' title='bbox 913 2521 1283 2594; x_wconf 83' lang='lat' dir='ltr'><strong>praelatione,</strong></span> <span class='ocrx_word' id='word_1_270' title='bbox 1314 2524 1614 2580; x_wconf 90' lang='lat' dir='ltr'><strong>voluerint</strong></span> <span class='ocrx_word' id='word_1_271' title='bbox 1649 2526 1824 2596; x_wconf 91' lang='lat' dir='ltr'><strong>elige-</strong></span> 
     </span>
    </p>
   </div>
   <div class='ocr_carea' id='block_1_42' title="bbox 134 2610 1823 2686">
    <p class='ocr_par' dir='ltr' id='par_1_42' title="bbox 134 2610 1823 2686">
     <span class='ocr_line' id='line_1_42' title="bbox 134 2610 1823 2686; baseline 0.002 -19"><span class='ocrx_word' id='word_1_272' title='bbox 134 2626 227 2682; x_wconf 91' lang='lat' dir='ltr'><strong>re,</strong></span> <span class='ocrx_word' id='word_1_273' title='bbox 263 2610 604 2666; x_wconf 91' lang='lat' dir='ltr'><strong>secundum</strong></span> <span class='ocrx_word' id='word_1_274' title='bbox 629 2611 970 2681; x_wconf 89' lang='lat' dir='ltr'><strong>regularem</strong></span> <span class='ocrx_word' id='word_1_275' title='bbox 1004 2613 1438 2680; x_wconf 84' lang='lat' dir='ltr'><strong>auctoritatem,</strong></span> <span class='ocrx_word' id='word_1_276' title='bbox 1466 2619 1823 2686; x_wconf 88' lang='lat' dir='ltr'><strong>potestatem</strong></span> 
     </span>
    </p>
   </div>
   <div class='ocr_carea' id='block_1_43' title="bbox 133 2698 1823 2773">
    <p class='ocr_par' dir='ltr' id='par_1_43' title="bbox 133 2698 1823 2773">
     <span class='ocr_line' id='line_1_43' title="bbox 133 2698 1823 2773; baseline 0.002 -18"><span class='ocrx_word' id='word_1_277' title='bbox 133 2699 414 2755; x_wconf 89' lang='lat' dir='ltr'><strong>habeant</strong></span> <span class='ocrx_word' id='word_1_278' title='bbox 437 2698 717 2770; x_wconf 91' lang='lat' dir='ltr'><strong>eligendi.</strong></span> <span class='ocrx_word' id='word_1_279' title='bbox 748 2703 815 2756; x_wconf 91' lang='lat' dir='ltr'><strong>Et</strong></span> <span class='ocrx_word' id='word_1_280' title='bbox 844 2716 1026 2773; x_wconf 90' lang='lat' dir='ltr'><strong>super</strong></span> <span class='ocrx_word' id='word_1_281' title='bbox 1055 2700 1169 2757; x_wconf 91' lang='lat' dir='ltr'><strong>hoc</strong></span> <span class='ocrx_word' id='word_1_282' title='bbox 1206 2707 1521 2760; x_wconf 87' lang='lat' dir='ltr'><strong>monentes</strong></span> <span class='ocrx_word' id='word_1_283' title='bbox 1545 2703 1823 2760; x_wconf 87' lang='lat' dir='ltr'><strong>obsecra-</strong></span> 
     </span>
    </p>
   </div>
   <div class='ocr_carea' id='block_1_44' title="bbox 138 2787 1821 2861">
    <p class='ocr_par' dir='ltr' id='par_1_44' title="bbox 138 2787 1821 2861">
     <span class='ocr_line' id='line_1_44' title="bbox 138 2787 1821 2861; baseline 0.001 -15"><span class='ocrx_word' id='word_1_284' title='bbox 138 2805 288 2846; x_wconf 88' lang='lat' dir='ltr'><strong>mus</strong></span> <span class='ocrx_word' id='word_1_285' title='bbox 319 2787 475 2844; x_wconf 88' lang='lat' dir='ltr'><strong>ﬁlios</strong></span> <span class='ocrx_word' id='word_1_286' title='bbox 504 2791 748 2844; x_wconf 90' lang='lat' dir='ltr'><strong>nostros</strong></span> <span class='ocrx_word' id='word_1_287' title='bbox 806 2789 1098 2860; x_wconf 90' lang='lat' dir='ltr'><strong>gloriosos</strong></span> <span class='ocrx_word' id='word_1_288' title='bbox 1157 2791 1523 2861; x_wconf 87' lang='lat' dir='ltr'><strong>Lotharium,</strong></span> <span class='ocrx_word' id='word_1_289' title='bbox 1569 2792 1821 2848; x_wconf 78' lang='lat' dir='ltr'><strong>Ludovi-</strong></span> 
     </span>
    </p>
   </div>
   <div class='ocr_carea' id='block_1_45' title="bbox 135 2876 1820 2950">
    <p class='ocr_par' dir='ltr' id='par_1_45' title="bbox 135 2876 1820 2950">
     <span class='ocr_line' id='line_1_45' title="bbox 135 2876 1820 2950; baseline 0.002 -15"><span class='ocrx_word' id='word_1_290' title='bbox 135 2894 308 2948; x_wconf 89' lang='lat' dir='ltr'><strong>cum,</strong></span> <span class='ocrx_word' id='word_1_291' title='bbox 343 2876 624 2933; x_wconf 70' lang='lat' dir='ltr'><strong>Car’olum</strong></span> <span class='ocrx_word' id='word_1_292' title='bbox 671 2883 1014 2949; x_wconf 88' lang='lat' dir='ltr'><strong>Augustum</strong></span> <span class='ocrx_word' id='word_1_293' title='bbox 1083 2879 1425 2950; x_wconf 82' lang='lat' dir='ltr'><strong>[Augustos,</strong></span> <span class='ocrx_word' id='word_1_294' title='bbox 1461 2896 1537 2937; x_wconf 76' lang='lat' dir='ltr'><strong>ea:</strong></span> <span class='ocrx_word' id='word_1_295' title='bbox 1587 2883 1820 2939; x_wconf 82' lang='lat' dir='ltr'><strong>schedis</strong></span> 
     </span>
    </p>
   </div>
   <div class='ocr_carea' id='block_1_46' title="bbox 135 2966 1820 3041">
    <p class='ocr_par' dir='ltr' id='par_1_46' title="bbox 135 2966 1820 3041">
     <span class='ocr_line' id='line_1_46' title="bbox 135 2966 1820 3041; baseline 0.002 -17"><span class='ocrx_word' id='word_1_296' title='bbox 135 2968 288 3024; x_wconf 81' lang='lat' dir='ltr'><strong>Mss.</strong></span> <span class='ocrx_word' id='word_1_297' title='bbox 311 2966 691 3039; x_wconf 82' lang='lat' dir='ltr'><strong>Labbeanis],</strong></span> <span class='ocrx_word' id='word_1_298' title='bbox 725 2971 791 3023; x_wconf 91' lang='lat' dir='ltr'><strong>ut</strong></span> <span class='ocrx_word' id='word_1_299' title='bbox 822 2967 974 3023; x_wconf 91' lang='lat' dir='ltr'><strong>sicut</strong></span> <span class='ocrx_word' id='word_1_300' title='bbox 997 2969 1406 3025; x_wconf 89' lang='lat' dir='ltr'><strong>memorabilis</strong></span> <span class='ocrx_word' id='word_1_301' title='bbox 1444 2972 1686 3040; x_wconf 90' lang='lat' dir='ltr'><strong>augusti</strong></span> <span class='ocrx_word' id='word_1_302' title='bbox 1717 2987 1820 3041; x_wconf 91' lang='lat' dir='ltr'><strong>ge-</strong></span> 
     </span>
    </p>
   </div>
   <div class='ocr_carea' id='block_1_47' title="bbox 136 3055 1822 3130">
    <p class='ocr_par' dir='ltr' id='par_1_47' title="bbox 136 3055 1822 3130">
     <span class='ocr_line' id='line_1_47' title="bbox 136 3055 1822 3130; baseline 0.003 -18"><span class='ocrx_word' id='word_1_303' title='bbox 136 3055 306 3112; x_wconf 90' lang='lat' dir='ltr'><strong>nitor</strong></span> <span class='ocrx_word' id='word_1_304' title='bbox 330 3059 388 3111; x_wconf 92' lang='lat' dir='ltr'><strong>et</strong></span> <span class='ocrx_word' id='word_1_305' title='bbox 411 3069 560 3111; x_wconf 91' lang='lat' dir='ltr'><strong>avus</strong></span> <span class='ocrx_word' id='word_1_306' title='bbox 591 3071 825 3126; x_wconf 91' lang='lat' dir='ltr'><strong>eorum,</strong></span> <span class='ocrx_word' id='word_1_307' title='bbox 858 3061 916 3112; x_wconf 90' lang='lat' dir='ltr'><strong>et</strong></span> <span class='ocrx_word' id='word_1_308' title='bbox 932 3057 1162 3129; x_wconf 91' lang='lat' dir='ltr'><strong>priores</strong></span> <span class='ocrx_word' id='word_1_309' title='bbox 1189 3062 1326 3113; x_wconf 90' lang='lat' dir='ltr'><strong>ante</strong></span> <span class='ocrx_word' id='word_1_310' title='bbox 1353 3073 1414 3113; x_wconf 92' lang='lat' dir='ltr'><strong>se</strong></span> <span class='ocrx_word' id='word_1_311' title='bbox 1444 3074 1614 3130; x_wconf 90' lang='lat' dir='ltr'><strong>reges</strong></span> <span class='ocrx_word' id='word_1_312' title='bbox 1645 3063 1822 3117; x_wconf 89' lang='lat' dir='ltr'><strong>Fran-</strong></span> 
     </span>
    </p>
   </div>
   <div class='ocr_carea' id='block_1_48' title="bbox 141 3143 1822 3217">
    <p class='ocr_par' dir='ltr' id='par_1_48' title="bbox 141 3143 1822 3217">
     <span class='ocr_line' id='line_1_48' title="bbox 141 3143 1822 3217; baseline 0.002 -18"><span class='ocrx_word' id='word_1_313' title='bbox 141 3159 360 3200; x_wconf 86' lang='lat' dir='ltr'><strong>corum</strong></span> <span class='ocrx_word' id='word_1_314' title='bbox 411 3143 608 3199; x_wconf 90' lang='lat' dir='ltr'><strong>eidem</strong></span> <span class='ocrx_word' id='word_1_315' title='bbox 659 3143 937 3202; x_wconf 86' lang='lat' dir='ltr'><strong>coenobio</strong></span> <span class='ocrx_word' id='word_1_316' title='bbox 971 3150 1400 3202; x_wconf 91' lang='lat' dir='ltr'><strong>concesserunt</strong></span> <span class='ocrx_word' id='word_1_317' title='bbox 1446 3146 1704 3217; x_wconf 88' lang='lat' dir='ltr'><strong>eligendi</strong></span> <span class='ocrx_word' id='word_1_318' title='bbox 1746 3149 1822 3203; x_wconf 92' lang='lat' dir='ltr'><strong>de</strong></span> 
     </span>
    </p>
   </div>
   <div class='ocr_carea' id='block_1_49' title="bbox 136 3232 1907 3330">
    <p class='ocr_par' dir='ltr' id='par_1_49' title="bbox 136 3232 1907 3330">
     <span class='ocr_line' id='line_1_49' title="bbox 136 3232 1907 3330; baseline 0.002 -42"><span class='ocrx_word' id='word_1_319' title='bbox 136 3232 484 3304; x_wconf 91' lang='lat' dir='ltr'><strong>semetipsis</strong></span> <span class='ocrx_word' id='word_1_320' title='bbox 506 3232 811 3330; x_wconf 76' lang='lat' dir='ltr'><strong>abbatem,</strong></span> <span class='ocrx_word' id='word_1_321' title='bbox 847 3238 1036 3306; x_wconf 89' lang='lat' dir='ltr'><strong>atque</strong></span> <span class='ocrx_word' id='word_1_322' title='bbox 1065 3233 1180 3306; x_wconf 92' lang='lat' dir='ltr'><strong>ipsi</strong></span> <span class='ocrx_word' id='word_1_323' title='bbox 1212 3234 1334 3288; x_wconf 90' lang='lat' dir='ltr'><strong>suis</strong></span> <span class='ocrx_word' id='word_1_324' title='bbox 1363 3237 1680 3330; x_wconf 67' lang='lat' dir='ltr'><strong>przeceptis</strong></span> <span class='ocrx_word' id='word_1_325' title='bbox 1709 3238 1825 3292; x_wconf 90' lang='lat' dir='ltr'><strong>hoc</strong></span> <span class='ocrx_word' id='word_1_326' title='bbox 1864 3276 1907 3330; x_wconf 70' lang='grc' dir='ltr'>ο</span> 
     </span>
    </p>
   </div>
   <div class='ocr_carea' id='block_1_50' title="bbox 134 3321 1830 3396">
    <p class='ocr_par' dir='ltr' id='par_1_50' title="bbox 134 3321 1830 3396">
     <span class='ocr_line' id='line_1_50' title="bbox 134 3321 1830 3396; baseline 0.002 -20"><span class='ocrx_word' id='word_1_327' title='bbox 134 3321 307 3377; x_wconf 91' lang='lat' dir='ltr'><strong>idem</strong></span> <span class='ocrx_word' id='word_1_328' title='bbox 337 3326 686 3389; x_wconf 84' lang='lat' dir='ltr'><strong>sanxerunt,</strong></span> <span class='ocrx_word' id='word_1_329' title='bbox 724 3321 804 3377; x_wconf 90' lang='lat' dir='ltr'><strong>ita</strong></span> <span class='ocrx_word' id='word_1_330' title='bbox 847 3338 1095 3396; x_wconf 84' lang='lat' dir='ltr'><strong>quoque</strong></span> <span class='ocrx_word' id='word_1_331' title='bbox 1128 3337 1494 3378; x_wconf 88' lang='lat' dir='ltr'><strong>conservare</strong></span> <span class='ocrx_word' id='word_1_332' title='bbox 1525 3324 1648 3379; x_wconf 91' lang='lat' dir='ltr'><strong>suis</strong></span> <span class='ocrx_word' id='word_1_333' title='bbox 1677 3329 1830 3380; x_wconf 90' lang='lat' dir='ltr'><strong>tem-</strong></span> 
     </span>
    </p>
   </div>
   <div class='ocr_carea' id='block_1_51' title="bbox 134 3410 1828 3484">
    <p class='ocr_par' dir='ltr' id='par_1_51' title="bbox 134 3410 1828 3484">
     <span class='ocr_line' id='line_1_51' title="bbox 134 3410 1828 3484; baseline 0.002 -18"><span class='ocrx_word' id='word_1_334' title='bbox 134 3410 397 3484; x_wconf 85' lang='lat' dir='ltr'><strong>poribus</strong></span> <span class='ocrx_word' id='word_1_335' title='bbox 416 3427 528 3484; x_wconf 92' lang='lat' dir='ltr'><strong>pro</strong></span> <span class='ocrx_word' id='word_1_336' title='bbox 542 3411 753 3468; x_wconf 90' lang='lat' dir='ltr'><strong>Christi</strong></span> <span class='ocrx_word' id='word_1_337' title='bbox 776 3427 982 3466; x_wconf 90' lang='lat' dir='ltr'><strong>amore</strong></span> <span class='ocrx_word' id='word_1_338' title='bbox 1005 3411 1151 3481; x_wconf 92' lang='lat' dir='ltr'><strong>dign</strong></span> <span class='ocrx_word' id='word_1_339' title='bbox 1167 3416 1363 3481; x_wconf 89' lang='lat' dir='ltr'><strong>entur,</strong></span> <span class='ocrx_word' id='word_1_340' title='bbox 1387 3417 1442 3468; x_wconf 91' lang='lat' dir='ltr'><strong>et</strong></span> <span class='ocrx_word' id='word_1_341' title='bbox 1463 3428 1828 3470; x_wconf 80' lang='lat' dir='ltr'><strong>conservan-</strong></span> 
     </span>
    </p>
   </div>
   <div class='ocr_carea' id='block_1_52' title="bbox 137 3499 1826 3572">
    <p class='ocr_par' dir='ltr' id='par_1_52' title="bbox 137 3499 1826 3572">
     <span class='ocr_line' id='line_1_52' title="bbox 137 3499 1826 3572; baseline 0.002 -17"><span class='ocrx_word' id='word_1_342' title='bbox 137 3499 224 3556; x_wconf 91' lang='lat' dir='ltr'><strong>da</strong></span> <span class='ocrx_word' id='word_1_343' title='bbox 251 3500 560 3572; x_wconf 91' lang='lat' dir='ltr'><strong>perpetuis</strong></span> <span class='ocrx_word' id='word_1_344' title='bbox 590 3500 811 3556; x_wconf 90' lang='lat' dir='ltr'><strong>diebus</strong></span> <span class='ocrx_word' id='word_1_345' title='bbox 838 3500 1180 3557; x_wconf 76' lang='lat' dir='ltr'><strong>aeternitatis</strong></span> <span class='ocrx_word' id='word_1_346' title='bbox 1211 3517 1335 3556; x_wconf 57' lang='lat' dir='ltr'><strong>suae</strong></span> <span class='ocrx_word' id='word_1_347' title='bbox 1358 3501 1592 3572; x_wconf 87' lang='lat' dir='ltr'><strong>legibus</strong></span> <span class='ocrx_word' id='word_1_348' title='bbox 1608 3503 1826 3560; x_wconf 71' lang='lat' dir='ltr'><strong>consti-</strong></span> 
     </span>
    </p>
   </div>
   <div class='ocr_carea' id='block_1_53' title="bbox 133 3589 1828 3657">
    <p class='ocr_par' dir='ltr' id='par_1_53' title="bbox 133 3589 1828 3657">
     <span class='ocr_line' id='line_1_53' title="bbox 133 3589 1828 3657; baseline 0.001 -11"><span class='ocrx_word' id='word_1_349' title='bbox 133 3593 348 3657; x_wconf 90' lang='lat' dir='ltr'><strong>tuant;</strong></span> <span class='ocrx_word' id='word_1_350' title='bbox 382 3591 449 3646; x_wconf 91' lang='lat' dir='ltr'><strong>ut</strong></span> <span class='ocrx_word' id='word_1_351' title='bbox 478 3589 626 3645; x_wconf 93' lang='lat' dir='ltr'><strong>dum</strong></span> <span class='ocrx_word' id='word_1_352' title='bbox 676 3589 921 3646; x_wconf 84' lang='lat' dir='ltr'><strong>famulis</strong></span> <span class='ocrx_word' id='word_1_353' title='bbox 964 3591 1178 3646; x_wconf 91' lang='lat' dir='ltr'><strong>Christi</strong></span> <span class='ocrx_word' id='word_1_354' title='bbox 1222 3590 1556 3647; x_wconf 88' lang='lat' dir='ltr'><strong>libertatem</strong></span> <span class='ocrx_word' id='word_1_355' title='bbox 1590 3592 1828 3648; x_wconf 78' lang='lat' dir='ltr'><strong>electio—</strong></span> 
     </span>
    </p>
   </div>
   <div class='ocr_carea' id='block_1_54' title="bbox 133 3679 1826 3746">
    <p class='ocr_par' dir='ltr' id='par_1_54' title="bbox 133 3679 1826 3746">
     <span class='ocr_line' id='line_1_54' title="bbox 133 3679 1826 3746; baseline 0.001 -11"><span class='ocrx_word' id='word_1_356' title='bbox 133 3679 237 3735; x_wconf 89' lang='lat' dir='ltr'><strong>nis</strong></span> <span class='ocrx_word' id='word_1_357' title='bbox 272 3679 697 3746; x_wconf 87' lang='lat' dir='ltr'><strong>concesserint,</strong></span> <span class='ocrx_word' id='word_1_358' title='bbox 727 3684 784 3735; x_wconf 92' lang='lat' dir='ltr'><strong>et</strong></span> <span class='ocrx_word' id='word_1_359' title='bbox 810 3695 1170 3735; x_wconf 90' lang='lat' dir='ltr'><strong>concessam</strong></span> <span class='ocrx_word' id='word_1_360' title='bbox 1200 3696 1438 3736; x_wconf 89' lang='lat' dir='ltr'><strong>servare</strong></span> <span class='ocrx_word' id='word_1_361' title='bbox 1470 3680 1826 3744; x_wconf 85' lang='lat' dir='ltr'><strong>studuerint,</strong></span> 
     </span>
    </p>
   </div>
   <div class='ocr_carea' id='block_1_55' title="bbox 134 3767 1828 3843">
    <p class='ocr_par' dir='ltr' id='par_1_55' title="bbox 134 3767 1828 3843">
     <span class='ocr_line' id='line_1_55' title="bbox 134 3767 1828 3843; baseline 0.001 -19"><span class='ocrx_word' id='word_1_362' title='bbox 134 3772 199 3824; x_wconf 90' lang='lat' dir='ltr'><strong>et</strong></span> <span class='ocrx_word' id='word_1_363' title='bbox 227 3767 546 3840; x_wconf 84' lang='lat' dir='ltr'><strong>praesentis</strong></span> <span class='ocrx_word' id='word_1_364' title='bbox 577 3768 711 3824; x_wconf 60' lang='lat' dir='ltr'><strong>vitae</strong></span> <span class='ocrx_word' id='word_1_365' title='bbox 747 3785 1040 3838; x_wconf 89' lang='lat' dir='ltr'><strong>regnum,</strong></span> <span class='ocrx_word' id='word_1_366' title='bbox 1083 3775 1139 3824; x_wconf 92' lang='lat' dir='ltr'><strong>et</strong></span> <span class='ocrx_word' id='word_1_367' title='bbox 1171 3770 1550 3843; x_wconf 64' lang='lat' dir='ltr'><strong>sempiterna:</strong></span> <span class='ocrx_word' id='word_1_368' title='bbox 1570 3769 1828 3826; x_wconf 90' lang='lat' dir='ltr'><strong>beatitu-</strong></span> 
     </span>
    </p>
   </div>
   <div class='ocr_carea' id='block_1_56' title="bbox 133 3856 1822 3931">
    <p class='ocr_par' dir='ltr' id='par_1_56' title="bbox 133 3856 1822 3931">
     <span class='ocr_line' id='line_1_56' title="bbox 133 3856 1822 3931; baseline 0.003 -19"><span class='ocrx_word' id='word_1_369' title='bbox 133 3856 300 3912; x_wconf 92' lang='lat' dir='ltr'><strong>dinis</strong></span> <span class='ocrx_word' id='word_1_370' title='bbox 333 3856 587 3926; x_wconf 88' lang='lat' dir='ltr'><strong>gloriam</strong></span> <span class='ocrx_word' id='word_1_371' title='bbox 631 3873 666 3913; x_wconf 90' lang='lat' dir='ltr'><strong>a</strong></span> <span class='ocrx_word' id='word_1_372' title='bbox 694 3857 955 3913; x_wconf 90' lang='lat' dir='ltr'><strong>Domino</strong></span> <span class='ocrx_word' id='word_1_373' title='bbox 985 3857 1099 3930; x_wconf 89' lang='lat' dir='ltr'><strong>ipsi</strong></span> <span class='ocrx_word' id='word_1_374' title='bbox 1125 3858 1430 3931; x_wconf 89' lang='lat' dir='ltr'><strong>percipere</strong></span> <span class='ocrx_word' id='word_1_375' title='bbox 1459 3864 1822 3918; x_wconf 91' lang='lat' dir='ltr'><strong>mereantur.</strong></span> 
     </span>
    </p>
   </div>
   <div class='ocr_carea' id='block_1_57' title="bbox 133 3944 1826 4018">
    <p class='ocr_par' dir='ltr' id='par_1_57' title="bbox 133 3944 1826 4018">
     <span class='ocr_line' id='line_1_57' title="bbox 133 3944 1826 4018; baseline 0.002 -18"><span class='ocrx_word' id='word_1_376' title='bbox 133 3951 332 4018; x_wconf 79' lang='lat' dir='ltr'><strong>Atque</strong></span> <span class='ocrx_word' id='word_1_377' title='bbox 365 3944 531 4018; x_wconf 90' lang='lat' dir='ltr'><strong>quod</strong></span> <span class='ocrx_word' id='word_1_378' title='bbox 578 3949 672 4000; x_wconf 88' lang='lat' dir='ltr'><strong>est</strong></span> <span class='ocrx_word' id='word_1_379' title='bbox 722 3950 826 4002; x_wconf 88' lang='lat' dir='ltr'><strong>aut</strong></span> <span class='ocrx_word' id='word_1_380' title='bbox 880 3947 1046 4016; x_wconf 91' lang='lat' dir='ltr'><strong>regio</strong></span> <span class='ocrx_word' id='word_1_381' title='bbox 1093 3963 1364 4015; x_wconf 90' lang='lat' dir='ltr'><strong>munere,</strong></span> <span class='ocrx_word' id='word_1_382' title='bbox 1413 3952 1518 4003; x_wconf 91' lang='lat' dir='ltr'><strong>aut</strong></span> <span class='ocrx_word' id='word_1_383' title='bbox 1555 3948 1826 4005; x_wconf 87' lang='lat' dir='ltr'><strong>ﬁdelium</strong></span> 
     </span>
    </p>
   </div>
   <div class='ocr_carea' id='block_1_58' title="bbox 134 4033 1828 4110">
    <p class='ocr_par' dir='ltr' id='par_1_58' title="bbox 134 4033 1828 4110">
     <span class='ocr_line' id='line_1_58' title="bbox 134 4033 1828 4110; baseline 0.003 -21"><span class='ocrx_word' id='word_1_384' title='bbox 134 4033 464 4090; x_wconf 88' lang='lat' dir='ltr'><strong>devotione</strong></span> <span class='ocrx_word' id='word_1_385' title='bbox 497 4034 578 4089; x_wconf 90' lang='lat' dir='ltr'><strong>ad</strong></span> <span class='ocrx_word' id='word_1_386' title='bbox 611 4033 776 4090; x_wconf 87' lang='lat' dir='ltr'><strong>idem</strong></span> <span class='ocrx_word' id='word_1_387' title='bbox 809 4034 1159 4091; x_wconf 81' lang='lat' dir='ltr'><strong>ccenobium</strong></span> <span class='ocrx_word' id='word_1_388' title='bbox 1181 4039 1298 4092; x_wconf 90' lang='lat' dir='ltr'><strong>Deo</strong></span> <span class='ocrx_word' id='word_1_389' title='bbox 1317 4037 1676 4110; x_wconf 89' lang='lat' dir='ltr'><strong>famulisque</strong></span> <span class='ocrx_word' id='word_1_390' title='bbox 1697 4039 1828 4109; x_wconf 87' lang='lat' dir='ltr'><strong>ejus</strong></span> 
     </span>
    </p>
   </div>
   <div class='ocr_carea' id='block_1_59' title="bbox 135 4121 1828 4200">
    <p class='ocr_par' dir='ltr' id='par_1_59' title="bbox 135 4121 1828 4200">
     <span class='ocr_line' id='line_1_59' title="bbox 135 4121 1828 4200; baseline 0.002 -22"><span class='ocrx_word' id='word_1_391' title='bbox 135 4121 440 4189; x_wconf 90' lang='lat' dir='ltr'><strong>oblatum,</strong></span> <span class='ocrx_word' id='word_1_392' title='bbox 465 4138 576 4178; x_wconf 90' lang='lat' dir='ltr'><strong>nec</strong></span> <span class='ocrx_word' id='word_1_393' title='bbox 623 4122 738 4195; x_wconf 88' lang='lat' dir='ltr'><strong>ipsi</strong></span> <span class='ocrx_word' id='word_1_394' title='bbox 781 4123 1066 4191; x_wconf 79' lang='lat' dir='ltr'><strong>offerant,</strong></span> <span class='ocrx_word' id='word_1_395' title='bbox 1101 4141 1212 4180; x_wconf 93' lang='lat' dir='ltr'><strong>nec</strong></span> <span class='ocrx_word' id='word_1_396' title='bbox 1243 4125 1391 4180; x_wconf 90' lang='lat' dir='ltr'><strong>alios</strong></span> <span class='ocrx_word' id='word_1_397' title='bbox 1431 4125 1663 4181; x_wconf 89' lang='lat' dir='ltr'><strong>auferre</strong></span> <span class='ocrx_word' id='word_1_398' title='bbox 1699 4143 1828 4200; x_wconf 87' lang='lat' dir='ltr'><strong>per-</strong></span> 
     </span>
    </p>
   </div>
   <div class='ocr_carea' id='block_1_60' title="bbox 140 4211 1828 4286">
    <p class='ocr_par' dir='ltr' id='par_1_60' title="bbox 140 4211 1828 4286">
     <span class='ocr_line' id='line_1_60' title="bbox 140 4211 1828 4286; baseline 0.003 -20"><span class='ocrx_word' id='word_1_399' title='bbox 140 4211 409 4266; x_wconf 85' lang='lat' dir='ltr'><strong>mittant.</strong></span> <span class='ocrx_word' id='word_1_400' title='bbox 431 4212 729 4275; x_wconf 87' lang='lat' dir='ltr'><strong>Quoniam</strong></span> <span class='ocrx_word' id='word_1_401' title='bbox 764 4211 939 4267; x_wconf 88' lang='lat' dir='ltr'><strong>valde</strong></span> <span class='ocrx_word' id='word_1_402' title='bbox 965 4213 1196 4283; x_wconf 89' lang='lat' dir='ltr'><strong>justum</strong></span> <span class='ocrx_word' id='word_1_403' title='bbox 1230 4219 1463 4269; x_wconf 90' lang='lat' dir='ltr'><strong>constat</strong></span> <span class='ocrx_word' id='word_1_404' title='bbox 1498 4219 1679 4286; x_wconf 90' lang='lat' dir='ltr'><strong>atque</strong></span> <span class='ocrx_word' id='word_1_405' title='bbox 1697 4215 1828 4272; x_wconf 86' lang='lat' dir='ltr'><strong>reli-</strong></span> 
     </span>
    </p>
   </div>
   <div class='ocr_carea' id='block_1_61' title="bbox 137 4300 1827 4376">
    <p class='ocr_par' dir='ltr' id='par_1_61' title="bbox 137 4300 1827 4376">
     <span class='ocr_line' id='line_1_61' title="bbox 137 4300 1827 4376; baseline 0.004 -23"><span class='ocrx_word' id='word_1_406' title='bbox 137 4300 405 4369; x_wconf 89' lang='lat' dir='ltr'><strong>giosum,</strong></span> <span class='ocrx_word' id='word_1_407' title='bbox 435 4300 623 4372; x_wconf 90' lang='lat' dir='ltr'><strong>utqui</strong></span> <span class='ocrx_word' id='word_1_408' title='bbox 655 4317 688 4356; x_wconf 91' lang='lat' dir='ltr'><strong>a</strong></span> <span class='ocrx_word' id='word_1_409' title='bbox 729 4302 984 4356; x_wconf 89' lang='lat' dir='ltr'><strong>Domino</strong></span> <span class='ocrx_word' id='word_1_410' title='bbox 1023 4307 1372 4358; x_wconf 89' lang='lat' dir='ltr'><strong>meruerunt</strong></span> <span class='ocrx_word' id='word_1_411' title='bbox 1399 4303 1704 4376; x_wconf 88' lang='lat' dir='ltr'><strong>percipere</strong></span> <span class='ocrx_word' id='word_1_412' title='bbox 1733 4321 1827 4360; x_wconf 89' lang='lat' dir='ltr'><strong>re-</strong></span> 
     </span>
    </p>
   </div>
   <div class='ocr_carea' id='block_1_62' title="bbox 135 4387 1827 4462">
    <p class='ocr_par' dir='ltr' id='par_1_62' title="bbox 135 4387 1827 4462">
     <span class='ocr_line' id='line_1_62' title="bbox 135 4387 1827 4462; baseline 0.003 -19"><span class='ocrx_word' id='word_1_413' title='bbox 135 4388 247 4459; x_wconf 91' lang='lat' dir='ltr'><strong>gni</strong></span> <span class='ocrx_word' id='word_1_414' title='bbox 291 4387 618 4455; x_wconf 89' lang='lat' dir='ltr'><strong>honorem,</strong></span> <span class='ocrx_word' id='word_1_415' title='bbox 644 4389 756 4462; x_wconf 89' lang='lat' dir='ltr'><strong>ipsi</strong></span> <span class='ocrx_word' id='word_1_416' title='bbox 785 4392 906 4446; x_wconf 91' lang='lat' dir='ltr'><strong>Deo</strong></span> <span class='ocrx_word' id='word_1_417' title='bbox 967 4397 1325 4446; x_wconf 83' lang='lat' dir='ltr'><strong>conservent</strong></span> <span class='ocrx_word' id='word_1_418' title='bbox 1363 4391 1528 4462; x_wconf 91' lang='lat' dir='ltr'><strong>quod</strong></span> <span class='ocrx_word' id='word_1_419' title='bbox 1568 4391 1618 4447; x_wconf 92' lang='lat' dir='ltr'><strong>ei</strong></span> <span class='ocrx_word' id='word_1_420' title='bbox 1645 4393 1827 4448; x_wconf 90' lang='lat' dir='ltr'><strong>colla-</strong></span> 
     </span>
    </p>
   </div>
   <div class='ocr_carea' id='block_1_63' title="bbox 133 4477 1827 4552">
    <p class='ocr_par' dir='ltr' id='par_1_63' title="bbox 133 4477 1827 4552">
     <span class='ocr_line' id='line_1_63' title="bbox 133 4477 1827 4552; baseline 0.004 -19"><span class='ocrx_word' id='word_1_421' title='bbox 133 4483 270 4533; x_wconf 90' lang='lat' dir='ltr'><strong>tum</strong></span> <span class='ocrx_word' id='word_1_422' title='bbox 302 4481 359 4532; x_wconf 91' lang='lat' dir='ltr'><strong>et</strong></span> <span class='ocrx_word' id='word_1_423' title='bbox 384 4477 482 4550; x_wconf 92' lang='lat' dir='ltr'><strong>pia</strong></span> <span class='ocrx_word' id='word_1_424' title='bbox 507 4479 884 4535; x_wconf 89' lang='lat' dir='ltr'><strong>credentium</strong></span> <span class='ocrx_word' id='word_1_425' title='bbox 931 4479 1284 4547; x_wconf 86' lang='lat' dir='ltr'><strong>devotione;</strong></span> <span class='ocrx_word' id='word_1_426' title='bbox 1319 4483 1375 4536; x_wconf 91' lang='lat' dir='ltr'><strong>et</strong></span> <span class='ocrx_word' id='word_1_427' title='bbox 1399 4481 1502 4552; x_wconf 87' lang='lat' dir='ltr'><strong>qui</strong></span> <span class='ocrx_word' id='word_1_428' title='bbox 1533 4497 1568 4536; x_wconf 89' lang='lat' dir='ltr'><strong>a</strong></span> <span class='ocrx_word' id='word_1_429' title='bbox 1595 4482 1827 4539; x_wconf 90' lang='lat' dir='ltr'><strong>Christo</strong></span> 
     </span>
    </p>
   </div>
   <div class='ocr_carea' id='block_1_64' title="bbox 134 4566 1830 4644">
    <p class='ocr_par' dir='ltr' id='par_1_64' title="bbox 134 4566 1830 4644">
     <span class='ocr_line' id='line_1_64' title="bbox 134 4566 1830 4644; baseline 0.003 -21"><span class='ocrx_word' id='word_1_430' title='bbox 134 4566 330 4635; x_wconf 87' lang='lat' dir='ltr'><strong>regali</strong></span> <span class='ocrx_word' id='word_1_431' title='bbox 380 4568 838 4638; x_wconf 84' lang='lat' dir='ltr'><strong>magnificentia</strong></span> <span class='ocrx_word' id='word_1_432' title='bbox 873 4568 1107 4641; x_wconf 76' lang='lat' dir='ltr'><strong>praelati</strong></span> <span class='ocrx_word' id='word_1_433' title='bbox 1157 4574 1296 4624; x_wconf 91' lang='lat' dir='ltr'><strong>sunt</strong></span> <span class='ocrx_word' id='word_1_434' title='bbox 1324 4570 1569 4637; x_wconf 79' lang='lat' dir='ltr'><strong>caeteris,</strong></span> <span class='ocrx_word' id='word_1_435' title='bbox 1602 4570 1718 4644; x_wconf 92' lang='lat' dir='ltr'><strong>ipsi</strong></span> <span class='ocrx_word' id='word_1_436' title='bbox 1747 4572 1830 4628; x_wconf 88' lang='lat' dir='ltr'><strong>fa-</strong></span> 
     </span>
    </p>
   </div>
   <div class='ocr_carea' id='block_1_65' title="bbox 1936 1987 3608 2063">
    <p class='ocr_par' dir='ltr' id='par_1_65' title="bbox 1936 1987 3608 2063">
     <span class='ocr_line' id='line_1_65' title="bbox 1936 1987 3608 2063; baseline 0.005 -21"><span class='ocrx_word' id='word_1_437' title='bbox 1936 1987 2302 2057; x_wconf 91' lang='lat' dir='ltr'><strong>ligiosissimi</strong></span> <span class='ocrx_word' id='word_1_438' title='bbox 2331 1991 2653 2063; x_wconf 90' lang='lat' dir='ltr'><strong>principes,</strong></span> <span class='ocrx_word' id='word_1_439' title='bbox 2694 2007 2788 2047; x_wconf 91' lang='lat' dir='ltr'><strong>res</strong></span> <span class='ocrx_word' id='word_1_440' title='bbox 2841 1993 3191 2048; x_wconf 89' lang='lat' dir='ltr'><strong>monasterii</strong></span> <span class='ocrx_word' id='word_1_441' title='bbox 3237 1993 3608 2050; x_wconf 92' lang='lat' dir='ltr'><strong>Corbeiensis</strong></span> 
     </span>
    </p>
   </div>
   <div class='ocr_carea' id='block_1_66' title="bbox 1937 2076 3605 2154">
    <p class='ocr_par' dir='ltr' id='par_1_66' title="bbox 1937 2076 3605 2154">
     <span class='ocr_line' id='line_1_66' title="bbox 1937 2076 3605 2154; baseline 0.004 -23"><span class='ocrx_word' id='word_1_442' title='bbox 1937 2076 2254 2134; x_wconf 91' lang='lat' dir='ltr'><strong>inviolatas</strong></span> <span class='ocrx_word' id='word_1_443' title='bbox 2280 2078 2679 2152; x_wconf 80' lang='lat' dir='ltr'><strong>illibatasque,</strong></span> <span class='ocrx_word' id='word_1_444' title='bbox 2707 2084 3000 2153; x_wconf 84' lang='lat' dir='ltr'><strong>tanquam</strong></span> <span class='ocrx_word' id='word_1_445' title='bbox 3043 2096 3216 2136; x_wconf 90' lang='lat' dir='ltr'><strong>sacra</strong></span> <span class='ocrx_word' id='word_1_446' title='bbox 3247 2078 3476 2154; x_wconf 65' lang='lat' dir='ltr'><strong>[sacrae]</strong></span> <span class='ocrx_word' id='word_1_447' title='bbox 3514 2081 3605 2138; x_wconf 85' lang='lat' dir='ltr'><strong>di-</strong></span> 
     </span>
    </p>
   </div>
   <div class='ocr_carea' id='block_1_67' title="bbox 1935 2164 3606 2241">
    <p class='ocr_par' dir='ltr' id='par_1_67' title="bbox 1935 2164 3606 2241">
     <span class='ocr_line' id='line_1_67' title="bbox 1935 2164 3606 2241; baseline 0.004 -22"><span class='ocrx_word' id='word_1_448' title='bbox 1935 2164 2201 2221; x_wconf 89' lang='lat' dir='ltr'><strong>vinitatis</strong></span> <span class='ocrx_word' id='word_1_449' title='bbox 2250 2167 2610 2235; x_wconf 87' lang='lat' dir='ltr'><strong>custodiant,</strong></span> <span class='ocrx_word' id='word_1_450' title='bbox 2642 2183 2751 2224; x_wconf 91' lang='lat' dir='ltr'><strong>nec</strong></span> <span class='ocrx_word' id='word_1_451' title='bbox 2781 2170 2898 2241; x_wconf 92' lang='lat' dir='ltr'><strong>ipsi</strong></span> <span class='ocrx_word' id='word_1_452' title='bbox 2928 2185 3029 2226; x_wconf 88' lang='lat' dir='ltr'><strong>eas</strong></span> <span class='ocrx_word' id='word_1_453' title='bbox 3059 2168 3355 2238; x_wconf 90' lang='lat' dir='ltr'><strong>tollentes,</strong></span> <span class='ocrx_word' id='word_1_454' title='bbox 3387 2185 3499 2226; x_wconf 92' lang='lat' dir='ltr'><strong>nec</strong></span> <span class='ocrx_word' id='word_1_455' title='bbox 3526 2169 3606 2226; x_wconf 89' lang='lat' dir='ltr'><strong>ab</strong></span> 
     </span>
    </p>
   </div>
   <div class='ocr_carea' id='block_1_68' title="bbox 1937 2247 3612 2332">
    <p class='ocr_par' dir='ltr' id='par_1_68' title="bbox 1937 2247 3612 2332">
     <span class='ocr_line' id='line_1_68' title="bbox 1937 2247 3612 2332; baseline 0.004 -24"><span class='ocrx_word' id='word_1_456' title='bbox 1937 2253 2066 2308; x_wconf 90' lang='lat' dir='ltr'><strong>aliis</strong></span> <span class='ocrx_word' id='word_1_457' title='bbox 2097 2255 2316 2311; x_wconf 90' lang='lat' dir='ltr'><strong>auferri</strong></span> <span class='ocrx_word' id='word_1_458' title='bbox 2341 2256 2624 2324; x_wconf 91' lang='lat' dir='ltr'><strong>sinentes,</strong></span> <span class='ocrx_word' id='word_1_459' title='bbox 2655 2262 2721 2312; x_wconf 91' lang='lat' dir='ltr'><strong>ut</strong></span> <span class='ocrx_word' id='word_1_460' title='bbox 2760 2262 2897 2314; x_wconf 90' lang='lat' dir='ltr'><strong>ante</strong></span> <span class='ocrx_word' id='word_1_461' title='bbox 2928 2263 3319 2332; x_wconf 91' lang='lat' dir='ltr'><strong>conspectum</strong></span> <span class='ocrx_word' id='word_1_462' title='bbox 3360 2247 3612 2332; x_wconf 75' lang='lat' dir='ltr'><strong>superni</strong></span> 
     </span>
    </p>
   </div>
   <div class='ocr_carea' id='block_1_69' title="bbox 1937 2343 3606 2417">
    <p class='ocr_par' dir='ltr' id='par_1_69' title="bbox 1937 2343 3606 2417">
     <span class='ocr_line' id='line_1_69' title="bbox 1937 2343 3606 2417; baseline 0.005 -21"><span class='ocrx_word' id='word_1_463' title='bbox 1937 2343 2093 2412; x_wconf 92' lang='lat' dir='ltr'><strong>regis</strong></span> <span class='ocrx_word' id='word_1_464' title='bbox 2123 2343 2289 2416; x_wconf 92' lang='lat' dir='ltr'><strong>quod</strong></span> <span class='ocrx_word' id='word_1_465' title='bbox 2321 2345 2603 2401; x_wconf 91' lang='lat' dir='ltr'><strong>dicuntur</strong></span> <span class='ocrx_word' id='word_1_466' title='bbox 2644 2346 2889 2403; x_wconf 90' lang='lat' dir='ltr'><strong>nomine</strong></span> <span class='ocrx_word' id='word_1_467' title='bbox 2934 2362 3106 2417; x_wconf 89' lang='lat' dir='ltr'><strong>reges</strong></span> <span class='ocrx_word' id='word_1_468' title='bbox 3150 2348 3363 2405; x_wconf 91' lang='lat' dir='ltr'><strong>merito</strong></span> <span class='ocrx_word' id='word_1_469' title='bbox 3403 2364 3606 2404; x_wconf 89' lang='lat' dir='ltr'><strong>cense-</strong></span> 
     </span>
    </p>
   </div>
   <div class='ocr_carea' id='block_1_70' title="bbox 1938 2433 3602 2508">
    <p class='ocr_par' dir='ltr' id='par_1_70' title="bbox 1938 2433 3602 2508">
     <span class='ocr_line' id='line_1_70' title="bbox 1938 2433 3602 2508; baseline 0.004 -23"><span class='ocrx_word' id='word_1_470' title='bbox 1938 2438 2149 2499; x_wconf 90' lang='lat' dir='ltr'><strong>antur;</strong></span> <span class='ocrx_word' id='word_1_471' title='bbox 2184 2437 2248 2488; x_wconf 91' lang='lat' dir='ltr'><strong>ut</strong></span> <span class='ocrx_word' id='word_1_472' title='bbox 2277 2433 2425 2489; x_wconf 92' lang='lat' dir='ltr'><strong>dum</strong></span> <span class='ocrx_word' id='word_1_473' title='bbox 2477 2436 2596 2491; x_wconf 92' lang='lat' dir='ltr'><strong>Deo</strong></span> <span class='ocrx_word' id='word_1_474' title='bbox 2626 2451 2762 2508; x_wconf 78' lang='lat' dir='ltr'><strong>quae</strong></span> <span class='ocrx_word' id='word_1_475' title='bbox 2796 2452 2905 2492; x_wconf 91' lang='lat' dir='ltr'><strong>sua</strong></span> <span class='ocrx_word' id='word_1_476' title='bbox 2935 2440 3076 2492; x_wconf 91' lang='lat' dir='ltr'><strong>sunt</strong></span> <span class='ocrx_word' id='word_1_477' title='bbox 3118 2436 3480 2504; x_wconf 91' lang='lat' dir='ltr'><strong>custodiunt,</strong></span> <span class='ocrx_word' id='word_1_478' title='bbox 3516 2437 3602 2492; x_wconf 92' lang='lat' dir='ltr'><strong>eis</strong></span> 
     </span>
    </p>
   </div>
   <div class='ocr_carea' id='block_1_71' title="bbox 1937 2520 3607 2598">
    <p class='ocr_par' dir='ltr' id='par_1_71' title="bbox 1937 2520 3607 2598">
     <span class='ocr_line' id='line_1_71' title="bbox 1937 2520 3607 2598; baseline 0.005 -23"><span class='ocrx_word' id='word_1_479' title='bbox 1937 2535 1972 2575; x_wconf 91' lang='lat' dir='ltr'><strong>a</strong></span> <span class='ocrx_word' id='word_1_480' title='bbox 2004 2520 2122 2576; x_wconf 92' lang='lat' dir='ltr'><strong>Deo</strong></span> <span class='ocrx_word' id='word_1_481' title='bbox 2147 2527 2204 2577; x_wconf 90' lang='lat' dir='ltr'><strong>et</strong></span> <span class='ocrx_word' id='word_1_482' title='bbox 2252 2523 2466 2579; x_wconf 89' lang='lat' dir='ltr'><strong>terreni</strong></span> <span class='ocrx_word' id='word_1_483' title='bbox 2505 2525 2672 2595; x_wconf 91' lang='lat' dir='ltr'><strong>regni</strong></span> <span class='ocrx_word' id='word_1_484' title='bbox 2703 2525 3076 2597; x_wconf 90' lang='lat' dir='ltr'><strong>principatus</strong></span> <span class='ocrx_word' id='word_1_485' title='bbox 3125 2525 3516 2598; x_wconf 90' lang='lat' dir='ltr'><strong>custodiatur,</strong></span> <span class='ocrx_word' id='word_1_486' title='bbox 3549 2532 3607 2584; x_wconf 87' lang='lat' dir='ltr'><strong>et</strong></span> 
     </span>
    </p>
   </div>
   <div class='ocr_carea' id='block_1_72' title="bbox 1935 2611 3314 2683">
    <p class='ocr_par' dir='ltr' id='par_1_72' title="bbox 1935 2611 3314 2683">
     <span class='ocr_line' id='line_1_72' title="bbox 1935 2611 3314 2683; baseline 0.006 -19"><span class='ocrx_word' id='word_1_487' title='bbox 1935 2611 2309 2683; x_wconf 78' lang='lat' dir='ltr'><strong>sempiternae</strong></span> <span class='ocrx_word' id='word_1_488' title='bbox 2333 2612 2720 2670; x_wconf 79' lang='lat' dir='ltr'><strong>beatitudinis</strong></span> <span class='ocrx_word' id='word_1_489' title='bbox 2744 2630 2970 2671; x_wconf 91' lang='lat' dir='ltr'><strong>corona</strong></span> <span class='ocrx_word' id='word_1_490' title='bbox 3000 2615 3314 2672; x_wconf 90' lang='lat' dir='ltr'><strong>tribuatur.</strong></span> 
     </span>
    </p>
   </div>
   <div class='ocr_carea' id='block_1_73' title="bbox 2005 2700 3606 2774">
    <p class='ocr_par' dir='ltr' id='par_1_73' title="bbox 2005 2700 3606 2774">
     <span class='ocr_line' id='line_1_73' title="bbox 2005 2700 3606 2774; baseline 0.006 -21"><span class='ocrx_word' id='word_1_491' title='bbox 2005 2700 2382 2772; x_wconf 88' lang='lat' dir='ltr'><strong>Quapropter</strong></span> <span class='ocrx_word' id='word_1_492' title='bbox 2405 2706 2720 2759; x_wconf 91' lang='lat' dir='ltr'><strong>monentes</strong></span> <span class='ocrx_word' id='word_1_493' title='bbox 2753 2719 2855 2758; x_wconf 92' lang='lat' dir='ltr'><strong>eos</strong></span> <span class='ocrx_word' id='word_1_494' title='bbox 2879 2703 3219 2774; x_wconf 89' lang='lat' dir='ltr'><strong>hortamur,</strong></span> <span class='ocrx_word' id='word_1_495' title='bbox 3248 2708 3313 2759; x_wconf 92' lang='lat' dir='ltr'><strong>ut</strong></span> <span class='ocrx_word' id='word_1_496' title='bbox 3340 2708 3464 2760; x_wconf 90' lang='lat' dir='ltr'><strong>tam</strong></span> <span class='ocrx_word' id='word_1_497' title='bbox 3494 2722 3606 2762; x_wconf 89' lang='lat' dir='ltr'><strong>sua</strong></span> 
     </span>
    </p>
   </div>
   <div class='ocr_carea' id='block_1_74' title="bbox 1932 2789 3606 2864">
    <p class='ocr_par' dir='ltr' id='par_1_74' title="bbox 1932 2789 3606 2864">
     <span class='ocr_line' id='line_1_74' title="bbox 1932 2789 3606 2864; baseline 0.005 -21"><span class='ocrx_word' id='word_1_498' title='bbox 1932 2803 2119 2860; x_wconf 89' lang='lat' dir='ltr'><strong>quam</strong></span> <span class='ocrx_word' id='word_1_499' title='bbox 2170 2789 2441 2862; x_wconf 87' lang='lat' dir='ltr'><strong>priorum</strong></span> <span class='ocrx_word' id='word_1_500' title='bbox 2495 2791 2840 2864; x_wconf 92' lang='lat' dir='ltr'><strong>principum</strong></span> <span class='ocrx_word' id='word_1_501' title='bbox 2895 2808 3190 2849; x_wconf 92' lang='lat' dir='ltr'><strong>concessa</strong></span> <span class='ocrx_word' id='word_1_502' title='bbox 3248 2792 3606 2851; x_wconf 87' lang='lat' dir='ltr'><strong>incouvulsa</strong></span> 
     </span>
    </p>
   </div>
   <div class='ocr_carea' id='block_1_75' title="bbox 1932 2878 3602 2957">
    <p class='ocr_par' dir='ltr' id='par_1_75' title="bbox 1932 2878 3602 2957">
     <span class='ocr_line' id='line_1_75' title="bbox 1932 2878 3602 2957; baseline 0.005 -24"><span class='ocrx_word' id='word_1_503' title='bbox 1932 2878 2354 2947; x_wconf 88' lang='lat' dir='ltr'><strong>custodientes,</strong></span> <span class='ocrx_word' id='word_1_504' title='bbox 2377 2881 2731 2953; x_wconf 89' lang='lat' dir='ltr'><strong>pontiﬁcum</strong></span> <span class='ocrx_word' id='word_1_505' title='bbox 2771 2898 3015 2956; x_wconf 90' lang='lat' dir='ltr'><strong>quoque</strong></span> <span class='ocrx_word' id='word_1_506' title='bbox 3040 2888 3369 2957; x_wconf 89' lang='lat' dir='ltr'><strong>nostraque</strong></span> <span class='ocrx_word' id='word_1_507' title='bbox 3398 2883 3602 2941; x_wconf 89' lang='lat' dir='ltr'><strong>decre-</strong></span> 
     </span>
    </p>
   </div>
   <div class='ocr_carea' id='block_1_76' title="bbox 1932 2967 3608 3046">
    <p class='ocr_par' dir='ltr' id='par_1_76' title="bbox 1932 2967 3608 3046">
     <span class='ocr_line' id='line_1_76' title="bbox 1932 2967 3608 3046; baseline 0.005 -24"><span class='ocrx_word' id='word_1_508' title='bbox 1932 2971 1992 3022; x_wconf 92' lang='lat' dir='ltr'><strong>ta</strong></span> <span class='ocrx_word' id='word_1_509' title='bbox 2021 2967 2365 3024; x_wconf 87' lang='lat' dir='ltr'><strong>nullatenus</strong></span> <span class='ocrx_word' id='word_1_510' title='bbox 2401 2970 2886 3041; x_wconf 72' lang='lat' dir='ltr'><strong>prtevaricantes,</strong></span> <span class='ocrx_word' id='word_1_511' title='bbox 2919 2971 3287 3028; x_wconf 88' lang='lat' dir='ltr'><strong>monasterio</strong></span> <span class='ocrx_word' id='word_1_512' title='bbox 3331 2973 3608 3046; x_wconf 83' lang='lat' dir='ltr'><strong>saepedic-</strong></span> 
     </span>
    </p>
   </div>
   <div class='ocr_carea' id='block_1_77' title="bbox 1933 3057 3606 3132">
    <p class='ocr_par' dir='ltr' id='par_1_77' title="bbox 1933 3057 3606 3132">
     <span class='ocr_line' id='line_1_77' title="bbox 1933 3057 3606 3132; baseline 0.001 -17"><span class='ocrx_word' id='word_1_513' title='bbox 1933 3064 1994 3116; x_wconf 89' lang='lat' dir='ltr'><strong>to</strong></span> <span class='ocrx_word' id='word_1_514' title='bbox 2049 3057 2352 3112; x_wconf 91' lang='lat' dir='ltr'><strong>electionis</strong></span> <span class='ocrx_word' id='word_1_515' title='bbox 2398 3057 2775 3129; x_wconf 87' lang='lat' dir='ltr'><strong>privilegium</strong></span> <span class='ocrx_word' id='word_1_516' title='bbox 2808 3063 2932 3114; x_wconf 89' lang='lat' dir='ltr'><strong>tam</strong></span> <span class='ocrx_word' id='word_1_517' title='bbox 2992 3060 3119 3114; x_wconf 89' lang='lat' dir='ltr'><strong>suis</strong></span> <span class='ocrx_word' id='word_1_518' title='bbox 3159 3075 3343 3132; x_wconf 90' lang='lat' dir='ltr'><strong>quam</strong></span> <span class='ocrx_word' id='word_1_519' title='bbox 3393 3061 3606 3117; x_wconf 87' lang='lat' dir='ltr'><strong>futuris</strong></span> 
     </span>
    </p>
   </div>
   <div class='ocr_carea' id='block_1_78' title="bbox 1935 3145 3604 3221">
    <p class='ocr_par' dir='ltr' id='par_1_78' title="bbox 1935 3145 3604 3221">
     <span class='ocr_line' id='line_1_78' title="bbox 1935 3145 3604 3221; baseline 0.001 -18"><span class='ocrx_word' id='word_1_520' title='bbox 1935 3145 2310 3219; x_wconf 88' lang='lat' dir='ltr'><strong>temporibus</strong></span> <span class='ocrx_word' id='word_1_521' title='bbox 2330 3149 2388 3201; x_wconf 92' lang='lat' dir='ltr'><strong>et</strong></span> <span class='ocrx_word' id='word_1_522' title='bbox 2419 3151 2677 3214; x_wconf 90' lang='lat' dir='ltr'><strong>servent,</strong></span> <span class='ocrx_word' id='word_1_523' title='bbox 2706 3150 2764 3202; x_wconf 91' lang='lat' dir='ltr'><strong>et</strong></span> <span class='ocrx_word' id='word_1_524' title='bbox 2798 3146 3098 3203; x_wconf 89' lang='lat' dir='ltr'><strong>servanda</strong></span> <span class='ocrx_word' id='word_1_525' title='bbox 3128 3149 3453 3204; x_wconf 89' lang='lat' dir='ltr'><strong>sanctionis</strong></span> <span class='ocrx_word' id='word_1_526' title='bbox 3473 3165 3604 3221; x_wconf 86' lang='lat' dir='ltr'><strong>per-</strong></span> 
     </span>
    </p>
   </div>
   <div class='ocr_carea' id='block_1_79' title="bbox 1935 3233 3604 3309">
    <p class='ocr_par' dir='ltr' id='par_1_79' title="bbox 1935 3233 3604 3309">
     <span class='ocr_line' id='line_1_79' title="bbox 1935 3233 3604 3309; baseline 0.002 -19"><span class='ocrx_word' id='word_1_527' title='bbox 1935 3240 2129 3309; x_wconf 84' lang='lat' dir='ltr'><strong>petuae</strong></span> <span class='ocrx_word' id='word_1_528' title='bbox 2158 3233 2473 3290; x_wconf 88' lang='lat' dir='ltr'><strong>stabilitate</strong></span> <span class='ocrx_word' id='word_1_529' title='bbox 2505 3233 2852 3292; x_wconf 87' lang='lat' dir='ltr'><strong>decernant.</strong></span> <span class='ocrx_word' id='word_1_530' title='bbox 2884 3235 3160 3291; x_wconf 89' lang='lat' dir='ltr'><strong>Veritatis</strong></span> <span class='ocrx_word' id='word_1_531' title='bbox 3199 3236 3418 3292; x_wconf 90' lang='lat' dir='ltr'><strong>etenim</strong></span> <span class='ocrx_word' id='word_1_532' title='bbox 3461 3253 3604 3293; x_wconf 92' lang='lat' dir='ltr'><strong>voce</strong></span> 
     </span>
    </p>
   </div>
   <div class='ocr_carea' id='block_1_80' title="bbox 1937 3322 3608 3396">
    <p class='ocr_par' dir='ltr' id='par_1_80' title="bbox 1937 3322 3608 3396">
     <span class='ocr_line' id='line_1_80' title="bbox 1937 3322 3608 3396; baseline 0.002 -17"><span class='ocrx_word' id='word_1_533' title='bbox 1937 3325 2247 3388; x_wconf 89' lang='lat' dir='ltr'><strong>docemur,</strong></span> <span class='ocrx_word' id='word_1_534' title='bbox 2278 3322 2570 3394; x_wconf 87' lang='lat' dir='ltr'><strong>quoniam</strong></span> <span class='ocrx_word' id='word_1_535' title='bbox 2596 3325 2648 3378; x_wconf 88' lang='lat' dir='ltr'><strong>si</strong></span> <span class='ocrx_word' id='word_1_536' title='bbox 2662 3325 2794 3394; x_wconf 87' lang='lat' dir='ltr'><strong>quis</strong></span> <span class='ocrx_word' id='word_1_537' title='bbox 2823 3325 2887 3379; x_wconf 86' lang='lat' dir='ltr'><strong>in</strong></span> <span class='ocrx_word' id='word_1_538' title='bbox 2915 3325 3068 3380; x_wconf 82' lang='lat' dir='ltr'><strong>ovile</strong></span> <span class='ocrx_word' id='word_1_539' title='bbox 3095 3325 3326 3381; x_wconf 80' lang='lat' dir='ltr'><strong>Christi</strong></span> <span class='ocrx_word' id='word_1_540' title='bbox 3348 3341 3470 3381; x_wconf 79' lang='lat' dir='ltr'><strong>non</strong></span> <span class='ocrx_word' id='word_1_541' title='bbox 3497 3341 3608 3396; x_wconf 81' lang='lat' dir='ltr'><strong>per</strong></span> 
     </span>
    </p>
   </div>
   <div class='ocr_carea' id='block_1_81' title="bbox 1940 3412 3609 3486">
    <p class='ocr_par' dir='ltr' id='par_1_81' title="bbox 1940 3412 3609 3486">
     <span class='ocr_line' id='line_1_81' title="bbox 1940 3412 3609 3486; baseline 0.001 -16"><span class='ocrx_word' id='word_1_542' title='bbox 1940 3415 2154 3470; x_wconf 83' lang='lat' dir='ltr'><strong>ostium</strong></span> <span class='ocrx_word' id='word_1_543' title='bbox 2205 3412 2565 3482; x_wconf 81' lang='lat' dir='ltr'><strong>ingreditur,</strong></span> <span class='ocrx_word' id='word_1_544' title='bbox 2612 3413 2715 3468; x_wconf 87' lang='lat' dir='ltr'><strong>sed</strong></span> <span class='ocrx_word' id='word_1_545' title='bbox 2752 3414 3002 3470; x_wconf 85' lang='lat' dir='ltr'><strong>aliunde</strong></span> <span class='ocrx_word' id='word_1_546' title='bbox 3045 3415 3333 3486; x_wconf 86' lang='lat' dir='ltr'><strong>ascendit,</strong></span> <span class='ocrx_word' id='word_1_547' title='bbox 3365 3416 3462 3472; x_wconf 84' lang='lat' dir='ltr'><strong>hic</strong></span> <span class='ocrx_word' id='word_1_548' title='bbox 3495 3417 3609 3486; x_wconf 86' lang='lat' dir='ltr'><strong>fur</strong></span> 
     </span>
    </p>
   </div>
   <div class='ocr_carea' id='block_1_82' title="bbox 1940 3501 3604 3574">
    <p class='ocr_par' dir='ltr' id='par_1_82' title="bbox 1940 3501 3604 3574">
     <span class='ocr_line' id='line_1_82' title="bbox 1940 3501 3604 3574; baseline 0.001 -15"><span class='ocrx_word' id='word_1_549' title='bbox 1940 3507 2023 3559; x_wconf 88' lang='lat' dir='ltr'><strong>est</strong></span> <span class='ocrx_word' id='word_1_550' title='bbox 2055 3507 2109 3557; x_wconf 77' lang='lat' dir='ltr'><strong>et</strong></span> <span class='ocrx_word' id='word_1_551' title='bbox 2139 3502 2297 3557; x_wconf 82' lang='lat' dir='ltr'><strong>latro</strong></span> <span class='ocrx_word' id='word_1_552' title='bbox 2326 3501 2525 3568; x_wconf 85' lang='lat' dir='ltr'><strong>(Joan.</strong></span> <span class='ocrx_word' id='word_1_553' title='bbox 2551 3502 2634 3572; x_wconf 83' lang='lat' dir='ltr'><strong>x),</strong></span> <span class='ocrx_word' id='word_1_554' title='bbox 2669 3506 2726 3557; x_wconf 92' lang='lat' dir='ltr'><strong>et</strong></span> <span class='ocrx_word' id='word_1_555' title='bbox 2755 3501 2889 3557; x_wconf 89' lang='lat' dir='ltr'><strong>talis</strong></span> <span class='ocrx_word' id='word_1_556' title='bbox 2922 3518 3047 3558; x_wconf 92' lang='lat' dir='ltr'><strong>non</strong></span> <span class='ocrx_word' id='word_1_557' title='bbox 3080 3502 3368 3559; x_wconf 90' lang='lat' dir='ltr'><strong>Dominici</strong></span> <span class='ocrx_word' id='word_1_558' title='bbox 3406 3505 3604 3574; x_wconf 88' lang='lat' dir='ltr'><strong>gregis</strong></span> 
     </span>
    </p>
   </div>
   <div class='ocr_carea' id='block_1_83' title="bbox 1941 3589 3606 3666">
    <p class='ocr_par' dir='ltr' id='par_1_83' title="bbox 1941 3589 3606 3666">
     <span class='ocr_line' id='line_1_83' title="bbox 1941 3589 3606 3666; baseline 0.002 -21"><span class='ocrx_word' id='word_1_559' title='bbox 1941 3590 2216 3656; x_wconf 89' lang='lat' dir='ltr'><strong>salutem,</strong></span> <span class='ocrx_word' id='word_1_560' title='bbox 2249 3589 2354 3644; x_wconf 91' lang='lat' dir='ltr'><strong>sed</strong></span> <span class='ocrx_word' id='word_1_561' title='bbox 2386 3605 2496 3646; x_wconf 90' lang='lat' dir='ltr'><strong>sua</strong></span> <span class='ocrx_word' id='word_1_562' title='bbox 2521 3589 2707 3658; x_wconf 90' lang='lat' dir='ltr'><strong>lucra,</strong></span> <span class='ocrx_word' id='word_1_563' title='bbox 2736 3606 2858 3646; x_wconf 91' lang='lat' dir='ltr'><strong>non</strong></span> <span class='ocrx_word' id='word_1_564' title='bbox 2886 3595 2950 3646; x_wconf 91' lang='lat' dir='ltr'><strong>ut</strong></span> <span class='ocrx_word' id='word_1_565' title='bbox 2982 3591 3191 3656; x_wconf 88' lang='lat' dir='ltr'><strong>salvet,</strong></span> <span class='ocrx_word' id='word_1_566' title='bbox 3218 3593 3322 3647; x_wconf 89' lang='lat' dir='ltr'><strong>sed</strong></span> <span class='ocrx_word' id='word_1_567' title='bbox 3361 3597 3427 3649; x_wconf 91' lang='lat' dir='ltr'><strong>ut</strong></span> <span class='ocrx_word' id='word_1_568' title='bbox 3474 3609 3606 3666; x_wconf 91' lang='lat' dir='ltr'><strong>per-</strong></span> 
     </span>
    </p>
   </div>
   <div class='ocr_carea' id='block_1_84' title="bbox 1939 3678 3605 3751">
    <p class='ocr_par' dir='ltr' id='par_1_84' title="bbox 1939 3678 3605 3751">
     <span class='ocr_line' id='line_1_84' title="bbox 1939 3678 3605 3751; baseline 0.003 -18"><span class='ocrx_word' id='word_1_569' title='bbox 1939 3678 2068 3745; x_wconf 90' lang='lat' dir='ltr'><strong>dat,</strong></span> <span class='ocrx_word' id='word_1_570' title='bbox 2109 3678 2376 3751; x_wconf 82' lang='lat' dir='ltr'><strong>rcquirit.</strong></span> <span class='ocrx_word' id='word_1_571' title='bbox 2412 3678 2572 3735; x_wconf 90' lang='lat' dir='ltr'><strong>Ovile</strong></span> <span class='ocrx_word' id='word_1_572' title='bbox 2616 3684 2819 3735; x_wconf 89' lang='lat' dir='ltr'><strong>autem</strong></span> <span class='ocrx_word' id='word_1_573' title='bbox 2849 3679 3061 3736; x_wconf 87' lang='lat' dir='ltr'><strong>Christi</strong></span> <span class='ocrx_word' id='word_1_574' title='bbox 3118 3679 3245 3736; x_wconf 89' lang='lat' dir='ltr'><strong>fore</strong></span> <span class='ocrx_word' id='word_1_575' title='bbox 3285 3680 3605 3751; x_wconf 90' lang='lat' dir='ltr'><strong>collegium</strong></span> 
     </span>
    </p>
   </div>
   <div class='ocr_carea' id='block_1_85' title="bbox 1941 3767 3606 3840">
    <p class='ocr_par' dir='ltr' id='par_1_85' title="bbox 1941 3767 3606 3840">
     <span class='ocr_line' id='line_1_85' title="bbox 1941 3767 3606 3840; baseline 0.002 -18"><span class='ocrx_word' id='word_1_576' title='bbox 1941 3772 2222 3822; x_wconf 90' lang='lat' dir='ltr'><strong>sanctum</strong></span> <span class='ocrx_word' id='word_1_577' title='bbox 2253 3768 2714 3835; x_wconf 89' lang='lat' dir='ltr'><strong>monachorum,</strong></span> <span class='ocrx_word' id='word_1_578' title='bbox 2745 3767 2947 3822; x_wconf 92' lang='lat' dir='ltr'><strong>nullus</strong></span> <span class='ocrx_word' id='word_1_579' title='bbox 2989 3767 3378 3840; x_wconf 90' lang='lat' dir='ltr'><strong>prudentium</strong></span> <span class='ocrx_word' id='word_1_580' title='bbox 3431 3769 3606 3825; x_wconf 80' lang='lat' dir='ltr'><strong>dubi-</strong></span> 
     </span>
    </p>
   </div>
   <div class='ocr_carea' id='block_1_86' title="bbox 1939 3855 3607 3929">
    <p class='ocr_par' dir='ltr' id='par_1_86' title="bbox 1939 3855 3607 3929">
     <span class='ocr_line' id='line_1_86' title="bbox 1939 3855 3607 3929; baseline 0.001 -17"><span class='ocrx_word' id='word_1_581' title='bbox 1939 3860 2040 3912; x_wconf 90' lang='lat' dir='ltr'><strong>tat.</strong></span> <span class='ocrx_word' id='word_1_582' title='bbox 2069 3856 2132 3910; x_wconf 88' lang='lat' dir='ltr'><strong>In</strong></span> <span class='ocrx_word' id='word_1_583' title='bbox 2155 3856 2270 3911; x_wconf 90' lang='lat' dir='ltr'><strong>hoc</strong></span> <span class='ocrx_word' id='word_1_584' title='bbox 2301 3855 2454 3911; x_wconf 90' lang='lat' dir='ltr'><strong>ovile</strong></span> <span class='ocrx_word' id='word_1_585' title='bbox 2475 3871 2582 3928; x_wconf 91' lang='lat' dir='ltr'><strong>per</strong></span> <span class='ocrx_word' id='word_1_586' title='bbox 2610 3855 2831 3911; x_wconf 92' lang='lat' dir='ltr'><strong>ostium</strong></span> <span class='ocrx_word' id='word_1_587' title='bbox 2852 3855 3204 3925; x_wconf 87' lang='lat' dir='ltr'><strong>ingreditur,</strong></span> <span class='ocrx_word' id='word_1_588' title='bbox 3227 3855 3477 3928; x_wconf 89' lang='lat' dir='ltr'><strong>quando</strong></span> <span class='ocrx_word' id='word_1_589' title='bbox 3496 3872 3607 3929; x_wconf 89' lang='lat' dir='ltr'><strong>per</strong></span> 
     </span>
    </p>
   </div>
   <div class='ocr_carea' id='block_1_87' title="bbox 1938 3943 3605 4013">
    <p class='ocr_par' dir='ltr' id='par_1_87' title="bbox 1938 3943 3605 4013">
     <span class='ocr_line' id='line_1_87' title="bbox 1938 3943 3605 4013; baseline 0.001 -14"><span class='ocrx_word' id='word_1_590' title='bbox 1938 3943 2239 4000; x_wconf 91' lang='lat' dir='ltr'><strong>electionis</strong></span> <span class='ocrx_word' id='word_1_591' title='bbox 2271 3943 2549 4000; x_wconf 87' lang='lat' dir='ltr'><strong>ordinem</strong></span> <span class='ocrx_word' id='word_1_592' title='bbox 2581 3943 2915 3999; x_wconf 92' lang='lat' dir='ltr'><strong>secundum</strong></span> <span class='ocrx_word' id='word_1_593' title='bbox 2950 3943 3289 4013; x_wconf 87' lang='lat' dir='ltr'><strong>regularem</strong></span> <span class='ocrx_word' id='word_1_594' title='bbox 3320 3945 3605 4001; x_wconf 86' lang='lat' dir='ltr'><strong>constitu-</strong></span> 
     </span>
    </p>
   </div>
   <div class='ocr_carea' id='block_1_88' title="bbox 1939 4029 3604 4106">
    <p class='ocr_par' dir='ltr' id='par_1_88' title="bbox 1939 4029 3604 4106">
     <span class='ocr_line' id='line_1_88' title="bbox 1939 4029 3604 4106; baseline 0.001 -18"><span class='ocrx_word' id='word_1_595' title='bbox 1939 4029 2161 4088; x_wconf 70' lang='lat' dir='ltr'><strong>tionem</strong></span> <span class='ocrx_word' id='word_1_596' title='bbox 2189 4032 2405 4105; x_wconf 91' lang='lat' dir='ltr'><strong>aliquis</strong></span> <span class='ocrx_word' id='word_1_597' title='bbox 2431 4031 2731 4104; x_wconf 88' lang='lat' dir='ltr'><strong>pastorale</strong></span> <span class='ocrx_word' id='word_1_598' title='bbox 2761 4031 3157 4087; x_wconf 89' lang='lat' dir='ltr'><strong>ministerium</strong></span> <span class='ocrx_word' id='word_1_599' title='bbox 3189 4032 3466 4088; x_wconf 90' lang='lat' dir='ltr'><strong>sortitur:</strong></span> <span class='ocrx_word' id='word_1_600' title='bbox 3499 4033 3604 4106; x_wconf 89' lang='lat' dir='ltr'><strong>qui</strong></span> 
     </span>
    </p>
   </div>
   <div class='ocr_carea' id='block_1_89' title="bbox 1937 4107 3604 4193">
    <p class='ocr_par' dir='ltr' id='par_1_89' title="bbox 1937 4107 3604 4193">
     <span class='ocr_line' id='line_1_89' title="bbox 1937 4107 3604 4193; baseline 0 -15"><span class='ocrx_word' id='word_1_601' title='bbox 1937 4139 2080 4178; x_wconf 89' lang='lat' dir='ltr'><strong>vero</strong></span> <span class='ocrx_word' id='word_1_602' title='bbox 2111 4122 2276 4192; x_wconf 87' lang='lat' dir='ltr'><strong>regia</strong></span> <span class='ocrx_word' id='word_1_603' title='bbox 2305 4107 2735 4177; x_wconf 84' lang='lat' dir='ltr'><strong>dominationis</strong></span> <span class='ocrx_word' id='word_1_604' title='bbox 2767 4125 3055 4193; x_wconf 89' lang='lat' dir='ltr'><strong>potestate</strong></span> <span class='ocrx_word' id='word_1_605' title='bbox 3077 4121 3374 4189; x_wconf 77' lang='lat' dir='ltr'><strong>suffultus,</strong></span> <span class='ocrx_word' id='word_1_606' title='bbox 3395 4126 3452 4178; x_wconf 92' lang='lat' dir='ltr'><strong>et</strong></span> <span class='ocrx_word' id='word_1_607' title='bbox 3478 4138 3604 4178; x_wconf 91' lang='lat' dir='ltr'><strong>non</strong></span> 
     </span>
    </p>
   </div>
   <div class='ocr_carea' id='block_1_90' title="bbox 1938 4209 3605 4283">
    <p class='ocr_par' dir='ltr' id='par_1_90' title="bbox 1938 4209 3605 4283">
     <span class='ocr_line' id='line_1_90' title="bbox 1938 4209 3605 4283; baseline 0.001 -17"><span class='ocrx_word' id='word_1_608' title='bbox 1938 4227 2044 4283; x_wconf 91' lang='lat' dir='ltr'><strong>per</strong></span> <span class='ocrx_word' id='word_1_609' title='bbox 2070 4211 2372 4266; x_wconf 86' lang='lat' dir='ltr'><strong>electionis</strong></span> <span class='ocrx_word' id='word_1_610' title='bbox 2403 4210 2658 4280; x_wconf 90' lang='lat' dir='ltr'><strong>gratiam</strong></span> <span class='ocrx_word' id='word_1_611' title='bbox 2710 4226 2889 4281; x_wconf 90' lang='lat' dir='ltr'><strong>super</strong></span> <span class='ocrx_word' id='word_1_612' title='bbox 2942 4209 3313 4266; x_wconf 91' lang='lat' dir='ltr'><strong>dominicum</strong></span> <span class='ocrx_word' id='word_1_613' title='bbox 3359 4225 3605 4281; x_wconf 85' lang='lat' dir='ltr'><strong>gregem</strong></span> 
     </span>
    </p>
   </div>
   <div class='ocr_carea' id='block_1_91' title="bbox 1937 4299 3606 4372">
    <p class='ocr_par' dir='ltr' id='par_1_91' title="bbox 1937 4299 3606 4372">
     <span class='ocr_line' id='line_1_91' title="bbox 1937 4299 3606 4372; baseline 0.001 -17"><span class='ocrx_word' id='word_1_614' title='bbox 1937 4300 2267 4372; x_wconf 90' lang='lat' dir='ltr'><strong>primatum</strong></span> <span class='ocrx_word' id='word_1_615' title='bbox 2304 4299 2531 4372; x_wconf 90' lang='lat' dir='ltr'><strong>arripit,</strong></span> <span class='ocrx_word' id='word_1_616' title='bbox 2564 4300 2660 4355; x_wconf 92' lang='lat' dir='ltr'><strong>hic</strong></span> <span class='ocrx_word' id='word_1_617' title='bbox 2701 4315 2825 4356; x_wconf 88' lang='lat' dir='ltr'><strong>non</strong></span> <span class='ocrx_word' id='word_1_618' title='bbox 2878 4305 3107 4372; x_wconf 87' lang='lat' dir='ltr'><strong>pastor,</strong></span> <span class='ocrx_word' id='word_1_619' title='bbox 3137 4300 3199 4356; x_wconf 94' lang='lat' dir='ltr'><strong>id</strong></span> <span class='ocrx_word' id='word_1_620' title='bbox 3232 4307 3321 4357; x_wconf 87' lang='lat' dir='ltr'><strong>est</strong></span> <span class='ocrx_word' id='word_1_621' title='bbox 3346 4300 3606 4357; x_wconf 85' lang='lat' dir='ltr'><strong>vicarius</strong></span> 
     </span>
    </p>
   </div>
   <div class='ocr_carea' id='block_1_92' title="bbox 1939 4387 3605 4458">
    <p class='ocr_par' dir='ltr' id='par_1_92' title="bbox 1939 4387 3605 4458">
     <span class='ocr_line' id='line_1_92' title="bbox 1939 4387 3605 4458; baseline 0.002 -16"><span class='ocrx_word' id='word_1_622' title='bbox 1939 4388 2171 4451; x_wconf 90' lang='lat' dir='ltr'><strong>Christi,</strong></span> <span class='ocrx_word' id='word_1_623' title='bbox 2209 4388 2314 4444; x_wconf 91' lang='lat' dir='ltr'><strong>sed</strong></span> <span class='ocrx_word' id='word_1_624' title='bbox 2346 4387 2440 4443; x_wconf 90' lang='lat' dir='ltr'><strong>fur</strong></span> <span class='ocrx_word' id='word_1_625' title='bbox 2469 4393 2526 4444; x_wconf 92' lang='lat' dir='ltr'><strong>et</strong></span> <span class='ocrx_word' id='word_1_626' title='bbox 2572 4389 2723 4445; x_wconf 90' lang='lat' dir='ltr'><strong>latro</strong></span> <span class='ocrx_word' id='word_1_627' title='bbox 2768 4405 2896 4444; x_wconf 91' lang='lat' dir='ltr'><strong>esse</strong></span> <span class='ocrx_word' id='word_1_628' title='bbox 2923 4390 3347 4458; x_wconf 90' lang='lat' dir='ltr'><strong>cognoscitur;</strong></span> <span class='ocrx_word' id='word_1_629' title='bbox 3382 4405 3492 4446; x_wconf 90' lang='lat' dir='ltr'><strong>nec</strong></span> <span class='ocrx_word' id='word_1_630' title='bbox 3542 4393 3605 4446; x_wconf 93' lang='lat' dir='ltr'><strong>ut</strong></span> 
     </span>
    </p>
   </div>
   <div class='ocr_carea' id='block_1_93' title="bbox 1937 4477 3605 4550">
    <p class='ocr_par' dir='ltr' id='par_1_93' title="bbox 1937 4477 3605 4550">
     <span class='ocr_line' id='line_1_93' title="bbox 1937 4477 3605 4550; baseline -0.001 -16"><span class='ocrx_word' id='word_1_631' title='bbox 1937 4478 2311 4534; x_wconf 90' lang='lat' dir='ltr'><strong>dominicum</strong></span> <span class='ocrx_word' id='word_1_632' title='bbox 2344 4494 2588 4549; x_wconf 90' lang='lat' dir='ltr'><strong>gregem</strong></span> <span class='ocrx_word' id='word_1_633' title='bbox 2612 4478 2931 4545; x_wconf 87' lang='lat' dir='ltr'><strong>custodiat,</strong></span> <span class='ocrx_word' id='word_1_634' title='bbox 2968 4479 3070 4534; x_wconf 91' lang='lat' dir='ltr'><strong>sed</strong></span> <span class='ocrx_word' id='word_1_635' title='bbox 3094 4482 3158 4534; x_wconf 91' lang='lat' dir='ltr'><strong>ut</strong></span> <span class='ocrx_word' id='word_1_636' title='bbox 3183 4478 3394 4550; x_wconf 90' lang='lat' dir='ltr'><strong>perdat</strong></span> <span class='ocrx_word' id='word_1_637' title='bbox 3413 4483 3470 4535; x_wconf 93' lang='lat' dir='ltr'><strong>et</strong></span> <span class='ocrx_word' id='word_1_638' title='bbox 3489 4477 3605 4534; x_wconf 84' lang='lat' dir='ltr'><strong>dis-</strong></span> 
     </span>
    </p>
   </div>
   <div class='ocr_carea' id='block_1_94' title="bbox 1939 4567 3604 4641">
    <p class='ocr_par' dir='ltr' id='par_1_94' title="bbox 1939 4567 3604 4641">
     <span class='ocr_line' id='line_1_94' title="bbox 1939 4567 3604 4641; baseline 0 -18"><span class='ocrx_word' id='word_1_639' title='bbox 1939 4569 2090 4641; x_wconf 89' lang='lat' dir='ltr'><strong>sipet</strong></span> <span class='ocrx_word' id='word_1_640' title='bbox 2117 4569 2334 4625; x_wconf 88' lang='lat' dir='ltr'><strong>intrare</strong></span> <span class='ocrx_word' id='word_1_641' title='bbox 2365 4568 2854 4641; x_wconf 88' lang='lat' dir='ltr'><strong>deprehenditur.</strong></span> <span class='ocrx_word' id='word_1_642' title='bbox 2887 4567 3052 4623; x_wconf 90' lang='lat' dir='ltr'><strong>Unde</strong></span> <span class='ocrx_word' id='word_1_643' title='bbox 3107 4567 3382 4640; x_wconf 91' lang='lat' dir='ltr'><strong>quisquis</strong></span> <span class='ocrx_word' id='word_1_644' title='bbox 3417 4568 3468 4622; x_wconf 92' lang='lat' dir='ltr'><strong>ei</strong></span> <span class='ocrx_word' id='word_1_645' title='bbox 3498 4583 3604 4640; x_wconf 87' lang='lat' dir='ltr'><strong>po-</strong></span> 
     </span>
    </p>
   </div>
   <div class='ocr_carea' id='block_1_95' title="bbox 135 4631 3604 4730">
    <p class='ocr_par' dir='ltr' id='par_1_95' title="bbox 135 4631 3604 4730">
     <span class='ocr_line' id='line_1_95' title="bbox 135 4631 3604 4730; baseline -0.001 -18"><span class='ocrx_word' id='word_1_646' title='bbox 135 4631 325 4712; x_wconf 73' lang='lat' dir='ltr'><strong>mulis</strong></span> <span class='ocrx_word' id='word_1_647' title='bbox 375 4631 587 4713; x_wconf 75' lang='lat' dir='ltr'><strong>Christi</strong></span> <span class='ocrx_word' id='word_1_648' title='bbox 619 4631 1021 4726; x_wconf 47' lang='lat' dir='ltr'><strong>eligendi-sibi</strong></span> <span class='ocrx_word' id='word_1_649' title='bbox 1051 4663 1359 4730; x_wconf 90' lang='lat' dir='ltr'><strong>pastorem</strong></span> <span class='ocrx_word' id='word_1_650' title='bbox 1404 4674 1526 4715; x_wconf 93' lang='lat' dir='ltr'><strong>non</strong></span> <span class='ocrx_word' id='word_1_651' title='bbox 1553 4631 1829 4719; x_wconf 68' lang='lat' dir='ltr'><strong>auferant</strong></span> <span class='ocrx_word' id='word_1_652' title='bbox 1857 4631 1903 4684; x_wconf 68' lang='grc' dir='ltr'><strong>Β</strong></span> <span class='ocrx_word' id='word_1_653' title='bbox 1938 4631 2165 4714; x_wconf 76' lang='lat' dir='ltr'><strong>testatis</strong></span> <span class='ocrx_word' id='word_1_654' title='bbox 2216 4658 2401 4728; x_wconf 90' lang='lat' dir='ltr'><strong>hujus</strong></span> <span class='ocrx_word' id='word_1_655' title='bbox 2446 4631 2666 4712; x_wconf 45' lang='lat' dir='ltr'><strong>.tribuit</strong></span> <span class='ocrx_word' id='word_1_656' title='bbox 2720 4631 3219 4722; x_wconf 71' lang='lat' dir='ltr'><strong>dominationem,</strong></span> <span class='ocrx_word' id='word_1_657' title='bbox 3266 4631 3359 4710; x_wconf 45' lang='lat' dir='ltr'><strong>.de</strong></span> <span class='ocrx_word' id='word_1_658' title='bbox 3411 4631 3604 4710; x_wconf 79' lang='lat' dir='ltr'><strong>morte</strong></span> 
     </span>
    </p>
   </div>
   <div class='ocr_carea' id='block_1_96' title="bbox 136 4745 1828 4820">
    <p class='ocr_par' dir='ltr' id='par_1_96' title="bbox 136 4745 1828 4820">
     <span class='ocr_line' id='line_1_96' title="bbox 136 4745 1828 4820; baseline 0.003 -18"><span class='ocrx_word' id='word_1_659' title='bbox 136 4745 504 4802; x_wconf 90' lang='lat' dir='ltr'><strong>libertatem.</strong></span> <span class='ocrx_word' id='word_1_660' title='bbox 543 4749 690 4802; x_wconf 86' lang='lat' dir='ltr'><strong>Nam</strong></span> <span class='ocrx_word' id='word_1_661' title='bbox 719 4747 856 4819; x_wconf 92' lang='lat' dir='ltr'><strong>quis</strong></span> <span class='ocrx_word' id='word_1_662' title='bbox 883 4747 1122 4817; x_wconf 88' lang='lat' dir='ltr'><strong>ignorat</strong></span> <span class='ocrx_word' id='word_1_663' title='bbox 1151 4748 1249 4803; x_wconf 90' lang='lat' dir='ltr'><strong>illa</strong></span> <span class='ocrx_word' id='word_1_664' title='bbox 1279 4764 1416 4820; x_wconf 77' lang='lat' dir='ltr'><strong>quae</strong></span> <span class='ocrx_word' id='word_1_665' title='bbox 1448 4749 1662 4806; x_wconf 89' lang='lat' dir='ltr'><strong>collata</strong></span> <span class='ocrx_word' id='word_1_666' title='bbox 1689 4767 1828 4819; x_wconf 74' lang='lat' dir='ltr'><strong>sunt</strong></span> 
     </span>
    </p>
   </div>
   <div class='ocr_carea' id='block_1_97' title="bbox 135 4834 1823 4910">
    <p class='ocr_par' dir='ltr' id='par_1_97' title="bbox 135 4834 1823 4910">
     <span class='ocr_line' id='line_1_97' title="bbox 135 4834 1823 4910; baseline 0.004 -20"><span class='ocrx_word' id='word_1_667' title='bbox 135 4835 266 4890; x_wconf 91' lang='lat' dir='ltr'><strong>Deo</strong></span> <span class='ocrx_word' id='word_1_668' title='bbox 281 4851 390 4907; x_wconf 90' lang='lat' dir='ltr'><strong>per</strong></span> <span class='ocrx_word' id='word_1_669' title='bbox 416 4834 690 4891; x_wconf 90' lang='lat' dir='ltr'><strong>ﬁdelium</strong></span> <span class='ocrx_word' id='word_1_670' title='bbox 714 4852 957 4906; x_wconf 89' lang='lat' dir='ltr'><strong>manus,</strong></span> <span class='ocrx_word' id='word_1_671' title='bbox 983 4836 1277 4892; x_wconf 85' lang='lat' dir='ltr'><strong>divinitati</strong></span> <span class='ocrx_word' id='word_1_672' title='bbox 1299 4839 1668 4910; x_wconf 89' lang='lat' dir='ltr'><strong>possidenda</strong></span> <span class='ocrx_word' id='word_1_673' title='bbox 1683 4857 1823 4896; x_wconf 85' lang='lat' dir='ltr'><strong>con-</strong></span> 
     </span>
    </p>
   </div>
   <div class='ocr_carea' id='block_1_98' title="bbox 134 4923 1820 4995">
    <p class='ocr_par' dir='ltr' id='par_1_98' title="bbox 134 4923 1820 4995">
     <span class='ocr_line' id='line_1_98' title="bbox 134 4923 1820 4995; baseline 0.004 -18"><span class='ocrx_word' id='word_1_674' title='bbox 134 4923 389 4992; x_wconf 90' lang='lat' dir='ltr'><strong>signari,</strong></span> <span class='ocrx_word' id='word_1_675' title='bbox 425 4927 483 4979; x_wconf 94' lang='lat' dir='ltr'><strong>et</strong></span> <span class='ocrx_word' id='word_1_676' title='bbox 537 4923 615 4978; x_wconf 92' lang='lat' dir='ltr'><strong>ab</strong></span> <span class='ocrx_word' id='word_1_677' title='bbox 644 4925 916 4980; x_wconf 91' lang='lat' dir='ltr'><strong>humano</strong></span> <span class='ocrx_word' id='word_1_678' title='bbox 943 4925 1078 4995; x_wconf 88' lang='lat' dir='ltr'><strong>jure</strong></span> <span class='ocrx_word' id='word_1_679' title='bbox 1107 4925 1169 4980; x_wconf 92' lang='lat' dir='ltr'><strong>in</strong></span> <span class='ocrx_word' id='word_1_680' title='bbox 1206 4926 1307 4995; x_wconf 90' lang='lat' dir='ltr'><strong>jus</strong></span> <span class='ocrx_word' id='word_1_681' title='bbox 1349 4926 1627 4983; x_wconf 90' lang='lat' dir='ltr'><strong>divinum</strong></span> <span class='ocrx_word' id='word_1_682' title='bbox 1679 4944 1820 4984; x_wconf 87' lang='lat' dir='ltr'><strong>con-</strong></span> 
     </span>
    </p>
   </div>
   <div class='ocr_carea' id='block_1_99' title="bbox 132 5011 1820 5087">
    <p class='ocr_par' dir='ltr' id='par_1_99' title="bbox 132 5011 1820 5087">
     <span class='ocr_line' id='line_1_99' title="bbox 132 5011 1820 5087; baseline 0.003 -20"><span class='ocrx_word' id='word_1_683' title='bbox 132 5011 293 5077; x_wconf 91' lang='lat' dir='ltr'><strong>cedi,</strong></span> <span class='ocrx_word' id='word_1_684' title='bbox 327 5027 435 5068; x_wconf 90' lang='lat' dir='ltr'><strong>nec</strong></span> <span class='ocrx_word' id='word_1_685' title='bbox 453 5011 635 5068; x_wconf 89' lang='lat' dir='ltr'><strong>etiam</strong></span> <span class='ocrx_word' id='word_1_686' title='bbox 656 5013 977 5068; x_wconf 91' lang='lat' dir='ltr'><strong>hominum</strong></span> <span class='ocrx_word' id='word_1_687' title='bbox 1009 5013 1407 5071; x_wconf 91' lang='lat' dir='ltr'><strong>dominationi</strong></span> <span class='ocrx_word' id='word_1_688' title='bbox 1428 5031 1606 5087; x_wconf 90' lang='lat' dir='ltr'><strong>posse</strong></span> <span class='ocrx_word' id='word_1_689' title='bbox 1628 5022 1820 5073; x_wconf 54' lang='lat' dir='ltr'><strong>trans:</strong></span> 
     </span>
    </p>
   </div>
   <div class='ocr_carea' id='block_1_100' title="bbox 132 5101 1818 5177">
    <p class='ocr_par' dir='ltr' id='par_1_100' title="bbox 132 5101 1818 5177">
     <span class='ocr_line' id='line_1_100' title="bbox 132 5101 1818 5177; baseline 0.002 -19"><span class='ocrx_word' id='word_1_690' title='bbox 132 5101 288 5158; x_wconf 89' lang='lat' dir='ltr'><strong>cribi</strong></span> <span class='ocrx_word' id='word_1_691' title='bbox 318 5101 488 5174; x_wconf 92' lang='lat' dir='ltr'><strong>quod</strong></span> <span class='ocrx_word' id='word_1_692' title='bbox 537 5107 774 5158; x_wconf 87' lang='lat' dir='ltr'><strong>constat</strong></span> <span class='ocrx_word' id='word_1_693' title='bbox 823 5103 1152 5159; x_wconf 88' lang='lat' dir='ltr'><strong>divinitatis</strong></span> <span class='ocrx_word' id='word_1_694' title='bbox 1192 5105 1580 5177; x_wconf 89' lang='lat' dir='ltr'><strong>possessione</strong></span> <span class='ocrx_word' id='word_1_695' title='bbox 1631 5107 1818 5162; x_wconf 89' lang='lat' dir='ltr'><strong>semel</strong></span> 
     </span>
    </p>
   </div>
   <div class='ocr_carea' id='block_1_101' title="bbox 131 5191 1818 5266">
    <p class='ocr_par' dir='ltr' id='par_1_101' title="bbox 131 5191 1818 5266">
     <span class='ocr_line' id='line_1_101' title="bbox 131 5191 1818 5266; baseline 0.003 -19"><span class='ocrx_word' id='word_1_696' title='bbox 131 5193 265 5247; x_wconf 84' lang='lat' dir='ltr'><strong>fore</strong></span> <span class='ocrx_word' id='word_1_697' title='bbox 296 5191 783 5248; x_wconf 85' lang='lat' dir='ltr'><strong>contradictum?</strong></span> <span class='ocrx_word' id='word_1_698' title='bbox 815 5193 979 5249; x_wconf 88' lang='lat' dir='ltr'><strong>Unde</strong></span> <span class='ocrx_word' id='word_1_699' title='bbox 1008 5194 1289 5266; x_wconf 89' lang='lat' dir='ltr'><strong>quisquis</strong></span> <span class='ocrx_word' id='word_1_700' title='bbox 1324 5210 1396 5250; x_wconf 91' lang='lat' dir='ltr'><strong>ea</strong></span> <span class='ocrx_word' id='word_1_701' title='bbox 1420 5195 1508 5249; x_wconf 93' lang='lat' dir='ltr'><strong>sui</strong></span> <span class='ocrx_word' id='word_1_702' title='bbox 1529 5195 1685 5264; x_wconf 89' lang='lat' dir='ltr'><strong>juris</strong></span> <span class='ocrx_word' id='word_1_703' title='bbox 1713 5196 1818 5252; x_wconf 89' lang='lat' dir='ltr'><strong>do-</strong></span> 
     </span>
    </p>
   </div>
   <div class='ocr_carea' id='block_1_102' title="bbox 130 5279 1816 5353">
    <p class='ocr_par' dir='ltr' id='par_1_102' title="bbox 130 5279 1816 5353">
     <span class='ocr_line' id='line_1_102' title="bbox 130 5279 1816 5353; baseline 0.002 -17"><span class='ocrx_word' id='word_1_704' title='bbox 130 5279 455 5336; x_wconf 90' lang='lat' dir='ltr'><strong>minationi</strong></span> <span class='ocrx_word' id='word_1_705' title='bbox 484 5283 739 5336; x_wconf 89' lang='lat' dir='ltr'><strong>conatur</strong></span> <span class='ocrx_word' id='word_1_706' title='bbox 767 5281 1311 5352; x_wconf 90' lang='lat' dir='ltr'><strong>adjungi,alterius,</strong></span> <span class='ocrx_word' id='word_1_707' title='bbox 1343 5281 1404 5337; x_wconf 92' lang='lat' dir='ltr'><strong>id</strong></span> <span class='ocrx_word' id='word_1_708' title='bbox 1434 5287 1525 5337; x_wconf 88' lang='lat' dir='ltr'><strong>est</strong></span> <span class='ocrx_word' id='word_1_709' title='bbox 1548 5283 1647 5338; x_wconf 91' lang='lat' dir='ltr'><strong>Dei</strong></span> <span class='ocrx_word' id='word_1_710' title='bbox 1665 5283 1816 5353; x_wconf 90' lang='lat' dir='ltr'><strong>juris</strong></span> 
     </span>
    </p>
   </div>
   <div class='ocr_carea' id='block_1_103' title="bbox 129 5370 1816 5444">
    <p class='ocr_par' dir='ltr' id='par_1_103' title="bbox 129 5370 1816 5444">
     <span class='ocr_line' id='line_1_103' title="bbox 129 5370 1816 5444; baseline 0.001 -18"><span class='ocrx_word' id='word_1_711' title='bbox 129 5384 527 5444; x_wconf 87' lang='lat' dir='ltr'><strong>pervasorem</strong></span> <span class='ocrx_word' id='word_1_712' title='bbox 577 5373 808 5425; x_wconf 91' lang='lat' dir='ltr'><strong>certum</strong></span> <span class='ocrx_word' id='word_1_713' title='bbox 839 5375 927 5426; x_wconf 89' lang='lat' dir='ltr'><strong>est</strong></span> <span class='ocrx_word' id='word_1_714' title='bbox 973 5370 1098 5426; x_wconf 90' lang='lat' dir='ltr'><strong>fore</strong></span> <span class='ocrx_word' id='word_1_715' title='bbox 1129 5387 1290 5426; x_wconf 92' lang='lat' dir='ltr'><strong>eum.</strong></span> <span class='ocrx_word' id='word_1_716' title='bbox 1324 5371 1553 5426; x_wconf 90' lang='lat' dir='ltr'><strong>Etenim</strong></span> <span class='ocrx_word' id='word_1_717' title='bbox 1586 5372 1634 5426; x_wconf 92' lang='lat' dir='ltr'>si</span> <span class='ocrx_word' id='word_1_718' title='bbox 1679 5373 1816 5444; x_wconf 68' lang='lat' dir='ltr'><strong>quis</strong></span> 
     </span>
    </p>
   </div>
   <div class='ocr_carea' id='block_1_104' title="bbox 131 5457 1814 5531">
    <p class='ocr_par' dir='ltr' id='par_1_104' title="bbox 131 5457 1814 5531">
     <span class='ocr_line' id='line_1_104' title="bbox 131 5457 1814 5531; baseline 0.002 -16"><span class='ocrx_word' id='word_1_719' title='bbox 131 5459 393 5529; x_wconf 81' lang='lat' dir='ltr'><strong>alicujus</strong></span> <span class='ocrx_word' id='word_1_720' title='bbox 424 5457 688 5514; x_wconf 92' lang='lat' dir='ltr'><strong>hominis</strong></span> <span class='ocrx_word' id='word_1_721' title='bbox 719 5459 1173 5530; x_wconf 88' lang='lat' dir='ltr'><strong>possessionem</strong></span> <span class='ocrx_word' id='word_1_722' title='bbox 1207 5475 1314 5531; x_wconf 92' lang='lat' dir='ltr'><strong>per</strong></span> <span class='ocrx_word' id='word_1_723' title='bbox 1337 5458 1678 5515; x_wconf 89' lang='lat' dir='ltr'><strong>violentiam</strong></span> <span class='ocrx_word' id='word_1_724' title='bbox 1703 5459 1814 5518; x_wconf 91' lang='lat' dir='ltr'><strong>sibi</strong></span> 
     </span>
    </p>
   </div>
   <div class='ocr_carea' id='block_1_105' title="bbox 132 5546 1814 5621">
    <p class='ocr_par' dir='ltr' id='par_1_105' title="bbox 132 5546 1814 5621">
     <span class='ocr_line' id='line_1_105' title="bbox 132 5546 1814 5621; baseline 0.001 -17"><span class='ocrx_word' id='word_1_725' title='bbox 132 5553 388 5604; x_wconf 89' lang='lat' dir='ltr'><strong>conatus</strong></span> <span class='ocrx_word' id='word_1_726' title='bbox 408 5546 586 5603; x_wconf 87' lang='lat' dir='ltr'><strong>fuerit</strong></span> <span class='ocrx_word' id='word_1_727' title='bbox 611 5563 928 5620; x_wconf 88' lang='lat' dir='ltr'><strong>usurpare,</strong></span> <span class='ocrx_word' id='word_1_728' title='bbox 960 5564 1098 5604; x_wconf 90' lang='lat' dir='ltr'><strong>reus</strong></span> <span class='ocrx_word' id='word_1_729' title='bbox 1127 5548 1354 5621; x_wconf 87' lang='lat' dir='ltr'><strong>publici</strong></span> <span class='ocrx_word' id='word_1_730' title='bbox 1379 5549 1531 5618; x_wconf 82' lang='lat' dir='ltr'><strong>juris</strong></span> <span class='ocrx_word' id='word_1_731' title='bbox 1561 5547 1814 5605; x_wconf 77' lang='lat' dir='ltr'><strong>efﬁcitur</strong></span> 
     </span>
    </p>
   </div>
   <div class='ocr_carea' id='block_1_106' title="bbox 133 5637 1811 5710">
    <p class='ocr_par' dir='ltr' id='par_1_106' title="bbox 133 5637 1811 5710">
     <span class='ocr_line' id='line_1_106' title="bbox 133 5637 1811 5710; baseline -0.001 -14"><span class='ocrx_word' id='word_1_732' title='bbox 133 5644 192 5696; x_wconf 91' lang='lat' dir='ltr'><strong>et</strong></span> <span class='ocrx_word' id='word_1_733' title='bbox 223 5643 520 5710; x_wconf 88' lang='lat' dir='ltr'><strong>tanquam</strong></span> <span class='ocrx_word' id='word_1_734' title='bbox 559 5641 766 5708; x_wconf 90' lang='lat' dir='ltr'><strong>raptor</strong></span> <span class='ocrx_word' id='word_1_735' title='bbox 795 5641 853 5692; x_wconf 88' lang='lat' dir='ltr'><strong>et</strong></span> <span class='ocrx_word' id='word_1_736' title='bbox 875 5653 1161 5709; x_wconf 81' lang='lat' dir='ltr'><strong>pervasor</strong></span> <span class='ocrx_word' id='word_1_737' title='bbox 1207 5637 1570 5694; x_wconf 62' lang='lat' dir='ltr'><strong>heereditatis</strong></span> <span class='ocrx_word' id='word_1_738' title='bbox 1602 5638 1811 5694; x_wconf 63' lang='lat' dir='ltr'><strong>alienae</strong></span> 
     </span>
    </p>
   </div>
   <div class='ocr_carea' id='block_1_107' title="bbox 132 5725 1810 5798">
    <p class='ocr_par' dir='ltr' id='par_1_107' title="bbox 132 5725 1810 5798">
     <span class='ocr_line' id='line_1_107' title="bbox 132 5725 1810 5798; baseline 0 -15"><span class='ocrx_word' id='word_1_739' title='bbox 132 5726 312 5795; x_wconf 88' lang='lat' dir='ltr'><strong>legali</strong></span> <span class='ocrx_word' id='word_1_740' title='bbox 364 5725 595 5798; x_wconf 89' lang='lat' dir='ltr'><strong>judicio</strong></span> <span class='ocrx_word' id='word_1_741' title='bbox 645 5725 992 5797; x_wconf 87' lang='lat' dir='ltr'><strong>puniendus</strong></span> <span class='ocrx_word' id='word_1_742' title='bbox 1042 5727 1334 5797; x_wconf 83' lang='lat' dir='ltr'><strong>sujicitur.</strong></span> <span class='ocrx_word' id='word_1_743' title='bbox 1392 5727 1568 5784; x_wconf 85' lang='lat' dir='ltr'><strong>Multo</strong></span> <span class='ocrx_word' id='word_1_744' title='bbox 1617 5727 1810 5798; x_wconf 88' lang='lat' dir='ltr'><strong>magis</strong></span> 
     </span>
    </p>
   </div>
   <div class='ocr_carea' id='block_1_108' title="bbox 134 5814 1810 5887">
    <p class='ocr_par' dir='ltr' id='par_1_108' title="bbox 134 5814 1810 5887">
     <span class='ocr_line' id='line_1_108' title="bbox 134 5814 1810 5887; baseline 0.001 -16"><span class='ocrx_word' id='word_1_745' title='bbox 134 5816 314 5887; x_wconf 87' lang='lat' dir='ltr'><strong>igitur</strong></span> <span class='ocrx_word' id='word_1_746' title='bbox 364 5814 718 5887; x_wconf 87' lang='lat' dir='ltr'><strong>quicunque</strong></span> <span class='ocrx_word' id='word_1_747' title='bbox 762 5829 857 5869; x_wconf 91' lang='lat' dir='ltr'><strong>res</strong></span> <span class='ocrx_word' id='word_1_748' title='bbox 890 5817 1007 5870; x_wconf 90' lang='lat' dir='ltr'><strong>Deo</strong></span> <span class='ocrx_word' id='word_1_749' title='bbox 1053 5821 1431 5872; x_wconf 86' lang='lat' dir='ltr'><strong>consecratas</strong></span> <span class='ocrx_word' id='word_1_750' title='bbox 1461 5816 1521 5871; x_wconf 91' lang='lat' dir='ltr'><strong>in</strong></span> <span class='ocrx_word' id='word_1_751' title='bbox 1556 5816 1656 5887; x_wconf 90' lang='lat' dir='ltr'><strong>jus</strong></span> <span class='ocrx_word' id='word_1_752' title='bbox 1685 5833 1810 5872; x_wconf 77' lang='lat' dir='ltr'><strong>suae</strong></span> 
     </span>
    </p>
   </div>
   <div class='ocr_carea' id='block_1_109' title="bbox 135 5902 1792 5978">
    <p class='ocr_par' dir='ltr' id='par_1_109' title="bbox 135 5902 1792 5978">
     <span class='ocr_line' id='line_1_109' title="bbox 135 5902 1792 5978; baseline 0.001 -15"><span class='ocrx_word' id='word_1_753' title='bbox 135 5904 540 5978; x_wconf 86' lang='lat' dir='ltr'><strong>possessionis</strong></span> <span class='ocrx_word' id='word_1_754' title='bbox 593 5902 1010 5974; x_wconf 75' lang='lat' dir='ltr'><strong>transfuderit,</strong></span> <span class='ocrx_word' id='word_1_755' title='bbox 1068 5920 1192 5962; x_wconf 91' lang='lat' dir='ltr'><strong>non</strong></span> <span class='ocrx_word' id='word_1_756' title='bbox 1240 5905 1493 5965; x_wconf 88' lang='lat' dir='ltr'><strong>humani</strong></span> <span class='ocrx_word' id='word_1_757' title='bbox 1558 5911 1792 5966; x_wconf 89' lang='lat' dir='ltr'><strong>tantum</strong></span> 
     </span>
    </p>
   </div>
   <div class='ocr_carea' id='block_1_110' title="bbox 1937 4743 3601 4814">
    <p class='ocr_par' dir='ltr' id='par_1_110' title="bbox 1937 4743 3601 4814">
     <span class='ocr_line' id='line_1_110' title="bbox 1937 4743 3601 4814; baseline -0.003 -12"><span class='ocrx_word' id='word_1_758' title='bbox 1937 4752 2242 4803; x_wconf 89' lang='lat' dir='ltr'><strong>tantarum</strong></span> <span class='ocrx_word' id='word_1_759' title='bbox 2265 4747 2608 4801; x_wconf 90' lang='lat' dir='ltr'><strong>animarum</strong></span> <span class='ocrx_word' id='word_1_760' title='bbox 2637 4745 2696 4799; x_wconf 93' lang='lat' dir='ltr'><strong>in</strong></span> <span class='ocrx_word' id='word_1_761' title='bbox 2715 4744 2810 4799; x_wconf 91' lang='lat' dir='ltr'><strong>die</strong></span> <span class='ocrx_word' id='word_1_762' title='bbox 2827 4745 3035 4814; x_wconf 85' lang='lat' dir='ltr'><strong>judicii</strong></span> <span class='ocrx_word' id='word_1_763' title='bbox 3058 4759 3194 4798; x_wconf 91' lang='lat' dir='ltr'><strong>reus</strong></span> <span class='ocrx_word' id='word_1_764' title='bbox 3211 4743 3601 4814; x_wconf 88' lang='lat' dir='ltr'><strong>judicabitur,</strong></span> 
     </span>
    </p>
   </div>
   <div class='ocr_carea' id='block_1_111' title="bbox 1933 4830 3605 4907">
    <p class='ocr_par' dir='ltr' id='par_1_111' title="bbox 1933 4830 3605 4907">
     <span class='ocr_line' id='line_1_111' title="bbox 1933 4830 3605 4907; baseline -0.003 -16"><span class='ocrx_word' id='word_1_765' title='bbox 1933 4835 2175 4907; x_wconf 87' lang='lat' dir='ltr'><strong>quantis</strong></span> <span class='ocrx_word' id='word_1_766' title='bbox 2205 4834 2301 4890; x_wconf 92' lang='lat' dir='ltr'><strong>hic</strong></span> <span class='ocrx_word' id='word_1_767' title='bbox 2329 4849 2436 4906; x_wconf 91' lang='lat' dir='ltr'><strong>per</strong></span> <span class='ocrx_word' id='word_1_768' title='bbox 2459 4832 2766 4905; x_wconf 88' lang='lat' dir='ltr'><strong>pravitatis</strong></span> <span class='ocrx_word' id='word_1_769' title='bbox 2799 4831 3077 4904; x_wconf 84' lang='lat' dir='ltr'><strong>exempla</strong></span> <span class='ocrx_word' id='word_1_770' title='bbox 3106 4847 3290 4886; x_wconf 90' lang='lat' dir='ltr'><strong>causa</strong></span> <span class='ocrx_word' id='word_1_771' title='bbox 3326 4830 3436 4886; x_wconf 89' lang='lat' dir='ltr'><strong>fuit</strong></span> <span class='ocrx_word' id='word_1_772' title='bbox 3472 4846 3605 4902; x_wconf 89' lang='lat' dir='ltr'><strong>per-</strong></span> 
     </span>
    </p>
   </div>
   <div class='ocr_carea' id='block_1_112' title="bbox 1932 4924 2193 4981">
    <p class='ocr_par' dir='ltr' id='par_1_112' title="bbox 1932 4924 2193 4981">
     <span class='ocr_line' id='line_1_112' title="bbox 1932 4924 2193 4981; baseline -0.008 0"><span class='ocrx_word' id='word_1_773' title='bbox 1932 4924 2193 4981; x_wconf 90' lang='lat' dir='ltr'><strong>ditionis.</strong></span> 
     </span>
    </p>
   </div>
   <div class='ocr_carea' id='block_1_113' title="bbox 2004 5009 3604 5084">
    <p class='ocr_par' dir='ltr' id='par_1_113' title="bbox 2004 5009 3604 5084">
     <span class='ocr_line' id='line_1_113' title="bbox 2004 5009 3604 5084; baseline -0.002 -15"><span class='ocrx_word' id='word_1_774' title='bbox 2004 5015 2133 5079; x_wconf 89' lang='lat' dir='ltr'><strong>Qua</strong></span> <span class='ocrx_word' id='word_1_775' title='bbox 2150 5013 2224 5069; x_wconf 92' lang='lat' dir='ltr'><strong>de</strong></span> <span class='ocrx_word' id='word_1_776' title='bbox 2254 5028 2336 5078; x_wconf 91' lang='lat' dir='ltr'><strong>re,</strong></span> <span class='ocrx_word' id='word_1_777' title='bbox 2355 5011 2595 5083; x_wconf 91' lang='lat' dir='ltr'><strong>gloriosi</strong></span> <span class='ocrx_word' id='word_1_778' title='bbox 2612 5009 2914 5084; x_wconf 88' lang='lat' dir='ltr'><strong>principes</strong></span> <span class='ocrx_word' id='word_1_779' title='bbox 2943 5009 3309 5066; x_wconf 88' lang='lat' dir='ltr'><strong>monasterio</strong></span> <span class='ocrx_word' id='word_1_780' title='bbox 3329 5009 3469 5066; x_wconf 92' lang='lat' dir='ltr'><strong>huic</strong></span> <span class='ocrx_word' id='word_1_781' title='bbox 3489 5009 3604 5066; x_wconf 88' lang='lat' dir='ltr'><strong>ele-</strong></span> 
     </span>
    </p>
   </div>
   <div class='ocr_carea' id='block_1_114' title="bbox 1929 5097 3604 5174">
    <p class='ocr_par' dir='ltr' id='par_1_114' title="bbox 1929 5097 3604 5174">
     <span class='ocr_line' id='line_1_114' title="bbox 1929 5097 3604 5174; baseline -0.001 -16"><span class='ocrx_word' id='word_1_782' title='bbox 1929 5102 2140 5158; x_wconf 92' lang='lat' dir='ltr'><strong>ctionis</strong></span> <span class='ocrx_word' id='word_1_783' title='bbox 2162 5101 2624 5173; x_wconf 54' lang='lat' dir='ltr'><strong>praerogativam</strong></span> <span class='ocrx_word' id='word_1_784' title='bbox 2643 5097 3172 5171; x_wconf 89' lang='lat' dir='ltr'><strong>concedite,neque</strong></span> <span class='ocrx_word' id='word_1_785' title='bbox 3186 5099 3454 5173; x_wconf 87' lang='lat' dir='ltr'><strong>aliquam</strong></span> <span class='ocrx_word' id='word_1_786' title='bbox 3475 5116 3604 5174; x_wconf 69' lang='lat' dir='ltr'><strong>per“</strong></span> 
     </span>
    </p>
   </div>
   <div class='ocr_carea' id='block_1_115' title="bbox 1930 5189 3600 5262">
    <p class='ocr_par' dir='ltr' id='par_1_115' title="bbox 1930 5189 3600 5262">
     <span class='ocr_line' id='line_1_115' title="bbox 1930 5189 3600 5262; baseline 0 -16"><span class='ocrx_word' id='word_1_787' title='bbox 1930 5207 2143 5246; x_wconf 90' lang='lat' dir='ltr'><strong>sonam</strong></span> <span class='ocrx_word' id='word_1_788' title='bbox 2189 5195 2292 5246; x_wconf 89' lang='lat' dir='ltr'><strong>aut</strong></span> <span class='ocrx_word' id='word_1_789' title='bbox 2347 5189 2565 5244; x_wconf 88' lang='lat' dir='ltr'><strong>laicam</strong></span> <span class='ocrx_word' id='word_1_790' title='bbox 2629 5193 2733 5244; x_wconf 87' lang='lat' dir='ltr'><strong>aut</strong></span> <span class='ocrx_word' id='word_1_791' title='bbox 2764 5189 3144 5257; x_wconf 89' lang='lat' dir='ltr'><strong>canonicam,</strong></span> <span class='ocrx_word' id='word_1_792' title='bbox 3173 5189 3340 5262; x_wconf 91' lang='lat' dir='ltr'><strong>quod</strong></span> <span class='ocrx_word' id='word_1_793' title='bbox 3391 5195 3600 5246; x_wconf 89' lang='lat' dir='ltr'><strong>contra</strong></span> 
     </span>
    </p>
   </div>
   <div class='ocr_carea' id='block_1_116' title="bbox 1926 5278 3604 5350">
    <p class='ocr_par' dir='ltr' id='par_1_116' title="bbox 1926 5278 3604 5350">
     <span class='ocr_line' id='line_1_116' title="bbox 1926 5278 3604 5350; baseline -0.002 -14"><span class='ocrx_word' id='word_1_794' title='bbox 1926 5296 2171 5337; x_wconf 91' lang='lat' dir='ltr'><strong>omnem</strong></span> <span class='ocrx_word' id='word_1_795' title='bbox 2193 5278 2657 5336; x_wconf 88' lang='lat' dir='ltr'><strong>ecclesiasticum</strong></span> <span class='ocrx_word' id='word_1_796' title='bbox 2685 5279 2959 5335; x_wconf 89' lang='lat' dir='ltr'><strong>ordinem</strong></span> <span class='ocrx_word' id='word_1_797' title='bbox 2985 5283 3096 5350; x_wconf 89' lang='lat' dir='ltr'><strong>est,</strong></span> <span class='ocrx_word' id='word_1_798' title='bbox 3126 5285 3231 5334; x_wconf 92' lang='lat' dir='ltr'><strong>aut</strong></span> <span class='ocrx_word' id='word_1_799' title='bbox 3258 5279 3441 5335; x_wconf 90' lang='lat' dir='ltr'><strong>etiam</strong></span> <span class='ocrx_word' id='word_1_800' title='bbox 3476 5293 3604 5333; x_wconf 85' lang='lat' dir='ltr'><strong>mo-</strong></span> 
     </span>
    </p>
   </div>
   <div class='ocr_carea' id='block_1_117' title="bbox 1924 5367 3599 5437">
    <p class='ocr_par' dir='ltr' id='par_1_117' title="bbox 1924 5367 3599 5437">
     <span class='ocr_line' id='line_1_117' title="bbox 1924 5367 3599 5437; baseline -0.001 -11"><span class='ocrx_word' id='word_1_801' title='bbox 1924 5371 2190 5426; x_wconf 89' lang='lat' dir='ltr'><strong>nachum</strong></span> <span class='ocrx_word' id='word_1_802' title='bbox 2236 5385 2309 5425; x_wconf 86' lang='lat' dir='ltr'><strong>ex</strong></span> <span class='ocrx_word' id='word_1_803' title='bbox 2339 5369 2456 5424; x_wconf 89' lang='lat' dir='ltr'><strong>alio</strong></span> <span class='ocrx_word' id='word_1_804' title='bbox 2511 5369 2899 5437; x_wconf 89' lang='lat' dir='ltr'><strong>monasterio,</strong></span> <span class='ocrx_word' id='word_1_805' title='bbox 2933 5368 3026 5424; x_wconf 91' lang='lat' dir='ltr'><strong>vel</strong></span> <span class='ocrx_word' id='word_1_806' title='bbox 3082 5385 3205 5424; x_wconf 92' lang='lat' dir='ltr'><strong>non</strong></span> <span class='ocrx_word' id='word_1_807' title='bbox 3256 5367 3599 5424; x_wconf 90' lang='lat' dir='ltr'><strong>secundum</strong></span> 
     </span>
    </p>
   </div>
   <div class='ocr_carea' id='block_1_118' title="bbox 1923 5455 3604 5530">
    <p class='ocr_par' dir='ltr' id='par_1_118' title="bbox 1923 5455 3604 5530">
     <span class='ocr_line' id='line_1_118' title="bbox 1923 5455 3604 5530; baseline -0.002 -16"><span class='ocrx_word' id='word_1_808' title='bbox 1923 5459 2195 5528; x_wconf 91' lang='lat' dir='ltr'><strong>regulam</strong></span> <span class='ocrx_word' id='word_1_809' title='bbox 2217 5459 2492 5520; x_wconf 91' lang='lat' dir='ltr'><strong>electum,</strong></span> <span class='ocrx_word' id='word_1_810' title='bbox 2528 5473 2711 5530; x_wconf 88' lang='lat' dir='ltr'><strong>super</strong></span> <span class='ocrx_word' id='word_1_811' title='bbox 2741 5457 2888 5512; x_wconf 83' lang='lat' dir='ltr'><strong>illud</strong></span> <span class='ocrx_word' id='word_1_812' title='bbox 2917 5456 3102 5526; x_wconf 88' lang='lat' dir='ltr'><strong>regali</strong></span> <span class='ocrx_word' id='word_1_813' title='bbox 3144 5455 3412 5528; x_wconf 88' lang='lat' dir='ltr'><strong>potentia</strong></span> <span class='ocrx_word' id='word_1_814' title='bbox 3462 5471 3604 5512; x_wconf 88' lang='lat' dir='ltr'><strong>con-</strong></span> 
     </span>
    </p>
   </div>
   <div class='ocr_carea' id='block_1_119' title="bbox 1924 5546 3601 5618">
    <p class='ocr_par' dir='ltr' id='par_1_119' title="bbox 1924 5546 3601 5618">
     <span class='ocr_line' id='line_1_119' title="bbox 1924 5546 3601 5618; baseline -0.001 -14"><span class='ocrx_word' id='word_1_815' title='bbox 1924 5549 2196 5615; x_wconf 88' lang='lat' dir='ltr'><strong>stituatis,</strong></span> <span class='ocrx_word' id='word_1_816' title='bbox 2232 5564 2306 5603; x_wconf 93' lang='lat' dir='ltr'><strong>ne</strong></span> <span class='ocrx_word' id='word_1_817' title='bbox 2333 5548 2554 5603; x_wconf 91' lang='lat' dir='ltr'><strong>domus</strong></span> <span class='ocrx_word' id='word_1_818' title='bbox 2585 5547 2705 5615; x_wconf 89' lang='lat' dir='ltr'><strong>Dei,</strong></span> <span class='ocrx_word' id='word_1_819' title='bbox 2738 5563 2869 5618; x_wconf 69' lang='lat' dir='ltr'><strong>quae</strong></span> <span class='ocrx_word' id='word_1_820' title='bbox 2900 5548 3109 5602; x_wconf 87' lang='lat' dir='ltr'><strong>domus</strong></span> <span class='ocrx_word' id='word_1_821' title='bbox 3144 5546 3435 5602; x_wconf 87' lang='lat' dir='ltr'><strong>orationis</strong></span> <span class='ocrx_word' id='word_1_822' title='bbox 3479 5561 3601 5602; x_wconf 87' lang='lat' dir='ltr'><strong>esse</strong></span> 
     </span>
    </p>
   </div>
   <div class='ocr_carea' id='block_1_120' title="bbox 1922 5637 3586 5708">
    <p class='ocr_par' dir='ltr' id='par_1_120' title="bbox 1922 5637 3586 5708">
     <span class='ocr_line' id='line_1_120' title="bbox 1922 5637 3586 5708; baseline -0.001 -14"><span class='ocrx_word' id='word_1_823' title='bbox 1922 5638 2108 5703; x_wconf 80' lang='lat' dir='ltr'><strong>debet,</strong></span> <span class='ocrx_word' id='word_1_824' title='bbox 2133 5654 2240 5708; x_wconf 90' lang='lat' dir='ltr'><strong>per</strong></span> <span class='ocrx_word' id='word_1_825' title='bbox 2270 5654 2375 5694; x_wconf 89' lang='lat' dir='ltr'><strong>vos</strong></span> <span class='ocrx_word' id='word_1_826' title='bbox 2400 5639 2510 5706; x_wconf 83' lang='lat' dir='ltr'><strong>ﬁat</strong></span> <span class='ocrx_word' id='word_1_827' title='bbox 2532 5639 2819 5706; x_wconf 74' lang='lat' dir='ltr'><strong>spelunca</strong></span> <span class='ocrx_word' id='word_1_828' title='bbox 2854 5638 3391 5708; x_wconf 85' lang='lat' dir='ltr'><strong>latronum.Neque</strong></span> <span class='ocrx_word' id='word_1_829' title='bbox 3421 5637 3586 5692; x_wconf 92' lang='lat' dir='ltr'><strong>enim</strong></span> 
     </span>
    </p>
   </div>
   <div class='ocr_carea' id='block_1_121' title="bbox 1920 5725 3590 5800">
    <p class='ocr_par' dir='ltr' id='par_1_121' title="bbox 1920 5725 3590 5800">
     <span class='ocr_line' id='line_1_121' title="bbox 1920 5725 3590 5800; baseline -0.002 -18"><span class='ocrx_word' id='word_1_830' title='bbox 1920 5727 2209 5797; x_wconf 90' lang='lat' dir='ltr'><strong>ignoratis</strong></span> <span class='ocrx_word' id='word_1_831' title='bbox 2258 5727 2607 5798; x_wconf 85' lang='lat' dir='ltr'><strong>hujusmodi</strong></span> <span class='ocrx_word' id='word_1_832' title='bbox 2645 5726 2924 5800; x_wconf 65' lang='lat' dir='ltr'><strong>praelatos</strong></span> <span class='ocrx_word' id='word_1_833' title='bbox 2955 5729 3012 5780; x_wconf 91' lang='lat' dir='ltr'><strong>et</strong></span> <span class='ocrx_word' id='word_1_834' title='bbox 3054 5731 3330 5780; x_wconf 89' lang='lat' dir='ltr'><strong>auctores</strong></span> <span class='ocrx_word' id='word_1_835' title='bbox 3381 5725 3590 5795; x_wconf 89' lang='lat' dir='ltr'><strong>hujus-</strong></span> 
     </span>
    </p>
   </div>
   <div class='ocr_carea' id='block_1_122' title="bbox 1928 5814 3599 5887">
    <p class='ocr_par' dir='ltr' id='par_1_122' title="bbox 1928 5814 3599 5887">
     <span class='ocr_line' id='line_1_122' title="bbox 1928 5814 3599 5887; baseline -0.002 -15"><span class='ocrx_word' id='word_1_836' title='bbox 1928 5814 2093 5872; x_wconf 89' lang='lat' dir='ltr'><strong>modi</strong></span> <span class='ocrx_word' id='word_1_837' title='bbox 2125 5815 2492 5887; x_wconf 76' lang='lat' dir='ltr'><strong>praelationis</strong></span> <span class='ocrx_word' id='word_1_838' title='bbox 2514 5831 2550 5870; x_wconf 90' lang='lat' dir='ltr'><strong>a</strong></span> <span class='ocrx_word' id='word_1_839' title='bbox 2577 5814 2762 5872; x_wconf 92' lang='lat' dir='ltr'><strong>domo</strong></span> <span class='ocrx_word' id='word_1_840' title='bbox 2794 5814 3138 5871; x_wconf 63' lang='lat' dir='ltr'><strong>{eternitatis</strong></span> <span class='ocrx_word' id='word_1_841' title='bbox 3160 5814 3366 5871; x_wconf 90' lang='lat' dir='ltr'><strong>divina</strong></span> <span class='ocrx_word' id='word_1_842' title='bbox 3389 5830 3599 5872; x_wconf 88' lang='lat' dir='ltr'><strong>censu-</strong></span> 
     </span>
    </p>
   </div>
   <div class='ocr_carea' id='block_1_123' title="bbox 1920 5904 3598 5980">
    <p class='ocr_par' dir='ltr' id='par_1_123' title="bbox 1920 5904 3598 5980">
     <span class='ocr_line' id='line_1_123' title="bbox 1920 5904 3598 5980; baseline -0.004 -16"><span class='ocrx_word' id='word_1_843' title='bbox 1920 5923 1989 5966; x_wconf 87' lang='lat' dir='ltr'><strong>ra</strong></span> <span class='ocrx_word' id='word_1_844' title='bbox 2023 5907 2460 5980; x_wconf 85' lang='lat' dir='ltr'><strong>exturbandos,</strong></span> <span class='ocrx_word' id='word_1_845' title='bbox 2491 5909 2548 5963; x_wconf 89' lang='lat' dir='ltr'><strong>et</strong></span> <span class='ocrx_word' id='word_1_846' title='bbox 2579 5906 2659 5964; x_wconf 89' lang='lat' dir='ltr'><strong>ad</strong></span> <span class='ocrx_word' id='word_1_847' title='bbox 2693 5905 2992 5979; x_wconf 88' lang='lat' dir='ltr'><strong>supplicia</strong></span> <span class='ocrx_word' id='word_1_848' title='bbox 3025 5904 3266 5964; x_wconf 88' lang='lat' dir='ltr'><strong>ultionis</strong></span> <span class='ocrx_word' id='word_1_849' title='bbox 3295 5909 3598 5978; x_wconf 77' lang='lat' dir='ltr'><strong>perpetuas</strong></span> 
     </span>
    </p>
   </div>
  </div>
