3968 6392
394 386 505 451 699

1512 386 1878 444 BENEDICTI
1917 386 1987 443 lll
2024 384 2294 451 ΗΟΙΛΝΙ
2330 385 2716 444 PONTIFICIS

3741 392 3858 451 700

390 507 819 580 deportandos.
854 510 1018 566 Unde
1052 525 1189 582 quae
1234 511 1525 568 sententia
1572 509 1985 567 damnationis
2021 525 2058 567 a
2087 512 2134 565 Α
2168 509 2537 566 monasterio
2569 511 2911 568 Corbeiensi
2940 510 3249 587 propellite
3288 527 3557 589 semper:
3588 512 3701 570 sed
3737 529 3858 571 nec

389 599 561 654 nobis
586 603 677 655 est
724 598 785 654 in
828 597 976 655 tales
1010 600 1364 663 exercenda,
1399 601 1516 657 nisi
1566 617 1754 675 quam
1806 600 2057 673 Spiritus

392 692 635 744 sanctus
691 703 793 745 ore
844 689 1196 765 prophetico
1252 690 1514 764 protulit,
1561 691 1797 747 dicens:
1846 691 2058 746 Omnes

388 777 690 847 principes
720 792 923 833 eorum
953 780 1061 848 qui
1086 780 1407 836 dixerunt:
1440 781 1845 837 Haereditate'
1876 778 2062 851 possi-

391 868 636 924 deamus
659 870 1074 927 sanctuarium
1103 871 1251 936 Dei;
1286 871 1444 929 Deus
1473 886 1815 940 meus,pone
1836 871 1971 926 illos
1992 874 2060 925 ut

390 964 605 1024 rotam,
636 962 692 1015 et
721 958 876 1014 sicut
906 959 1197 1028 stipulam
1236 965 1376 1017 ante
1404 961 1625 1031 faciem
1667 961 1862 1016 venti:
1902 961 2054 1017 sicut

389 1046 543 1120 ignis
573 1047 680 1121 qui
698 1045 990 1103 comburit
1018 1048 1259 1117 silvam,
1295 1054 1347 1105 et
1371 1049 1525 1104 sicut
1546 1049 1795 1121 ﬂamma
1818 1047 2055 1105 combu-

387 1151 530 1192 rens
558 1142 802 1207 montes,
827 1137 914 1193 ita
932 1138 1308 1207 persequeris
1338 1153 1432 1194 eos
1464 1139 1526 1194 in
1559 1142 1902 1209 tempestate
1928 1142 2054 1205 tua,

391 1229 444 1280 et
476 1223 537 1279 in
579 1223 675 1283 ira
707 1231 812 1282 tua
845 1225 1113 1283 turbabis
1160 1241 1252 1284 eos
1289 1226 1478 1296 (Psat.
1514 1231 1741 1291 Lxxxu).
1776 1224 1881 1292 Qui
1917 1228 2055 1281 sunt

390 1311 552 1369 enim
577 1313 681 1387 qui
714 1314 1126 1372 sanctuarium
1155 1315 1253 1370 Dei
1274 1313 1616 1372 haereditate
1638 1314 1947 1387 possidere
1964 1313 2055 1369 di-

391 1408 628 1471 cuntur,
659 1400 772 1459 nisi
801 1401 882 1459 illi
912 1404 1016 1476 qui
1046 1421 1139 1458 res
1191 1405 1309 1461 Deo
1336 1405 1664 1475 dedicatas,
1698 1412 1755 1461 et
1786 1404 1864 1461 ad
1909 1420 2054 1461 usus

392 1506 732 1563 pauperum
780 1507 1211 1567 servorumque
1267 1494 1397 1566 ejus
1445 1493 1710 1563 collatas,
1754 1492 2055 1550 saecularis

393 1580 671 1651 potentiae
702 1576 1036 1649 dominatu,
1070 1598 1189 1641 non
1231 1582 1533 1641 electionis
1565 1584 1755 1655 gratia
1779 1586 2057 1656 quaerunt

394 1666 706 1729 obtinere?
762 1668 1062 1744 Principes
1106 1676 1306 1731 autem
1365 1672 1601 1731 illorum
1660 1677 1798 1731 sunt
1826 1672 1908 1742 hi,
1948 1672 2054 1747 qui

392 1760 547 1815 votis
577 1773 786 1815 eorum
817 1758 1103 1830 suffragia
1132 1763 1495 1834 praestando,
1529 1767 1632 1821 aut
1658 1762 1929 1819 Ecclesiae
1955 1778 2050 1816 res

2169 600 2442 656 canonici
2473 598 2699 657 ordinis
2726 617 3051 674 personam
3098 616 3280 673 super
3322 599 3469 659 illud
3499 600 3854 681 aliquando

2166 686 2258 742 vel
2279 688 2666 760 praeponatis,
2687 689 2781 745 vel
2811 687 3083 763 praeponi
3112 688 3338 745 sinatis.
3368 690 3657 747 Memores
3690 695 3854 747 esto-

2165 780 2219 831 te
2243 776 2408 851 quod
2432 776 2640 834 Nadab
2664 782 2720 835 et
2750 778 2922 843 Abiu,
2953 778 3097 851 quia
3124 777 3323 847 ignem
3350 778 3617 835 alienum
3643 780 3851 839 Domi-

2163 880 2243 920 no
2274 863 2334 921 in
2364 866 2679 925 incensum
2710 866 3072 931 obtulerunt,
3100 866 3303 923 divino
3333 867 3455 938 igni
3482 857 3849 945 consumpti

2164 960 2307 1012 sunt
2330 956 2543 1023 (Levit.
2578 960 2655 1029 χ).
2692 959 2898 1028 Ignem
2926 956 3227 1032 siquidem
3249 956 3514 1013 alienum
3540 958 3603 1014 in
3627 957 3845 1014 incen-

2164 1061 2301 1100 sum
2332 1045 2503 1102 offert
2558 1046 2830 1113 Domino,
2863 1046 2969 1120 qui
3020 1045 3367 1103 monasticae
3408 1045 3683 1119 religioni
3736 1046 3848 1103 ali-

2161 1150 2346 1209 quem
2402 1134 2515 1191 sub
2570 1136 2863 1195 canonica
2916 1134 3285 1213 professione
3340 1133 3723 1205 militantem,
3778 1139 3851 1193 ut

2160 1224 2416 1297 pastoris
2463 1224 2653 1285 vicem
2705 1226 2991 1295 obtineat,
3038 1229 3355 1299 prterogat.
3412 1222 3634 1283 Verum
3687 1225 3849 1299 quia.

2160 1311 2307 1371 tales
2342 1312 2561 1370 ultione
2592 1313 2902 1385 feriuntur,
2934 1312 3173 1369 illorum
3197 1312 3707 1384 signatinteritus,
3731 1303 3849 1387 qui

2161 1417 2305 1462 mox
2333 1403 2643 1475 praasentis
2683 1419 2879 1479 poenae
2923 1401 3217 1477 supplicio
3260 1402 3627 1475 consumpti,
3682 1401 3849 1477 quid

2165 1508 2375 1551 eorum
2438 1492 2764 1550 imitatores
2828 1497 3172 1550 mereantur
3234 1508 3359 1547 sua:
3417 1490 3851 1549 damnationis

2160 1581 2434 1653 exemplo
2458 1582 2711 1656 posteris
2744 1582 3153 1651 signaverunt.
3179 1584 3398 1639 Omnes
3419 1597 3663 1655 quoque
3696 1579 3849 1636 licet

2162 1671 2511 1728 monasticae
2545 1673 2663 1728 sint
2685 1671 3159 1740 professionis,si
3189 1687 3313 1729 non
3344 1686 3450 1744 per
3476 1670 3845 1727 electionem

2157 1759 2495 1828 regularem
2527 1761 2827 1819 constituti
2850 1760 3066 1816 fuerint
3095 1765 3353 1816 rectores
3399 1758 3596 1817 eidem
3626 1774 3852 1817 mona-

392 1845 507 1902 illis
527 1846 820 1905 tradendo
851 1850 1248 1907 consentiunt.
1286 1851 1454 1918 Quali
1485 1856 1686 1908 autem
1710 1852 1945 1925 utrique
1975 1850 2052 1905 fe-
2088 1863 2131 1917 Β
2160 1849 2356 1915 sterio,
2389 1848 2463 1905 de
2488 1867 2608 1922 quo
2640 1848 2967 1918 loziuimur,
2992 1849 3096 1922 qui
3128 1849 3273 1904 tales
3307 1864 3413 1921 per
3442 1864 3697 1905 munera
3739 1864 3848 1903 co-

391 1934 622 1994 riantur
649 1935 932 1996 divinitus
966 1938 1211 2004 ultione,
1242 1940 1519 2013 superius
1552 1940 1709 1997 dicta
1759 1939 2052 1997 sententia

394 2025 867 2099 comprehendit,
895 2043 1032 2103 quae
1062 2029 1319 2087 ostendit
1350 2046 1454 2086 eos
1486 2046 1523 2088 a
1564 2030 1818 2087 caelestis
1848 2029 2052 2105 patriae

395 2111 710 2170 stabilitate
737 2116 762 2155 δ
791 2116 1214 2191 projiciendos,
1234 2122 1291 2174 et
1320 2119 1666 2193 temporalis
1689 2118 2055 2177 volubilitate

391 2200 620 2277 lapsus,
653 2205 830 2276 quasi
854 2210 997 2262 rota:
1022 2207 1309 2278 vertigine
1344 2208 1871 2275 circumferendos,
1894 2210 2055 2282 post-

393 2299 511 2365 que
542 2294 849 2366 praesentis
876 2297 1197 2357 terminum
1225 2298 1381 2367 vita},
1421 2299 1654 2356 turbine
1675 2299 1893 2357 divinze
1925 2296 2055 2356 aui-

395 2381 831 2439 madversionis
871 2386 1032 2443 velut
1057 2386 1339 2461 stipulam
1373 2388 1663 2447 ariditatis
1686 2387 1947 2444 vanitate
1976 2385 2055 2441 le-

393 2470 705 2528 vissimam
750 2473 1094 2549 rapiendos,
1145 2480 1201 2531 et
1258 2476 1793 2533 infructuositatem
1845 2491 2056 2533 eorum

395 2562 575 2630 atque
605 2561 954 2633 superbiam
982 2568 1272 2639 tanquam
1312 2565 1638 2622 silvestrem
1670 2564 2054 2629 sterilitatem,

397 2651 453 2703 et
478 2653 686 2707 contra
715 2652 904 2706 Deum
933 2651 1156 2711 elatum
1185 2657 1481 2711 tumorem
1501 2659 1690 2717 terrae,
1714 2652 1859 2725 igni,
1888 2652 2055 2711 ﬂam-

397 2751 621 2809 maque
649 2743 898 2797 vorante
925 2740 1391 2797 comburendos.

472 2825 542 2883 Ut
582 2824 740 2885 hanc
781 2826 961 2897 igitur
986 2827 1225 2886 ultionis
1259 2828 1474 2887 divinae
1520 2831 1895 2887 severitatem
1934 2845 2057 2887 non

399 2911 674 2983 subeant,
710 2914 988 2975 studeant
1010 2918 1494 2977 Christianissimi
1523 2920 1823 2995 principes
1848 2918 2057 2977 Christi

398 3002 662 3059 ecclesiis
693 3003 996 3063 electionis
1053 3024 1163 3067 sua
1206 3009 1345 3079 jura
1400 3025 1775 3082 conservare,
1808 3008 2057 3083 etquod

396 3090 689 3151 universa:
719 3092 969 3153 debetur
1006 3097 1301 3168 Ecclesiae,
1342 3099 1685 3159 Corbeiensi
1738 3114 1862 3157 non
1894 3098 2055 3157 aute-

392 3185 531 3240 rant
556 3184 956 3253 monasterio;
988 3190 1053 3245 ut
1080 3186 1224 3244 dum
1260 3187 1313 3243 ei
1359 3193 1604 3263 propter
1630 3189 1923 3248 honorem
1957 3187 2057 3245 Dei

387 3269 488 3340 jus
517 3269 820 3333 electionis
862 3273 1219 3332 indulserint
1249 3281 1305 3333 et
1329 3293 1424 3335 res
1456 3278 1807 3337 monasterii
1828 3277 2054 3335 violen—

391 3361 591 3416 torum
615 3359 1044 3419 ambitionibus
1074 3378 1148 3420 ne
1174 3364 1516 3423 deserviant
1550 3366 2055 3427 incontaminatas

393 3445 779 3516 servaverint,
809 3448 925 3520 ipsi
954 3450 1210 3507 caelestis
1239 3454 1407 3522 regni
1435 3470 1575 3511 cum
1602 3455 1834 3513 Christo
1877 3454 2055 3527 parti-

394 3532 622 3606 cipium
652 3543 1117 3608 consequantur.
1152 3542 1264 3596 Nec
1312 3541 1458 3598 illud
1499 3543 1825 3617 aliquando
1856 3544 1917 3601 in
1957 3560 2060 3598 sae-

395 3620 689 3679 cularium
738 3639 982 3696 manus,
1013 3631 1118 3684 aut
1170 3631 1523 3687 canonicam
1581 3632 2058 3689 dominationem

391 3709 755 3784 permittant,
782 3713 949 3787 quod
984 3715 1389 3774 habitatorum
1443 3735 1684 3777 summa
1736 3719 2057 3776 destructio

395 3803 502 3866 est,
535 3803 591 3857 et
644 3799 866 3876 dantis,
898 3804 1022 3863 sive
1074 3806 1419 3880 accipientis
1455 3824 1697 3869 summa
1723 3808 2053 3865 damnatio.

395 3890 545 3945 Nam
570 3889 717 3962 quid
748 3896 836 3948 est
865 3892 1029 3951 aliud
1056 3894 1413 3954 saeculorum
1445 3913 1771 3970 personam
1800 3897 2059 3971 pastoris

396 3976 523 4033 vice
564 3979 836 4041 Ecclesiae
887 3983 981 4041 Dei
1010 3985 1297 4057 praeferri,
1328 4002 1517 4059 quam
1546 3987 2061 4045 abominationem

396 4063 780 4124 desolationis
809 4068 872 4124 in
897 4072 1121 4144 templo
1150 4074 1249 4129 Dei
1280 4076 1684 4133 constituere?
1708 4076 2061 4149 Quicunque

396 4152 576 4223 igitur
605 4155 718 4213 hoc
761 4157 990 4215 iaciunt
1031 4161 1216 4219 Pilato
1262 4163 1484 4221 similes
1520 4165 1925 4237 inveniuntur,
1958 4175 2065 4240 qui

400 4241 647 4298 Caesaris
674 4243 967 4315 imagines
995 4247 1057 4305 in
1112 4250 1335 4324 templo
1385 4254 1621 4313 Domini
1650 4256 1854 4312 statuit
1882 4272 2063 4313 vene-

400 4330 649 4389 randae.
682 4335 749 4390 Et
797 4350 937 4392 cum
987 4339 1310 4410 Apostolus
1340 4342 1618 4401 ﬁdelibus
1662 4342 1946 4417 loquitur,
1976 4345 2063 4401 di-

401 4434 579 4479 cens:
611 4421 815 4480 Nolite
844 4425 1219 4496 conformari
1262 4430 1401 4491 huic
1438 4434 1675 4502 sarculo,
1719 4435 1823 4490 sed
1869 4434 2060 4503 refor-

399 4511 653 4568 mamini
673 4512 738 4569 in
788 4518 1052 4577 novitate
1103 4534 1306 4577 sensus
1349 4523 1532 4578 vestri
1556 4524 1746 4589 (Rom.
1772 4524 1913 4595 xu):
1956 4525 2059 4595 qui

401 4600 749 4659 saecularem
766 4620 1093 4676 personam
1111 4612 1425 4668 monachis
1455 4612 1735 4685 praefecit,
1763 4618 2063 4685 quantum

398 4688 460 4745 in
483 4690 789 4751 sasculode
807 4694 1066 4757 formam
1096 4699 1336 4772 spiritus
1364 4701 1444 4760 ad
1470 4702 1728 4759 formam
1760 4702 1980 4771 saeculi,
2010 4706 2068 4759 et

401 4778 476 4837 de
500 4779 763 4852 imagine
817 4785 1032 4845 Christi
1060 4789 1139 4845 ad
1169 4790 1498 4861 imaginem
1532 4794 1746 4850 terreni
1779 4792 1934 4862 regis
1964 4807 2068 4847 eos

401 4868 687 4940 impellit:
722 4876 1015 4945 quoniam
1046 4880 1245 4934 omnis
1279 4880 1556 4935 subditus
1598 4881 1829 4952 praelati
1850 4881 1943 4937 sui
1971 4879 2071 4935 de-

402 4955 506 5013 bet
548 4958 875 5028 imaginem
909 4967 1220 5036 sequendo
1252 4968 1494 5027 imitari.
1530 4966 1695 5024 Unde
1730 4984 1854 5023 non
1886 4984 2071 5039 parvo

408 5058 471 5097 se
526 5043 722 5102 delicti
774 5050 992 5108 scelere
1023 5060 1190 5125 putet
1214 5055 1459 5125 involvi,
1491 5056 1603 5127 qui
1632 5055 1777 5110 tales
1806 5056 2071 5115 ecclesia:

408 5132 727 5205 praeponit,
776 5135 839 5190 in
889 5153 1151 5209 quorum
1203 5144 1400 5199 forma
1461 5143 1618 5199 servi
1676 5143 1905 5213 Christi,
1951 5160 2076 5201 non

404 5218 616 5279 Christi
641 5221 1170 5291 humilitatem,sed
1198 5230 1546 5303 superbiam
1561 5231 1795 5302 mundi,
1817 5248 1941 5290 non
1956 5249 2078 5291 cce-

404 5308 567 5367 lestis
596 5312 799 5384 patriae
830 5313 1218 5384 desiderium,
1254 5318 1360 5374 sed
1389 5320 1941 5391 concupiscentiam
1963 5341 2076 5380 saa-

409 5400 525 5459 culi
555 5402 1037 5475 contemplentur
1061 5420 1298 5479 semper
1337 5412 1393 5463 et
1418 5407 1755 5467 addiscant.

482 5492 653 5559 Quod
702 5493 851 5565 quia
898 5494 1195 5561 vididetis,
1247 5495 1722 5555 excellentissimi
1752 5500 2073 5573 principes,

412 5577 899 5638 scelestissimum
933 5582 1078 5649 fore,
1111 5582 1227 5638 hoc
1249 5584 1570 5657 impietatis
1603 5588 1982 5659 sacrilegium
2036 5606 2075 5653 a

481 5705 500 5730 '
533 5703 951 5788 Delfrequenti
1004 5705 1104 5788 illo
1144 5707 1212 5787 in
1260 5709 1461 5788 Galliis
1514 5727 1621 5783 per
1676 5728 1757 5788 ea
1797 5717 2073 5788 tempora

414 5772 609 5829 abusa
627 5772 927 5833 bonorum
946 5778 1484 5838 ecclesiasticorum
1504 5772 1540 5838 εἰ
1582 5772 1970 5840 swcularibiis
1988 5786 2070 5840 vis

411 5844 496 5909 ris
520 5845 704 5914 etiam
743 5849 1082 5927 coniugatis
1121 5867 1574 5929 possessorum,
1608 5855 2072 5930 conniventibus

2120 1988 2125 1993 ,
2161 1944 2531 2003 gnoscuntur
2562 1938 2835 2005 admissi,
2867 1938 2927 1993 id
2960 1944 3066 2007 est,
3086 1943 3189 1993 aut
3220 1953 3326 2011 per
3346 1936 3690 2010 pecuniam,
3727 1940 3847 1992 aut

2160 2041 2267 2097 per
2296 2027 2569 2097 gratiam,
2596 2030 2699 2085 aut
2729 2042 2834 2099 per
2866 2024 3252 2098 obsequium,
3284 2026 3564 2081 universa
3585 2041 3622 2080 a
3652 2023 3843 2081 nobis

2159 2114 2306 2169 Petri
2326 2115 2613 2187 principis
2648 2113 3061 2188 apostolorum
3084 2114 3430 2171 auctoritate
3464 2130 3599 2173 cum
3639 2113 3843 2171 Simo-

2160 2219 2256 2273 ne,
2290 2205 2462 2278 cujus
2484 2204 2809 2263 imitatores
2831 2204 3108 2271 existunt,
3144 2204 3525 2260 anathemate
3547 2202 3846 2259 condem-

2162 2297 2402 2349 nantur.
2438 2296 2501 2349 Et
2533 2298 2596 2351 ut
2638 2292 2894 2362 religiosi
2944 2291 3244 2367 principes
3290 2292 3366 2349 ab
3410 2291 3524 2349 hac
3566 2290 3837 2348 damna-

2161 2380 2336 2436 tionis
2368 2381 2659 2441 sententia
2684 2385 2971 2437 maneant
3007 2378 3333 2447 immunes,
3377 2379 3659 2436 studeant
3704 2395 3841 2434 om-

2164 2468 2342 2524 nibus
2395 2469 2592 2527 modis
2646 2468 2803 2525 circa
2852 2469 3285 2524 monasterium
3333 2468 3650 2541 praefatum
3684 2467 3840 2522 elec-

2161 2557 2319 2613 tione
2345 2557 2719 2632 privilegium
2752 2573 2986 2613 servare
3011 2573 3246 2631 semper
3271 2556 3651 2612 inviolatum:
3685 2572 3840 2628 quo-

2160 2646 2327 2703 niam
2360 2647 2695 2703 secundum
2720 2647 2853 2719 jam
2892 2644 3036 2703 olim
3063 2663 3099 2703 a
3130 2646 3351 2702 sanctis
3384 2644 3653 2703 Patribus
3682 2644 3834 2700 deﬁ-

2161 2737 2348 2793 nitam
2375 2736 2921 2811 promulgationem
2952 2735 3218 2795 ecclesim
3274 2734 3648 2793 Corbeiensis
3686 2750 3840 2807 prae-

2159 2827 2467 2897 lationem,
2492 2844 2613 2886 non
2636 2844 2741 2901 per
2773 2827 3107 2897 legitimam
3163 2826 3604 2885 monachorum
3630 2824 3691 2881 in
3726 2840 3832 2879 eo-

2161 2918 2301 2973 dem
2327 2916 2603 2975 coenobio
2644 2918 2876 2975 Christo
2910 2916 3295 2974 militantium
3324 2916 3695 2982 electionem,
3723 2912 3836 2970 sed

2161 3012 2368 3065 contra
2384 3005 2724 3077 regularem
2745 3012 2925 3079 atque
2956 3005 3313 3065 canonicam
3330 3004 3836 3070 auctoritatem,et

2162 3095 2407 3155 dantem
2440 3101 2495 3152 et
2519 3097 2911 3171 accipientem
2938 3112 2975 3157 a
3004 3095 3214 3151 Christi
3232 3099 3833 3165 regno,sanctorum-

2089 3221 2129 3278 C
2162 3202 2281 3259 que
2312 3192 2611 3243 consortio
2637 3185 3214 3245 anathematizamus
3235 3203 3248 3254 ;
3267 3200 3462 3263 neque
3485 3184 3831 3243 societatem

2165 3280 2446 3350 poterunt
2499 3275 2721 3331 habere
2763 3274 3090 3331 Jerusalem
3149 3272 3427 3344 caelestis,
3456 3274 3561 3347 qui
3587 3288 3723 3329 eam
3766 3273 3831 3329 in

2164 3365 2331 3422 terris
2389 3365 2873 3439 peregrinantem
2921 3362 3244 3420 dissociare
3300 3367 3616 3421 conantur.
3653 3358 3831 3429 Quod

2163 3471 2340 3527 agere
2370 3459 2600 3512 certum
2632 3459 2688 3511 et
2717 3470 2928 3510 omnes
2959 3454 3064 3531 qui
3116 3470 3239 3510 non
3276 3458 3568 3527 pastores,
3602 3450 3709 3509 sed
3739 3450 3829 3508 1a-

2164 3550 2383 3611 trones,
2411 3561 2519 3600 nec
2551 3544 2761 3599 Christi
2790 3543 3061 3603 vicarios,
3105 3543 3209 3598 sed
3241 3541 3577 3601 Antichristi
3618 3556 3834 3614 sequa-

2166 3649 2284 3701 ces,
2317 3649 2498 3706 super
2542 3649 2677 3688 eam
2723 3632 3079 3693 constituere
3109 3648 3231 3689 non
3281 3636 3577 3699 verentur,
3626 3635 3691 3687 ut
3718 3630 3831 3685 do-

2166 3738 2305 3778 mus
2337 3722 2457 3788 Dei,
2489 3737 2611 3778 non
2659 3722 2879 3779 domus
2922 3721 3228 3787 orationis,
3276 3721 3381 3779 sed
3424 3719 3712 3793 spelunca
3741 3719 3830 3776 la-

2165 3814 2410 3869 tronum
2436 3813 2684 3878 existat;
2715 3828 2825 3867 nec
2853 3811 2916 3868 in
2947 3826 3019 3868 ea
3054 3810 3251 3873 forma
3279 3810 3512 3885 Christi,
3544 3809 3657 3867 sed
3680 3808 3829 3871 abo~

2166 3898 2419 3955 minatio
2445 3898 2828 3956 desolationis
2860 3898 3140 3955 emineat.

2240 3988 2355 4044 Sed
2380 3988 2427 4044 si
2458 3988 2798 4062 reipublicae
2828 3994 3110 4059 rectores,
3138 3986 3484 4047 divinorum
3522 3991 3830 4060 contemp-

2170 4083 2323 4137 tores
2349 4084 2788 4153 prteceptorum
2805 4084 2861 4136 et
2878 4078 3325 4151 episcoporum,
3350 4080 3529 4151 atque
3555 4080 3828 4133 nostram

2170 4184 2349 4243 super
2388 4169 2505 4224 hac
2554 4184 2617 4225 re
2667 4168 3087 4227 decernentem
3136 4169 3585 4227 contemnentes
3632 4171 3829 4225 aucto-

2168 4258 2427 4323 ritatem,
2456 4273 2580 4313 non
2628 4272 2811 4330 quem
2869 4255 3160 4326 regularis
3216 4254 3425 4312 electio
3475 4254 3823 4322 decreverit,

2170 4347 2275 4403 sed
2331 4362 2515 4419 quem
2570 4362 2782 4402 eorum
2835 4345 3165 4403 dominatio
3220 4342 3492 4410 vuluerit,
3539 4342 3626 4400 illi
3679 4359 3829 4418 prae-

2167 4437 2435 4509 posuerit
2506 4435 2976 4505 congregationi,
3035 4433 3319 4490 monachi
3373 4431 3489 4493 loci
3557 4432 3827 4503 ejusdem

2169 4525 2543 4598 episcopum,
2584 4525 2663 4581 ad
2694 4525 2866 4595 cujus
2895 4523 3202 4581 dioecesim
3230 4521 3668 4579 monasterium
3702 4538 3829 4596 per-

2170 4614 2378 4685 tinent,
2406 4615 2743 4682 obsecrent,
2788 4618 2849 4673 ut
2895 4618 2999 4669 aut
3027 4628 3134 4685 per
3183 4628 3245 4668 se
3287 4613 3510 4684 ipsum,
3561 4616 3669 4671 aut
3709 4628 3832 4668 una

2171 4720 2312 4760 cum
2353 4704 2436 4760 eis
2493 4704 2572 4759 ad
2616 4703 3138 4777 archiepiscopum
3191 4705 3545 4759 Remensem
3591 4702 3826 4768 referat,

2176 4797 2355 4864 atque
2401 4792 2581 4848 simul
2610 4792 2944 4865 principem
2982 4791 3362 4855 conveniant,
3394 4796 3451 4847 et
3477 4807 3620 4846 eum
3651 4806 3830 4863 super

2176 4882 2670 4951 transgressionis
2700 4897 2822 4935 suae
2878 4879 3144 4954 periculo
3176 4883 3625 4935 commoneant.
3660 4878 3829 4945 Quod

2179 4970 2228 5027 si
2257 4970 2576 5042 episcopus
2627 4969 2901 5025 diceeesis
2932 4969 3087 5025 illius
3128 4973 3231 5025 aut
3258 4970 3503 5041 propter
3532 4967 3823 5034 timorem,

2179 5063 2282 5115 aut
2346 5057 2614 5114 favorem
2666 5058 2971 5130 principis,
3026 5061 3130 5115 aut
3194 5061 3436 5129 propter
3486 5056 3828 5129 impruden-

2181 5147 2344 5215 tiam,
2370 5146 2461 5201 vcl
2490 5146 2806 5219 pastoralis
2840 5162 2997 5203 curae
3022 5144 3468 5215 negligentiam,
3494 5143 3646 5201 ferre
3667 5144 3827 5201 auxi-

2179 5236 2329 5292 lium
2375 5234 2466 5292 vel
2515 5235 2791 5306 noluerit,
2840 5235 2932 5293 vel
2976 5234 3419 5307 contempserit,
3466 5233 3679 5293 fratres
3728 5248 3829 5307 per

2183 5341 2246 5379 se
2308 5324 2471 5395 ipsos
2533 5324 2851 5396 praefatum
2910 5323 3433 5396 archiepiscopum
3498 5327 3555 5385 et
3610 5322 3832 5379 vicinos

2182 5414 2502 5485 episcopos
2532 5413 2771 5481 adeant,
2801 5417 2857 5468 et
2894 5411 3352 5469 necessitudinis
3402 5427 3526 5471 sua:
3586 5426 3833 5475 causam

2182 5502 2265 5557 eis
2292 5502 2691 5570 manifestent,
2743 5507 2927 5573 utque
2958 5500 3070 5556 sibi
3114 5499 3309 5558 ferant
3354 5499 3646 5557 auxilium
3693 5515 3831 5571 sup-

2180 5590 2419 5663 plicent.
2460 5590 2960 5663 Archiepiscopus
3005 5594 3207 5647 autem
3249 5588 3345 5644 vel
3373 5590 3500 5662 ipse
3532 5588 3719 5661 solus,
3744 5588 3835 5649 vel

2179 5715 2258 5770 ad
2289 5729 2361 5770 ea
2383 5714 2693 5787 sacrilegia
2720 5714 3113 5787 principibus,
3145 5713 3322 5787 plura
3346 5714 3573 5770 erudite
3604 5713 3832 5787 collegit

2176 5789 2436 5857 Joannes
2468 5785 2768 5857 Filesacus
2805 5785 3094 5855 singulari
3122 5785 3194 5841 ea
3218 5785 3294 5840 de
3318 5801 3383 5842 re
3410 5786 3724 5857 opusculo.

2247 5858 2278 5901 ι»
2294 5856 2584 5919 Acheruns
2608 5858 2754 5932 legit
2769 5858 3085 5921 nobilitate
3115 5857 3333 5930 lapsas.
