3968 6396
141 279 243 345 7οι

1662 330 1665 335 -
1706 274 2041 346 υιριοωι.

3473 281 3584 351 708

144 417 284 471 cum
298 402 527 469 steteris
542 400 843 485 episcopis
858 418 983 471 suae
993 401 1328 470 dicacessos
1341 418 1547 475 regem
1556 401 1800 477 adeant,
1831 403 1879 467 Α
1915 416 2023 473 per
2049 399 2432 467 insolentiam
2454 400 2618 467 illius
2647 404 2818 468 terra
2841 399 3119 468 homines
3132 399 3309 466 vobis
3331 400 3583 481 iniurias

142 496 199 559 et
228 508 415 577 super
431 492 719 560 eiactione
740 491 964 560 violata
994 511 1133 559 eum
1152 498 1599 557 commoueant,
1620 497 1805 566 utque

141 582 437 651 corrigere
466 582 763 657 dignetur,
791 587 849 648 ct
880 582 1080 648 verbis
1122 583 1396 651 suadere,
1428 588 1489 642 et
1525 581 1805 657 precibus

141 672 459 740 obsecrare
505 688 630 737 non
672 673 980 741 desistant.
1014 672 1186 745 Quod
1216 673 1265 731 si
1295 688 1398 731 eos
1428 662 1640 737 audire
1666 687 1807 727 con-

140 762 467 843 tempserit,
500 778 608 828 nec
639 762 863 843 peccati
916 763 1009 828 Sui
1059 763 1353 835 corrigere
1397 760 1640 835 culpam
1687 778 1809 821 rna-

138 851 334 921 lucrit.
362 852 1012 919 cxccmmunicaticnis
1058 852 1410 935 apostolicae
1451 851 1806 917 sententiain

142 939 469 1005 damnatus
513 942 788 1015 excipiat.
839 942 897 1007 Si
939 958 1081 1009 vero
1129 942 1223 1007 vel
1266 944 1590 1025 episcopus
1635 940 1808 1017 cuius

141 1030 433 1105 parochia
475 1036 583 1100 est,
612 1036 715 1093 aut
758 1031 1270 1111 archiepiscopus,
1300 1036 1407 1097 aut
1445 1031 1637 1095 caeteri
1683 1029 1806 1095 suf-

142 1119 416 1191 fraganei
466 1120 837 1193 negligentes
878 1137 1059 1203 super
1096 1122 1212 1185 hoc
1265 1121 1500 1194 fuerint,
1533 1126 1636 1185 aut
1665 1136 1806 1181 con-

142 1210 512 1287 tempserint,
545 1216 649 1277 aut
673 1211 905 1277 irritum
949 1211 1239 1281 duxerint.
1274 1209 1681 1276 damnationis
1712 1228 1809 1276 cn-

136 1299 236 1370 jus
302 1300 613 1355 sententiae
672 1305 986 1356 teneantur
1041 1300 1286 1365 obnoxii
1333 1316 1459 1365 non
1506 1300 1805 1370 ignorant.

143 1387 285 1455 Dicit
314 1388 479 1453 enim
505 1389 798 1472 propheta
826 1409 839 1458 ;
874 1391 945 1453 Si
972 1406 1090 1457 non
1118 1392 1577 1457 annuntiaveris
1605 1392 1807 1469 iniquo

141 1478 520 1548 iniquitatem
564 1493 756 1557 suam,
788 1480 1142 1560 sanguian
1188 1481 1318 1551 ejus
1367 1480 1441 1541 de
1486 1495 1671 1542 manu
1700 1485 1807 1543 tua

142 1570 449 1638 requiram
502 1569 739 1641 (Ezech.
791 1571 891 1639 111).
943 1570 1108 1633 Unde
1152 1571 1427 1634 noverint
1479 1587 1544 1628 se
1592 1570 1807 1634 eodem

142 1656 495 1725 vinciendos
544 1658 947 1724 anathemate,
978 1660 1025 1715 si
1070 1660 1439 1729 neglexerint
1487 1675 1598 1735 pro
1627 1675 1807 1731 grege

1914 490 2261 569 important,
2296 497 2351 555 et
2378 492 2700 571 praecipue,
2732 509 2870 557 cum
2917 506 3202 565 suprema
3245 496 3402 557 sorte
3445 490 3580 549 fun—

1914 585 2137 653 guntur
2164 597 2356 651 reges,
2383 587 2439 645 et
2470 582 2568 647 alii
2600 582 2931 645 succedunt
2955 581 3017 645 in
3046 596 3253 657 regno.
3271 583 3582 661 Quaprop-

1914 674 2001 737 ter
2046 670 2273 745 petistis
2324 675 2387 733 ut
2431 671 2605 733 vobis
2644 671 3000 733 donationes
3048 669 3179 733 illas
3228 687 3440 743 regum
3474 688 3582 727 seu

1913 760 2275 839 principum,
2305 761 2400 825 vel
2438 762 2871 861 cujuscunque,
2902 756 3114 861 quiad
3152 765 3416 821 Vestrum
3449 778 3578 861 i110-

1912 851 2246 917 nasterium
2272 867 2385 933 pro
2416 868 2620 914 amore
2670 849 2772 915 Dei
2819 849 3040 915 summi
3087 866 3158 911 ac
3201 849 3580 913 veneratione

1914 939 2337 1012 praedictorum
2382 945 2740 1022 martyrum,
2775 955 2883 1003 seu
2926 955 3036 1015 pro
3087 938 3279 998 salute
3316 955 3448 1010 sua,
3482 937 3577 1001 ali-

1915 1029 2063 1101 quid
2108 1029 2170 1086 in
2223 1028 2325 1095 illa
2372 1033 2529 1094 terra
2556 1028 2752 1109 largiti
2779 1033 2936 1098 sunt,
2970 1026 3335 1091 auctoritatis
3361 1032 3581 1092 nostrae

1915 1118 2141 1191 pagina
2186 1118 2589 1183 ﬁrmaremns.
2637 1122 2867 1181 Justum
2923 1134 3064 1187 ergo
3110 1116 3579 1188 considerantes,

1914 1209 2082 1287 quod
2109 1225 2146 1273 a
2168 1209 2344 1267 nobis
2370 1208 2588 1273 utiliter
2612 1207 3332 1285 postulatur,auctoritate
3354 1206 3455 1269 Dei
3476 1209 3581 1270 Pa-

1917 1298 2019 1356 tris
2070 1298 2499 1379 omnipotentis
2546 1314 2686 1363 cum
2737 1296 2882 1361 Filio
2934 1301 2994 1353 et
3039 1296 3262 1375 Spiritu
3291 1300 3500 1357 sancto
3525 1299 3583 1359 et

1914 1387 2075 1451 beati
2100 1387 2248 1449 Petri
2269 1391 2617 1452 sanctorum
2643 1385 3057 1461 apostolorum
3081 1383 3389 1461 principis,
3405 1382 3498 1463 cui
3508 1401 3580 1443 us

1914 1492 2026 1537 nos
2081 1476 2361 1539 immeriti
2404 1477 2604 1541 vicarii
2653 1476 2984 1546 existimas,
3017 1490 3157 1537 cum
3206 1471 3581 1535 invocatione

1915 1565 2244 1627 cmlestium
2261 1566 2546 1629 virtutum
2578 1562 2907 1637 sancimus,
2924 1563 3307 1625 etﬁrmantes
3331 1560 3580 1624 robora-

1915 1673 2089 1726 mus;
2146 1660 2211 1712 ut
2251 1654 2550 1735 quidquid
2601 1657 2659 1719 in
2704 1653 2873 1717 omni
2917 1658 3072 1717 terra
3122 1648 3456 1721 Britanniae,
3489 1647 3584 1713 vel

143 1746 399 1807 Domino
430 1746 748 1823 pastoralis
787 1764 943 1816 curse
988 1748 1452 1815 sollicitudinem
1496 1749 1801 1817 adhibere.
1834 1759 1879 1814 Β
1915 1744 2285 1827 ubicunque,
2315 1745 2441 1803 sive
2470 1760 2507 1807 a
2535 1744 2800 1817 renibus,
2827 1743 3222 1819 principibus,
3243 1757 3348 1805 seu
3376 1756 3415 1803 a
3434 1756 3584 1827 quo-

198 1836 553 1895 ansmcrus
583 1837 637 1895 'i'.

198 1836 553 1895 Bassmcrus
624 1879 637 1893 .

140 1835 175 1909 1-
212 1908 513 1988 Scriptum
543 1837 652 1982 υἷι·
679 1924 932 1965 manum
959 1908 1330 1989 Theodorici,
1353 1908 1567 1966 notarii
1590 1912 1646 1965 et
1670 1909 1809 1969 scri-

140 1996 309 2054 niarii
354 2003 581 2055 sanctae
626 2002 910 2056 Romanae
969 2000 1266 2072 Ecclesiae,
1297 2000 1359 2065 in
1392 2016 1597 2056 mense
1641 2002 1809 2059 Octo-

138 2086 290 2157 brio,
320 2087 650 2144 indictione
680 2095 914 2160 quarta.
941 2093 1094 2145 Bene
1121 2089 1333 2145 valete.
1351 2096 1369 2119 ⁸
1391 2093 1606 2146 Actum
1628 2090 1808 2146 Nonis

141 2176 415 2233 Octobris
460 2193 571 2250 per
622 2193 873 2234 manum
926 2178 1363 2252 Theophylacti
1416 2178 1806 2259 secundiccril

142 2271 359 2322 sanctae
417 2267 580 2323 sedis
636 2268 996 2340 apostolicae,
1046 2269 1379 2342 imperante
1428 2270 1493 2324 D.
1534 2268 1804 2342 piissimo

138 2358 407 2426 Augusto
442 2357 716 2421 Lothario
759 2373 796 2414 a
835 2357 1090 2425 Domino
1121 2361 1408 2425 coronato
1437 2373 1663 2428 magno
1692 2357 1806 2425 irn-

139 2450 417 2517 peratore
469 2460 632 2502 anno
680 2445 980 2512 tricesimo
1026 2462 1211 2518 nono,
1243 2451 1301 2509 et
1348 2451 1488 2531 post
1533 2445 1807 2517 ejusdem

140 2548 364 2589 annum
398 2534 774 2591 tricesimum
803 2551 1057 2603 nonum,
1093 2536 1202 2592 sed
1232 2540 1289 2593 et
1315 2534 1616 2592 Ludovico
1646 2550 1807 2592 novo

138 2620 346 2696 imper,
380 2624 519 2696 ejus
545 2624 669 2680 tilio
695 2640 857 2683 anno
882 2626 1159 2699 septimo.

741 2716 1085 2779 EPISTOLA
1124 2718 1211 2781 IV.

420 2822 493 2861 AD
530 2820 847 2862 LUDOVICUM
886 2822 1141 2862 ABBATEM
1181 2822 1232 2863 S.
1274 2822 1534 2874 DIONYSII,

204 2896 540 2967 Conﬁrmat
566 2896 890 2966 privilegia
912 2896 1260 2953 monasterii
1283 2897 1347 2952 S.
1378 2896 1658 2966 Dionysii
1681 2896 1745 2952 in

835 2985 1122 3041 Francia.

1914 1832 2057 1897 libet
2106 1825 2372 1906 homine,
2407 1834 2528 1897 sive
2577 1834 2639 1895 in
2671 1832 2857 1900 terris,
2893 1833 3017 1889 sive
3060 1831 3121 1893 in
3170 1829 3363 1905 aquis,
3396 1825 3585 1905 quali-

1916 1939 2186 1998 scunque
2235 1923 2308 1983 sit
2354 1922 2455 1987 illa
2502 1923 2830 1997 possessio,
2857 1939 2990 1996 quae
3040 1921 3117 1981 ad
3144 1918 3582 1979 monasterium

1917 2015 2016 2075 SS.
2039 2018 2375 2089 martyrum
2400 2012 2688 2091 Dionysii,
2706 2012 2923 2073 Rustici
2947 2016 3004 2069 et
3026 2008 3340 2071 Eleutherii
3364 2004 3582 2069 tradita

1915 2107 2024 2172 est,
2081 2102 2312 2177 absque
2358 2101 2670 2158 invasione
2722 2106 2778 2156 et
2821 2099 3105 2156 violentia
3168 2110 3580 2176 quorumcun-

1914 2207 2033 2264 que
2062 2189 2402 2259 hominum,
2427 2189 2541 2246 sub
2572 2190 2863 2262 potestate
2886 2187 3125 2244 abbatis
3159 2188 3216 2242 et
3238 2183 3581 2258 provisione

1912 2281 2355 2337 monachorum
2394 2278 2667 2351 ejusdem
2716 2276 3064 2334 monasterii
3115 2277 3178 2331 in
3220 2278 3581 2347 perpetuum

1913 2373 2270 2443 perseveret.
2306 2368 2477 2437 Quod
2509 2369 2557 2424 si
2589 2367 2805 2442 aliquis
2834 2367 2950 2423 hoc
2978 2364 3320 2435 infringere,
3352 2360 3449 2417 vel
3474 2376 3582 2433 per

1915 2457 2101 2521 alium
2152 2457 2416 2539 aliquem
2444 2457 2718 2522 voluerit,
2753 2454 3118 2519 auctoritatis
3162 2456 3378 2508 nostrae
3408 2449 3584 2523 privi-

1913 2546 2161 2618 legium,
2194 2547 2348 2602 sciat
2372 2562 2434 2602 se
2464 2546 2850 2602 anathemate
2872 2542 3175 2600 insolubili
3198 2541 3579 2604 damnatum,

1914 2640 1973 2693 et
2001 2653 2038 2693 a
2075 2651 2262 2708 regno
2291 2635 2503 2692 Christi
2534 2634 2822 2696 alienum.
2855 2637 2913 2689 et
2937 2649 3077 2689 cum
3118 2630 3320 2704 impiis
3347 2625 3582 2685 aeternis

1913 2724 2206 2801 incendiis
2243 2724 2665 2799 deputantnm,
2695 2723 2814 2785 nisi
2856 2721 3169 2797 resipuerit
3217 2723 3275 2781 et
3325 2716 3405 2776 ad
3449 2715 3585 2771 sati-

1915 2813 2272 2871 sfactionem
2301 2829 2637 2883 congruam
2658 2812 2905 2869 venerit.
2940 2810 3047 2877 Qui
3082 2814 3284 2866 autem
3313 2806 3427 2862 ista
3447 2820 3587 2860 con-

1915 2902 2258 2971 servaverit,
2290 2902 2541 2972 auxerit,
2573 2901 2672 2973 adj
2684 2900 2893 2968 uverit,
2926 2897 3410 2956 benedictionem
3457 2908 3587 2966 per-

1912 2992 2095 3065 cipiat
2143 3008 2180 3049 θ,
2222 2991 2477 3053 Domino
2531 2995 2739 3049 nostro
2787 2993 2927 3047 Jesu
2980 2988 3210 3046 Christo
3256 2987 3315 3042 in
3365 2982 3587 3040 saecula

214 3077 554 3131 Bsxemcrus
592 3072 933 3147 episcopus,
962 3090 1166 3130 servus
1197 3089 1511 3130 servorum
1540 3073 1664 3139 Dei,
1694 3076 1801 3141 ιλιι-
1829 3111 1879 3167 ο
1910 3080 2291 3153 angulorum.
2330 3082 2542 3135 Amen.
2580 3083 2732 3135 Bene
2761 3077 2971 3134 valete.

147 3181 338 3220 novwo
386 3163 602 3222 abbati
647 3163 1007 3220 venerabilis
1059 3164 1406 3221 monasterii
1454 3167 1801 3220 sanctorum

122 3260 478 3341 martyrum
528 3253 812 3337 Dionysii,
842 3253 1061 3310 Rustici
1099 3257 1157 3310 et
1200 3251 1533 3323 Eleutherii,
1568 3252 1671 3308 ubi
1703 3269 1802 3308 eo-

145 3359 273 3399 rum
320 3359 498 3401 sacra
535 3358 794 3416 corpora
832 3342 1229 3416 requiescant,
1261 3347 1318 3399 et
1365 3341 1531 3398 omni
1560 3357 1807 3412 congre-

148 3432 361 3503 gationi
390 3430 668 3497 ﬁdelium
714 3431 1156 3495 monachorum
1198 3448 1336 3504 quae
1379 3447 1520 3493 cum
1573 3447 1645 3488 eo
1691 3435 1804 3498 est,

150 3537 260 3590 pax
283 3540 319 3579 a
346 3524 473 3579 Deo
503 3524 673 3577 Patre
704 3526 762 3577 et
790 3522 1045 3578 Domino
1074 3523 1220 3577 Jesu
1241 3520 1491 3577 Christo.

214 3612 411 3680 Questi
440 3611 606 3685 estis,
635 3609 742 3679 ﬁlii
788 3612 907 3668 mei
956 3610 1312 3682 charissimi,
1340 3610 1507 3686 quod
1536 3609 1598 3667 in
1638 3611 1806 3668 terris

149 3717 296 3775 quas
323 3700 494 3781 apud
511 3699 733 3772 Anglos
765 3702 1030 3760 Saxones
1060 3700 1283 3769 habere
1311 3699 1620 3767 videmini,
1640 3699 1811 3761 multi

216 3875 240 3934 9
270 3864 401 3927 [lane
430 3864 497 3919 in
531 3861 845 3934 Spioilegto
876 3862 1127 3923 omissa.

218 3932 244 3975 δ
273 3935 554 4001 Labbeus
574 3932 737 3991 recte
755 3934 1039 3991 observat
1053 3934 1187 3991 loco
1204 3934 1533 3992 indictione
1558 3933 1811 4003 septima

152 4002 468 4073 legendum
519 4020 657 4077 esse
695 4006 1021 4063 indictione
1048 4007 1304 4077 quinta;
1352 4005 1459 4063 sed
1502 4002 1629 4062 nec
1654 4005 1805 4077 ipse,

152 4090 253 4135 nec
294 4077 448 4141 ullus
506 4075 661 4132 alius
706 4075 1130 4143 animadvertit
1177 4093 1411 4135 annum
1453 4075 1808 4136 consulatus

157 4146 426 4211 Ludovici
448 4151 499 4204 lt
528 4150 683 4218 Aug.
706 4148 997 4207 mendose
1013 4149 1193 4209 etiam
1224 4164 1261 4205 a
1279 4148 1524 4213 librario
1549 4146 1810 4219 descrip-

152 4221 272 4281 tum
302 4220 528 4292 fuisse;
585 4220 731 4292 quia
777 4219 1000 4281 scilicet
1032 4219 1376 4279 consulatus
1405 4219 1692 4292 perpetui
1707 4233 1812 4290 pa-

152 4304 280 4355 rum
302 4289 796 4354 hactenus—fuere
826 4292 1065 4363 cogniti.
1092 4293 1286 4357 Quare
1307 4289 1447 4355 cum
1471 4289 1808 4347 Ludovicus

1987 3169 2285 3242 Scriptum
2306 3184 2414 3241 per
2434 3183 2687 3227 manum
2708 3165 3001 3223 Theodori
3021 3163 3237 3221 notarii
3262 3160 3583 3237 regionarii

1914 3256 2135 3319 sanctae
2160 3244 2443 3308 Romanae
2464 3251 2765 3324 Ecclesiae,
2779 3252 2841 3309 in
2854 3265 3063 3307 mense
3078 3246 3245 3317 Maio,
3259 3242 3584 3307 indictione

1915 3342 2189 3416 septima.
2212 3344 2425 3398 Datum
2443 3358 2554 3415 per
2574 3357 2823 3401 manum
2847 3337 3089 3410 Megisti,
3113 3333 3381 3411 episcopi
3411 3336 3470 3395 et
3491 3333 3583 3390 bi~

1914 3430 2287 3490 bliothecarii
2333 3435 2555 3493 sanctae
2600 3429 2943 3502 apostolicae
2996 3426 3174 3493 sedis,
3206 3425 3416 3498 quinto
3445 3422 3586 3480 ldus

1916 3521 2065 3587 Maii,
2082 3520 2417 3593 imperante
2432 3518 2683 3575 domino
2701 3515 2972 3592 piissimo
2981 3518 3273 3593 perpetuo
3290 3516 3584 3584 Augusto,

1917 3626 1955 3667 a
2010 3612 2127 3672 Deo
2185 3613 2475 3667 coronato
2527 3623 2755 3679 magno
2802 3606 3185 3680 imperatore,
3235 3601 3585 3661 consulatus

1919 3699 2049 3772 ejus
2081 3714 2243 3756 anno
2268 3702 2504 3769 octavo,
2528 3696 2855 3761 indictione
2884 3694 3139 3771 septima
3168 3692 3421 3767 [quinta
3449 3690 3477 3733 δ
3507 3689 3546 3764 ].

1919 3875 2019 3917 an.
2049 3863 2175 3928 860,
2208 3873 2415 3932 mense
2469 3856 2798 3932 decembri,
2830 3856 3168 3932 imperium,
3199 3858 3258 3910 et
3303 3849 3586 3932 consula-

1919 3936 2048 3989 tum
2070 3926 2195 3988 uno
2224 3929 2562 4002 eodemque
2586 3928 2704 3992 die.
2732 3933 2797 3985 ut
2825 3926 3010 3985 moris
3043 3929 3193 4002 erat,
3230 3926 3582 3994 susceperit,

1920 4007 1977 4059 et
2029 4002 2384 4061 Benedictus
2437 3998 2507 4058 lit
2562 4015 2728 4058 anno
2765 3998 3056 4072 sequenti
3113 4003 3252 4053 ante
3309 4008 3583 4072 mensem

1919 4073 2135 4132 Maium
2161 4072 2395 4144 abierit,
2422 4073 2548 4131 haec
2570 4070 2823 4144 epistola
2866 4065 3058 4144 serius
3093 4083 3304 4144 quam
3323 4065 3585 4144 currenti

1922 4160 2083 4201 anno
2131 4143 2335 4201 indict.
2367 4138 2403 4201 ἡ
2451 4149 2509 4201 et
2553 4138 2873 4200 consulatu
2898 4159 2978 4197 v11
3028 4138 3309 4197 Ludovici
3339 4141 3383 4193 ιι
3432 4141 3585 4208 Aug.

1918 4220 2125 4343 notsato
2171 4214 2306 4273 dari
2356 4228 2481 4272 non
2528 4215 2741 4287 potuit.
2799 4218 3004 4271 Psows
3042 4213 3123 4271 ad
3175 4228 3279 4269 an.
3309 4210 3422 4268 Ch.
3455 4212 3583 4274 857,

1920 4303 1981 4343 n.
2051 4327 2064 4343 .

1920 4303 1981 4345 η.
2012 4303 2064 4343 ὅ.

1145 4636 1727 4723 BENEDICTI
1843 4634 1976 4722 Ill
2098 4631 2590 4720 DIPLOMA

1808 4794 1918 4844 ουο

444 4905 878 4977 Mamurium
914 4904 1207 4977 Fuldense
1234 4904 1343 4975 sub
1372 4904 1712 4989 apostolicae
1741 4903 1898 5065 δεῒέ
1933 4902 2305 5044 ριὶοιθοιιόηε
2330 4898 2569 4980 recipit,
2602 4898 2853 4978 ejusque
2882 4894 3289 4983 immunitate:

1698 5004 1809 5047 con
1858 5003 1992 5046 rma
2024 5030 2040 5051 .

1698 5003 2040 5051 εογιηντηαι.

1316 5137 1685 5206 (Sohannat,
1723 5134 1872 5191 Hist.
1912 5130 2105 5197 Fuld.,
2147 5146 2208 5205 p.
2255 5129 2419 5202 134.)

1649 5286 2075 5307 m

226 5409 559 5475 Bessmcrus
582 5412 925 5489 episcopus,
947 5429 1157 5475 servus
1182 5392 1487 5471 Servorum
1506 5409 1814 5474 Dei,an;o-.
1856 5413 1899 5467 D
1929 5407 2046 5471 bus
2070 5406 2414 5477 congruunt
2431 5402 2763 5471 desideriis,
2786 5405 3021 5478 oportet
3042 5405 3104 5461 ut
3123 5398 3430 5489 devotioni
3443 5413 3589 5489 con-

156 5511 304 5565 ronr,
325 5501 603 5573 religioso
626 5503 833 5560 abbati
845 5502 1203 5561 venerabilis
1220 5499 1568 5558 monasterii
1583 5498 1817 5555 Domini

161 5587 487 5658 Salvator-is,
512 5597 692 5666 etper
715 5597 768 5648 te
788 5594 847 5648 in
871 5593 1087 5648 eodem
1104 5590 1434 5648 venerabili
1453 5588 1816 5643 monasterio

162 5680 609 5767 successoribus
640 5682 968 5739 abbatibus
1000 5682 1062 5737 in
1091 5685 1474 5767 perpetuum.

230 5759 521 5827 Quoniam
542 5782 780 5841 semper
801 5771 941 5824 sunt
955 5759 1345 5825 concedenda
1362 5780 1499 5839 quas
1515 5760 1815 5821 rationali-

1926 5496 2137 5552 dltoris
2171 5494 2279 5567 piae
2310 5492 2769 5550 constructioniu
2810 5492 3133 5549 auctoritas
3173 5490 3233 5545 in
3264 5486 3590 5562 privilegiis

1925 5582 2551 5657 prsestandtsminime
2567 5580 3105 5651 denegeturJgttur
3121 5580 3264 5655 quia
3274 5576 3591 5655 postulasti

1925 5690 1962 5730 ει
1982 5673 2159 5730 nobis
2181 5675 2483 5753 quatenus
2502 5670 2938 5731 monasterium
2957 5668 3300 5739 Salvatoris,
3322 5680 3359 5729 a
3381 5670 3591 5727 sancto

1925 5761 2229 5821 Bonifacio
2257 5757 2709 5835 archiepiscopo
2731 5756 3359 5816 constructuminloco
3376 5753 3593 5829 quivo«
