  <div class='ocr_page' id='page_1' title='image "/cluster/home/n/w/nwhite01/storage/ocr_20150623/115-116/uc1.31175006916467/359.png"; bbox 0 0 3968 6394; ppageno 0'>
   <div class='ocr_carea' id='block_1_1' title="bbox 360 302 3798 377">
    <p class='ocr_par' dir='ltr' id='par_1_1' title="bbox 360 302 3798 377">
     <span class='ocr_line' id='line_1_1' title="bbox 360 302 3798 377; baseline -0.006 -1"><span class='ocrx_word' id='word_1_1' title='bbox 360 321 468 377; x_wconf 74' lang='lat'><strong>703</strong></span> <span class='ocrx_word' id='word_1_2' title='bbox 1570 309 1628 365; x_wconf 92' lang='lat' dir='ltr'><strong>S.</strong></span> <span class='ocrx_word' id='word_1_3' title='bbox 1670 305 1951 362; x_wconf 85' lang='lat' dir='ltr'><strong>EULOGII</strong></span> <span class='ocrx_word' id='word_1_4' title='bbox 1986 304 2317 361; x_wconf 76' lang='lat' dir='ltr'><strong>ARCHIEP.</strong></span> <span class='ocrx_word' id='word_1_5' title='bbox 2358 305 2599 361; x_wconf 84' lang='lat' dir='ltr'><strong>TOLET.</strong></span> <span class='ocrx_word' id='word_1_6' title='bbox 3692 302 3798 357; x_wconf 67' lang='grc'><strong>704</strong></span> 
     </span>
    </p>
   </div>
   <div class='ocr_carea' id='block_1_2' title="bbox 363 421 3799 508">
    <p class='ocr_par' dir='ltr' id='par_1_2' title="bbox 363 421 3799 508">
     <span class='ocr_line' id='line_1_2' title="bbox 363 421 3799 508; baseline -0.006 -8"><span class='ocrx_word' id='word_1_7' title='bbox 363 445 537 501; x_wconf 89' lang='lat' dir='ltr'><strong>catur</strong></span> <span class='ocrx_word' id='word_1_8' title='bbox 554 437 817 496; x_wconf 88' lang='lat' dir='ltr'><strong>Boconia</strong></span> <span class='ocrx_word' id='word_1_9' title='bbox 831 450 973 508; x_wconf 85' lang='lat' dir='ltr'><strong>erga</strong></span> <span class='ocrx_word' id='word_1_10' title='bbox 994 435 1190 508; x_wconf 82' lang='lat' dir='ltr'><strong>ripam</strong></span> <span class='ocrx_word' id='word_1_11' title='bbox 1213 433 1477 490; x_wconf 83' lang='lat' dir='ltr'><strong>ﬂuminis</strong></span> <span class='ocrx_word' id='word_1_12' title='bbox 1488 427 2024 503; x_wconf 85' lang='lat' dir='ltr'><strong>Voldaha,privile-</strong></span> <span class='ocrx_word' id='word_1_13' title='bbox 2051 436 2099 490; x_wconf 83' lang='grc' dir='ltr'><strong>Α</strong></span> <span class='ocrx_word' id='word_1_14' title='bbox 2136 428 2627 496; x_wconf 80' lang='lat' dir='ltr'><strong>contradictione,</strong></span> <span class='ocrx_word' id='word_1_15' title='bbox 2693 425 2973 484; x_wconf 89' lang='lat' dir='ltr'><strong>ﬁrmitate</strong></span> <span class='ocrx_word' id='word_1_16' title='bbox 3037 428 3329 499; x_wconf 88' lang='lat' dir='ltr'><strong>perpetua</strong></span> <span class='ocrx_word' id='word_1_17' title='bbox 3389 421 3799 497; x_wconf 87' lang='lat' dir='ltr'><strong>perfruamur-</strong></span> 
     </span>
    </p>
   </div>
   <div class='ocr_carea' id='block_1_3' title="bbox 366 512 3801 603">
    <p class='ocr_par' dir='ltr' id='par_1_3' title="bbox 366 512 3801 603">
     <span class='ocr_line' id='line_1_3' title="bbox 366 512 3801 603; baseline -0.006 -17"><span class='ocrx_word' id='word_1_18' title='bbox 366 530 444 603; x_wconf 83' lang='lat' dir='ltr'><strong>gii</strong></span> <span class='ocrx_word' id='word_1_19' title='bbox 475 529 636 588; x_wconf 82' lang='lat' dir='ltr'><strong>sedis</strong></span> <span class='ocrx_word' id='word_1_20' title='bbox 665 526 1002 601; x_wconf 78' lang='lat' dir='ltr'><strong>apostolicae</strong></span> <span class='ocrx_word' id='word_1_21' title='bbox 1042 523 1427 581; x_wconf 87' lang='lat' dir='ltr'><strong>adminiculis</strong></span> <span class='ocrx_word' id='word_1_22' title='bbox 1454 522 1788 584; x_wconf 90' lang='lat' dir='ltr'><strong>decoretur,</strong></span> <span class='ocrx_word' id='word_1_23' title='bbox 1821 524 1885 573; x_wconf 93' lang='lat' dir='ltr'><strong>ut</strong></span> <span class='ocrx_word' id='word_1_24' title='bbox 1910 518 2024 573; x_wconf 87' lang='lat' dir='ltr'><strong>sub</strong></span> <span class='ocrx_word' id='word_1_25' title='bbox 2137 518 2565 573; x_wconf 89' lang='lat' dir='ltr'><strong>Constituimus</strong></span> <span class='ocrx_word' id='word_1_26' title='bbox 2631 532 2877 591; x_wconf 89' lang='lat' dir='ltr'><strong>quoque</strong></span> <span class='ocrx_word' id='word_1_27' title='bbox 2927 531 3035 589; x_wconf 91' lang='lat' dir='ltr'><strong>per</strong></span> <span class='ocrx_word' id='word_1_28' title='bbox 3083 515 3267 586; x_wconf 87' lang='lat' dir='ltr'><strong>hujus</strong></span> <span class='ocrx_word' id='word_1_29' title='bbox 3322 512 3542 569; x_wconf 86' lang='lat' dir='ltr'><strong>decreti</strong></span> <span class='ocrx_word' id='word_1_30' title='bbox 3607 512 3801 568; x_wconf 90' lang='lat' dir='ltr'><strong>nostri</strong></span> 
     </span>
    </p>
   </div>
   <div class='ocr_carea' id='block_1_4' title="bbox 360 609 2029 694">
    <p class='ocr_par' dir='ltr' id='par_1_4' title="bbox 360 609 2029 694">
     <span class='ocr_line' id='line_1_4' title="bbox 360 609 2029 694; baseline -0.01 -16"><span class='ocrx_word' id='word_1_31' title='bbox 360 617 774 694; x_wconf 88' lang='lat' dir='ltr'><strong>jurisdictione</strong></span> <span class='ocrx_word' id='word_1_32' title='bbox 804 619 1021 671; x_wconf 65' lang='lat' dir='ltr'><strong>sancta</strong></span> <span class='ocrx_word' id='word_1_33' title='bbox 1046 618 1285 679; x_wconf 70' lang='lat' dir='ltr'><strong>nostrae,</strong></span> <span class='ocrx_word' id='word_1_34' title='bbox 1308 612 1404 668; x_wconf 93' lang='lat' dir='ltr'><strong>cui</strong></span> <span class='ocrx_word' id='word_1_35' title='bbox 1420 613 1539 668; x_wconf 94' lang='lat' dir='ltr'><strong>Deo</strong></span> <span class='ocrx_word' id='word_1_36' title='bbox 1565 615 1805 667; x_wconf 87' lang='lat' dir='ltr'><strong>auctore</strong></span> <span class='ocrx_word' id='word_1_37' title='bbox 1827 609 2029 664; x_wconf 89' lang='lat' dir='ltr'><strong>deser-</strong></span> 
     </span>
    </p>
   </div>
   <div class='ocr_carea' id='block_1_5' title="bbox 363 698 2029 777">
    <p class='ocr_par' dir='ltr' id='par_1_5' title="bbox 363 698 2029 777">
     <span class='ocr_line' id='line_1_5' title="bbox 363 698 2029 777; baseline -0.008 -11"><span class='ocrx_word' id='word_1_38' title='bbox 363 709 588 777; x_wconf 88' lang='lat' dir='ltr'><strong>vimus,</strong></span> <span class='ocrx_word' id='word_1_39' title='bbox 617 703 887 761; x_wconf 55' lang='lat' dir='ltr'><strong>Ecclesiae</strong></span> <span class='ocrx_word' id='word_1_40' title='bbox 934 703 1345 773; x_wconf 84' lang='lat' dir='ltr'><strong>constitutum,</strong></span> <span class='ocrx_word' id='word_1_41' title='bbox 1378 700 1601 757; x_wconf 90' lang='lat' dir='ltr'><strong>nullius</strong></span> <span class='ocrx_word' id='word_1_42' title='bbox 1650 698 1891 755; x_wconf 84' lang='lat' dir='ltr'><strong>alterius</strong></span> <span class='ocrx_word' id='word_1_43' title='bbox 1931 700 2029 753; x_wconf 91' lang='lat' dir='ltr'><strong>Ec-</strong></span> 
     </span>
    </p>
   </div>
   <div class='ocr_carea' id='block_1_6' title="bbox 368 785 2025 864">
    <p class='ocr_par' dir='ltr' id='par_1_6' title="bbox 368 785 2025 864">
     <span class='ocr_line' id='line_1_6' title="bbox 368 785 2025 864; baseline -0.007 -14"><span class='ocrx_word' id='word_1_44' title='bbox 368 793 562 850; x_wconf 79' lang='lat' dir='ltr'><strong>clesiae</strong></span> <span class='ocrx_word' id='word_1_45' title='bbox 576 790 1090 864; x_wconf 88' lang='lat' dir='ltr'><strong>jurisdictionibus</strong></span> <span class='ocrx_word' id='word_1_46' title='bbox 1114 790 1497 847; x_wconf 83' lang='lat' dir='ltr'><strong>submittatur</strong></span> <span class='ocrx_word' id='word_1_47' title='bbox 1520 805 1533 844; x_wconf 90' lang='lat'><strong>:</strong></span> <span class='ocrx_word' id='word_1_48' title='bbox 1555 803 1668 862; x_wconf 89' lang='lat' dir='ltr'><strong>pro</strong></span> <span class='ocrx_word' id='word_1_49' title='bbox 1688 802 1886 860; x_wconf 86' lang='lat' dir='ltr'><strong>quare</strong></span> <span class='ocrx_word' id='word_1_50' title='bbox 1910 785 2025 858; x_wconf 91' lang='lat' dir='ltr'><strong>piis</strong></span> 
     </span>
    </p>
   </div>
   <div class='ocr_carea' id='block_1_7' title="bbox 367 873 2029 948">
    <p class='ocr_par' dir='ltr' id='par_1_7' title="bbox 367 873 2029 948">
     <span class='ocr_line' id='line_1_7' title="bbox 367 873 2029 948; baseline -0.005 -10"><span class='ocrx_word' id='word_1_51' title='bbox 367 879 675 938; x_wconf 88' lang='lat' dir='ltr'><strong>desideriis</strong></span> <span class='ocrx_word' id='word_1_52' title='bbox 704 878 993 946; x_wconf 88' lang='lat' dir='ltr'><strong>faventes,</strong></span> <span class='ocrx_word' id='word_1_53' title='bbox 1025 880 1141 935; x_wconf 89' lang='lat' dir='ltr'><strong>hac</strong></span> <span class='ocrx_word' id='word_1_54' title='bbox 1167 883 1374 935; x_wconf 88' lang='lat' dir='ltr'><strong>nostra</strong></span> <span class='ocrx_word' id='word_1_55' title='bbox 1403 876 1751 935; x_wconf 79' lang='lat' dir='ltr'><strong>auctoritate</strong></span> <span class='ocrx_word' id='word_1_56' title='bbox 1780 874 1841 930; x_wconf 91' lang='lat' dir='ltr'><strong>id</strong></span> <span class='ocrx_word' id='word_1_57' title='bbox 1862 873 2029 948; x_wconf 90' lang='lat' dir='ltr'><strong>quod</strong></span> 
     </span>
    </p>
   </div>
   <div class='ocr_carea' id='block_1_8' title="bbox 366 964 2028 1043">
    <p class='ocr_par' dir='ltr' id='par_1_8' title="bbox 366 964 2028 1043">
     <span class='ocr_line' id='line_1_8' title="bbox 366 964 2028 1043; baseline -0.005 -17"><span class='ocrx_word' id='word_1_58' title='bbox 366 968 705 1043; x_wconf 82' lang='lat' dir='ltr'><strong>exposcitur</strong></span> <span class='ocrx_word' id='word_1_59' title='bbox 734 967 949 1024; x_wconf 81' lang='lat' dir='ltr'><strong>effectu</strong></span> <span class='ocrx_word' id='word_1_60' title='bbox 994 968 1451 1040; x_wconf 89' lang='lat' dir='ltr'><strong>mancipamus:</strong></span> <span class='ocrx_word' id='word_1_61' title='bbox 1508 970 1565 1021; x_wconf 89' lang='lat' dir='ltr'><strong>et</strong></span> <span class='ocrx_word' id='word_1_62' title='bbox 1612 964 1747 1020; x_wconf 90' lang='lat' dir='ltr'><strong>ideo</strong></span> <span class='ocrx_word' id='word_1_63' title='bbox 1782 979 2028 1020; x_wconf 92' lang='lat' dir='ltr'><strong>omnem</strong></span> 
     </span>
    </p>
   </div>
   <div class='ocr_carea' id='block_1_9' title="bbox 366 1053 2029 1131">
    <p class='ocr_par' dir='ltr' id='par_1_9' title="bbox 366 1053 2029 1131">
     <span class='ocr_line' id='line_1_9' title="bbox 366 1053 2029 1131; baseline -0.005 -14"><span class='ocrx_word' id='word_1_64' title='bbox 366 1058 686 1131; x_wconf 87' lang='lat' dir='ltr'><strong>cujuslibet</strong></span> <span class='ocrx_word' id='word_1_65' title='bbox 725 1057 998 1115; x_wconf 65' lang='lat' dir='ltr'><strong>Ecclesia</strong></span> <span class='ocrx_word' id='word_1_66' title='bbox 1050 1057 1425 1113; x_wconf 87' lang='lat' dir='ltr'><strong>sacerdotem</strong></span> <span class='ocrx_word' id='word_1_67' title='bbox 1453 1056 1515 1110; x_wconf 91' lang='lat' dir='ltr'><strong>in</strong></span> <span class='ocrx_word' id='word_1_68' title='bbox 1544 1053 1793 1127; x_wconf 70' lang='lat' dir='ltr'><strong>praefato</strong></span> <span class='ocrx_word' id='word_1_69' title='bbox 1819 1068 2029 1109; x_wconf 87' lang='lat' dir='ltr'><strong>mona-</strong></span> 
     </span>
    </p>
   </div>
   <div class='ocr_carea' id='block_1_10' title="bbox 364 1140 2032 1218">
    <p class='ocr_par' dir='ltr' id='par_1_10' title="bbox 364 1140 2032 1218">
     <span class='ocr_line' id='line_1_10' title="bbox 364 1140 2032 1218; baseline -0.004 -16"><span class='ocrx_word' id='word_1_70' title='bbox 364 1145 543 1202; x_wconf 89' lang='lat' dir='ltr'><strong>sterio</strong></span> <span class='ocrx_word' id='word_1_71' title='bbox 572 1144 862 1202; x_wconf 90' lang='lat' dir='ltr'><strong>ditionem</strong></span> <span class='ocrx_word' id='word_1_72' title='bbox 908 1144 1243 1218; x_wconf 85' lang='lat' dir='ltr'><strong>quamlibet</strong></span> <span class='ocrx_word' id='word_1_73' title='bbox 1284 1143 1508 1200; x_wconf 88' lang='lat' dir='ltr'><strong>habere</strong></span> <span class='ocrx_word' id='word_1_74' title='bbox 1564 1147 1670 1199; x_wconf 86' lang='lat' dir='ltr'><strong>aut</strong></span> <span class='ocrx_word' id='word_1_75' title='bbox 1716 1140 2032 1198; x_wconf 88' lang='lat' dir='ltr'><strong>auctorita-</strong></span> 
     </span>
    </p>
   </div>
   <div class='ocr_carea' id='block_1_11' title="bbox 365 1230 2030 1307">
    <p class='ocr_par' dir='ltr' id='par_1_11' title="bbox 365 1230 2030 1307">
     <span class='ocr_line' id='line_1_11' title="bbox 365 1230 2030 1307; baseline -0.004 -15"><span class='ocrx_word' id='word_1_76' title='bbox 365 1239 487 1292; x_wconf 89' lang='lat' dir='ltr'><strong>tem</strong></span> <span class='ocrx_word' id='word_1_77' title='bbox 539 1239 755 1307; x_wconf 79' lang='lat' dir='ltr'><strong>praeter</strong></span> <span class='ocrx_word' id='word_1_78' title='bbox 803 1234 1008 1290; x_wconf 85' lang='lat' dir='ltr'><strong>sedem</strong></span> <span class='ocrx_word' id='word_1_79' title='bbox 1052 1233 1487 1307; x_wconf 89' lang='lat' dir='ltr'><strong>apostolicam:</strong></span> <span class='ocrx_word' id='word_1_80' title='bbox 1538 1232 1641 1302; x_wconf 88' lang='lat' dir='ltr'><strong>ita,</strong></span> <span class='ocrx_word' id='word_1_81' title='bbox 1681 1235 1747 1287; x_wconf 92' lang='lat' dir='ltr'><strong>ut</strong></span> <span class='ocrx_word' id='word_1_82' title='bbox 1788 1230 1902 1286; x_wconf 89' lang='lat' dir='ltr'><strong>nisi</strong></span> <span class='ocrx_word' id='word_1_83' title='bbox 1950 1230 2030 1286; x_wconf 89' lang='lat' dir='ltr'><strong>ab</strong></span> 
     </span>
    </p>
   </div>
   <div class='ocr_carea' id='block_1_12' title="bbox 365 1319 2029 1387">
    <p class='ocr_par' dir='ltr' id='par_1_12' title="bbox 365 1319 2029 1387">
     <span class='ocr_line' id='line_1_12' title="bbox 365 1319 2029 1387; baseline -0.004 -6"><span class='ocrx_word' id='word_1_84' title='bbox 365 1322 587 1381; x_wconf 85' lang='lat' dir='ltr'><strong>abbate</strong></span> <span class='ocrx_word' id='word_1_85' title='bbox 618 1322 965 1379; x_wconf 86' lang='lat' dir='ltr'><strong>monasterii</strong></span> <span class='ocrx_word' id='word_1_86' title='bbox 1009 1322 1187 1379; x_wconf 87' lang='lat' dir='ltr'><strong>fuerit</strong></span> <span class='ocrx_word' id='word_1_87' title='bbox 1224 1322 1530 1387; x_wconf 83' lang='lat' dir='ltr'><strong>invitatus,</strong></span> <span class='ocrx_word' id='word_1_88' title='bbox 1563 1336 1673 1376; x_wconf 91' lang='lat' dir='ltr'><strong>nec</strong></span> <span class='ocrx_word' id='word_1_89' title='bbox 1702 1319 2029 1375; x_wconf 90' lang='lat' dir='ltr'><strong>missarum</strong></span> 
     </span>
    </p>
   </div>
   <div class='ocr_carea' id='block_1_13' title="bbox 363 1408 2029 1485">
    <p class='ocr_par' dir='ltr' id='par_1_13' title="bbox 363 1408 2029 1485">
     <span class='ocr_line' id='line_1_13' title="bbox 363 1408 2029 1485; baseline -0.002 -17"><span class='ocrx_word' id='word_1_90' title='bbox 363 1411 590 1468; x_wconf 87' lang='lat' dir='ltr'><strong>ibidem</strong></span> <span class='ocrx_word' id='word_1_91' title='bbox 620 1410 1060 1467; x_wconf 88' lang='lat' dir='ltr'><strong>solemnitatem</strong></span> <span class='ocrx_word' id='word_1_92' title='bbox 1090 1412 1395 1484; x_wconf 90' lang='lat' dir='ltr'><strong>quispiam</strong></span> <span class='ocrx_word' id='word_1_93' title='bbox 1426 1414 1754 1485; x_wconf 84' lang='lat' dir='ltr'><strong>praesumat</strong></span> <span class='ocrx_word' id='word_1_94' title='bbox 1781 1408 2029 1465; x_wconf 89' lang='lat' dir='ltr'><strong>omnino</strong></span> 
     </span>
    </p>
   </div>
   <div class='ocr_carea' id='block_1_14' title="bbox 365 1499 2029 1575">
    <p class='ocr_par' dir='ltr' id='par_1_14' title="bbox 365 1499 2029 1575">
     <span class='ocr_line' id='line_1_14' title="bbox 365 1499 2029 1575; baseline -0.002 -17"><span class='ocrx_word' id='word_1_95' title='bbox 365 1501 691 1572; x_wconf 88' lang='lat' dir='ltr'><strong>celebrare,</strong></span> <span class='ocrx_word' id='word_1_96' title='bbox 723 1507 786 1558; x_wconf 89' lang='lat' dir='ltr'><strong>ut</strong></span> <span class='ocrx_word' id='word_1_97' title='bbox 833 1502 1101 1575; x_wconf 85' lang='lat' dir='ltr'><strong>profecto</strong></span> <span class='ocrx_word' id='word_1_98' title='bbox 1141 1501 1313 1573; x_wconf 82' lang='lat' dir='ltr'><strong>juxta</strong></span> <span class='ocrx_word' id='word_1_99' title='bbox 1367 1500 1431 1557; x_wconf 93' lang='lat' dir='ltr'><strong>id</strong></span> <span class='ocrx_word' id='word_1_100' title='bbox 1483 1499 1651 1574; x_wconf 87' lang='lat' dir='ltr'><strong>quod</strong></span> <span class='ocrx_word' id='word_1_101' title='bbox 1691 1499 2029 1570; x_wconf 90' lang='lat' dir='ltr'><strong>subjectum</strong></span> 
     </span>
    </p>
   </div>
   <div class='ocr_carea' id='block_1_15' title="bbox 364 1588 2033 1664">
    <p class='ocr_par' dir='ltr' id='par_1_15' title="bbox 364 1588 2033 1664">
     <span class='ocr_line' id='line_1_15' title="bbox 364 1588 2033 1664; baseline -0.003 -16"><span class='ocrx_word' id='word_1_102' title='bbox 364 1589 711 1664; x_wconf 66' lang='lat' dir='ltr'><strong>apostolicae</strong></span> <span class='ocrx_word' id='word_1_103' title='bbox 737 1590 862 1646; x_wconf 90' lang='lat' dir='ltr'><strong>sedi</strong></span> <span class='ocrx_word' id='word_1_104' title='bbox 892 1590 1168 1647; x_wconf 88' lang='lat' dir='ltr'><strong>ﬁrmitate</strong></span> <span class='ocrx_word' id='word_1_105' title='bbox 1200 1589 1491 1664; x_wconf 84' lang='lat' dir='ltr'><strong>privilegii</strong></span> <span class='ocrx_word' id='word_1_106' title='bbox 1506 1588 1793 1655; x_wconf 91' lang='lat' dir='ltr'><strong>consistit,</strong></span> <span class='ocrx_word' id='word_1_107' title='bbox 1825 1588 2033 1644; x_wconf 89' lang='lat' dir='ltr'><strong>incon-</strong></span> 
     </span>
    </p>
   </div>
   <div class='ocr_carea' id='block_1_16' title="bbox 365 1677 2029 1753">
    <p class='ocr_par' dir='ltr' id='par_1_16' title="bbox 365 1677 2029 1753">
     <span class='ocr_line' id='line_1_16' title="bbox 365 1677 2029 1753; baseline -0.002 -18"><span class='ocrx_word' id='word_1_108' title='bbox 365 1695 539 1736; x_wconf 89' lang='lat' dir='ltr'><strong>cusse</strong></span> <span class='ocrx_word' id='word_1_109' title='bbox 579 1678 854 1735; x_wconf 88' lang='lat' dir='ltr'><strong>dotatum</strong></span> <span class='ocrx_word' id='word_1_110' title='bbox 904 1683 1257 1753; x_wconf 87' lang='lat' dir='ltr'><strong>permaneat</strong></span> <span class='ocrx_word' id='word_1_111' title='bbox 1298 1678 1445 1735; x_wconf 92' lang='lat' dir='ltr'><strong>locis</strong></span> <span class='ocrx_word' id='word_1_112' title='bbox 1474 1683 1531 1734; x_wconf 89' lang='lat' dir='ltr'><strong>et</strong></span> <span class='ocrx_word' id='word_1_113' title='bbox 1558 1677 1759 1743; x_wconf 90' lang='lat' dir='ltr'><strong>rebus,</strong></span> <span class='ocrx_word' id='word_1_114' title='bbox 1792 1680 1916 1733; x_wconf 88' lang='lat' dir='ltr'><strong>tam</strong></span> <span class='ocrx_word' id='word_1_115' title='bbox 1945 1677 2029 1733; x_wconf 90' lang='lat' dir='ltr'><strong>eis</strong></span> 
     </span>
    </p>
   </div>
   <div class='ocr_carea' id='block_1_17' title="bbox 2134 603 3800 682">
    <p class='ocr_par' dir='ltr' id='par_1_17' title="bbox 2134 603 3800 682">
     <span class='ocr_line' id='line_1_17' title="bbox 2134 603 3800 682; baseline -0.004 -17"><span class='ocrx_word' id='word_1_116' title='bbox 2134 609 2423 682; x_wconf 81' lang='lat' dir='ltr'><strong>paginam</strong></span> <span class='ocrx_word' id='word_1_117' title='bbox 2472 614 2538 665; x_wconf 90' lang='lat' dir='ltr'><strong>ut</strong></span> <span class='ocrx_word' id='word_1_118' title='bbox 2580 608 2928 681; x_wconf 89' lang='lat' dir='ltr'><strong>quicunque</strong></span> <span class='ocrx_word' id='word_1_119' title='bbox 2981 604 3304 677; x_wconf 88' lang='lat' dir='ltr'><strong>cujuslibet</strong></span> <span class='ocrx_word' id='word_1_120' title='bbox 3347 603 3619 660; x_wconf 66' lang='lat' dir='ltr'><strong>Ecclesiae</strong></span> <span class='ocrx_word' id='word_1_121' title='bbox 3649 618 3800 675; x_wconf 66' lang='lat' dir='ltr'><strong>prte-</strong></span> 
     </span>
    </p>
   </div>
   <div class='ocr_carea' id='block_1_18' title="bbox 2136 694 3802 772">
    <p class='ocr_par' dir='ltr' id='par_1_18' title="bbox 2136 694 3802 772">
     <span class='ocr_line' id='line_1_18' title="bbox 2136 694 3802 772; baseline -0.002 -18"><span class='ocrx_word' id='word_1_122' title='bbox 2136 698 2248 765; x_wconf 91' lang='lat' dir='ltr'><strong>sul,</strong></span> <span class='ocrx_word' id='word_1_123' title='bbox 2307 698 2402 755; x_wconf 89' lang='lat' dir='ltr'><strong>vel</strong></span> <span class='ocrx_word' id='word_1_124' title='bbox 2451 713 2817 772; x_wconf 89' lang='lat' dir='ltr'><strong>quacunque</strong></span> <span class='ocrx_word' id='word_1_125' title='bbox 2866 696 3154 766; x_wconf 81' lang='lat' dir='ltr'><strong>dignitate</strong></span> <span class='ocrx_word' id='word_1_126' title='bbox 3218 694 3470 768; x_wconf 64' lang='lat' dir='ltr'><strong>praedita</strong></span> <span class='ocrx_word' id='word_1_127' title='bbox 3533 708 3802 767; x_wconf 87' lang='lat' dir='ltr'><strong>persona</strong></span> 
     </span>
    </p>
   </div>
   <div class='ocr_carea' id='block_1_19' title="bbox 2134 782 3804 861">
    <p class='ocr_par' dir='ltr' id='par_1_19' title="bbox 2134 782 3804 861">
     <span class='ocr_line' id='line_1_19' title="bbox 2134 782 3804 861; baseline -0.002 -18"><span class='ocrx_word' id='word_1_128' title='bbox 2134 788 2294 844; x_wconf 91' lang='lat' dir='ltr'><strong>hanc</strong></span> <span class='ocrx_word' id='word_1_129' title='bbox 2322 793 2591 844; x_wconf 87' lang='lat' dir='ltr'><strong>nostram</strong></span> <span class='ocrx_word' id='word_1_130' title='bbox 2620 786 2913 861; x_wconf 84' lang='lat' dir='ltr'><strong>privilegii</strong></span> <span class='ocrx_word' id='word_1_131' title='bbox 2940 787 3232 852; x_wconf 89' lang='lat' dir='ltr'><strong>chartam,</strong></span> <span class='ocrx_word' id='word_1_132' title='bbox 3264 799 3450 857; x_wconf 90' lang='lat' dir='ltr'><strong>quam</strong></span> <span class='ocrx_word' id='word_1_133' title='bbox 3481 782 3804 840; x_wconf 87' lang='lat' dir='ltr'><strong>auctorita-</strong></span> 
     </span>
    </p>
   </div>
   <div class='ocr_carea' id='block_1_20' title="bbox 2134 874 3803 950">
    <p class='ocr_par' dir='ltr' id='par_1_20' title="bbox 2134 874 3803 950">
     <span class='ocr_line' id='line_1_20' title="bbox 2134 874 3803 950; baseline -0.002 -17"><span class='ocrx_word' id='word_1_134' title='bbox 2134 880 2191 934; x_wconf 91' lang='lat' dir='ltr'><strong>te</strong></span> <span class='ocrx_word' id='word_1_135' title='bbox 2216 877 2504 950; x_wconf 88' lang='lat' dir='ltr'><strong>principis</strong></span> <span class='ocrx_word' id='word_1_136' title='bbox 2533 876 2947 950; x_wconf 83' lang='lat' dir='ltr'><strong>apostolorum</strong></span> <span class='ocrx_word' id='word_1_137' title='bbox 2980 874 3315 940; x_wconf 89' lang='lat' dir='ltr'><strong>ﬁrmamus,</strong></span> <span class='ocrx_word' id='word_1_138' title='bbox 3347 877 3638 929; x_wconf 88' lang='lat' dir='ltr'><strong>temerare</strong></span> <span class='ocrx_word' id='word_1_139' title='bbox 3668 875 3803 929; x_wconf 87' lang='lat' dir='ltr'><strong>ten-</strong></span> 
     </span>
    </p>
   </div>
   <div class='ocr_carea' id='block_1_21' title="bbox 2137 963 3806 1035">
    <p class='ocr_par' dir='ltr' id='par_1_21' title="bbox 2137 963 3806 1035">
     <span class='ocr_line' id='line_1_21' title="bbox 2137 963 3806 1035; baseline -0.003 -13"><span class='ocrx_word' id='word_1_140' title='bbox 2137 967 2365 1035; x_wconf 89' lang='lat' dir='ltr'><strong>taverit,</strong></span> <span class='ocrx_word' id='word_1_141' title='bbox 2397 967 2720 1023; x_wconf 86' lang='lat' dir='ltr'><strong>anathema</strong></span> <span class='ocrx_word' id='word_1_142' title='bbox 2751 966 2843 1032; x_wconf 92' lang='lat' dir='ltr'><strong>sit,</strong></span> <span class='ocrx_word' id='word_1_143' title='bbox 2868 969 2924 1021; x_wconf 88' lang='lat' dir='ltr'><strong>et</strong></span> <span class='ocrx_word' id='word_1_144' title='bbox 2939 964 3094 1020; x_wconf 89' lang='lat' dir='ltr'><strong>iram</strong></span> <span class='ocrx_word' id='word_1_145' title='bbox 3119 963 3215 1019; x_wconf 92' lang='lat' dir='ltr'><strong>Dei</strong></span> <span class='ocrx_word' id='word_1_146' title='bbox 3239 963 3548 1019; x_wconf 88' lang='lat' dir='ltr'><strong>incurrens</strong></span> <span class='ocrx_word' id='word_1_147' title='bbox 3579 976 3617 1017; x_wconf 89' lang='lat' dir='ltr'><strong>a</strong></span> <span class='ocrx_word' id='word_1_148' title='bbox 3643 966 3806 1018; x_wconf 64' lang='lat' dir='ltr'><strong>coetu</strong></span> 
     </span>
    </p>
   </div>
   <div class='ocr_carea' id='block_1_22' title="bbox 2136 1050 3809 1119">
    <p class='ocr_par' dir='ltr' id='par_1_22' title="bbox 2136 1050 3809 1119">
     <span class='ocr_line' id='line_1_22' title="bbox 2136 1050 3809 1119; baseline -0.002 -7"><span class='ocrx_word' id='word_1_149' title='bbox 2136 1056 2410 1112; x_wconf 91' lang='lat' dir='ltr'><strong>omnium</strong></span> <span class='ocrx_word' id='word_1_150' title='bbox 2458 1060 2803 1112; x_wconf 88' lang='lat' dir='ltr'><strong>sanctorum</strong></span> <span class='ocrx_word' id='word_1_151' title='bbox 2843 1054 3094 1110; x_wconf 85' lang='lat' dir='ltr'><strong>extorris</strong></span> <span class='ocrx_word' id='word_1_152' title='bbox 3149 1053 3380 1119; x_wconf 82' lang='lat' dir='ltr'><strong>existat,</strong></span> <span class='ocrx_word' id='word_1_153' title='bbox 3413 1055 3471 1107; x_wconf 90' lang='lat' dir='ltr'><strong>et</strong></span> <span class='ocrx_word' id='word_1_154' title='bbox 3499 1050 3809 1108; x_wconf 86' lang='lat' dir='ltr'><strong>nihilomi-</strong></span> 
     </span>
    </p>
   </div>
   <div class='ocr_carea' id='block_1_23' title="bbox 2136 1139 3809 1218">
    <p class='ocr_par' dir='ltr' id='par_1_23' title="bbox 2136 1139 3809 1218">
     <span class='ocr_line' id='line_1_23' title="bbox 2136 1139 3809 1218; baseline -0.002 -17"><span class='ocrx_word' id='word_1_155' title='bbox 2136 1160 2252 1201; x_wconf 91' lang='lat' dir='ltr'><strong>nus</strong></span> <span class='ocrx_word' id='word_1_156' title='bbox 2300 1144 2531 1218; x_wconf 68' lang='lat' dir='ltr'><strong>praafati</strong></span> <span class='ocrx_word' id='word_1_157' title='bbox 2582 1142 2928 1200; x_wconf 84' lang='lat' dir='ltr'><strong>monasterii</strong></span> <span class='ocrx_word' id='word_1_158' title='bbox 2966 1142 3227 1213; x_wconf 84' lang='lat' dir='ltr'><strong>dignitas</strong></span> <span class='ocrx_word' id='word_1_159' title='bbox 3274 1157 3311 1198; x_wconf 89' lang='lat' dir='ltr'><strong>a</strong></span> <span class='ocrx_word' id='word_1_160' title='bbox 3338 1140 3515 1197; x_wconf 88' lang='lat' dir='ltr'><strong>nobis</strong></span> <span class='ocrx_word' id='word_1_161' title='bbox 3564 1139 3809 1197; x_wconf 89' lang='lat' dir='ltr'><strong>indulta</strong></span> 
     </span>
    </p>
   </div>
   <div class='ocr_carea' id='block_1_24' title="bbox 2133 1228 3809 1308">
    <p class='ocr_par' dir='ltr' id='par_1_24' title="bbox 2133 1228 3809 1308">
     <span class='ocr_line' id='line_1_24' title="bbox 2133 1228 3809 1308; baseline -0.003 -18"><span class='ocrx_word' id='word_1_162' title='bbox 2133 1234 2556 1308; x_wconf 82' lang='lat' dir='ltr'><strong>perpetualiter</strong></span> <span class='ocrx_word' id='word_1_163' title='bbox 2594 1232 2877 1290; x_wconf 90' lang='lat' dir='ltr'><strong>inviolata</strong></span> <span class='ocrx_word' id='word_1_164' title='bbox 2926 1234 3282 1306; x_wconf 88' lang='lat' dir='ltr'><strong>permaneat</strong></span> <span class='ocrx_word' id='word_1_165' title='bbox 3329 1228 3661 1303; x_wconf 88' lang='lat' dir='ltr'><strong>apostolica</strong></span> <span class='ocrx_word' id='word_1_166' title='bbox 3693 1245 3809 1287; x_wconf 86' lang='lat' dir='ltr'><strong>au-</strong></span> 
     </span>
    </p>
   </div>
   <div class='ocr_carea' id='block_1_25' title="bbox 2139 1322 2715 1379">
    <p class='ocr_par' dir='ltr' id='par_1_25' title="bbox 2139 1322 2715 1379">
     <span class='ocr_line' id='line_1_25' title="bbox 2139 1322 2715 1379; baseline -0.005 -2"><span class='ocrx_word' id='word_1_167' title='bbox 2139 1323 2406 1379; x_wconf 89' lang='lat' dir='ltr'><strong>ctoritate</strong></span> <span class='ocrx_word' id='word_1_168' title='bbox 2444 1322 2715 1379; x_wconf 82' lang='lat' dir='ltr'><strong>subnixa.</strong></span> 
     </span>
    </p>
   </div>
   <div class='ocr_carea' id='block_1_26' title="bbox 2209 1407 3816 1485">
    <p class='ocr_par' dir='ltr' id='par_1_26' title="bbox 2209 1407 3816 1485">
     <span class='ocr_line' id='line_1_26' title="bbox 2209 1407 3816 1485; baseline -0.004 -17"><span class='ocrx_word' id='word_1_169' title='bbox 2209 1411 2506 1485; x_wconf 87' lang='lat' dir='ltr'><strong>Scriptum</strong></span> <span class='ocrx_word' id='word_1_170' title='bbox 2535 1428 2643 1485; x_wconf 89' lang='lat' dir='ltr'><strong>per</strong></span> <span class='ocrx_word' id='word_1_171' title='bbox 2673 1426 2925 1467; x_wconf 90' lang='lat' dir='ltr'><strong>manum</strong></span> <span class='ocrx_word' id='word_1_172' title='bbox 2973 1408 3266 1466; x_wconf 78' lang='lat' dir='ltr'><strong>Zachariae</strong></span> <span class='ocrx_word' id='word_1_173' title='bbox 3313 1407 3528 1464; x_wconf 89' lang='lat' dir='ltr'><strong>notarii</strong></span> <span class='ocrx_word' id='word_1_174' title='bbox 3575 1411 3636 1464; x_wconf 92' lang='lat' dir='ltr'><strong>et</strong></span> <span class='ocrx_word' id='word_1_175' title='bbox 3664 1407 3816 1463; x_wconf 86' lang='lat' dir='ltr'><strong>scri-</strong></span> 
     </span>
    </p>
   </div>
   <div class='ocr_carea' id='block_1_27' title="bbox 2136 1497 3812 1559">
    <p class='ocr_par' dir='ltr' id='par_1_27' title="bbox 2136 1497 3812 1559">
     <span class='ocr_line' id='line_1_27' title="bbox 2136 1497 3812 1559; baseline -0.004 -1"><span class='ocrx_word' id='word_1_176' title='bbox 2136 1501 2310 1559; x_wconf 88' lang='lat' dir='ltr'><strong>niarii</strong></span> <span class='ocrx_word' id='word_1_177' title='bbox 2359 1507 2579 1557; x_wconf 64' lang='lat' dir='ltr'><strong>sancta:</strong></span> <span class='ocrx_word' id='word_1_178' title='bbox 2630 1503 2913 1557; x_wconf 72' lang='lat' dir='ltr'><strong>Romanae</strong></span> <span class='ocrx_word' id='word_1_179' title='bbox 2964 1498 3235 1555; x_wconf 80' lang='lat' dir='ltr'><strong>Ecclesiae</strong></span> <span class='ocrx_word' id='word_1_180' title='bbox 3285 1497 3346 1554; x_wconf 91' lang='lat' dir='ltr'><strong>in</strong></span> <span class='ocrx_word' id='word_1_181' title='bbox 3384 1512 3591 1553; x_wconf 88' lang='lat' dir='ltr'><strong>mense</strong></span> <span class='ocrx_word' id='word_1_182' title='bbox 3624 1498 3812 1553; x_wconf 88' lang='lat' dir='ltr'><strong>Octo-</strong></span> 
     </span>
    </p>
   </div>
   <div class='ocr_carea' id='block_1_28' title="bbox 2136 1590 2907 1663">
    <p class='ocr_par' dir='ltr' id='par_1_28' title="bbox 2136 1590 2907 1663">
     <span class='ocr_line' id='line_1_28' title="bbox 2136 1590 2907 1663; baseline -0.003 -16"><span class='ocrx_word' id='word_1_183' title='bbox 2136 1590 2280 1658; x_wconf 71' lang='lat' dir='ltr'><strong>bris,</strong></span> <span class='ocrx_word' id='word_1_184' title='bbox 2312 1591 2638 1647; x_wconf 75' lang='lat' dir='ltr'><strong>indictione</strong></span> <span class='ocrx_word' id='word_1_185' title='bbox 2679 1590 2907 1663; x_wconf 90' lang='lat' dir='ltr'><strong>quinta.</strong></span> 
     </span>
    </p>
   </div>
   <div class='ocr_carea' id='block_1_29' title="bbox 2208 1674 3814 1751">
    <p class='ocr_par' dir='ltr' id='par_1_29' title="bbox 2208 1674 3814 1751">
     <span class='ocr_line' id='line_1_29' title="bbox 2208 1674 3814 1751; baseline -0.002 -15"><span class='ocrx_word' id='word_1_186' title='bbox 2208 1685 2423 1736; x_wconf 78' lang='lat' dir='ltr'><strong>Actum</strong></span> <span class='ocrx_word' id='word_1_187' title='bbox 2453 1697 2489 1735; x_wconf 85' lang='lat' dir='ltr'><strong>x</strong></span> <span class='ocrx_word' id='word_1_188' title='bbox 2520 1679 2651 1736; x_wconf 89' lang='lat' dir='ltr'><strong>Kal.</strong></span> <span class='ocrx_word' id='word_1_189' title='bbox 2686 1678 3079 1735; x_wconf 88' lang='lat' dir='ltr'><strong>Novembrias</strong></span> <span class='ocrx_word' id='word_1_190' title='bbox 3119 1692 3226 1751; x_wconf 89' lang='lat' dir='ltr'><strong>per</strong></span> <span class='ocrx_word' id='word_1_191' title='bbox 3259 1691 3510 1733; x_wconf 89' lang='lat' dir='ltr'><strong>manum</strong></span> <span class='ocrx_word' id='word_1_192' title='bbox 3540 1674 3814 1733; x_wconf 88' lang='lat' dir='ltr'><strong>Theotﬁ-</strong></span> 
     </span>
    </p>
   </div>
   <div class='ocr_carea' id='block_1_30' title="bbox 362 1763 3813 1856">
    <p class='ocr_par' dir='ltr' id='par_1_30' title="bbox 362 1763 3813 1856">
     <span class='ocr_line' id='line_1_30' title="bbox 362 1763 3813 1856; baseline -0.002 -32"><span class='ocrx_word' id='word_1_193' title='bbox 362 1784 521 1842; x_wconf 88' lang='lat' dir='ltr'><strong>quas</strong></span> <span class='ocrx_word' id='word_1_194' title='bbox 548 1768 842 1825; x_wconf 90' lang='lat' dir='ltr'><strong>moderno</strong></span> <span class='ocrx_word' id='word_1_195' title='bbox 889 1774 1157 1841; x_wconf 89' lang='lat' dir='ltr'><strong>tempore</strong></span> <span class='ocrx_word' id='word_1_196' title='bbox 1190 1772 1347 1824; x_wconf 90' lang='lat' dir='ltr'><strong>tenet</strong></span> <span class='ocrx_word' id='word_1_197' title='bbox 1382 1767 1478 1825; x_wconf 90' lang='lat' dir='ltr'><strong>vel</strong></span> <span class='ocrx_word' id='word_1_198' title='bbox 1522 1766 1807 1842; x_wconf 90' lang='lat' dir='ltr'><strong>possidet,</strong></span> <span class='ocrx_word' id='word_1_199' title='bbox 1839 1782 2027 1839; x_wconf 78' lang='lat' dir='ltr'><strong>quam</strong></span> <span class='ocrx_word' id='word_1_200' title='bbox 2059 1803 2099 1856; x_wconf 78' lang='grc' dir='ltr'>Β</span> <span class='ocrx_word' id='word_1_201' title='bbox 2135 1768 2293 1835; x_wconf 89' lang='lat' dir='ltr'><strong>lacti,</strong></span> <span class='ocrx_word' id='word_1_202' title='bbox 2326 1767 2716 1824; x_wconf 89' lang='lat' dir='ltr'><strong>secundicerii</strong></span> <span class='ocrx_word' id='word_1_203' title='bbox 2752 1772 2971 1823; x_wconf 80' lang='lat' dir='ltr'><strong>sanctae</strong></span> <span class='ocrx_word' id='word_1_204' title='bbox 3025 1764 3182 1821; x_wconf 89' lang='lat' dir='ltr'><strong>sedis</strong></span> <span class='ocrx_word' id='word_1_205' title='bbox 3212 1763 3577 1838; x_wconf 77' lang='lat' dir='ltr'><strong>apostolicae,</strong></span> <span class='ocrx_word' id='word_1_206' title='bbox 3605 1763 3813 1856; x_wconf 83' lang='lat' dir='ltr'><strong>impe-</strong></span> 
     </span>
    </p>
   </div>
   <div class='ocr_carea' id='block_1_31' title="bbox 365 1853 3814 1931">
    <p class='ocr_par' dir='ltr' id='par_1_31' title="bbox 365 1853 3814 1931">
     <span class='ocr_line' id='line_1_31' title="bbox 365 1853 3814 1931; baseline -0.001 -17"><span class='ocrx_word' id='word_1_207' title='bbox 365 1872 502 1931; x_wconf 74' lang='lat' dir='ltr'><strong>qute</strong></span> <span class='ocrx_word' id='word_1_208' title='bbox 530 1856 743 1913; x_wconf 90' lang='lat' dir='ltr'><strong>futuris</strong></span> <span class='ocrx_word' id='word_1_209' title='bbox 793 1857 1166 1931; x_wconf 88' lang='lat' dir='ltr'><strong>temporibus</strong></span> <span class='ocrx_word' id='word_1_210' title='bbox 1197 1857 1259 1913; x_wconf 91' lang='lat' dir='ltr'><strong>in</strong></span> <span class='ocrx_word' id='word_1_211' title='bbox 1284 1858 1419 1928; x_wconf 79' lang='lat' dir='ltr'><strong>jure</strong></span> <span class='ocrx_word' id='word_1_212' title='bbox 1464 1856 1651 1929; x_wconf 87' lang='lat' dir='ltr'><strong>ipsius</strong></span> <span class='ocrx_word' id='word_1_213' title='bbox 1683 1856 2028 1912; x_wconf 89' lang='lat' dir='ltr'><strong>monasterii</strong></span> <span class='ocrx_word' id='word_1_214' title='bbox 2061 1853 2090 1856; x_wconf 61' lang='grc'><strong><em>”</em></strong></span> <span class='ocrx_word' id='word_1_215' title='bbox 2136 1862 2304 1914; x_wconf 89' lang='lat' dir='ltr'><strong>rante</strong></span> <span class='ocrx_word' id='word_1_216' title='bbox 2333 1856 2562 1913; x_wconf 90' lang='lat' dir='ltr'><strong>domno</strong></span> <span class='ocrx_word' id='word_1_217' title='bbox 2592 1856 2862 1930; x_wconf 83' lang='lat' dir='ltr'><strong>piissimo</strong></span> <span class='ocrx_word' id='word_1_218' title='bbox 2912 1860 3271 1929; x_wconf 82' lang='lat' dir='ltr'><strong>perpetuum</strong></span> <span class='ocrx_word' id='word_1_219' title='bbox 3302 1857 3574 1923; x_wconf 83' lang='lat' dir='ltr'><strong>Angusto</strong></span> <span class='ocrx_word' id='word_1_220' title='bbox 3605 1853 3814 1909; x_wconf 87' lang='lat' dir='ltr'><strong>Ludo-</strong></span> 
     </span>
    </p>
   </div>
   <div class='ocr_carea' id='block_1_32' title="bbox 366 1945 2030 2019">
    <p class='ocr_par' dir='ltr' id='par_1_32' title="bbox 366 1945 2030 2019">
     <span class='ocr_line' id='line_1_32' title="bbox 366 1945 2030 2019; baseline -0.001 -16"><span class='ocrx_word' id='word_1_221' title='bbox 366 1945 574 2003; x_wconf 86' lang='lat' dir='ltr'><strong>divina</strong></span> <span class='ocrx_word' id='word_1_222' title='bbox 598 1946 787 2019; x_wconf 85' lang='lat' dir='ltr'><strong>pietas</strong></span> <span class='ocrx_word' id='word_1_223' title='bbox 823 1947 1077 2004; x_wconf 89' lang='lat' dir='ltr'><strong>voluerit</strong></span> <span class='ocrx_word' id='word_1_224' title='bbox 1126 1963 1347 2017; x_wconf 87' lang='lat' dir='ltr'><strong>augere</strong></span> <span class='ocrx_word' id='word_1_225' title='bbox 1378 1962 1451 2003; x_wconf 82' lang='lat' dir='ltr'><strong>ex</strong></span> <span class='ocrx_word' id='word_1_226' title='bbox 1479 1946 1655 2002; x_wconf 90' lang='lat' dir='ltr'><strong>donis</strong></span> <span class='ocrx_word' id='word_1_227' title='bbox 1686 1951 1742 2002; x_wconf 90' lang='lat' dir='ltr'><strong>et</strong></span> <span class='ocrx_word' id='word_1_228' title='bbox 1780 1945 2030 2002; x_wconf 89' lang='lat' dir='ltr'><strong>oblatio-</strong></span> 
     </span>
    </p>
   </div>
   <div class='ocr_carea' id='block_1_33' title="bbox 366 2034 2027 2109">
    <p class='ocr_par' dir='ltr' id='par_1_33' title="bbox 366 2034 2027 2109">
     <span class='ocr_line' id='line_1_33' title="bbox 366 2034 2027 2109; baseline 0.001 -18"><span class='ocrx_word' id='word_1_229' title='bbox 366 2034 548 2092; x_wconf 88' lang='lat' dir='ltr'><strong>nibus</strong></span> <span class='ocrx_word' id='word_1_230' title='bbox 571 2035 941 2109; x_wconf 84' lang='lat' dir='ltr'><strong>decimisque</strong></span> <span class='ocrx_word' id='word_1_231' title='bbox 969 2035 1241 2093; x_wconf 89' lang='lat' dir='ltr'><strong>ﬁdelium</strong></span> <span class='ocrx_word' id='word_1_232' title='bbox 1287 2035 1519 2109; x_wconf 83' lang='lat' dir='ltr'><strong>absque</strong></span> <span class='ocrx_word' id='word_1_233' title='bbox 1548 2034 1728 2091; x_wconf 89' lang='lat' dir='ltr'><strong>ullius</strong></span> <span class='ocrx_word' id='word_1_234' title='bbox 1756 2050 2027 2108; x_wconf 70' lang='lat' dir='ltr'><strong>personae</strong></span> 
     </span>
    </p>
   </div>
   <div class='ocr_carea' id='block_1_34' title="bbox 2136 1941 3813 2018">
    <p class='ocr_par' dir='ltr' id='par_1_34' title="bbox 2136 1941 3813 2018">
     <span class='ocr_line' id='line_1_34' title="bbox 2136 1941 3813 2018; baseline -0.003 -15"><span class='ocrx_word' id='word_1_235' title='bbox 2136 1947 2269 2003; x_wconf 89' lang='lat' dir='ltr'><strong>vico</strong></span> <span class='ocrx_word' id='word_1_236' title='bbox 2294 1962 2331 2003; x_wconf 90' lang='lat' dir='ltr'><strong>a</strong></span> <span class='ocrx_word' id='word_1_237' title='bbox 2359 1947 2477 2002; x_wconf 93' lang='lat' dir='ltr'><strong>Deo</strong></span> <span class='ocrx_word' id='word_1_238' title='bbox 2503 1950 2811 2018; x_wconf 88' lang='lat' dir='ltr'><strong>coronato,</strong></span> <span class='ocrx_word' id='word_1_239' title='bbox 2848 1960 3093 2016; x_wconf 85' lang='lat' dir='ltr'><strong>magno,</strong></span> <span class='ocrx_word' id='word_1_240' title='bbox 3127 1942 3381 2017; x_wconf 86' lang='lat' dir='ltr'><strong>paciﬁco</strong></span> <span class='ocrx_word' id='word_1_241' title='bbox 3411 1941 3813 2016; x_wconf 86' lang='lat' dir='ltr'><strong>imperatore,</strong></span> 
     </span>
    </p>
   </div>
   <div class='ocr_carea' id='block_1_35' title="bbox 2136 2035 2722 2109">
    <p class='ocr_par' dir='ltr' id='par_1_35' title="bbox 2136 2035 2722 2109">
     <span class='ocr_line' id='line_1_35' title="bbox 2136 2035 2722 2109; baseline -0.002 -18"><span class='ocrx_word' id='word_1_242' title='bbox 2136 2035 2460 2092; x_wconf 88' lang='lat' dir='ltr'><strong>indictione</strong></span> <span class='ocrx_word' id='word_1_243' title='bbox 2490 2035 2722 2109; x_wconf 89' lang='lat' dir='ltr'><strong>quinta.</strong></span> 
     </span>
    </p>
   </div>
   <div class='ocr_carea' id='block_1_36' title="bbox 375 2156 3800 2189">
    <p class='ocr_par' dir='ltr' id='par_1_36' title="bbox 375 2156 3800 2189">
     <span class='ocr_line' id='line_1_36' title="bbox 375 2156 3800 2189; baseline 0 -2"><span class='ocrx_word' id='word_1_244' title='bbox 375 2156 3800 2189; x_wconf 49' lang='lat' dir='ltr'><strong>nam</strong></span> 
     </span>
    </p>
   </div>
   <div class='ocr_carea' id='block_1_37' title="bbox 1759 2272 2424 2313">
    <p class='ocr_par' dir='ltr' id='par_1_37' title="bbox 1759 2272 2424 2313">
     <span class='ocr_line' id='line_1_37' title="bbox 1759 2272 2424 2313; baseline 0.002 -2"><span class='ocrx_word' id='word_1_245' title='bbox 1759 2272 1904 2313; x_wconf 74' lang='lat' dir='ltr'><strong>ANNO</strong></span> <span class='ocrx_word' id='word_1_246' title='bbox 1942 2272 2135 2313; x_wconf 69' lang='lat' dir='ltr'><strong>DOIINI</strong></span> <span class='ocrx_word' id='word_1_247' title='bbox 2173 2272 2424 2313; x_wconf 79' lang='lat' dir='ltr'><strong>DCCCLIX.</strong></span> 
     </span>
    </p>
   </div>
   <div class='ocr_carea' id='block_1_38' title="bbox 875 2386 3304 2537">
    <p class='ocr_par' dir='ltr' id='par_1_38' title="bbox 875 2386 3304 2537">
     <span class='ocr_line' id='line_1_38' title="bbox 875 2386 3304 2537; baseline -0.002 -4"><span class='ocrx_word' id='word_1_248' title='bbox 875 2388 1938 2536; x_wconf 64' lang='lat' dir='ltr'><strong>SANCTE‘S</strong></span> <span class='ocrx_word' id='word_1_249' title='bbox 2103 2386 3304 2537; x_wconf 83' lang='lat' dir='ltr'><strong>EULOGIUS</strong></span> 
     </span>
    </p>
   </div>
   <div class='ocr_carea' id='block_1_39' title="bbox 1324 2610 2835 2669">
    <p class='ocr_par' dir='ltr' id='par_1_39' title="bbox 1324 2610 2835 2669">
     <span class='ocr_line' id='line_1_39' title="bbox 1324 2610 2835 2669; baseline 0.001 -4"><span class='ocrx_word' id='word_1_250' title='bbox 1324 2610 1922 2669; x_wconf 81' lang='lat' dir='ltr'><strong>ARCHIEPISCOPUS</strong></span> <span class='ocrx_word' id='word_1_251' title='bbox 1961 2611 2373 2668; x_wconf 80' lang='lat' dir='ltr'><strong>TOLETANUS</strong></span> <span class='ocrx_word' id='word_1_252' title='bbox 2411 2614 2497 2668; x_wconf 85' lang='lat' dir='ltr'><strong>ET</strong></span> <span class='ocrx_word' id='word_1_253' title='bbox 2533 2613 2835 2669; x_wconf 82' lang='lat' dir='ltr'><strong>MARTYR.</strong></span> 
     </span>
    </p>
   </div>
   <div class='ocr_carea' id='block_1_40' title="bbox 695 2732 3477 2808">
    <p class='ocr_par' dir='ltr' id='par_1_40' title="bbox 695 2732 3477 2808">
     <span class='ocr_line' id='line_1_40' title="bbox 695 2732 3477 2808; baseline 0 -19"><span class='ocrx_word' id='word_1_254' title='bbox 695 2735 894 2801; x_wconf 81' lang='lat' dir='ltr'><strong>(Juxta</strong></span> <span class='ocrx_word' id='word_1_255' title='bbox 922 2732 1248 2791; x_wconf 89' lang='lat' dir='ltr'><strong>editionem</strong></span> <span class='ocrx_word' id='word_1_256' title='bbox 1278 2732 1574 2790; x_wconf 88' lang='lat' dir='ltr'><strong>Francisci</strong></span> <span class='ocrx_word' id='word_1_257' title='bbox 1601 2732 1678 2791; x_wconf 89' lang='lat' dir='ltr'><strong>de</strong></span> <span class='ocrx_word' id='word_1_258' title='bbox 1707 2735 2070 2797; x_wconf 85' lang='lat' dir='ltr'><strong>Lorenzana,</strong></span> <span class='ocrx_word' id='word_1_259' title='bbox 2102 2733 2537 2808; x_wconf 87' lang='lat' dir='ltr'><strong>archiepiscopi</strong></span> <span class='ocrx_word' id='word_1_260' title='bbox 2569 2732 2861 2803; x_wconf 88' lang='lat' dir='ltr'><strong>Toletani,</strong></span> <span class='ocrx_word' id='word_1_261' title='bbox 2893 2734 3047 2791; x_wconf 89' lang='lat' dir='ltr'><strong>Patr.</strong></span> <span class='ocrx_word' id='word_1_262' title='bbox 3084 2733 3235 2790; x_wconf 92' lang='lat' dir='ltr'><strong>Eccl.</strong></span> <span class='ocrx_word' id='word_1_263' title='bbox 3268 2733 3477 2807; x_wconf 76' lang='lat' dir='ltr'><strong>Tolet.)</strong></span> 
     </span>
    </p>
   </div>
   <div class='ocr_carea' id='block_1_41' title="bbox 1378 2961 2770 3052">
    <p class='ocr_par' dir='ltr' id='par_1_41' title="bbox 1378 2961 2770 3052">
     <span class='ocr_line' id='line_1_41' title="bbox 1378 2961 2770 3052; baseline -0.002 0"><span class='ocrx_word' id='word_1_264' title='bbox 1378 2961 1886 3052; x_wconf 83' lang='lat' dir='ltr'><strong>MONITUM</strong></span> <span class='ocrx_word' id='word_1_265' title='bbox 1947 2962 2091 3048; x_wconf 87' lang='lat' dir='ltr'><strong>AD</strong></span> <span class='ocrx_word' id='word_1_266' title='bbox 2150 2961 2770 3051; x_wconf 79' lang='lat' dir='ltr'><strong>LECTOREM.</strong></span> 
     </span>
    </p>
   </div>
   <div class='ocr_carea' id='block_1_42' title="bbox 441 3205 3811 3278">
    <p class='ocr_par' dir='ltr' id='par_1_42' title="bbox 441 3205 3811 3278">
     <span class='ocr_line' id='line_1_42' title="bbox 441 3205 3811 3278; baseline 0.002 -19"><span class='ocrx_word' id='word_1_267' title='bbox 441 3205 802 3278; x_wconf 68' lang='lat' dir='ltr'><strong>sanctorum</strong></span> <span class='ocrx_word' id='word_1_268' title='bbox 852 3208 1190 3265; x_wconf 82' lang='lat' dir='ltr'><strong>antistitum</strong></span> <span class='ocrx_word' id='word_1_269' title='bbox 1235 3208 1656 3265; x_wconf 87' lang='lat' dir='ltr'><strong>Toletanorum</strong></span> <span class='ocrx_word' id='word_1_270' title='bbox 1704 3208 1899 3278; x_wconf 83' lang='lat' dir='ltr'><strong>Opera</strong></span> <span class='ocrx_word' id='word_1_271' title='bbox 1951 3208 2024 3278; x_wconf 89' lang='lat' dir='ltr'><strong>(a)</strong></span> <span class='ocrx_word' id='word_1_272' title='bbox 2056 3207 2098 3261; x_wconf 92' lang='lat' dir='ltr'>C</span> <span class='ocrx_word' id='word_1_273' title='bbox 2137 3208 2693 3265; x_wconf 87' lang='lat' dir='ltr'><strong>Ecclesiasticorum</strong></span> <span class='ocrx_word' id='word_1_274' title='bbox 2751 3222 2978 3277; x_wconf 88' lang='lat' dir='ltr'><strong>parens</strong></span> <span class='ocrx_word' id='word_1_275' title='bbox 3042 3209 3366 3275; x_wconf 86' lang='lat' dir='ltr'><strong>Baronius,</strong></span> <span class='ocrx_word' id='word_1_276' title='bbox 3430 3208 3547 3264; x_wconf 87' lang='lat' dir='ltr'><strong>sibi</strong></span> <span class='ocrx_word' id='word_1_277' title='bbox 3611 3210 3811 3267; x_wconf 79' lang='lat' dir='ltr'><strong>videri</strong></span> 
     </span>
    </p>
   </div>
   <div class='ocr_carea' id='block_1_43' title="bbox 376 3275 2025 3351">
    <p class='ocr_par' dir='ltr' id='par_1_43' title="bbox 376 3275 2025 3351">
     <span class='ocr_line' id='line_1_43' title="bbox 376 3275 2025 3351; baseline 0.003 -21"><span class='ocrx_word' id='word_1_278' title='bbox 376 3275 444 3351; x_wconf 74' lang='grc' dir='ltr'><strong>ζ).</strong></span> <span class='ocrx_word' id='word_1_279' title='bbox 476 3275 725 3351; x_wconf 67' lang='lat' dir='ltr'><strong>Eulogii</strong></span> <span class='ocrx_word' id='word_1_280' title='bbox 750 3279 977 3351; x_wconf 89' lang='lat' dir='ltr'><strong>scripta</strong></span> <span class='ocrx_word' id='word_1_281' title='bbox 1006 3281 1217 3351; x_wconf 82' lang='lat' dir='ltr'><strong>merito</strong></span> <span class='ocrx_word' id='word_1_282' title='bbox 1259 3286 1613 3351; x_wconf 85' lang='lat' dir='ltr'><strong>sequuntur,</strong></span> <span class='ocrx_word' id='word_1_283' title='bbox 1646 3275 1763 3351; x_wconf 82' lang='lat' dir='ltr'><strong>qui</strong></span> <span class='ocrx_word' id='word_1_284' title='bbox 1777 3275 2025 3335; x_wconf 82' lang='lat' dir='ltr'><strong>illorum</strong></span> 
     </span>
    </p>
   </div>
   <div class='ocr_carea' id='block_1_44' title="bbox 370 3347 2026 3420">
    <p class='ocr_par' dir='ltr' id='par_1_44' title="bbox 370 3347 2026 3420">
     <span class='ocr_line' id='line_1_44' title="bbox 370 3347 2026 3420; baseline 0.006 -19"><span class='ocrx_word' id='word_1_285' title='bbox 370 3347 436 3401; x_wconf 89' lang='lat' dir='ltr'><strong>in</strong></span> <span class='ocrx_word' id='word_1_286' title='bbox 470 3348 756 3420; x_wconf 79' lang='lat' dir='ltr'><strong>Toletana</strong></span> <span class='ocrx_word' id='word_1_287' title='bbox 808 3350 1099 3420; x_wconf 87' lang='lat' dir='ltr'><strong>cathedra</strong></span> <span class='ocrx_word' id='word_1_288' title='bbox 1148 3347 1447 3406; x_wconf 81' lang='lat' dir='ltr'><strong>successor</strong></span> <span class='ocrx_word' id='word_1_289' title='bbox 1475 3347 1608 3420; x_wconf 89' lang='lat' dir='ltr'><strong>jam</strong></span> <span class='ocrx_word' id='word_1_290' title='bbox 1654 3347 2026 3420; x_wconf 80' lang='lat' dir='ltr'><strong>designatus.</strong></span> 
     </span>
    </p>
   </div>
   <div class='ocr_carea' id='block_1_45' title="bbox 370 3416 2031 3491">
    <p class='ocr_par' dir='ltr' id='par_1_45' title="bbox 370 3416 2031 3491">
     <span class='ocr_line' id='line_1_45' title="bbox 370 3416 2031 3491; baseline 0.003 -21"><span class='ocrx_word' id='word_1_291' title='bbox 370 3416 686 3491; x_wconf 76' lang='lat' dir='ltr'><strong>presbyter</strong></span> <span class='ocrx_word' id='word_1_292' title='bbox 702 3417 1111 3491; x_wconf 72' lang='lat' dir='ltr'><strong>Cordubensis</strong></span> <span class='ocrx_word' id='word_1_293' title='bbox 1155 3422 1428 3477; x_wconf 84' lang='lat' dir='ltr'><strong>occubuit</strong></span> <span class='ocrx_word' id='word_1_294' title='bbox 1472 3416 1694 3491; x_wconf 81' lang='lat' dir='ltr'><strong>adepta</strong></span> <span class='ocrx_word' id='word_1_295' title='bbox 1742 3416 2031 3490; x_wconf 75' lang='lat' dir='ltr'><strong>martyrii</strong></span> 
     </span>
    </p>
   </div>
   <div class='ocr_carea' id='block_1_46' title="bbox 370 3487 2029 3557">
    <p class='ocr_par' dir='ltr' id='par_1_46' title="bbox 370 3487 2029 3557">
     <span class='ocr_line' id='line_1_46' title="bbox 370 3487 2029 3557; baseline 0.005 -17"><span class='ocrx_word' id='word_1_296' title='bbox 370 3487 616 3557; x_wconf 82' lang='lat' dir='ltr'><strong>palma:</strong></span> <span class='ocrx_word' id='word_1_297' title='bbox 650 3489 746 3542; x_wconf 91' lang='lat' dir='ltr'><strong>vir</strong></span> <span class='ocrx_word' id='word_1_298' title='bbox 765 3489 951 3556; x_wconf 81' lang='lat' dir='ltr'><strong>plane</strong></span> <span class='ocrx_word' id='word_1_299' title='bbox 980 3489 1055 3544; x_wconf 91' lang='lat' dir='ltr'><strong>ab</strong></span> <span class='ocrx_word' id='word_1_300' title='bbox 1085 3493 1355 3547; x_wconf 87' lang='lat' dir='ltr'><strong>omnibus</strong></span> <span class='ocrx_word' id='word_1_301' title='bbox 1380 3487 1611 3549; x_wconf 83' lang='lat' dir='ltr'><strong>summa</strong></span> <span class='ocrx_word' id='word_1_302' title='bbox 1651 3487 2029 3549; x_wconf 81' lang='lat' dir='ltr'><strong>veneratione</strong></span> 
     </span>
    </p>
   </div>
   <div class='ocr_carea' id='block_1_47' title="bbox 375 3557 2029 3633">
    <p class='ocr_par' dir='ltr' id='par_1_47' title="bbox 375 3557 2029 3633">
     <span class='ocr_line' id='line_1_47' title="bbox 375 3557 2029 3633; baseline 0.003 -21"><span class='ocrx_word' id='word_1_303' title='bbox 375 3557 788 3626; x_wconf 86' lang='lat' dir='ltr'><strong>suscipiendus</strong></span> <span class='ocrx_word' id='word_1_304' title='bbox 820 3563 1107 3629; x_wconf 81' lang='lat' dir='ltr'><strong>tanquam</strong></span> <span class='ocrx_word' id='word_1_305' title='bbox 1154 3563 1464 3632; x_wconf 80' lang='lat' dir='ltr'><strong>singulare</strong></span> <span class='ocrx_word' id='word_1_306' title='bbox 1494 3563 1786 3619; x_wconf 77' lang='lat' dir='ltr'><strong>Cordubae</strong></span> <span class='ocrx_word' id='word_1_307' title='bbox 1810 3566 2029 3633; x_wconf 71' lang='lat' dir='ltr'><strong>patriae</strong></span> 
     </span>
    </p>
   </div>
   <div class='ocr_carea' id='block_1_48' title="bbox 374 3635 2031 3711">
    <p class='ocr_par' dir='ltr' id='par_1_48' title="bbox 374 3635 2031 3711">
     <span class='ocr_line' id='line_1_48' title="bbox 374 3635 2031 3711; baseline 0.002 -27"><span class='ocrx_word' id='word_1_308' title='bbox 374 3643 517 3697; x_wconf 73' lang='lat' dir='ltr'><strong>sux,</strong></span> <span class='ocrx_word' id='word_1_309' title='bbox 541 3635 981 3711; x_wconf 66' lang='lat' dir='ltr'><strong>qrnamentum,</strong></span> <span class='ocrx_word' id='word_1_310' title='bbox 1005 3638 1367 3711; x_wconf 81' lang='lat' dir='ltr'><strong>perpetuum</strong></span> <span class='ocrx_word' id='word_1_311' title='bbox 1401 3635 1590 3691; x_wconf 90' lang='lat' dir='ltr'><strong>Toleti</strong></span> <span class='ocrx_word' id='word_1_312' title='bbox 1621 3636 2031 3711; x_wconf 83' lang='lat' dir='ltr'><strong>decus,_totiu_-</strong></span> 
     </span>
    </p>
   </div>
   <div class='ocr_carea' id='block_1_49' title="bbox 372 3700 2028 3774">
    <p class='ocr_par' dir='ltr' id='par_1_49' title="bbox 372 3700 2028 3774">
     <span class='ocr_line' id='line_1_49' title="bbox 372 3700 2028 3774; baseline 0.003 -20"><span class='ocrx_word' id='word_1_313' title='bbox 372 3714 525 3774; x_wconf 77' lang='lat' dir='ltr'><strong>sque</strong></span> <span class='ocrx_word' id='word_1_314' title='bbox 543 3700 856 3770; x_wconf 66' lang='lat' dir='ltr'><strong>Hispaniae</strong></span> <span class='ocrx_word' id='word_1_315' title='bbox 875 3700 1103 3774; x_wconf 81' lang='lat' dir='ltr'><strong>lumen,</strong></span> <span class='ocrx_word' id='word_1_316' title='bbox 1124 3700 1251 3758; x_wconf 87' lang='lat' dir='ltr'><strong>non</strong></span> <span class='ocrx_word' id='word_1_317' title='bbox 1283 3705 1480 3760; x_wconf 90' lang='lat' dir='ltr'><strong>minus</strong></span> <span class='ocrx_word' id='word_1_318' title='bbox 1502 3711 1757 3774; x_wconf 79' lang='lat' dir='ltr'><strong>propter</strong></span> <span class='ocrx_word' id='word_1_319' title='bbox 1786 3700 2028 3759; x_wconf 81' lang='lat' dir='ltr'><strong>virtutis</strong></span> 
     </span>
    </p>
   </div>
   <div class='ocr_carea' id='block_1_50' title="bbox 375 3770 2032 3845">
    <p class='ocr_par' dir='ltr' id='par_1_50' title="bbox 375 3770 2032 3845">
     <span class='ocr_line' id='line_1_50' title="bbox 375 3770 2032 3845; baseline 0.003 -19"><span class='ocrx_word' id='word_1_320' title='bbox 375 3770 635 3845; x_wconf 81' lang='lat' dir='ltr'><strong>laudem,</strong></span> <span class='ocrx_word' id='word_1_321' title='bbox 650 3786 828 3844; x_wconf 90' lang='lat' dir='ltr'><strong>quam</strong></span> <span class='ocrx_word' id='word_1_322' title='bbox 846 3770 1136 3830; x_wconf 72' lang='lat' dir='ltr'><strong>doctrinx</strong></span> <span class='ocrx_word' id='word_1_323' title='bbox 1154 3790 1167 3829; x_wconf 89' lang='lat'>:</span> <span class='ocrx_word' id='word_1_324' title='bbox 1191 3789 1451 3845; x_wconf 88' lang='lat' dir='ltr'><strong>quarum</strong></span> <span class='ocrx_word' id='word_1_325' title='bbox 1468 3770 1725 3831; x_wconf 71' lang='lat' dir='ltr'><strong>alterum</strong></span> <span class='ocrx_word' id='word_1_326' title='bbox 1739 3776 1873 3831; x_wconf 72' lang='lat' dir='ltr'><strong>vitx</strong></span> <span class='ocrx_word' id='word_1_327' title='bbox 1893 3790 2032 3831; x_wconf 89' lang='lat' dir='ltr'><strong>san-</strong></span> 
     </span>
    </p>
   </div>
   <div class='ocr_carea' id='block_1_51' title="bbox 374 3843 2029 3915">
    <p class='ocr_par' dir='ltr' id='par_1_51' title="bbox 374 3843 2029 3915">
     <span class='ocr_line' id='line_1_51' title="bbox 374 3843 2029 3915; baseline 0.002 -18"><span class='ocrx_word' id='word_1_328' title='bbox 374 3843 631 3898; x_wconf 78' lang='lat' dir='ltr'><strong>ctissime</strong></span> <span class='ocrx_word' id='word_1_329' title='bbox 666 3843 931 3912; x_wconf 73' lang='lat' dir='ltr'><strong>peractx</strong></span> <span class='ocrx_word' id='word_1_330' title='bbox 957 3843 1257 3915; x_wconf 81' lang='lat' dir='ltr'><strong>gloriosus</strong></span> <span class='ocrx_word' id='word_1_331' title='bbox 1287 3848 1504 3914; x_wconf 88' lang='lat' dir='ltr'><strong>exitus,</strong></span> <span class='ocrx_word' id='word_1_332' title='bbox 1532 3847 1789 3902; x_wconf 90' lang='lat' dir='ltr'><strong>alteram</strong></span> <span class='ocrx_word' id='word_1_333' title='bbox 1822 3862 2029 3902; x_wconf 85' lang='lat' dir='ltr'><strong>monu-</strong></span> 
     </span>
    </p>
   </div>
   <div class='ocr_carea' id='block_1_52' title="bbox 373 3916 2031 3988">
    <p class='ocr_par' dir='ltr' id='par_1_52' title="bbox 373 3916 2031 3988">
     <span class='ocr_line' id='line_1_52' title="bbox 373 3916 2031 3988; baseline 0.002 -19"><span class='ocrx_word' id='word_1_334' title='bbox 373 3919 596 3978; x_wconf 87' lang='lat' dir='ltr'><strong>menta,</strong></span> <span class='ocrx_word' id='word_1_335' title='bbox 609 3929 739 3985; x_wconf 72' lang='lat' dir='ltr'><strong>quae</strong></span> <span class='ocrx_word' id='word_1_336' title='bbox 758 3916 973 3988; x_wconf 81' lang='lat' dir='ltr'><strong>litteris</strong></span> <span class='ocrx_word' id='word_1_337' title='bbox 993 3918 1407 3974; x_wconf 89' lang='lat' dir='ltr'><strong>commendata</strong></span> <span class='ocrx_word' id='word_1_338' title='bbox 1418 3918 1682 3988; x_wconf 81' lang='lat' dir='ltr'><strong>reliquit,</strong></span> <span class='ocrx_word' id='word_1_339' title='bbox 1697 3917 1935 3974; x_wconf 83' lang='lat' dir='ltr'><strong>abunde</strong></span> <span class='ocrx_word' id='word_1_340' title='bbox 1950 3923 2031 3973; x_wconf 91' lang='lat' dir='ltr'><strong>te-</strong></span> 
     </span>
    </p>
   </div>
   <div class='ocr_carea' id='block_1_53' title="bbox 374 3986 2028 4060">
    <p class='ocr_par' dir='ltr' id='par_1_53' title="bbox 374 3986 2028 4060">
     <span class='ocr_line' id='line_1_53' title="bbox 374 3986 2028 4060; baseline 0.004 -22"><span class='ocrx_word' id='word_1_341' title='bbox 374 3989 660 4060; x_wconf 75' lang='lat' dir='ltr'><strong>stantur:</strong></span> <span class='ocrx_word' id='word_1_342' title='bbox 706 3986 853 4060; x_wconf 84' lang='lat' dir='ltr'><strong>adeo</strong></span> <span class='ocrx_word' id='word_1_343' title='bbox 883 3989 1087 4060; x_wconf 78' lang='lat' dir='ltr'><strong>utqui</strong></span> <span class='ocrx_word' id='word_1_344' title='bbox 1124 3988 1450 4059; x_wconf 86' lang='lat' dir='ltr'><strong>Eulogium</strong></span> <span class='ocrx_word' id='word_1_345' title='bbox 1480 3986 1613 4044; x_wconf 80' lang='lat' dir='ltr'><strong>cum</strong></span> <span class='ocrx_word' id='word_1_346' title='bbox 1657 4004 1876 4060; x_wconf 86' lang='lat' dir='ltr'><strong>magno</strong></span> <span class='ocrx_word' id='word_1_347' title='bbox 1919 3990 2028 4044; x_wconf 90' lang='lat' dir='ltr'><strong>illo</strong></span> 
     </span>
    </p>
   </div>
   <div class='ocr_carea' id='block_1_54' title="bbox 374 4054 2031 4135">
    <p class='ocr_par' dir='ltr' id='par_1_54' title="bbox 374 4054 2031 4135">
     <span class='ocr_line' id='line_1_54' title="bbox 374 4054 2031 4135; baseline 0.003 -26"><span class='ocrx_word' id='word_1_348' title='bbox 374 4054 673 4135; x_wconf 48' lang='lat' dir='ltr'><strong>{Africano</strong></span> <span class='ocrx_word' id='word_1_349' title='bbox 689 4054 1306 4135; x_wconf 68' lang='lat' dir='ltr'><strong>doctore,inclgtoque</strong></span> <span class='ocrx_word' id='word_1_350' title='bbox 1319 4060 1502 4115; x_wconf 84' lang='lat' dir='ltr'><strong>simul</strong></span> <span class='ocrx_word' id='word_1_351' title='bbox 1519 4060 1746 4135; x_wconf 54' lang='lat' dir='ltr'><strong>Christi</strong></span> <span class='ocrx_word' id='word_1_352' title='bbox 1758 4054 2031 4135; x_wconf 75' lang='lat' dir='ltr'><strong>martyre</strong></span> 
     </span>
    </p>
   </div>
   <div class='ocr_carea' id='block_1_55' title="bbox 379 4124 2030 4201">
    <p class='ocr_par' dir='ltr' id='par_1_55' title="bbox 379 4124 2030 4201">
     <span class='ocr_line' id='line_1_55' title="bbox 379 4124 2030 4201; baseline 0.004 -20"><span class='ocrx_word' id='word_1_353' title='bbox 379 4124 692 4201; x_wconf 72' lang='lat' dir='ltr'><strong>Cypriane</strong></span> <span class='ocrx_word' id='word_1_354' title='bbox 701 4124 1159 4201; x_wconf 77' lang='lat' dir='ltr'><strong>comparaverit,</strong></span> <span class='ocrx_word' id='word_1_355' title='bbox 1178 4124 1255 4186; x_wconf 76' lang='lat' dir='ltr'><strong>ne</strong></span> <span class='ocrx_word' id='word_1_356' title='bbox 1275 4131 1323 4184; x_wconf 89' lang='lat' dir='ltr'><strong>is</strong></span> <span class='ocrx_word' id='word_1_357' title='bbox 1342 4146 1548 4201; x_wconf 73' lang='lat' dir='ltr'><strong>(equus</strong></span> <span class='ocrx_word' id='word_1_358' title='bbox 1561 4131 1864 4187; x_wconf 84' lang='lat' dir='ltr'><strong>hominum</strong></span> <span class='ocrx_word' id='word_1_359' title='bbox 1878 4124 2030 4187; x_wconf 73' lang='lat' dir='ltr'><strong>xsti-</strong></span> 
     </span>
    </p>
   </div>
   <div class='ocr_carea' id='block_1_56' title="bbox 2138 3280 3811 3351">
    <p class='ocr_par' dir='ltr' id='par_1_56' title="bbox 2138 3280 3811 3351">
     <span class='ocr_line' id='line_1_56' title="bbox 2138 3280 3811 3351; baseline 0.002 -18"><span class='ocrx_word' id='word_1_360' title='bbox 2138 3281 2463 3349; x_wconf 85' lang='lat' dir='ltr'><strong>Eulogium</strong></span> <span class='ocrx_word' id='word_1_361' title='bbox 2514 3294 2648 3334; x_wconf 89' lang='lat' dir='ltr'><strong>cum</strong></span> <span class='ocrx_word' id='word_1_362' title='bbox 2686 3281 3120 3334; x_wconf 88' lang='lat' dir='ltr'><strong>Documentum</strong></span> <span class='ocrx_word' id='word_1_363' title='bbox 3153 3280 3456 3349; x_wconf 79' lang='lat' dir='ltr'><strong>scriberet,</strong></span> <span class='ocrx_word' id='word_1_364' title='bbox 3483 3282 3546 3335; x_wconf 87' lang='lat' dir='ltr'><strong>in</strong></span> <span class='ocrx_word' id='word_1_365' title='bbox 3571 3282 3811 3351; x_wconf 82' lang='lat' dir='ltr'><strong>pyxide</strong></span> 
     </span>
    </p>
   </div>
   <div class='ocr_carea' id='block_1_57' title="bbox 2137 3351 3331 3419">
    <p class='ocr_par' dir='ltr' id='par_1_57' title="bbox 2137 3351 3331 3419">
     <span class='ocr_line' id='line_1_57' title="bbox 2137 3351 3331 3419; baseline 0.001 -14"><span class='ocrx_word' id='word_1_366' title='bbox 2137 3351 2407 3419; x_wconf 84' lang='lat' dir='ltr'><strong>Spiritus</strong></span> <span class='ocrx_word' id='word_1_367' title='bbox 2437 3352 2635 3405; x_wconf 84' lang='lat' dir='ltr'><strong>sancti</strong></span> <span class='ocrx_word' id='word_1_368' title='bbox 2665 3351 2965 3405; x_wconf 85' lang='lat' dir='ltr'><strong>calamum</strong></span> <span class='ocrx_word' id='word_1_369' title='bbox 2994 3351 3331 3407; x_wconf 73' lang='lat' dir='ltr'><strong>intinxisse.</strong></span> 
     </span>
    </p>
   </div>
   <div class='ocr_carea' id='block_1_58' title="bbox 2208 3422 3805 3491">
    <p class='ocr_par' dir='ltr' id='par_1_58' title="bbox 2208 3422 3805 3491">
     <span class='ocr_line' id='line_1_58' title="bbox 2208 3422 3805 3491; baseline 0.001 -14"><span class='ocrx_word' id='word_1_370' title='bbox 2208 3422 2361 3477; x_wconf 85' lang='lat' dir='ltr'><strong>Sunt</strong></span> <span class='ocrx_word' id='word_1_371' title='bbox 2412 3428 2612 3477; x_wconf 91' lang='lat' dir='ltr'><strong>autem</strong></span> <span class='ocrx_word' id='word_1_372' title='bbox 2661 3423 2862 3477; x_wconf 89' lang='lat' dir='ltr'><strong>omnia</strong></span> <span class='ocrx_word' id='word_1_373' title='bbox 2917 3422 3165 3491; x_wconf 88' lang='lat' dir='ltr'><strong>Eulogii</strong></span> <span class='ocrx_word' id='word_1_374' title='bbox 3208 3437 3409 3491; x_wconf 85' lang='lat' dir='ltr'><strong>opera,</strong></span> <span class='ocrx_word' id='word_1_375' title='bbox 3456 3429 3521 3478; x_wconf 91' lang='lat' dir='ltr'><strong>ut</strong></span> <span class='ocrx_word' id='word_1_376' title='bbox 3565 3423 3805 3480; x_wconf 81' lang='lat' dir='ltr'><strong>diceba-</strong></span> 
     </span>
    </p>
   </div>
   <div class='ocr_carea' id='block_1_59' title="bbox 2139 3492 3803 3563">
    <p class='ocr_par' dir='ltr' id='par_1_59' title="bbox 2139 3492 3803 3563">
     <span class='ocr_line' id='line_1_59' title="bbox 2139 3492 3803 3563; baseline 0.002 -18"><span class='ocrx_word' id='word_1_377' title='bbox 2139 3507 2287 3555; x_wconf 86' lang='lat' dir='ltr'><strong>mus,</strong></span> <span class='ocrx_word' id='word_1_378' title='bbox 2322 3492 2617 3561; x_wconf 84' lang='lat' dir='ltr'><strong>ejusmodi</strong></span> <span class='ocrx_word' id='word_1_379' title='bbox 2644 3493 3010 3563; x_wconf 87' lang='lat' dir='ltr'><strong>argumenti,</strong></span> <span class='ocrx_word' id='word_1_380' title='bbox 3042 3498 3107 3547; x_wconf 91' lang='lat' dir='ltr'><strong>ut</strong></span> <span class='ocrx_word' id='word_1_381' title='bbox 3148 3494 3242 3549; x_wconf 87' lang='lat' dir='ltr'><strong>vel</strong></span> <span class='ocrx_word' id='word_1_382' title='bbox 3284 3500 3625 3563; x_wconf 85' lang='lat' dir='ltr'><strong>martyrum</strong></span> <span class='ocrx_word' id='word_1_383' title='bbox 3656 3494 3803 3551; x_wconf 86' lang='lat' dir='ltr'><strong>Cor-</strong></span> 
     </span>
    </p>
   </div>
   <div class='ocr_carea' id='block_1_60' title="bbox 2138 3563 3804 3634">
    <p class='ocr_par' dir='ltr' id='par_1_60' title="bbox 2138 3563 3804 3634">
     <span class='ocr_line' id='line_1_60' title="bbox 2138 3563 3804 3634; baseline 0.003 -17"><span class='ocrx_word' id='word_1_384' title='bbox 2138 3563 2487 3619; x_wconf 87' lang='lat' dir='ltr'><strong>dubensium</strong></span> <span class='ocrx_word' id='word_1_385' title='bbox 2540 3579 2646 3618; x_wconf 90' lang='lat' dir='ltr'><strong>suo</strong></span> <span class='ocrx_word' id='word_1_386' title='bbox 2712 3569 2973 3632; x_wconf 89' lang='lat' dir='ltr'><strong>tempore</strong></span> <span class='ocrx_word' id='word_1_387' title='bbox 3038 3565 3370 3621; x_wconf 79' lang='lat' dir='ltr'><strong>certamina</strong></span> <span class='ocrx_word' id='word_1_388' title='bbox 3421 3571 3655 3634; x_wconf 87' lang='lat' dir='ltr'><strong>narret,</strong></span> <span class='ocrx_word' id='word_1_389' title='bbox 3707 3568 3804 3622; x_wconf 89' lang='lat' dir='ltr'><strong>vel</strong></span> 
     </span>
    </p>
   </div>
   <div class='ocr_carea' id='block_1_61' title="bbox 2138 3635 3803 3707">
    <p class='ocr_par' dir='ltr' id='par_1_61' title="bbox 2138 3635 3803 3707">
     <span class='ocr_line' id='line_1_61' title="bbox 2138 3635 3803 3707; baseline 0.004 -20"><span class='ocrx_word' id='word_1_390' title='bbox 2138 3635 2401 3707; x_wconf 16' lang='lat' dir='ltr'><strong>illorum,</strong></span> <span class='ocrx_word' id='word_1_391' title='bbox 2430 3636 2492 3707; x_wconf 83' lang='lat' dir='ltr'><strong>in</strong></span> <span class='ocrx_word' id='word_1_392' title='bbox 2531 3649 2653 3707; x_wconf 82' lang='lat' dir='ltr'><strong>sese</strong></span> <span class='ocrx_word' id='word_1_393' title='bbox 2703 3635 3005 3704; x_wconf 74' lang='lat' dir='ltr'><strong>o/ferendo</strong></span> <span class='ocrx_word' id='word_1_394' title='bbox 3029 3636 3422 3707; x_wconf 86' lang='lat' dir='ltr'><strong>prudentiam</strong></span> <span class='ocrx_word' id='word_1_395' title='bbox 3451 3642 3803 3707; x_wconf 87' lang='lat' dir='ltr'><strong>rectumque</strong></span> 
     </span>
    </p>
   </div>
   <div class='ocr_carea' id='block_1_62' title="bbox 2137 3705 3804 3779">
    <p class='ocr_par' dir='ltr' id='par_1_62' title="bbox 2137 3705 3804 3779">
     <span class='ocr_line' id='line_1_62' title="bbox 2137 3705 3804 3779; baseline 0.003 -20"><span class='ocrx_word' id='word_1_396' title='bbox 2137 3705 2690 3779; x_wconf 12' lang='lat' dir='ltr'><strong>z_elumi_dcfendat_:</strong></span> <span class='ocrx_word' id='word_1_397' title='bbox 2727 3706 3314 3779; x_wconf 18' lang='lat' dir='ltr'><strong>nempeiMemoriale</strong></span> <span class='ocrx_word' id='word_1_398' title='bbox 3344 3709 3664 3779; x_wconf 77' lang='lat' dir='ltr'><strong>Martyrum</strong></span> <span class='ocrx_word' id='word_1_399' title='bbox 3690 3705 3804 3764; x_wconf 77' lang='lat' dir='ltr'><strong>tri-</strong></span> 
     </span>
    </p>
   </div>
   <div class='ocr_carea' id='block_1_63' title="bbox 2142 3776 3799 3849">
    <p class='ocr_par' dir='ltr' id='par_1_63' title="bbox 2142 3776 3799 3849">
     <span class='ocr_line' id='line_1_63' title="bbox 2142 3776 3799 3849; baseline 0.004 -20"><span class='ocrx_word' id='word_1_400' title='bbox 2142 3776 2246 3849; x_wconf 85' lang='lat' dir='ltr'><strong>bus</strong></span> <span class='ocrx_word' id='word_1_401' title='bbox 2286 3777 2461 3849; x_wconf 78' lang='lat' dir='ltr'><strong>libris</strong></span> <span class='ocrx_word' id='word_1_402' title='bbox 2514 3776 2886 3849; x_wconf 82' lang='lat' dir='ltr'><strong>distinctum,</strong></span> <span class='ocrx_word' id='word_1_403' title='bbox 2935 3778 3368 3834; x_wconf 87' lang='lat' dir='ltr'><strong>Documentum</strong></span> <span class='ocrx_word' id='word_1_404' title='bbox 3407 3776 3799 3849; x_wconf 81' lang='lat' dir='ltr'><strong>Martyriale,</strong></span> 
     </span>
    </p>
   </div>
   <div class='ocr_carea' id='block_1_64' title="bbox 2137 3846 3798 3919">
    <p class='ocr_par' dir='ltr' id='par_1_64' title="bbox 2137 3846 3798 3919">
     <span class='ocr_line' id='line_1_64' title="bbox 2137 3846 3798 3919; baseline 0.003 -18"><span class='ocrx_word' id='word_1_405' title='bbox 2137 3846 2591 3919; x_wconf 71' lang='lat' dir='ltr'><strong>Apologeticum</strong></span> <span class='ocrx_word' id='word_1_406' title='bbox 2636 3846 3004 3919; x_wconf 74' lang='lat' dir='ltr'><strong>Martyrum,</strong></span> <span class='ocrx_word' id='word_1_407' title='bbox 3037 3854 3093 3904; x_wconf 92' lang='lat' dir='ltr'><strong>et</strong></span> <span class='ocrx_word' id='word_1_408' title='bbox 3138 3849 3429 3918; x_wconf 68' lang='lat' dir='ltr'><strong>Epistolis</strong></span> <span class='ocrx_word' id='word_1_409' title='bbox 3459 3846 3798 3907; x_wconf 72' lang='lat' dir='ltr'><strong>nonnulle</strong></span> 
     </span>
    </p>
   </div>
   <div class='ocr_carea' id='block_1_65' title="bbox 2141 3917 3799 3990">
    <p class='ocr_par' dir='ltr' id='par_1_65' title="bbox 2141 3917 3799 3990">
     <span class='ocr_line' id='line_1_65' title="bbox 2141 3917 3799 3990; baseline 0.004 -18"><span class='ocrx_word' id='word_1_410' title='bbox 2141 3917 2283 3984; x_wconf 63' lang='lat' dir='ltr'><strong>Quae</strong></span> <span class='ocrx_word' id='word_1_411' title='bbox 2325 3919 2527 3990; x_wconf 81' lang='lat' dir='ltr'><strong>omnia</strong></span> <span class='ocrx_word' id='word_1_412' title='bbox 2578 3933 2684 3990; x_wconf 81' lang='lat' dir='ltr'><strong>nos</strong></span> <span class='ocrx_word' id='word_1_413' title='bbox 2709 3917 2829 3990; x_wconf 13' lang='grc' dir='ltr'><strong>κήίέ</strong></span> <span class='ocrx_word' id='word_1_414' title='bbox 2876 3919 3050 3975; x_wconf 89' lang='lat' dir='ltr'><strong>edere</strong></span> <span class='ocrx_word' id='word_1_415' title='bbox 3090 3917 3464 3990; x_wconf 85' lang='lat' dir='ltr'><strong>suscipimus,</strong></span> <span class='ocrx_word' id='word_1_416' title='bbox 3495 3935 3621 3977; x_wconf 90' lang='lat' dir='ltr'><strong>una</strong></span> <span class='ocrx_word' id='word_1_417' title='bbox 3659 3937 3799 3979; x_wconf 90' lang='lat' dir='ltr'><strong>cum</strong></span> 
     </span>
    </p>
   </div>
   <div class='ocr_carea' id='block_1_66' title="bbox 2136 3988 3801 4063">
    <p class='ocr_par' dir='ltr' id='par_1_66' title="bbox 2136 3988 3801 4063">
     <span class='ocr_line' id='line_1_66' title="bbox 2136 3988 3801 4063; baseline 0.004 -20"><span class='ocrx_word' id='word_1_418' title='bbox 2136 3989 2340 4063; x_wconf 74' lang='lat' dir='ltr'><strong>sancti</strong></span> <span class='ocrx_word' id='word_1_419' title='bbox 2375 3988 2621 4063; x_wconf 84' lang='lat' dir='ltr'><strong>Eulogii</strong></span> <span class='ocrx_word' id='word_1_420' title='bbox 2668 3989 2801 4045; x_wconf 89' lang='lat' dir='ltr'><strong>Vita</strong></span> <span class='ocrx_word' id='word_1_421' title='bbox 2842 3991 2919 4046; x_wconf 89' lang='lat' dir='ltr'><strong>ab</strong></span> <span class='ocrx_word' id='word_1_422' title='bbox 2965 3990 3197 4047; x_wconf 85' lang='lat' dir='ltr'><strong>Alvaro</strong></span> <span class='ocrx_word' id='word_1_423' title='bbox 3245 3988 3618 4049; x_wconf 75' lang='lat' dir='ltr'><strong>Cordubensi</strong></span> <span class='ocrx_word' id='word_1_424' title='bbox 3666 3995 3801 4063; x_wconf 87' lang='lat' dir='ltr'><strong>ejus</strong></span> 
     </span>
    </p>
   </div>
   <div class='ocr_carea' id='block_1_67' title="bbox 2132 4060 3803 4135">
    <p class='ocr_par' dir='ltr' id='par_1_67' title="bbox 2132 4060 3803 4135">
     <span class='ocr_line' id='line_1_67' title="bbox 2132 4060 3803 4135; baseline 0.003 -19"><span class='ocrx_word' id='word_1_425' title='bbox 2132 4060 2621 4135; x_wconf 62' lang='lat' dir='ltr'><strong>familiarissima</strong></span> <span class='ocrx_word' id='word_1_426' title='bbox 2650 4066 2935 4135; x_wconf 81' lang='lat' dir='ltr'><strong>accurate</strong></span> <span class='ocrx_word' id='word_1_427' title='bbox 2985 4063 3353 4135; x_wconf 81' lang='lat' dir='ltr'><strong>conscripta,</strong></span> <span class='ocrx_word' id='word_1_428' title='bbox 3376 4065 3437 4118; x_wconf 89' lang='lat' dir='ltr'><strong>in</strong></span> <span class='ocrx_word' id='word_1_429' title='bbox 3481 4078 3601 4135; x_wconf 89' lang='lat' dir='ltr'><strong>qua</strong></span> <span class='ocrx_word' id='word_1_430' title='bbox 3640 4060 3803 4135; x_wconf 61' lang='lat' dir='ltr'><strong>qua-</strong></span> 
     </span>
    </p>
   </div>
   <div class='ocr_carea' id='block_1_68' title="bbox 2138 4131 3799 4202">
    <p class='ocr_par' dir='ltr' id='par_1_68' title="bbox 2138 4131 3799 4202">
     <span class='ocr_line' id='line_1_68' title="bbox 2138 4131 3799 4202; baseline 0.004 -16"><span class='ocrx_word' id='word_1_431' title='bbox 2138 4146 2371 4202; x_wconf 85' lang='lat' dir='ltr'><strong>cunque</strong></span> <span class='ocrx_word' id='word_1_432' title='bbox 2390 4131 2472 4186; x_wconf 91' lang='lat' dir='ltr'><strong>ad</strong></span> <span class='ocrx_word' id='word_1_433' title='bbox 2500 4131 2823 4202; x_wconf 86' lang='lat' dir='ltr'><strong>Eulogium</strong></span> <span class='ocrx_word' id='word_1_434' title='bbox 2848 4137 3122 4201; x_wconf 87' lang='lat' dir='ltr'><strong>spectant</strong></span> <span class='ocrx_word' id='word_1_435' title='bbox 3153 4131 3386 4190; x_wconf 86' lang='lat' dir='ltr'><strong>abunde</strong></span> <span class='ocrx_word' id='word_1_436' title='bbox 3414 4131 3799 4192; x_wconf 64' lang='lat' dir='ltr'><strong>ac&#39;minutim</strong></span> 
     </span>
    </p>
   </div>
   <div class='ocr_carea' id='block_1_69' title="bbox 375 4195 3803 4275">
    <p class='ocr_par' dir='ltr' id='par_1_69' title="bbox 375 4195 3803 4275">
     <span class='ocr_line' id='line_1_69' title="bbox 375 4195 3803 4275; baseline 0.004 -27"><span class='ocrx_word' id='word_1_437' title='bbox 375 4195 894 4275; x_wconf 80' lang='lat' dir='ltr'><strong>matorhabendus</strong></span> <span class='ocrx_word' id='word_1_438' title='bbox 909 4195 1420 4275; x_wconf 37' lang='lat' dir='ltr'><strong>fuerittFacenim‘</strong></span> <span class='ocrx_word' id='word_1_439' title='bbox 1438 4217 1619 4257; x_wconf 90' lang='lat' dir='ltr'><strong>unam</strong></span> <span class='ocrx_word' id='word_1_440' title='bbox 1635 4204 1853 4273; x_wconf 85' lang='lat' dir='ltr'><strong>eloquii</strong></span> <span class='ocrx_word' id='word_1_441' title='bbox 1862 4218 2030 4272; x_wconf 88' lang='lat' dir='ltr'><strong>aspe—</strong></span> <span class='ocrx_word' id='word_1_442' title='bbox 2130 4195 2682 4275; x_wconf 74' lang='lat' dir='ltr'><strong>persequitur.Sed</strong></span> <span class='ocrx_word' id='word_1_443' title='bbox 2710 4202 2853 4259; x_wconf 86' lang='lat' dir='ltr'><strong>bene</strong></span> <span class='ocrx_word' id='word_1_444' title='bbox 2877 4195 3074 4272; x_wconf 68' lang='lat' dir='ltr'><strong>habet,</strong></span> <span class='ocrx_word' id='word_1_445' title='bbox 3106 4205 3267 4275; x_wconf 90' lang='lat' dir='ltr'><strong>quod</strong></span> <span class='ocrx_word' id='word_1_446' title='bbox 3291 4207 3355 4261; x_wconf 87' lang='lat' dir='ltr'><strong>in</strong></span> <span class='ocrx_word' id='word_1_447' title='bbox 3395 4206 3690 4275; x_wconf 88' lang='lat' dir='ltr'><strong>ejusmodi</strong></span> <span class='ocrx_word' id='word_1_448' title='bbox 3716 4208 3803 4264; x_wconf 84' lang='lat' dir='ltr'><strong>la-</strong></span> 
     </span>
    </p>
   </div>
   <div class='ocr_carea' id='block_1_70' title="bbox 376 4267 2027 4348">
    <p class='ocr_par' dir='ltr' id='par_1_70' title="bbox 376 4267 2027 4348">
     <span class='ocr_line' id='line_1_70' title="bbox 376 4267 2027 4348; baseline 0.006 -28"><span class='ocrx_word' id='word_1_449' title='bbox 376 4267 618 4348; x_wconf 74' lang='lat' dir='ltr'><strong>ritatem</strong></span> <span class='ocrx_word' id='word_1_450' title='bbox 639 4268 1070 4348; x_wconf 32' lang='lat' dir='ltr'><strong>excipiashquo</strong></span> <span class='ocrx_word' id='word_1_451' title='bbox 1102 4272 1365 4327; x_wconf 76' lang='lat' dir='ltr'><strong>limatius</strong></span> <span class='ocrx_word' id='word_1_452' title='bbox 1381 4267 2027 4348; x_wconf 53' lang='lat' dir='ltr'><strong>acpolitius&#39;tempora</strong></span> 
     </span>
    </p>
   </div>
   <div class='ocr_carea' id='block_1_71' title="bbox 376 4337 2025 4418">
    <p class='ocr_par' dir='ltr' id='par_1_71' title="bbox 376 4337 2025 4418">
     <span class='ocr_line' id='line_1_71' title="bbox 376 4337 2025 4418; baseline 0.006 -28"><span class='ocrx_word' id='word_1_453' title='bbox 376 4337 770 4418; x_wconf 55' lang='lat' dir='ltr'><strong>illauminime</strong></span> <span class='ocrx_word' id='word_1_454' title='bbox 797 4337 1091 4418; x_wconf 76' lang='lat' dir='ltr'><strong>ferebant,</strong></span> <span class='ocrx_word' id='word_1_455' title='bbox 1124 4337 1687 4418; x_wconf 75' lang='lat' dir='ltr'><strong>eceteraEulogium</strong></span> <span class='ocrx_word' id='word_1_456' title='bbox 1715 4337 2025 4415; x_wconf 77' lang='lat' dir='ltr'><strong>Cypriane</strong></span> 
     </span>
    </p>
   </div>
   <div class='ocr_carea' id='block_1_72' title="bbox 371 4406 2021 4489">
    <p class='ocr_par' dir='ltr' id='par_1_72' title="bbox 371 4406 2021 4489">
     <span class='ocr_line' id='line_1_72' title="bbox 371 4406 2021 4489; baseline 0.005 -27"><span class='ocrx_word' id='word_1_457' title='bbox 371 4406 1089 4489; x_wconf 37' lang='lat' dir='ltr'><strong>facilgequuaverimj</strong></span> <span class='ocrx_word' id='word_1_458' title='bbox 1133 4415 1361 4489; x_wconf 85' lang='lat' dir='ltr'><strong>ingenii</strong></span> <span class='ocrx_word' id='word_1_459' title='bbox 1403 4406 1691 4489; x_wconf 63' lang='lat' dir='ltr'><strong>ubertate,</strong></span> <span class='ocrx_word' id='word_1_460' title='bbox 1724 4406 2021 4483; x_wconf 73' lang='lat' dir='ltr'><strong>doctrina,</strong></span> 
     </span>
    </p>
   </div>
   <div class='ocr_carea' id='block_1_73' title="bbox 376 4477 2021 4558">
    <p class='ocr_par' dir='ltr' id='par_1_73' title="bbox 376 4477 2021 4558">
     <span class='ocr_line' id='line_1_73' title="bbox 376 4477 2021 4558; baseline 0.008 -29"><span class='ocrx_word' id='word_1_461' title='bbox 376 4477 710 4558; x_wconf 75' lang='lat' dir='ltr'><strong>eruditione</strong></span> <span class='ocrx_word' id='word_1_462' title='bbox 725 4477 931 4558; x_wconf 74' lang='lat' dir='ltr'><strong>sacra,</strong></span> <span class='ocrx_word' id='word_1_463' title='bbox 966 4477 1296 4541; x_wconf 71' lang='lat' dir='ltr'><strong>vehementi</strong></span> <span class='ocrx_word' id='word_1_464' title='bbox 1326 4477 1684 4558; x_wconf 85' lang='lat' dir='ltr'><strong>fervidoque</strong></span> <span class='ocrx_word' id='word_1_465' title='bbox 1704 4490 1849 4557; x_wconf 86' lang='lat' dir='ltr'><strong>ﬁdei</strong></span> <span class='ocrx_word' id='word_1_466' title='bbox 1874 4477 2021 4555; x_wconf 71' lang='lat' dir='ltr'><strong>zelo,</strong></span> 
     </span>
    </p>
   </div>
   <div class='ocr_carea' id='block_1_74' title="bbox 2139 4273 3799 4345">
    <p class='ocr_par' dir='ltr' id='par_1_74' title="bbox 2139 4273 3799 4345">
     <span class='ocr_line' id='line_1_74' title="bbox 2139 4273 3799 4345; baseline 0.004 -18"><span class='ocrx_word' id='word_1_467' title='bbox 2139 4273 2277 4329; x_wconf 89' lang='lat' dir='ltr'><strong>bore</strong></span> <span class='ocrx_word' id='word_1_468' title='bbox 2301 4274 2491 4328; x_wconf 84' lang='lat' dir='ltr'><strong>multo</strong></span> <span class='ocrx_word' id='word_1_469' title='bbox 2513 4274 2647 4341; x_wconf 88' lang='lat' dir='ltr'><strong>jam</strong></span> <span class='ocrx_word' id='word_1_470' title='bbox 2695 4278 2875 4330; x_wconf 90' lang='lat' dir='ltr'><strong>antea</strong></span> <span class='ocrx_word' id='word_1_471' title='bbox 2927 4291 3034 4330; x_wconf 89' lang='lat' dir='ltr'><strong>nos</strong></span> <span class='ocrx_word' id='word_1_472' title='bbox 3078 4273 3311 4345; x_wconf 69' lang='lat' dir='ltr'><strong>prxivit</strong></span> <span class='ocrx_word' id='word_1_473' title='bbox 3357 4273 3799 4334; x_wconf 77' lang='lat' dir='ltr'><strong>eruditissimus</strong></span> 
     </span>
    </p>
   </div>
   <div class='ocr_carea' id='block_1_75' title="bbox 2138 4345 3803 4419">
    <p class='ocr_par' dir='ltr' id='par_1_75' title="bbox 2138 4345 3803 4419">
     <span class='ocr_line' id='line_1_75' title="bbox 2138 4345 3803 4419; baseline 0.005 -23"><span class='ocrx_word' id='word_1_474' title='bbox 2138 4345 2231 4419; x_wconf 74' lang='lat' dir='ltr'><strong>vir</strong></span> <span class='ocrx_word' id='word_1_475' title='bbox 2259 4345 2609 4419; x_wconf 87' lang='lat' dir='ltr'><strong>Ambrosius</strong></span> <span class='ocrx_word' id='word_1_476' title='bbox 2638 4345 2918 4411; x_wconf 86' lang='lat' dir='ltr'><strong>Morales,</strong></span> <span class='ocrx_word' id='word_1_477' title='bbox 2950 4347 3049 4401; x_wconf 87' lang='lat' dir='ltr'><strong>cui</strong></span> <span class='ocrx_word' id='word_1_478' title='bbox 3092 4348 3346 4403; x_wconf 88' lang='lat' dir='ltr'><strong>multam</strong></span> <span class='ocrx_word' id='word_1_479' title='bbox 3388 4354 3471 4403; x_wconf 88' lang='lat' dir='ltr'><strong>est</strong></span> <span class='ocrx_word' id='word_1_480' title='bbox 3500 4348 3661 4419; x_wconf 90' lang='lat' dir='ltr'><strong>quod</strong></span> <span class='ocrx_word' id='word_1_481' title='bbox 3690 4350 3803 4405; x_wconf 73' lang='lat' dir='ltr'><strong>Ita-</strong></span> 
     </span>
    </p>
   </div>
   <div class='ocr_carea' id='block_1_76' title="bbox 2139 4415 3799 4489">
    <p class='ocr_par' dir='ltr' id='par_1_76' title="bbox 2139 4415 3799 4489">
     <span class='ocr_line' id='line_1_76' title="bbox 2139 4415 3799 4489; baseline 0.004 -20"><span class='ocrx_word' id='word_1_482' title='bbox 2139 4415 2379 4470; x_wconf 87' lang='lat' dir='ltr'><strong>beamus</strong></span> <span class='ocrx_word' id='word_1_483' title='bbox 2425 4417 2712 4489; x_wconf 79' lang='lat' dir='ltr'><strong>gratiam,</strong></span> <span class='ocrx_word' id='word_1_484' title='bbox 2746 4419 3030 4489; x_wconf 83' lang='lat' dir='ltr'><strong>quoniam</strong></span> <span class='ocrx_word' id='word_1_485' title='bbox 3070 4420 3289 4474; x_wconf 74' lang='grc' dir='ltr'><strong>διεσαιο</strong></span> <span class='ocrx_word' id='word_1_486' title='bbox 3328 4435 3425 4473; x_wconf 66' lang='lat' dir='ltr'><strong>xv:</strong></span> <span class='ocrx_word' id='word_1_487' title='bbox 3467 4415 3799 4489; x_wconf 85' lang='lat' dir='ltr'><strong>Eulogium</strong></span> 
     </span>
    </p>
   </div>
   <div class='ocr_carea' id='block_1_77' title="bbox 2137 4487 3799 4560">
    <p class='ocr_par' dir='ltr' id='par_1_77' title="bbox 2137 4487 3799 4560">
     <span class='ocr_line' id='line_1_77' title="bbox 2137 4487 3799 4560; baseline 0.004 -20"><span class='ocrx_word' id='word_1_488' title='bbox 2137 4502 2368 4560; x_wconf 87' lang='lat' dir='ltr'><strong>summa</strong></span> <span class='ocrx_word' id='word_1_489' title='bbox 2391 4487 2855 4560; x_wconf 82' lang='lat' dir='ltr'><strong>curaedendum</strong></span> <span class='ocrx_word' id='word_1_490' title='bbox 2886 4491 3163 4559; x_wconf 85' lang='lat' dir='ltr'><strong>suscepit,</strong></span> <span class='ocrx_word' id='word_1_491' title='bbox 3192 4497 3370 4560; x_wconf 89' lang='lat' dir='ltr'><strong>atque</strong></span> <span class='ocrx_word' id='word_1_492' title='bbox 3388 4487 3644 4560; x_wconf 81' lang='lat' dir='ltr'><strong>egregiis</strong></span> <span class='ocrx_word' id='word_1_493' title='bbox 3666 4494 3799 4547; x_wconf 84' lang='lat' dir='ltr'><strong>ani-</strong></span> 
     </span>
    </p>
   </div>
   <div class='ocr_carea' id='block_1_78' title="bbox 376 4550 3798 4630">
    <p class='ocr_par' dir='ltr' id='par_1_78' title="bbox 376 4550 3798 4630">
     <span class='ocr_line' id='line_1_78' title="bbox 376 4550 3798 4630; baseline 0.005 -27"><span class='ocrx_word' id='word_1_494' title='bbox 376 4550 574 4630; x_wconf 71' lang='lat' dir='ltr'><strong>animi</strong></span> <span class='ocrx_word' id='word_1_495' title='bbox 617 4550 852 4630; x_wconf 70' lang='lat' dir='ltr'><strong>virtute</strong></span> <span class='ocrx_word' id='word_1_496' title='bbox 889 4560 1068 4625; x_wconf 87' lang='lat' dir='ltr'><strong>atque</strong></span> <span class='ocrx_word' id='word_1_497' title='bbox 1122 4550 1480 4627; x_wconf 80' lang='lat' dir='ltr'><strong>constantia,</strong></span> <span class='ocrx_word' id='word_1_498' title='bbox 1510 4550 1737 4615; x_wconf 74' lang='lat' dir='ltr'><strong>summo</strong></span> <span class='ocrx_word' id='word_1_499' title='bbox 1780 4550 2022 4615; x_wconf 82' lang='lat' dir='ltr'><strong>tandem</strong></span> <span class='ocrx_word' id='word_1_500' title='bbox 2052 4557 2098 4611; x_wconf 92' lang='lat' dir='ltr'><strong>D</strong></span> <span class='ocrx_word' id='word_1_501' title='bbox 2137 4558 2645 4630; x_wconf 83' lang='lat' dir='ltr'><strong>madversionibus</strong></span> <span class='ocrx_word' id='word_1_502' title='bbox 2672 4558 3023 4614; x_wconf 85' lang='lat' dir='ltr'><strong>illustravit.</strong></span> <span class='ocrx_word' id='word_1_503' title='bbox 3053 4550 3490 4627; x_wconf 58' lang='lat' dir='ltr'><strong>&#39;Ou&#39;are&#39;nostra</strong></span> <span class='ocrx_word' id='word_1_504' title='bbox 3510 4550 3798 4630; x_wconf 72' lang='lat' dir='ltr'><strong>posteum</strong></span> 
     </span>
    </p>
   </div>
   <div class='ocr_carea' id='block_1_79' title="bbox 376 4620 2026 4706">
    <p class='ocr_par' dir='ltr' id='par_1_79' title="bbox 376 4620 2026 4706">
     <span class='ocr_line' id='line_1_79' title="bbox 376 4620 2026 4706; baseline 0.005 -31"><span class='ocrx_word' id='word_1_505' title='bbox 376 4620 694 4706; x_wconf 79' lang='lat' dir='ltr'><strong>charitatis</strong></span> <span class='ocrx_word' id='word_1_506' title='bbox 735 4620 1431 4706; x_wconf 68' lang='lat' dir='ltr'><strong>ardore,_si&#39;ve_gloriosa</strong></span> <span class='ocrx_word' id='word_1_507' title='bbox 1466 4620 1699 4706; x_wconf 73' lang='lat' dir='ltr'><strong>Christi</strong></span> <span class='ocrx_word' id='word_1_508' title='bbox 1736 4630 2026 4706; x_wconf 68' lang='lat' dir='ltr'><strong>at_b_eleta-</strong></span> 
     </span>
    </p>
   </div>
   <div class='ocr_carea' id='block_1_80' title="bbox 374 4698 2025 4774">
    <p class='ocr_par' dir='ltr' id='par_1_80' title="bbox 374 4698 2025 4774">
     <span class='ocr_line' id='line_1_80' title="bbox 374 4698 2025 4774; baseline 0.005 -29"><span class='ocrx_word' id='word_1_509' title='bbox 374 4706 543 4774; x_wconf 49' lang='lat' dir='ltr'><strong>rum“</strong></span> <span class='ocrx_word' id='word_1_510' title='bbox 571 4698 902 4774; x_wconf 76' lang='lat' dir='ltr'><strong>certamina</strong></span> <span class='ocrx_word' id='word_1_511' title='bbox 953 4698 1294 4774; x_wconf 74' lang='lat' dir='ltr'><strong>describere</strong></span> <span class='ocrx_word' id='word_1_512' title='bbox 1335 4707 1536 4771; x_wconf 87' lang='lat' dir='ltr'><strong>tentet,</strong></span> <span class='ocrx_word' id='word_1_513' title='bbox 1592 4703 1715 4758; x_wconf 89' lang='lat' dir='ltr'><strong>sive</strong></span> <span class='ocrx_word' id='word_1_514' title='bbox 1776 4703 2025 4774; x_wconf 79' lang='lat' dir='ltr'><strong>illorum</strong></span> 
     </span>
    </p>
   </div>
   <div class='ocr_carea' id='block_1_81' title="bbox 374 4762 2028 4841">
    <p class='ocr_par' dir='ltr' id='par_1_81' title="bbox 374 4762 2028 4841">
     <span class='ocr_line' id='line_1_81' title="bbox 374 4762 2028 4841; baseline 0.005 -24"><span class='ocrx_word' id='word_1_515' title='bbox 374 4762 834 4841; x_wconf 80' lang='lat' dir='ltr'><strong>vindicationem</strong></span> <span class='ocrx_word' id='word_1_516' title='bbox 883 4769 1169 4826; x_wconf 88' lang='lat' dir='ltr'><strong>adversus</strong></span> <span class='ocrx_word' id='word_1_517' title='bbox 1216 4772 1323 4828; x_wconf 86' lang='lat' dir='ltr'><strong>SS.</strong></span> <span class='ocrx_word' id='word_1_518' title='bbox 1355 4762 1695 4841; x_wconf 71' lang='lat' dir='ltr'><strong>martgrum</strong></span> <span class='ocrx_word' id='word_1_519' title='bbox 1735 4772 2028 4827; x_wconf 88' lang='lat' dir='ltr'><strong>obtrecta-</strong></span> 
     </span>
    </p>
   </div>
   <div class='ocr_carea' id='block_1_82' title="bbox 374 4838 2023 4909">
    <p class='ocr_par' dir='ltr' id='par_1_82' title="bbox 374 4838 2023 4909">
     <span class='ocr_line' id='line_1_82' title="bbox 374 4838 2023 4909; baseline 0.004 -21"><span class='ocrx_word' id='word_1_520' title='bbox 374 4838 527 4890; x_wconf 86' lang='lat' dir='ltr'><strong>tores</strong></span> <span class='ocrx_word' id='word_1_521' title='bbox 556 4838 866 4906; x_wconf 88' lang='lat' dir='ltr'><strong>suscipiat,</strong></span> <span class='ocrx_word' id='word_1_522' title='bbox 891 4841 1012 4896; x_wconf 86' lang='lat' dir='ltr'><strong>sive</strong></span> <span class='ocrx_word' id='word_1_523' title='bbox 1031 4843 1300 4909; x_wconf 81' lang='lat' dir='ltr'><strong>inﬁrmos</strong></span> <span class='ocrx_word' id='word_1_524' title='bbox 1330 4858 1403 4899; x_wconf 90' lang='lat' dir='ltr'><strong>ac</strong></span> <span class='ocrx_word' id='word_1_525' title='bbox 1431 4838 1650 4899; x_wconf 77' lang='lat' dir='ltr'><strong>debiles</strong></span> <span class='ocrx_word' id='word_1_526' title='bbox 1679 4842 2023 4905; x_wconf 87' lang='lat' dir='ltr'><strong>accendere,</strong></span> 
     </span>
    </p>
   </div>
   <div class='ocr_carea' id='block_1_83' title="bbox 371 4910 2030 4982">
    <p class='ocr_par' dir='ltr' id='par_1_83' title="bbox 371 4910 2030 4982">
     <span class='ocr_line' id='line_1_83' title="bbox 371 4910 2030 4982; baseline 0.004 -23"><span class='ocrx_word' id='word_1_527' title='bbox 371 4910 652 4961; x_wconf 86' lang='lat' dir='ltr'><strong>nutantes</strong></span> <span class='ocrx_word' id='word_1_528' title='bbox 682 4922 834 4982; x_wconf 79' lang='lat' dir='ltr'><strong>vero</strong></span> <span class='ocrx_word' id='word_1_529' title='bbox 849 4912 1208 4978; x_wconf 77' lang='lat' dir='ltr'><strong>conﬁrmare</strong></span> <span class='ocrx_word' id='word_1_530' title='bbox 1250 4918 1538 4969; x_wconf 87' lang='lat' dir='ltr'><strong>conetur:</strong></span> <span class='ocrx_word' id='word_1_531' title='bbox 1571 4927 1687 4982; x_wconf 91' lang='lat' dir='ltr'><strong>quo</strong></span> <span class='ocrx_word' id='word_1_532' title='bbox 1713 4913 1776 4966; x_wconf 89' lang='lat' dir='ltr'><strong>in</strong></span> <span class='ocrx_word' id='word_1_533' title='bbox 1815 4926 2030 4980; x_wconf 86' lang='lat' dir='ltr'><strong>genere</strong></span> 
     </span>
    </p>
   </div>
   <div class='ocr_carea' id='block_1_84' title="bbox 373 4979 2029 5052">
    <p class='ocr_par' dir='ltr' id='par_1_84' title="bbox 373 4979 2029 5052">
     <span class='ocr_line' id='line_1_84' title="bbox 373 4979 2029 5052; baseline 0.004 -22"><span class='ocrx_word' id='word_1_534' title='bbox 373 4990 506 5052; x_wconf 86' lang='lat' dir='ltr'><strong>cum</strong></span> <span class='ocrx_word' id='word_1_535' title='bbox 557 4979 758 5052; x_wconf 89' lang='lat' dir='ltr'><strong>omnia</strong></span> <span class='ocrx_word' id='word_1_536' title='bbox 797 4980 931 5052; x_wconf 80' lang='lat' dir='ltr'><strong>fere</strong></span> <span class='ocrx_word' id='word_1_537' title='bbox 955 4982 1202 5052; x_wconf 86' lang='lat' dir='ltr'><strong>Eulogii</strong></span> <span class='ocrx_word' id='word_1_538' title='bbox 1241 4985 1470 5052; x_wconf 85' lang='lat' dir='ltr'><strong>scripta</strong></span> <span class='ocrx_word' id='word_1_539' title='bbox 1512 4979 1643 5037; x_wconf 76' lang='lat' dir='ltr'><strong>cum</strong></span> <span class='ocrx_word' id='word_1_540' title='bbox 1692 4979 1871 5037; x_wconf 85' lang='lat' dir='ltr'><strong>laude</strong></span> <span class='ocrx_word' id='word_1_541' title='bbox 1908 4996 2029 5036; x_wconf 85' lang='lat' dir='ltr'><strong>ver-</strong></span> 
     </span>
    </p>
   </div>
   <div class='ocr_carea' id='block_1_85' title="bbox 371 5050 2027 5123">
    <p class='ocr_par' dir='ltr' id='par_1_85' title="bbox 371 5050 2027 5123">
     <span class='ocr_line' id='line_1_85' title="bbox 371 5050 2027 5123; baseline 0.006 -27"><span class='ocrx_word' id='word_1_542' title='bbox 371 5050 605 5123; x_wconf 44' lang='lat' dir='ltr'><strong>sentur,</strong></span> <span class='ocrx_word' id='word_1_543' title='bbox 629 5051 771 5123; x_wconf 69' lang='lat' dir='ltr'><strong>tunc</strong></span> <span class='ocrx_word' id='word_1_544' title='bbox 793 5050 1240 5123; x_wconf 68' lang='lat' dir='ltr'><strong>admirandum</strong></span> <span class='ocrx_word' id='word_1_545' title='bbox 1286 5050 1558 5108; x_wconf 86' lang='lat' dir='ltr'><strong>omnibus</strong></span> <span class='ocrx_word' id='word_1_546' title='bbox 1591 5054 2027 5123; x_wconf 77' lang='lat' dir='ltr'><strong>Documentum</strong></span> 
     </span>
    </p>
   </div>
   <div class='ocr_carea' id='block_1_86' title="bbox 374 5113 2030 5197">
    <p class='ocr_par' dir='ltr' id='par_1_86' title="bbox 374 5113 2030 5197">
     <span class='ocr_line' id='line_1_86' title="bbox 374 5113 2030 5197; baseline 0.005 -28"><span class='ocrx_word' id='word_1_547' title='bbox 374 5113 704 5197; x_wconf 70' lang='lat' dir='ltr'><strong>Martyriale</strong></span> <span class='ocrx_word' id='word_1_548' title='bbox 733 5116 917 5197; x_wconf 80' lang='lat' dir='ltr'><strong>edidit</strong></span> <span class='ocrx_word' id='word_1_549' title='bbox 938 5120 1019 5197; x_wconf 78' lang='lat' dir='ltr'><strong>ad</strong></span> <span class='ocrx_word' id='word_1_550' title='bbox 1042 5136 1251 5197; x_wconf 72' lang='lat' dir='ltr'><strong>sacras</strong></span> <span class='ocrx_word' id='word_1_551' title='bbox 1281 5122 1541 5197; x_wconf 75' lang='lat' dir='ltr'><strong>virgines</strong></span> <span class='ocrx_word' id='word_1_552' title='bbox 1569 5121 1861 5197; x_wconf 82' lang='lat' dir='ltr'><strong>directum</strong></span> <span class='ocrx_word' id='word_1_553' title='bbox 1892 5123 2030 5197; x_wconf 84' lang='lat' dir='ltr'><strong>Flo-</strong></span> 
     </span>
    </p>
   </div>
   <div class='ocr_carea' id='block_1_87' title="bbox 374 5184 2026 5267">
    <p class='ocr_par' dir='ltr' id='par_1_87' title="bbox 374 5184 2026 5267">
     <span class='ocr_line' id='line_1_87' title="bbox 374 5184 2026 5267; baseline 0.006 -29"><span class='ocrx_word' id='word_1_554' title='bbox 374 5199 505 5267; x_wconf 63' lang='lat' dir='ltr'><strong>rum</strong></span> <span class='ocrx_word' id='word_1_555' title='bbox 536 5188 593 5267; x_wconf 71' lang='lat' dir='ltr'><strong>et</strong></span> <span class='ocrx_word' id='word_1_556' title='bbox 618 5184 1003 5267; x_wconf 76' lang='lat' dir='ltr'><strong>Mari&#39;am,_ob</strong></span> <span class='ocrx_word' id='word_1_557' title='bbox 1030 5191 1173 5267; x_wconf 83' lang='lat' dir='ltr'><strong>ﬁdei</strong></span> <span class='ocrx_word' id='word_1_558' title='bbox 1206 5184 1635 5267; x_wconf 69' lang='lat' dir='ltr'><strong>confessionem</strong></span> <span class='ocrx_word' id='word_1_559' title='bbox 1667 5192 1730 5246; x_wconf 89' lang='lat' dir='ltr'><strong>in</strong></span> <span class='ocrx_word' id='word_1_560' title='bbox 1771 5193 2026 5267; x_wconf 87' lang='lat' dir='ltr'><strong>vinculis</strong></span> 
     </span>
    </p>
   </div>
   <div class='ocr_carea' id='block_1_88' title="bbox 374 5255 2030 5326">
    <p class='ocr_par' dir='ltr' id='par_1_88' title="bbox 374 5255 2030 5326">
     <span class='ocr_line' id='line_1_88' title="bbox 374 5255 2030 5326; baseline 0.005 -15"><span class='ocrx_word' id='word_1_561' title='bbox 374 5255 663 5324; x_wconf 81' lang='lat' dir='ltr'><strong>detentus,</strong></span> <span class='ocrx_word' id='word_1_562' title='bbox 691 5256 816 5326; x_wconf 90' lang='lat' dir='ltr'><strong>ipse</strong></span> <span class='ocrx_word' id='word_1_563' title='bbox 844 5255 1287 5315; x_wconf 86' lang='lat' dir='ltr'><strong>etiamvinctus</strong></span> <span class='ocrx_word' id='word_1_564' title='bbox 1307 5255 1370 5316; x_wconf 86' lang='lat' dir='ltr'><strong>in</strong></span> <span class='ocrx_word' id='word_1_565' title='bbox 1400 5263 1653 5317; x_wconf 78' lang='lat' dir='ltr'><strong>Domino</strong></span> <span class='ocrx_word' id='word_1_566' title='bbox 1682 5277 1754 5317; x_wconf 90' lang='lat' dir='ltr'><strong>ac</strong></span> <span class='ocrx_word' id='word_1_567' title='bbox 1798 5266 2030 5319; x_wconf 86' lang='lat' dir='ltr'><strong>teterri-</strong></span> 
     </span>
    </p>
   </div>
   <div class='ocr_carea' id='block_1_89' title="bbox 372 5328 2027 5405">
    <p class='ocr_par' dir='ltr' id='par_1_89' title="bbox 372 5328 2027 5405">
     <span class='ocr_line' id='line_1_89' title="bbox 372 5328 2027 5405; baseline 0.006 -24"><span class='ocrx_word' id='word_1_568' title='bbox 372 5341 468 5381; x_wconf 91' lang='lat' dir='ltr'><strong>mo</strong></span> <span class='ocrx_word' id='word_1_569' title='bbox 524 5341 764 5405; x_wconf 78' lang='lat' dir='ltr'><strong>carcere</strong></span> <span class='ocrx_word' id='word_1_570' title='bbox 811 5328 1122 5405; x_wconf 90' lang='lat' dir='ltr'><strong>inclusus_:</strong></span> <span class='ocrx_word' id='word_1_571' title='bbox 1175 5333 1347 5405; x_wconf 87' lang='lat' dir='ltr'><strong>cujus</strong></span> <span class='ocrx_word' id='word_1_572' title='bbox 1388 5332 1636 5405; x_wconf 84' lang='lat' dir='ltr'><strong>lectione</strong></span> <span class='ocrx_word' id='word_1_573' title='bbox 1691 5334 2027 5405; x_wconf 88' lang='lat' dir='ltr'><strong>quicunque</strong></span> 
     </span>
    </p>
   </div>
   <div class='ocr_carea' id='block_1_90' title="bbox 374 5399 2027 5477">
    <p class='ocr_par' dir='ltr' id='par_1_90' title="bbox 374 5399 2027 5477">
     <span class='ocr_line' id='line_1_90' title="bbox 374 5399 2027 5477; baseline 0.007 -26"><span class='ocrx_word' id='word_1_574' title='bbox 374 5410 435 5452; x_wconf 88' lang='lat' dir='ltr'><strong>se</strong></span> <span class='ocrx_word' id='word_1_575' title='bbox 497 5399 722 5455; x_wconf 90' lang='lat' dir='ltr'><strong>moveri</strong></span> <span class='ocrx_word' id='word_1_576' title='bbox 735 5470 745 5477; x_wconf 31' lang='lat'><em>.</em></span> <span class='ocrx_word' id='word_1_577' title='bbox 775 5405 969 5477; x_wconf 87' lang='lat' dir='ltr'><strong>_nege_t_,</strong></span> <span class='ocrx_word' id='word_1_578' title='bbox 1025 5400 1102 5455; x_wconf 89' lang='lat' dir='ltr'><strong>ab</strong></span> <span class='ocrx_word' id='word_1_579' title='bbox 1145 5402 1327 5477; x_wconf 23' lang='lat' dir='ltr'><strong>omni;</strong></span> <span class='ocrx_word' id='word_1_580' title='bbox 1365 5417 1427 5458; x_wconf 89' lang='lat' dir='ltr'><strong>se</strong></span> <span class='ocrx_word' id='word_1_581' title='bbox 1486 5399 1725 5477; x_wconf 75' lang='lat' dir='ltr'><strong>pietatis</strong></span> <span class='ocrx_word' id='word_1_582' title='bbox 1771 5399 2027 5477; x_wconf 72' lang='lat' dir='ltr'><strong>ﬁdeique</strong></span> 
     </span>
    </p>
   </div>
   <div class='ocr_carea' id='block_1_91' title="bbox 374 5469 2024 5545">
    <p class='ocr_par' dir='ltr' id='par_1_91' title="bbox 374 5469 2024 5545">
     <span class='ocr_line' id='line_1_91' title="bbox 374 5469 2024 5545; baseline 0.007 -24"><span class='ocrx_word' id='word_1_583' title='bbox 374 5480 549 5545; x_wconf 72' lang='lat' dir='ltr'><strong>sensu</strong></span> <span class='ocrx_word' id='word_1_584' title='bbox 602 5469 821 5545; x_wconf 86' lang='lat' dir='ltr'><strong>oppido</strong></span> <span class='ocrx_word' id='word_1_585' title='bbox 869 5471 1134 5545; x_wconf 80' lang='lat' dir='ltr'><strong>alienum</strong></span> <span class='ocrx_word' id='word_1_586' title='bbox 1175 5469 1509 5539; x_wconf 80' lang='lat' dir='ltr'><strong>proﬁtetur.</strong></span> <span class='ocrx_word' id='word_1_587' title='bbox 1550 5475 1687 5529; x_wconf 90' lang='lat' dir='ltr'><strong>Non</strong></span> <span class='ocrx_word' id='word_1_588' title='bbox 1717 5469 1838 5531; x_wconf 85' lang='lat' dir='ltr'><strong>tam</strong></span> <span class='ocrx_word' id='word_1_589' title='bbox 1870 5469 2024 5533; x_wconf 75' lang='lat' dir='ltr'><strong>enim</strong></span> 
     </span>
    </p>
   </div>
   <div class='ocr_carea' id='block_1_92' title="bbox 378 5535 2029 5615">
    <p class='ocr_par' dir='ltr' id='par_1_92' title="bbox 378 5535 2029 5615">
     <span class='ocr_line' id='line_1_92' title="bbox 378 5535 2029 5615; baseline 0.007 -23"><span class='ocrx_word' id='word_1_590' title='bbox 378 5535 648 5615; x_wconf 60' lang='lat' dir='ltr'><strong>bumang&#39;</strong></span> <span class='ocrx_word' id='word_1_591' title='bbox 678 5535 921 5615; x_wconf 72' lang='lat' dir='ltr'><strong>ingenio</strong></span> <span class='ocrx_word' id='word_1_592' title='bbox 973 5535 1343 5615; x_wconf 78' lang='lat' dir='ltr'><strong>elaboratum</strong></span> <span class='ocrx_word' id='word_1_593' title='bbox 1373 5559 1553 5615; x_wconf 83' lang='lat' dir='ltr'><strong>quam</strong></span> <span class='ocrx_word' id='word_1_594' title='bbox 1600 5547 1803 5603; x_wconf 88' lang='lat' dir='ltr'><strong>divino</strong></span> <span class='ocrx_word' id='word_1_595' title='bbox 1833 5549 2029 5603; x_wconf 88' lang='lat' dir='ltr'><strong>instil-</strong></span> 
     </span>
    </p>
   </div>
   <div class='ocr_carea' id='block_1_93' title="bbox 378 5605 2021 5688">
    <p class='ocr_par' dir='ltr' id='par_1_93' title="bbox 378 5605 2021 5688">
     <span class='ocr_line' id='line_1_93' title="bbox 378 5605 2021 5688; baseline 0.007 -27"><span class='ocrx_word' id='word_1_596' title='bbox 378 5605 822 5688; x_wconf 46' lang='lat' dir='ltr'><strong>lqnteﬁpiritu</strong></span> <span class='ocrx_word' id='word_1_597' title='bbox 889 5612 1292 5688; x_wconf 83' lang='lat' dir='ltr'><strong>conscriptum</strong></span> <span class='ocrx_word' id='word_1_598' title='bbox 1348 5605 1584 5672; x_wconf 77' lang='lat' dir='ltr'><strong>videtur</strong></span> <span class='ocrx_word' id='word_1_599' title='bbox 1629 5618 1790 5673; x_wconf 90' lang='lat' dir='ltr'><strong>illud</strong></span> <span class='ocrx_word' id='word_1_600' title='bbox 1835 5634 2021 5688; x_wconf 90' lang='lat' dir='ltr'><strong>opus:</strong></span> 
     </span>
    </p>
   </div>
   <div class='ocr_carea' id='block_1_94' title="bbox 376 5679 2022 5758">
    <p class='ocr_par' dir='ltr' id='par_1_94' title="bbox 376 5679 2022 5758">
     <span class='ocr_line' id='line_1_94' title="bbox 376 5679 2022 5758; baseline 0.009 -27"><span class='ocrx_word' id='word_1_601' title='bbox 376 5681 444 5731; x_wconf 88' lang='lat' dir='ltr'><strong>ut</strong></span> <span class='ocrx_word' id='word_1_602' title='bbox 467 5681 684 5745; x_wconf 83' lang='lat' dir='ltr'><strong>optime</strong></span> <span class='ocrx_word' id='word_1_603' title='bbox 710 5679 784 5734; x_wconf 89' lang='lat' dir='ltr'><strong>de</strong></span> <span class='ocrx_word' id='word_1_604' title='bbox 801 5694 867 5735; x_wconf 91' lang='lat' dir='ltr'><strong>eo</strong></span> <span class='ocrx_word' id='word_1_605' title='bbox 889 5679 1377 5749; x_wconf 84' lang='lat' dir='ltr'><strong>pronuntiaverit</strong></span> <span class='ocrx_word' id='word_1_606' title='bbox 1406 5703 1659 5758; x_wconf 89' lang='lat' dir='ltr'><strong>magnus</strong></span> <span class='ocrx_word' id='word_1_607' title='bbox 1690 5679 2022 5746; x_wconf 77' lang='lat' dir='ltr'><strong>Annalium</strong></span> 
     </span>
    </p>
   </div>
   <div class='ocr_carea' id='block_1_95' title="bbox 449 5798 2025 5878">
    <p class='ocr_par' dir='ltr' id='par_1_95' title="bbox 449 5798 2025 5878">
     <span class='ocr_line' id='line_1_95' title="bbox 449 5798 2025 5878; baseline 0.01 -24"><span class='ocrx_word' id='word_1_608' title='bbox 449 5798 533 5871; x_wconf 90' lang='lat' dir='ltr'><strong>(a)</strong></span> <span class='ocrx_word' id='word_1_609' title='bbox 570 5800 902 5878; x_wconf 71' lang='lat' dir='ltr'><strong>De_quibus</strong></span> <span class='ocrx_word' id='word_1_610' title='bbox 941 5803 1037 5878; x_wconf 84' lang='lat' dir='ltr'><strong>hic</strong></span> <span class='ocrx_word' id='word_1_611' title='bbox 1069 5806 1265 5878; x_wconf 86' lang='lat' dir='ltr'><strong>agitur</strong></span> <span class='ocrx_word' id='word_1_612' title='bbox 1292 5811 1578 5866; x_wconf 90' lang='lat' dir='ltr'><strong>antistum</strong></span> <span class='ocrx_word' id='word_1_613' title='bbox 1603 5812 2025 5870; x_wconf 79' lang='lat' dir='ltr'><strong>Toletanorum</strong></span> 
     </span>
    </p>
   </div>
   <div class='ocr_carea' id='block_1_96' title="bbox 2138 4629 3799 4702">
    <p class='ocr_par' dir='ltr' id='par_1_96' title="bbox 2138 4629 3799 4702">
     <span class='ocr_line' id='line_1_96' title="bbox 2138 4629 3799 4702; baseline 0.005 -20"><span class='ocrx_word' id='word_1_614' title='bbox 2138 4644 2321 4702; x_wconf 78' lang='lat' dir='ltr'><strong>opera</strong></span> <span class='ocrx_word' id='word_1_615' title='bbox 2348 4629 2478 4696; x_wconf 76' lang='lat' dir='ltr'><strong>fere</strong></span> <span class='ocrx_word' id='word_1_616' title='bbox 2506 4635 2629 4684; x_wconf 90' lang='lat' dir='ltr'><strong>tota</strong></span> <span class='ocrx_word' id='word_1_617' title='bbox 2661 4636 2897 4702; x_wconf 83' lang='lat' dir='ltr'><strong>versata</strong></span> <span class='ocrx_word' id='word_1_618' title='bbox 2921 4636 3004 4686; x_wconf 90' lang='lat' dir='ltr'><strong>est</strong></span> <span class='ocrx_word' id='word_1_619' title='bbox 3038 4634 3098 4686; x_wconf 90' lang='lat' dir='ltr'><strong>in</strong></span> <span class='ocrx_word' id='word_1_620' title='bbox 3120 4629 3519 4702; x_wconf 71' lang='lat' dir='ltr'><strong>repurgando</strong></span> <span class='ocrx_word' id='word_1_621' title='bbox 3540 4634 3799 4691; x_wconf 81' lang='lat' dir='ltr'><strong>Moralis</strong></span> 
     </span>
    </p>
   </div>
   <div class='ocr_carea' id='block_1_97' title="bbox 2138 4699 3798 4774">
    <p class='ocr_par' dir='ltr' id='par_1_97' title="bbox 2138 4699 3798 4774">
     <span class='ocr_line' id='line_1_97' title="bbox 2138 4699 3798 4774; baseline 0.004 -20"><span class='ocrx_word' id='word_1_622' title='bbox 2138 4699 2396 4774; x_wconf 82' lang='lat' dir='ltr'><strong>editione</strong></span> <span class='ocrx_word' id='word_1_623' title='bbox 2424 4714 2459 4755; x_wconf 91' lang='lat' dir='ltr'><strong>a</strong></span> <span class='ocrx_word' id='word_1_624' title='bbox 2492 4700 3008 4774; x_wconf 79' lang='lat' dir='ltr'><strong>typographorum</strong></span> <span class='ocrx_word' id='word_1_625' title='bbox 3051 4699 3544 4774; x_wconf 53' lang='lat' dir='ltr'><strong>mendisfquibus</strong></span> <span class='ocrx_word' id='word_1_626' title='bbox 3583 4710 3669 4760; x_wconf 89' lang='lat' dir='ltr'><strong>est</strong></span> <span class='ocrx_word' id='word_1_627' title='bbox 3704 4707 3798 4761; x_wconf 89' lang='lat' dir='ltr'><strong>in-</strong></span> 
     </span>
    </p>
   </div>
   <div class='ocr_carea' id='block_1_98' title="bbox 2180 4770 3802 4850">
    <p class='ocr_par' dir='ltr' id='par_1_98' title="bbox 2180 4770 3802 4850">
     <span class='ocr_line' id='line_1_98' title="bbox 2180 4770 3802 4850; baseline 0.006 -28"><span class='ocrx_word' id='word_1_628' title='bbox 2180 4770 2550 4850; x_wconf 29' lang='lat' dir='ltr'><strong>uinataaope</strong></span> <span class='ocrx_word' id='word_1_629' title='bbox 2583 4772 2833 4850; x_wconf 83' lang='lat' dir='ltr'><strong>alterius</strong></span> <span class='ocrx_word' id='word_1_630' title='bbox 2864 4772 2939 4828; x_wconf 90' lang='lat' dir='ltr'><strong>ab</strong></span> <span class='ocrx_word' id='word_1_631' title='bbox 2967 4773 3235 4850; x_wconf 72' lang='lat' dir='ltr'><strong>Andrxa</strong></span> <span class='ocrx_word' id='word_1_632' title='bbox 3261 4770 3506 4850; x_wconf 73' lang='lat' dir='ltr'><strong>Schotto</strong></span> <span class='ocrx_word' id='word_1_633' title='bbox 3529 4776 3802 4850; x_wconf 79' lang='lat' dir='ltr'><strong>Franco-</strong></span> 
     </span>
    </p>
   </div>
   <div class='ocr_carea' id='block_1_99' title="bbox 2132 4785 3797 4915">
    <p class='ocr_par' dir='ltr' id='par_1_99' title="bbox 2132 4785 3797 4915">
     <span class='ocr_line' id='line_1_99' title="bbox 2180 4785 3797 4839; baseline 0.006 -17"><span class='ocrx_word' id='word_1_634' title='bbox 2180 4785 2410 4838; x_wconf 79' lang='lat' dir='ltr'><strong>uinata,</strong></span> <span class='ocrx_word' id='word_1_635' title='bbox 2442 4785 2550 4839; x_wconf 91' lang='lat' dir='ltr'><strong>ope</strong></span> <span class='ocrx_word' id='word_1_636' title='bbox 2583 4785 2833 4827; x_wconf 76' lang='lat' dir='ltr'><strong>alterius</strong></span> <span class='ocrx_word' id='word_1_637' title='bbox 2864 4785 2939 4828; x_wconf 88' lang='lat' dir='ltr'><strong>ao</strong></span> <span class='ocrx_word' id='word_1_638' title='bbox 2967 4785 3235 4830; x_wconf 72' lang='lat' dir='ltr'><strong>Anarxa</strong></span> <span class='ocrx_word' id='word_1_639' title='bbox 3261 4785 3506 4830; x_wconf 65' lang='lat' dir='ltr'><strong>schotto</strong></span> <span class='ocrx_word' id='word_1_640' title='bbox 3529 4785 3797 4833; x_wconf 65' lang='lat' dir='ltr'><strong>Franco-</strong></span> 
     </span>
     <span class='ocr_line' id='line_1_100' title="bbox 2132 4785 3797 4915; baseline 0.007 -22"><span class='ocrx_word' id='word_1_641' title='bbox 2132 4785 2297 4909; x_wconf 58' lang='lat' dir='ltr'><strong>7am</strong></span> <span class='ocrx_word' id='word_1_642' title='bbox 2349 4840 2682 4915; x_wconf 74' lang='lat' dir='ltr'><strong>adornatx,</strong></span> <span class='ocrx_word' id='word_1_643' title='bbox 2721 4857 2856 4915; x_wconf 74' lang='lat' dir='ltr'><strong>qua:</strong></span> <span class='ocrx_word' id='word_1_644' title='bbox 2901 4846 3174 4914; x_wconf 86' lang='lat' dir='ltr'><strong>quamvis</strong></span> <span class='ocrx_word' id='word_1_645' title='bbox 3218 4851 3271 4900; x_wconf 91' lang='lat' dir='ltr'><strong>et</strong></span> <span class='ocrx_word' id='word_1_646' title='bbox 3313 4847 3444 4915; x_wconf 90' lang='lat' dir='ltr'><strong>ipsa</strong></span> <span class='ocrx_word' id='word_1_647' title='bbox 3488 4847 3797 4904; x_wconf 88' lang='lat' dir='ltr'><strong>erroribus</strong></span> 
     </span>
    </p>
   </div>
   <div class='ocr_carea' id='block_1_100' title="bbox 2137 4912 3800 4987">
    <p class='ocr_par' dir='ltr' id='par_1_100' title="bbox 2137 4912 3800 4987">
     <span class='ocr_line' id='line_1_101' title="bbox 2137 4912 3800 4987; baseline 0.007 -23"><span class='ocrx_word' id='word_1_648' title='bbox 2137 4916 2384 4987; x_wconf 78' lang='lat' dir='ltr'><strong>scateat,</strong></span> <span class='ocrx_word' id='word_1_649' title='bbox 2411 4912 2543 4987; x_wconf 81' lang='lat' dir='ltr'><strong>loca</strong></span> <span class='ocrx_word' id='word_1_650' title='bbox 2564 4918 2755 4968; x_wconf 89' lang='lat' dir='ltr'><strong>tamen</strong></span> <span class='ocrx_word' id='word_1_651' title='bbox 2779 4914 2841 4987; x_wconf 83' lang='lat' dir='ltr'><strong>in</strong></span> <span class='ocrx_word' id='word_1_652' title='bbox 2863 4912 3119 4971; x_wconf 84' lang='lat' dir='ltr'><strong>editione</strong></span> <span class='ocrx_word' id='word_1_653' title='bbox 3135 4917 3304 4971; x_wconf 81' lang='lat' dir='ltr'><strong>Mora</strong></span> <span class='ocrx_word' id='word_1_654' title='bbox 3313 4912 3386 4971; x_wconf 82' lang='lat' dir='ltr'><strong>lis</strong></span> <span class='ocrx_word' id='word_1_655' title='bbox 3402 4923 3692 4987; x_wconf 86' lang='lat' dir='ltr'><strong>corrupta</strong></span> <span class='ocrx_word' id='word_1_656' title='bbox 3707 4919 3800 4975; x_wconf 88' lang='lat' dir='ltr'><strong>di-</strong></span> 
     </span>
    </p>
   </div>
   <div class='ocr_carea' id='block_1_101' title="bbox 2140 4982 3789 5063">
    <p class='ocr_par' dir='ltr' id='par_1_101' title="bbox 2140 4982 3789 5063">
     <span class='ocr_line' id='line_1_102' title="bbox 2140 4982 3789 5063; baseline 0.007 -28"><span class='ocrx_word' id='word_1_657' title='bbox 2140 4982 2394 5063; x_wconf 68' lang='lat' dir='ltr'><strong>ligenter</strong></span> <span class='ocrx_word' id='word_1_658' title='bbox 2422 4983 2593 5039; x_wconf 86' lang='lat' dir='ltr'><strong>habet</strong></span> <span class='ocrx_word' id='word_1_659' title='bbox 2622 4984 2955 5063; x_wconf 79' lang='lat' dir='ltr'><strong>emendata.</strong></span> <span class='ocrx_word' id='word_1_660' title='bbox 2988 4987 3210 5063; x_wconf 51' lang='lat' dir='ltr'><strong>ambas</strong></span> <span class='ocrx_word' id='word_1_661' title='bbox 3249 5003 3389 5059; x_wconf 85' lang='lat' dir='ltr'><strong>ergo</strong></span> <span class='ocrx_word' id='word_1_662' title='bbox 3412 4982 3618 5059; x_wconf 83' lang='lat' dir='ltr'><strong>(nullis</strong></span> <span class='ocrx_word' id='word_1_663' title='bbox 3645 4991 3789 5063; x_wconf 87' lang='lat' dir='ltr'><strong>aliis</strong></span> 
     </span>
    </p>
   </div>
   <div class='ocr_carea' id='block_1_102' title="bbox 2137 5054 3800 5126">
    <p class='ocr_par' dir='ltr' id='par_1_102' title="bbox 2137 5054 3800 5126">
     <span class='ocr_line' id='line_1_103' title="bbox 2137 5054 3800 5126; baseline 0.006 -19"><span class='ocrx_word' id='word_1_664' title='bbox 2137 5054 2437 5126; x_wconf 84' lang='lat' dir='ltr'><strong>codicibus</strong></span> <span class='ocrx_word' id='word_1_665' title='bbox 2466 5056 2891 5124; x_wconf 84' lang='lat' dir='ltr'><strong>manuscriptis</strong></span> <span class='ocrx_word' id='word_1_666' title='bbox 2920 5058 3141 5126; x_wconf 87' lang='lat' dir='ltr'><strong>adjuti)</strong></span> <span class='ocrx_word' id='word_1_667' title='bbox 3162 5058 3303 5113; x_wconf 81' lang='lat' dir='ltr'><strong>dum</strong></span> <span class='ocrx_word' id='word_1_668' title='bbox 3316 5054 3617 5116; x_wconf 64' lang='lat' dir='ltr'><strong>accurate</strong></span> <span class='ocrx_word' id='word_1_669' title='bbox 3637 5062 3800 5117; x_wconf 87' lang='lat' dir='ltr'><strong>inter</strong></span> 
     </span>
    </p>
   </div>
   <div class='ocr_carea' id='block_1_103' title="bbox 2137 5125 3799 5200">
    <p class='ocr_par' dir='ltr' id='par_1_103' title="bbox 2137 5125 3799 5200">
     <span class='ocr_line' id='line_1_104' title="bbox 2137 5125 3799 5200; baseline 0.007 -22"><span class='ocrx_word' id='word_1_670' title='bbox 2137 5139 2196 5179; x_wconf 89' lang='lat' dir='ltr'><strong>se</strong></span> <span class='ocrx_word' id='word_1_671' title='bbox 2225 5125 2606 5200; x_wconf 80' lang='lat' dir='ltr'><strong>contulimus,</strong></span> <span class='ocrx_word' id='word_1_672' title='bbox 2639 5127 2911 5195; x_wconf 74' lang='lat' dir='ltr'><strong>effectum</strong></span> <span class='ocrx_word' id='word_1_673' title='bbox 2941 5125 3024 5184; x_wconf 81' lang='lat' dir='ltr'><strong>est</strong></span> <span class='ocrx_word' id='word_1_674' title='bbox 3058 5136 3122 5185; x_wconf 90' lang='lat' dir='ltr'><strong>ut</strong></span> <span class='ocrx_word' id='word_1_675' title='bbox 3164 5136 3371 5186; x_wconf 90' lang='lat' dir='ltr'><strong>nostra</strong></span> <span class='ocrx_word' id='word_1_676' title='bbox 3402 5132 3694 5200; x_wconf 87' lang='lat' dir='ltr'><strong>integrior</strong></span> <span class='ocrx_word' id='word_1_677' title='bbox 3722 5148 3799 5189; x_wconf 90' lang='lat' dir='ltr'><strong>ac</strong></span> 
     </span>
    </p>
   </div>
   <div class='ocr_carea' id='block_1_104' title="bbox 2136 5197 3798 5268">
    <p class='ocr_par' dir='ltr' id='par_1_104' title="bbox 2136 5197 3798 5268">
     <span class='ocr_line' id='line_1_105' title="bbox 2136 5197 3798 5268; baseline 0.007 -19"><span class='ocrx_word' id='word_1_678' title='bbox 2136 5197 2343 5268; x_wconf 87' lang='lat' dir='ltr'><strong>sanior</strong></span> <span class='ocrx_word' id='word_1_679' title='bbox 2368 5202 2666 5265; x_wconf 87' lang='lat' dir='ltr'><strong>appareat</strong></span> <span class='ocrx_word' id='word_1_680' title='bbox 2695 5200 2982 5268; x_wconf 87' lang='lat' dir='ltr'><strong>utrisque.</strong></span> <span class='ocrx_word' id='word_1_681' title='bbox 3015 5200 3135 5256; x_wconf 86' lang='lat' dir='ltr'><strong>Sed</strong></span> <span class='ocrx_word' id='word_1_682' title='bbox 3172 5208 3227 5256; x_wconf 90' lang='lat' dir='ltr'><strong>et</strong></span> <span class='ocrx_word' id='word_1_683' title='bbox 3258 5197 3561 5257; x_wconf 75' lang='lat' dir='ltr'><strong>Ambrosii</strong></span> <span class='ocrx_word' id='word_1_684' title='bbox 3601 5203 3798 5261; x_wconf 82' lang='lat' dir='ltr'><strong>Mora-</strong></span> 
     </span>
    </p>
   </div>
   <div class='ocr_carea' id='block_1_105' title="bbox 2140 5266 3803 5342">
    <p class='ocr_par' dir='ltr' id='par_1_105' title="bbox 2140 5266 3803 5342">
     <span class='ocr_line' id='line_1_106' title="bbox 2140 5266 3803 5342; baseline 0.006 -21"><span class='ocrx_word' id='word_1_685' title='bbox 2140 5266 2210 5321; x_wconf 90' lang='lat' dir='ltr'><strong>lis</strong></span> <span class='ocrx_word' id='word_1_686' title='bbox 2260 5271 2432 5342; x_wconf 79' lang='lat' dir='ltr'><strong>notas</strong></span> <span class='ocrx_word' id='word_1_687' title='bbox 2476 5268 2809 5342; x_wconf 79' lang='lat' dir='ltr'><strong>aliquando</strong></span> <span class='ocrx_word' id='word_1_688' title='bbox 2859 5266 3077 5327; x_wconf 74' lang='lat' dir='ltr'><strong>nostris</strong></span> <span class='ocrx_word' id='word_1_689' title='bbox 3117 5274 3418 5341; x_wconf 89' lang='lat' dir='ltr'><strong>auximus,</strong></span> <span class='ocrx_word' id='word_1_690' title='bbox 3441 5276 3575 5342; x_wconf 90' lang='lat' dir='ltr'><strong>jam</strong></span> <span class='ocrx_word' id='word_1_691' title='bbox 3603 5277 3803 5331; x_wconf 89' lang='lat' dir='ltr'><strong>textui</strong></span> 
     </span>
    </p>
   </div>
   <div class='ocr_carea' id='block_1_106' title="bbox 2136 5339 3799 5417">
    <p class='ocr_par' dir='ltr' id='par_1_106' title="bbox 2136 5339 3799 5417">
     <span class='ocr_line' id='line_1_107' title="bbox 2136 5339 3799 5417; baseline 0.005 -24"><span class='ocrx_word' id='word_1_692' title='bbox 2136 5339 2413 5417; x_wconf 73' lang='lat' dir='ltr'><strong>auctoris</strong></span> <span class='ocrx_word' id='word_1_693' title='bbox 2431 5340 2627 5417; x_wconf 79' lang='lat' dir='ltr'><strong>magis</strong></span> <span class='ocrx_word' id='word_1_694' title='bbox 2643 5340 3184 5417; x_wconf 74' lang='lat' dir='ltr'><strong>illustrando,_jam</strong></span> <span class='ocrx_word' id='word_1_695' title='bbox 3210 5339 3799 5417; x_wconf 77' lang='lat' dir='ltr'><strong>ipsiusadnotatoris</strong></span> 
     </span>
    </p>
   </div>
   <div class='ocr_carea' id='block_1_107' title="bbox 2135 5410 3798 5489">
    <p class='ocr_par' dir='ltr' id='par_1_107' title="bbox 2135 5410 3798 5489">
     <span class='ocr_line' id='line_1_108' title="bbox 2135 5410 3798 5489; baseline 0.007 -27"><span class='ocrx_word' id='word_1_696' title='bbox 2135 5410 2439 5489; x_wconf 78' lang='lat' dir='ltr'><strong>sententiis</strong></span> <span class='ocrx_word' id='word_1_697' title='bbox 2485 5410 2862 5489; x_wconf 69' lang='lat' dir='ltr'><strong>explicandis</strong></span> <span class='ocrx_word' id='word_1_698' title='bbox 2906 5410 3425 5489; x_wconf 78' lang='lat' dir='ltr'><strong>conﬁrmandisve,</strong></span> <span class='ocrx_word' id='word_1_699' title='bbox 3465 5416 3798 5486; x_wconf 86' lang='lat' dir='ltr'><strong>aliquando</strong></span> 
     </span>
    </p>
   </div>
   <div class='ocr_carea' id='block_1_108' title="bbox 2136 5481 3797 5561">
    <p class='ocr_par' dir='ltr' id='par_1_108' title="bbox 2136 5481 3797 5561">
     <span class='ocr_line' id='line_1_109' title="bbox 2136 5481 3797 5561; baseline 0.006 -28"><span class='ocrx_word' id='word_1_700' title='bbox 2136 5481 2313 5561; x_wconf 84' lang='lat' dir='ltr'><strong>etiam</strong></span> <span class='ocrx_word' id='word_1_701' title='bbox 2346 5481 2715 5561; x_wconf 81' lang='lat' dir='ltr'><strong>corrigendis</strong></span> <span class='ocrx_word' id='word_1_702' title='bbox 2736 5496 2759 5537; x_wconf 82' lang='lat'><strong>.&#39;</strong></span> <span class='ocrx_word' id='word_1_703' title='bbox 2800 5499 2920 5561; x_wconf 80' lang='lat' dir='ltr'><strong>qua</strong></span> <span class='ocrx_word' id='word_1_704' title='bbox 2964 5486 3027 5539; x_wconf 91' lang='lat' dir='ltr'><strong>in</strong></span> <span class='ocrx_word' id='word_1_705' title='bbox 3058 5500 3124 5561; x_wconf 77' lang='lat' dir='ltr'><strong>re</strong></span> <span class='ocrx_word' id='word_1_706' title='bbox 3149 5481 3492 5561; x_wconf 82' lang='lat' dir='ltr'><strong>curavimus</strong></span> <span class='ocrx_word' id='word_1_707' title='bbox 3525 5481 3590 5541; x_wconf 74' lang='lat' dir='ltr'><strong>ut</strong></span> <span class='ocrx_word' id='word_1_708' title='bbox 3619 5504 3797 5561; x_wconf 82' lang='lat' dir='ltr'><strong>suum</strong></span> 
     </span>
    </p>
   </div>
   <div class='ocr_carea' id='block_1_109' title="bbox 2134 5555 3813 5689">
    <p class='ocr_par' dir='ltr' id='par_1_109' title="bbox 2134 5555 3813 5689">
     <span class='ocr_line' id='line_1_110' title="bbox 2134 5555 3813 5689; baseline 0.008 -86"><span class='ocrx_word' id='word_1_709' title='bbox 2134 5555 2349 5689; x_wconf 42' lang='lat' dir='ltr'><strong>auiqale</strong></span> <span class='ocrx_word' id='word_1_710' title='bbox 2376 5558 2696 5618; x_wconf 86' lang='lat' dir='ltr'><strong>constaret,</strong></span> <span class='ocrx_word' id='word_1_711' title='bbox 2717 5569 2792 5609; x_wconf 89' lang='lat' dir='ltr'><strong>ne</strong></span> <span class='ocrx_word' id='word_1_712' title='bbox 2822 5555 3018 5611; x_wconf 88' lang='lat' dir='ltr'><strong>virum</strong></span> <span class='ocrx_word' id='word_1_713' title='bbox 3047 5555 3448 5613; x_wconf 84' lang='lat' dir='ltr'><strong>doctissimum</strong></span> <span class='ocrx_word' id='word_1_714' title='bbox 3479 5573 3589 5614; x_wconf 90' lang='lat' dir='ltr'><strong>sua</strong></span> <span class='ocrx_word' id='word_1_715' title='bbox 3614 5559 3813 5618; x_wconf 86' lang='lat' dir='ltr'><strong>laude-</strong></span> 
     </span>
     <span class='ocr_line' id='line_1_111' title="bbox 2168 5636 2588 5678; baseline 0.01 -4"><span class='ocrx_word' id='word_1_716' title='bbox 2168 5636 2283 5675; x_wconf 88' lang='lat' dir='ltr'><strong>rau</strong></span> <span class='ocrx_word' id='word_1_717' title='bbox 2331 5637 2588 5678; x_wconf 82' lang='lat' dir='ltr'><strong>aremus.</strong></span> 
     </span>
    </p>
   </div>
   <div class='ocr_carea' id='block_1_110' title="bbox 2168 5636 2588 5678">
    <p class='ocr_par' dir='ltr' id='par_1_110' title="bbox 2168 5636 2588 5678">
     <span class='ocr_line' id='line_1_112' title="bbox 2168 5636 2588 5678; baseline 0.01 -4"><span class='ocrx_word' id='word_1_718' title='bbox 2168 5636 2588 5678; x_wconf 81' lang='lat' dir='ltr'><strong>rauaaremus.</strong></span> 
     </span>
    </p>
   </div>
   <div class='ocr_carea' id='block_1_111' title="bbox 2219 5693 3801 5767">
    <p class='ocr_par' dir='ltr' id='par_1_111' title="bbox 2219 5693 3801 5767">
     <span class='ocr_line' id='line_1_113' title="bbox 2219 5693 3801 5767; baseline 0.008 -21"><span class='ocrx_word' id='word_1_719' title='bbox 2219 5693 2635 5750; x_wconf 88' lang='lat' dir='ltr'><strong>Verumtamen</strong></span> <span class='ocrx_word' id='word_1_720' title='bbox 2690 5697 2972 5767; x_wconf 88' lang='lat' dir='ltr'><strong>quoniam</strong></span> <span class='ocrx_word' id='word_1_721' title='bbox 3025 5698 3193 5754; x_wconf 92' lang='lat' dir='ltr'><strong>illius</strong></span> <span class='ocrx_word' id='word_1_722' title='bbox 3248 5699 3801 5759; x_wconf 87' lang='lat' dir='ltr'><strong>animadversiones</strong></span> 
     </span>
    </p>
   </div>
   <div class='ocr_carea' id='block_1_112' title="bbox 2134 5817 3806 5895">
    <p class='ocr_par' dir='ltr' id='par_1_112' title="bbox 2134 5817 3806 5895">
     <span class='ocr_line' id='line_1_114' title="bbox 2134 5817 3806 5895; baseline 0.009 -27"><span class='ocrx_word' id='word_1_723' title='bbox 2134 5819 2407 5895; x_wconf 52' lang='lat' dir='ltr'><strong>agsta_nt_</strong></span> <span class='ocrx_word' id='word_1_724' title='bbox 2426 5817 2681 5895; x_wconf 67' lang='lat' dir='ltr'><strong>hujusce</strong></span> <span class='ocrx_word' id='word_1_725' title='bbox 2743 5821 3094 5894; x_wconf 66' lang='lat' dir='ltr'><strong>Patrologim</strong></span> <span class='ocrx_word' id='word_1_726' title='bbox 3158 5828 3304 5881; x_wconf 90' lang='lat' dir='ltr'><strong>tom.</strong></span> <span class='ocrx_word' id='word_1_727' title='bbox 3374 5822 3685 5882; x_wconf 78' lang='lat' dir='ltr'><strong>LXXXVII</strong></span> <span class='ocrx_word' id='word_1_728' title='bbox 3743 5833 3806 5895; x_wconf 80' lang='lat' dir='ltr'><strong>et</strong></span> 
     </span>
    </p>
   </div>
   <div class='ocr_carea' id='block_1_113' title="bbox 380 5870 2793 5953">
    <p class='ocr_par' dir='ltr' id='par_1_113' title="bbox 380 5870 2793 5953">
     <span class='ocr_line' id='line_1_115' title="bbox 380 5870 2793 5953; baseline 0.01 -27"><span class='ocrx_word' id='word_1_729' title='bbox 380 5870 594 5943; x_wconf 82' lang='lat' dir='ltr'><strong>Opera,</strong></span> <span class='ocrx_word' id='word_1_730' title='bbox 641 5870 887 5944; x_wconf 78' lang='lat' dir='ltr'><strong>Eugenii</strong></span> <span class='ocrx_word' id='word_1_731' title='bbox 916 5870 1157 5949; x_wconf 68' lang='lat' dir='ltr'><strong>scilicet,</strong></span> <span class='ocrx_word' id='word_1_732' title='bbox 1208 5879 1555 5953; x_wconf 80' lang='lat' dir='ltr'><strong>Hildefonsi,</strong></span> <span class='ocrx_word' id='word_1_733' title='bbox 1594 5882 1830 5952; x_wconf 84' lang='lat' dir='ltr'><strong>Juliani,</strong></span> <span class='ocrx_word' id='word_1_734' title='bbox 1876 5883 2036 5944; x_wconf 87' lang='lat' dir='ltr'><strong>edita</strong></span> <span class='ocrx_word' id='word_1_735' title='bbox 2142 5870 2333 5944; x_wconf 75' lang='lat' dir='ltr'><strong>xcvi.</strong></span> <span class='ocrx_word' id='word_1_736' title='bbox 2368 5870 2793 5953; x_wconf 58' lang='lat' dir='ltr'><strong>Eﬁifrl&#39;r&#39;aoi.</strong></span> 
     </span>
    </p>
   </div>
  </div>
