3968 6406
160 328 265 382 705

1551 327 1712 382 VITA
1751 325 1885 380 νει,
1922 323 2193 381 PASSIO.

3503 336 3609 396 700

162 463 598 533 nonnunquam
633 450 930 533 longiores
972 454 1112 533 sunt
1144 464 1216 533 ac
1233 451 1364 520 fere
1403 457 1706 533 perpetua;
1755 450 1830 505 le-
1862 451 1905 503 Α
1943 452 2071 504 sine
2096 447 2481 533 deformitate
2506 450 2799 533 separari,
2819 457 3094 533 nequeatz
3118 457 3242 507 tum
3267 468 3403 510 vero
3422 458 3610 513 maxi-

165 521 348 577 ctoris
380 520 683 576 commodo
714 522 1109 591 consulentes,
1152 522 1266 578 hac
1304 520 1578 578 methodo
1610 523 1705 577 usi
1731 536 1830 577 su-

162 608 315 661 mus,
345 597 411 647 ut
435 592 730 648 breviores
755 598 929 648 notas
951 593 1034 649 ad
1060 595 1239 649 imam
1269 599 1467 649 textus
1497 594 1832 664 marginem

161 664 614 733 subjiceremus,
647 664 910 733 reliquas
940 665 1022 720 ad
1060 670 1412 732 extremum,
1462 682 1581 720 non
1632 666 1835 719 unius-

164 737 455 806 cujusque
482 735 642 807 libri.
669 735 773 791 sed
804 736 984 791 totius
1011 737 1205 805 operis
1230 738 1555 807 relegando
1576 751 1600 793 .'
1629 738 1690 791 in
1718 750 1834 806 quo

163 807 501 862 illustrium
548 806 844 863 editorum
890 809 1167 876 exempla
1209 806 1532 878 sequimur.
1576 808 1834 876 Scriptis

165 882 481 949 (quantum
511 878 706 945 licuit)
737 893 872 935 eum
919 881 1112 934 locum
1157 881 1615 947 assignavimus,
1663 893 1831 950 quem

165 950 322 1005 ratio
391 950 695 1021 temporis,
756 966 872 1021 quo
942 951 1408 1021 unumquodque
1458 950 1834 1007 elaboratum

164 1021 307 1090 fuit,
331 1022 571 1091 exigere
586 1020 827 1076 videtur
850 1038 861 1074 :
889 1021 999 1077 hoc
1020 1027 1218 1077 tamen
1236 1020 1356 1077 non
1379 1037 1611 1091 semper
1633 1022 1831 1077 licuit:

164 1106 354 1163 neque
385 1093 541 1148 enim
592 1097 710 1147 tres
761 1093 944 1148 libros
994 1093 1363 1148 Memorialis
1406 1094 1768 1149 Sanctorum
1799 1106 1834 1148 a

164 1178 226 1219 se
251 1164 515 1235 invicem
535 1163 802 1219 dividere
821 1179 1052 1233 aequum
1084 1169 1237 1234 erat,
1259 1165 1533 1235 quamvis
1566 1180 1685 1219 non
1719 1178 1835 1219 uno

168 1240 429 1304 tempore
481 1234 717 1303 fuerint
765 1236 1110 1304 conscripti.
1142 1234 1445 1292 Praeterea
1486 1236 1834 1305 Martyrum

165 1305 268 1378 SS.
311 1306 625 1375 Virginum
646 1306 947 1378 Florasac
976 1307 1209 1373 Marias,
1243 1308 1401 1378 quod
1429 1313 1609 1363 antea
1641 1322 1773 1375 cap.
1804 1308 1836 1360 8

171 1377 308 1432 libri
344 1393 383 1431 ιι
415 1378 787 1433 Memorialis
834 1377 1196 1433 Sanctorum
1234 1377 1603 1447 conﬁciebat,
1653 1393 1683 1434 e
1726 1392 1835 1433 sua

167 1449 317 1517 sede,
348 1454 417 1502 ut
444 1449 532 1504 ita
554 1448 845 1513 dicamus,
878 1450 1170 1515 evulsum,
1212 1456 1619 1518 opportunum
1662 1456 1838 1518 puta-

168 1521 355 1576 vimus
380 1521 626 1575 seorsim
642 1520 816 1576 edere
852 1535 976 1576 una
994 1537 1127 1575 cum
1156 1522 1587 1577 Documentum
1610 1521 1838 1588 Marty-

169 1591 311 1647 riali
329 1592 385 1647 ei
402 1593 679 1661 prce/imo,
705 1597 830 1646 tum
857 1592 1018 1662 quod
1037 1608 1105 1648 ea
1138 1593 1407 1648 historiae
1431 1608 1577 1662 pars
1608 1607 1727 1647 non
1750 1593 1836 1647 ita

169 1678 298 1718 cum
328 1663 568 1734 reliqua
594 1666 952 1719 narratione
979 1664 1399 1734 conglutinata
1430 1665 1525 1730 sit,
1557 1669 1621 1719 ut
1662 1663 1737 1719 ab
1767 1677 1836 1719 ea

1943 536 2054 596 me,
2096 521 2257 591 quod
2286 523 2651 578 Documento
2681 523 2957 596 protrime
2986 522 3304 581 adhterens
3343 530 3613 596 apertius

1943 591 2305 648 demonstret
2352 598 2645 664 quantam
2686 594 2880 649 divini
2921 596 3143 649 amoris
3193 591 3501 664 ﬂammam
3540 615 3613 655 ac

1936 664 2234 742 peritura;
2288 664 2477 742 hujus
2520 666 2656 742 vitae
2684 670 3086 742 contemptum
3127 667 3321 736 ignita
3368 670 3615 742 Eulogii

1947 734 2126 791 verba
2195 736 2258 789 in
2318 736 2720 806 virginalibus
2789 734 3167 805 pectoribus'
3202 734 3607 798 accenderint.

1943 806 2172 878 Deinde
2201 806 2674 878 Apologeticum,
2725 814 3090 877 postremum
3127 811 3391 867 omnium
3427 812 3612 868 Eulo-

1943 877 2042 955 gii
2074 878 2359 955 Operam1
2404 877 2682 955 raepcedit
2737 880 2990 955 epistola
3030 880 3119 955 ad
3173 882 3607 955 Wiliesindum,

1946 950 2281 1022 episcopum
2314 951 2859 1022 Pampilonenscm,
2902 951 2976 1007 de
3018 953 3191 1021 cujus
3237 950 3613 1022 legitimitate

1947 1020 2119 1074 nullo
2138 1022 2350 1075 merito
2396 1021 2701 1077 dubitasse
2747 1022 3151 1087 Pellizerium,
3200 1020 3606 1082 ma'rchionem

1945 1091 2504 1161 Mondexarensem,
2529 1098 2583 1149 et
2613 1093 3002 1164 Maiansium,
3034 1095 3179 1149 satis
3208 1102 3413 1163 aperte
3454 1097 3610 1153 evin-

1947 1163 2025 1218 cit
2052 1164 2225 1235 omni
2234 1170 2727 1233 argumentorum
2752 1178 2966 1233 genere
2985 1179 3117 1233 jam
3160 1168 3373 1235 saepius
3399 1168 3609 1223 lauda-

1947 1239 2041 1289 tus
2066 1234 2141 1305 P_.
2171 1234 2404 1299 Florez,
2431 1240 2571 1290 tom.
2600 1235 2660 1289 X
2692 1235 3009 1303 Hispanice
3036 1234 3247 1305 sacrae,
3296 1243 3473 1294 tract.
3515 1240 3604 1305 33,

1946 1319 2079 1378 cap.
2101 1303 2198 1378 #12,
2228 1320 2391 1378 num.
2425 1306 2495 1378 7O
2516 1312 2570 1361 et
2596 1306 2994 1378 sequentibus.
3024 1303 3306 1377 Reliquas
3326 1303 3608 1378 epistolas

1946 1376 2021 1432 ab
2046 1376 2369 1432 Moratesio
2394 1377 2576 1431 simul
2613 1376 2802 1432 editas
2826 1392 2933 1432 nos
2974 1376 3607 1447 przeﬁaimus‘tracta'

1948 1447 2103 1502 tibus
2134 1463 2387 1519 quorum
2419 1463 2601 1503 causa
2638 1448 2891 1517 fuerunt
2917 1449 3195 1519 scripta;
3245 1456 3300 1506 et
3348 1452 3410 1505 in
3441 1452 3607 1507 Actis

1945 1520 2293 1588 Martyrum
2323 1520 2653 1574 nonnullas
2682 1520 3003 1587 adjicimus
3032 1526 3206 1575 notas
3236 1536 3312 1577 ex
3351 1522 3607 1578 Bollan-

1945 1590 2165 1656 dianis,
2198 1595 2265 1645 ut
2291 1606 2366 1647 ne
2387 1591 2497 1646 hoc
2520 1591 2739 1647 deesset
2762 1592 2823 1646 in
2856 1596 3064 1647 nostra
3084 1590 3361 1649 editione.

984 1899 1496 1989 MONlTUM
1600 1899 2150 1989 AMBROSII
2259 1897 2789 2011 MORALIS,

1262 2053 1575 2123 Editioni
1616 2051 2082 2145 Complutensi
2107 2051 2499 2143 praeﬁxum.

229 2294 431 2365 Hujus
451 2294 584 2351 divi
607 2294 853 2366 Eulogii
874 2295 1024 2352 Vitte
1039 2294 1158 2350 duo
1177 2294 1493 2351 habuimus
1524 2295 1825 2364 exempla-
1859 2295 1902 2348 Β
1942 2294 2297 2364 apparebat,
2331 2295 2491 2351 alter
2514 2294 2727 2365 fuisset
2747 2295 3219 2364 suprascriptus.
3243 2294 3460 2351 Annus
3500 2301 3607 2352 Do-

164 2367 273 2423 ria.
304 2368 588 2423 Alterum
615 2381 749 2423 cum
783 2367 982 2423 sancti
1020 2366 1304 2435 Operibus
1330 2368 1394 2421 in
1436 2368 1828 2423 vetustissimo

167 2437 433 2495 Ovetensi
458 2438 545 2493 ad
570 2442 750 2506 ﬁnem
780 2437 1134 2494 cohaerebat.
1168 2438 1445 2494 Alterum
1492 2438 1644 2494 mihi
1672 2438 1831 2494 beni-

164 2525 274 2579 gne
298 2509 782 2566 commodaverat
813 2509 1075 2565 Michael
1116 2510 1357 2565 Ruizius
1387 2511 1652 2579 Azagra,
1683 2524 1831 2565 sere-

168 2582 542 2637 nissimorum
580 2581 883 2637 Bohemize
927 2582 1276 2650 principum
1329 2581 1576 2636 Ernesti
1622 2587 1676 2637 et
1714 2581 1830 2636 Ro-

166 2652 311 2721 dulﬁ
331 2668 369 2709 a
397 2653 667 2723 secretis,
688 2651 1030 2708 adolescens
1056 2653 1294 2722 ingenio
1320 2658 1373 2708 et
1407 2652 1624 2708 litteris
1654 2667 1832 2707 orna-

168 2725 440 2789 tissimus,
472 2730 530 2780 et
560 2725 624 2779 in
646 2724 1115 2794 pervestiganda
1142 2724 1307 2779 omni
1334 2724 1697 2795 antiquitate
1710 2729 1835 2779 stu-

168 2795 249 2850 dii
271 2802 323 2852 et
349 2796 686 2865 diligentiae
708 2795 1059 2865 singularis.
1084 2795 1229 2850 Fuit
1258 2795 1308 2850 is
1330 2796 1506 2851 etiam
1526 2795 1714 2851 codex
1732 2796 1831 2850 lit-

167 2869 301 2922 teris
333 2866 604 2923 Gothicis
657 2867 719 2921 in
754 2866 1113 2922 membranis
1162 2866 1518 2935 descriptus,
1568 2872 1623 2922 et
1672 2866 1833 2936 quod

167 2939 366 2994 multis
417 2937 660 2994 indiciis
722 2938 1076 3007 apparebat,
1127 2938 1327 2994 itidem
1379 2938 1827 2993 vetustissimus.

167 3009 357 3065 Plura
404 3009 676 3065 continet
724 3014 1019 3079 poemata,
1066 3009 1384 3065 Dracontii
1429 3010 1715 3065 nimirum
1759 3009 1833 3064 de

170 3080 350 3149 Opere
375 3096 487 3138 sex
516 3080 750 3136 dierum
778 3080 962 3136 libros
1007 3081 1176 3149 duos,
1200 3096 1334 3136 cum
1380 3080 1508 3136 divi
1546 3080 1828 3149 Eugenii,

171 3154 324 3207 tertii
342 3152 789 3221 archiepiscopi
810 3152 1100 3219 Toletani,
1121 3152 1551 3221 supplementis
1565 3167 1586 3206 .°
1602 3152 1832 3221 Coryp-

162 3224 230 3291 pi
251 3223 641 3294 grammatici
660 3222 949 3293 Africani
971 3223 1053 3279 ad
1080 3224 1494 3278 Justinianum
1522 3224 1832 3292 imperoto-

170 3309 285 3351 rem
328 3295 516 3351 libros
562 3299 680 3350 tres
705 3309 727 3349 ,ο
761 3294 1019 3363 ejusdem
1072 3294 1200 3350 divi
1240 3295 1502 3363 Eugenii
1528 3296 1829 3363 epigram-

170 3372 343 3438 mata.
374 3365 835 3438 quaedamalia.
867 3367 942 3421 1n
968 3367 1092 3438 ﬁne
1130 3367 1262 3421 Vita
1290 3366 1415 3421 haec
1444 3365 1834 3438 divi_Eulogii

165 3437 281 3505 fuit
323 3435 591 3495 annexa.
639 3436 940 3493 Ovetensis
966 3437 1154 3493 codex
1180 3437 1421 3491 nullum
1458 3435 1696 3492 titulum
1727 3437 1831 3491 ha-

173 3507 287 3564 buit
311 3510 449 3565 huic
468 3508 645 3578 operi
667 3510 1013 3578 prtefid‘um.
1042 3509 1161 3565 Ille
1179 3509 1339 3565 alter
1365 3508 1527 3563 hunc
1548 3510 1831 3577 praefere—

172 3578 283 3645 bat,
313 3596 488 3652 quem
521 3581 931 3652 opposuimus.
978 3579 1093 3635 Sed
1123 3594 1271 3652 uarie
1304 3580 1669 3648 computatio
1709 3580 1832 3649 fuit

171 3650 337 3709 varie
351 3653 415 3709 in
439 3651 723 3722 margine
757 3653 1020 3722 signata,
1048 3667 1183 3707 cum
1208 3650 1424 3707 abraso
1454 3665 1723 3712 numero,
1766 3655 1833 3705 ut

1940 2368 2177 2422 minica:
2206 2366 2644 2422 incarnationis
2676 2371 2834 2422 recte
2858 2366 2980 2435 fuit
2995 2367 3286 2436 signatus.
3320 2366 3469 2424 Inde
3497 2382 3604 2423 nos

1940 2444 1994 2494 et
2026 2453 2102 2494 ex
2130 2438 2534 2494 astronomica
2564 2443 2772 2492 nostra
2803 2438 3037 2510 ratione
3070 2438 3446 2510 supputandi
3491 2438 3603 2510 (cu-

1930 2512 2038 2579 jus
2065 2511 2232 2565 nobis
2263 2510 2774 2579 opportunitatem
2790 2509 3056 2564 Alvarus
3078 2509 3160 2565 ad
3179 2510 3359 2578 ﬁnem
3386 2509 3601 2580 operis,

1941 2581 2439 2652 quemadmodum
2478 2580 2564 2635 ibi
2589 2579 2926 2649 apparebit,
2952 2580 3237 2653 prgbuit)
3285 2579 3606 2653 utrumque

1941 2658 2099 2708 recte
2128 2654 2499 2723 signavimus
2524 2658 2577 2707 et
2609 2653 3000 2707 astruximus.
3041 2652 3274 2707 Nomen
3300 2654 3479 2708 etiam
3508 2667 3603 2708 re-

1939 2724 2031 2793 gis
2087 2725 2150 2778 in
2222 2724 2397 2779 titulo
2460 2723 2737 2779 mendose
2786 2723 2909 2793 fuit
2961 2724 3311 2793 ascriptum.
3379 2723 3608 2779 Abder-

1941 2795 2243 2864 rahgman
2272 2795 2429 2851 enim
2463 2794 2813 2864 legebatur:
2841 2809 2977 2850 cum
3025 2796 3151 2864 ipso
3176 2800 3431 2861 mortuo,
3477 2795 3605 2851 Ma-

1942 2865 2183 2935 homad,
2216 2867 2344 2935 ejus
2369 2867 2556 2935 ﬁlius,
2590 2866 2793 2921 divum
2824 2865 3171 2937 Eulogium,
3204 2866 3364 2937 quod
3386 2880 3463 2923 ea:
3481 2868 3607 2935 eju-

1938 2939 2101 2993 sdem
2134 2937 2285 2993 libro
2316 2939 2491 2993 tertio
2530 2942 2783 3003 constat,
2838 2939 3132 3007 martyrio
3180 2939 3556 2994 coronaverit
3583 2952 3608 2995 .'

1939 3015 1992 3064 et
2019 3009 2287 3065 Alvarus
2317 3010 2497 3064 etiam
2524 3010 2719 3077 ipsum
2740 3023 2936 3077 regem
2966 3007 3296 3064 Mahomad
3308 3010 3603 3065 nominat.

1938 3081 2075 3149 Ipse
2120 3081 2385 3135 Alvarus
2433 3080 2607 3134 etiam
2638 3078 2854 3134 nobilis
2890 3078 3227 3149 admodum
3268 3085 3321 3135 et
3375 3079 3607 3135 illustri

1937 3148 2151 3221 genere
2180 3150 2418 3205 videtur
2440 3150 2665 3219 fuisse:
2698 3148 2989 3221 siquidem
3033 3148 3401 3221 serenissimi
3426 3149 3603 3221 titulo

1939 3219 2133 3291 ipsum
2164 3236 2283 3277 non
2309 3221 2489 3277 semel
2517 3219 2836 3289 compellat
2869 3220 3180 3290 Eulogius.
3234 3219 3404 3286 Quod
3444 3219 3601 3277 idem

1934 3298 2365 3362 prleceptorem
2419 3308 2590 3347 suum
2630 3293 2810 3348 etiam
2869 3296 3061 3353 vocat,
3107 3291 3467 3348 humilitatis
3516 3295 3605 3348 est

1936 3379 2188 3434 prorsus
2212 3382 2224 3419 :
2250 3379 2385 3419 cum
2397 3363 2652 3432 fuerint,
2686 3368 2750 3417 ut
2782 3363 3094 3431 confestim
3113 3364 3333 3434 legenti
3350 3377 3604 3433 appare-

1942 3436 2045 3505 bit,
2064 3435 2480 3504 condiscipuli.
2506 3434 2782 3501 Quinimo
2804 3439 2857 3490 et
2877 3448 2988 3505 per
3006 3433 3376 3491 catachrisin
3396 3449 3604 3505 quam-

1939 3507 2080 3562 dam
2107 3508 2377 3562 Alvarus
2398 3506 2608 3562 doctor
2626 3505 2872 3575 dicitur,
2896 3504 3069 3561 homo
3091 3506 3282 3562 laicus
3306 3511 3361 3562 et
3392 3504 3603 3575 conju-

1939 3579 2381 3650 gio,quanlum
2410 3579 2705 3647 conjicere
2727 3577 2931 3644 datur,
2959 3578 3239 3644 innexus,
3267 3578 3369 3633 cui
3395 3577 3603 3647 hujus-

1939 3649 2336 3706 modi'titulus
2352 3650 2594 3705 minime
2614 3664 2679 3705 eo
2700 3654 2964 3719 tempore
2982 3654 3221 3719 poterat
3252 3653 3598 3718 competere.

1132 3911 1809 4031 SANGTI
1885 3909 2624 4029 EULOG-II

1293 4112 1715 4154 ARCHIEPISCOPI
1752 4112 2022 4152 TOLBTANI
2059 4113 2128 4151 ΕΤ
2167 4112 2469 4152 ΜΑΒΤΥΜΒ.

271 4249 407 4333 Qui
422 4272 668 4342 passus
697 4261 788 4319 est
818 4271 953 4318 tera
981 4272 1331 4333 Dcccxcvu,
1385 4271 1559 4317 anno
1589 4250 2087 4406 lncaryéztionlis
2118 4247 2400 4350 Domini
2426 4249 2583 4332 859,
2619 4244 2740 4314 sub
2782 4269 2939 4338 rege
2970 4245 3360 4331 Mahomad,
3388 4245 3500 4316 die

1511 4352 1742 4406 quinto
1866 4361 1942 4406 us
1983 4361 2002 4403 ί
2060 4350 2239 4406 artu.
2812 4350 2855 4375 "

1511 4350 1742 4428 quinto
1782 4350 1942 4406 ldus
1983 4350 2239 4417 Martii,
2812 4356 2827 4375 ’
2850 4350 2855 4357 “

997 4543 1839 4687 VlTA.mL

1972 4541 2777 4686 PASSIO

1155 4783 1582 4853 AUCTORE
1611 4787 1727 4852 AL
1743 4786 1974 4853 VARO
2008 4782 2612 4852 CORDUBENSI.

176 4990 276 5055 (Ex
303 4992 437 5050 cod.
467 4993 593 5052 Tol.
623 4997 834 5065 Azagr.
863 5009 982 5051 ms.
1015 5012 1029 5064 ;
1059 5010 1135 5051 ex
1158 4994 1297 5052 edit.
1329 4995 1568 5067 moral].
1595 5014 1609 5065 ;
1650 5012 1725 5053 ex
1755 4996 1999 5063 Schott.,
2035 4999 2183 5053 tom.
2216 4997 2284 5051 ιν
2314 4993 2474 5067 Hisp.
2510 4991 2716 5060 lllust.,
2768 4991 3081 5064 Antuerp.,
3112 4987 3193 5047 ad
3231 5003 3294 5046 ιι
3321 4989 3504 5060 Mart;
3550 4993 3610 5048 et

1381 5066 1625 5137 Florez.,
1660 5071 1805 5125 tom.
1865 5071 1909 5125 x
1963 5067 2130 5141 Hisp.
2196 5066 2379 5138 Sacr.)

800 5273 1187 5331 PREFATIO.

239 5360 335 5413 ⁸1.
393 5361 726 5419 Beatissimi
778 5362 1063 5435 martyris
1096 5362 1172 5435 (l)
1202 5366 1260 5419 et
1286 5360 1549 5419 doctoris
1601 5360 1832 5433 Eulogii

174 5446 511 5512 passionem
530 5451 863 5525 disponens
884 5450 1351 5525 scribere,'prius
1367 5451 1554 5529 vitam
1570 5450 1701 5523 ejus
1723 5466 1831 5524 pu-

177 5532 286 5590 tavi
312 5535 691 5612 dirigendam
719 5542 783 5598 in
810 5541 1044 5611 ordine,
1071 5557 1262 5616 quam
1292 5541 1386 5598 sui
1410 5540 1549 5598 ﬁnis
1569 5555 1832 5612 agonem

243 5671 266 5698 ·
320 5663 479 5721 Nota:
509 5666 852 5724 numerales
882 5667 1068 5724 textui
1089 5667 1434 5724 intermistie
1457 5669 1728 5724 spectant
1753 5665 1833 5723 ad

182 5728 403 5813 Scholia
430 5737 727 5813 Amyrosii
753 5739 1009 5810 Moralis,
1047 5744 1187 5813 post
1228 5739 1419 5797 Vitam
1471 5728 1701 5808 Eulogii
1743 5754 1835 5794 re-

182 5813 336 5861 cusa.
362 5807 516 5866 Enn.
547 5812 790 5870 ΡΑτιιοι..

1860 5273 1903 5328 C
1939 5269 2414 5345 pulcherrimum
2434 5268 2786 5340 designare:
2822 5271 2889 5326 ut
2915 5266 3052 5342 quis
3080 5265 3177 5324 vel
3195 5266 3460 5340 quantus
3481 5262 3609 5320 fue-

1939 5361 2014 5417 rit
2036 5364 2176 5417 ante
2203 5359 2527 5417 lectoribus
2555 5359 2911 5428 innotescat,
2937 5362 2996 5413 et
3015 5356 3101 5412 sic
3121 5354 3407 5425 deinceps
3428 5350 3611 5425 adep-

1940 5449 2118 5506 tumb
2165 5465 2238 5506 ex
2269 5448 2484 5507 merito
2523 5447 2795 5523 palmam
2832 5445 3095 5503 victoria:
3143 5440 3610 5501 evidentissimis

1940 5537 2231 5595 clarescat
2254 5551 2278 5580 ο
2313 5537 2567 5595 indiciis.
2615 5539 2679 5593 In
2709 5534 2884 5607 cuius
2915 5532 3114 5607 operis
3141 5528 3461 5607 principio,
3491 5530 3609 5589 Do-

2010 5664 2040 5705 ι»
2067 5664 2154 5721 Ita
2178 5682 2323 5733 ms.;
2354 5663 2491 5721 editi
2523 5678 2690 5733 vero,
2721 5661 3023 5732 adeptam.

2012 5749 2039 5777 ο
2078 5735 2185 5806 1(1.,
2215 5738 2532 5795 elucescat.
