3960 6380
379 361 483 416 707

1556 348 1639 419 is.
1680 340 1961 404 EULOGII
2000 340 2320 403 ARCHIEP.
2358 340 2603 404 rourr.

3698 344 3807 403 708

378 481 527 540 mini
554 480 740 539 fretus
771 483 826 535 et
874 472 1284 549 Redemptoris
1335 468 1522 532 nostri
1574 471 1818 538 auxilio,
1848 468 2031 544 proﬁ-
2062 480 2108 534 Α
2144 485 2269 526 non
2326 474 2519 541 aetate,
2579 466 2734 526 certe
2784 462 3029 527 scientia
3085 462 3419 536 universos,
3462 464 3599 525 Erat
3645 468 3805 525 enim

378 576 507 628 teor
529 586 628 627 me
656 583 780 625 non
810 567 1015 623 audita
1043 570 1101 621 et
1124 564 1333 633 dubia,
1364 562 1471 620 sed
1514 562 1646 619 visa
1689 565 1747 617 et
1788 575 1896 632 per
1939 574 2035 615 me

377 659 633 734 probata
646 660 947 724 retexere;
978 650 1289 727 quoniam,
1312 652 1500 722 gratia
1526 651 1621 706 Dei
1651 651 2033 715 cooperante,

378 765 415 809 a
446 748 731 825 primaevo
762 742 1177 804 adolescentiae
1201 742 1368 814 ﬂore,
1395 739 1696 825 charitatis
1717 734 2034 794 dulcedine

377 843 435 895 et
456 838 893 910 Scripturarum
923 850 1128 891 amore
1162 848 1281 889 uno
1331 824 1569 889 vinculo
1618 825 1900 887 concordi
1951 824 2036 882 in-

376 927 534 997 nexi,
563 927 746 997 hujus
777 926 928 987 vitai,
956 923 1092 979 licet
1115 938 1239 978 non
1267 920 1397 993 pari
1424 920 1654 987 ordine,
1680 923 1881 974 tamen
1905 914 2035 988 pari

375 1015 593 1072 affectu
619 1015 682 1070 in
730 1013 956 1070 cunctis
986 1010 1421 1085 quaestionibus
1469 1007 1754 1064 duximus
1792 1006 2031 1077 jugum.

377 1100 490 1162 Sed
512 1103 607 1160 ille
639 1100 957 1160 sacerdotii
991 1101 1238 1156 ornatus
1268 1108 1537 1164 munere,
1586 1094 1802 1170 pennis
1849 1093 2035 1150 virtu-

374 1197 501 1249 tum
544 1193 609 1250 in
640 1191 899 1248 sublime
925 1192 1185 1253 evectus,
1230 1186 1408 1243 altius
1455 1184 1773 1252 evolabat;
1818 1183 1894 1255 (2)
1924 1197 2036 1252 ego

372 1281 626 1337 luxuria
675 1285 734 1336 et
772 1277 1099 1351 voluptatis
1144 1275 1272 1332 luto
1322 1274 1649 1343 confectus,
1701 1277 2035 1329 terratenus

372 1381 589 1443 repens
614 1368 906 1425 hactenus
936 1366 1160 1422 trahor.
1193 1365 1260 1420 Et
1284 1362 1425 1419 inde
1455 1366 1545 1419 est
1584 1361 1752 1435 quod
1792 1372 1914 1417 non
1945 1360 2036 1415 in-

375 1462 556 1530 certa,
595 1463 653 1514 et
681 1466 1187 1532 quorumcunque
1234 1448 1552 1509 hominum
1601 1453 1831 1507 ratione
1876 1460 2036 1505 com-

374 1552 563 1619 perta,
599 1540 708 1603 sed
737 1562 975 1602 mecum
994 1549 1161 1613 gesta
1184 1548 1241 1599 et
1268 1558 1375 1615 per
1405 1558 1501 1598 me
1533 1541 1773 1611 cognita
1792 1554 2035 1596 narrare

374 1636 664 1709 disposui.
697 1635 847 1701 Quia
878 1634 1028 1689 sicut
1055 1632 1131 1688 de
1148 1631 1387 1688 incertis
1416 1636 1637 1687 temere
1666 1628 1883 1685 referre
1907 1644 2037 1684 sen-

375 1726 622 1781 tentiam
665 1722 1069 1797 periculosum
1109 1720 1233 1777 fore
1274 1720 1577 1793 proﬁteor,
1603 1720 1686 1775 ita
1712 1717 1786 1774 de
1831 1718 2033 1787 cogni-

2143 558 2161 599 ἲ
2200 558 2679 616 studiosissimus
2717 559 3159 631 Scripturarum
3188 562 3499 625 scrutator,
3533 564 3591 614 et
3614 558 3805 615 inten-

2143 647 2415 703 sissimus
2470 648 2900 704 sententiarum
2946 646 3355 717 investigator.
3414 650 3499 703 ita
3552 652 3616 703 ut
3660 646 3806 721 nihil

2145 736 2458 809 Scriptura:
2487 740 2861 811 prmponeret
2892 740 3129 803 sanctae,
3158 735 3305 791 nihil
3338 736 3533 807 magis
3566 735 3807 806 eligeret

2142 840 2329 897 quam
2361 825 2418 881 in
2445 825 2574 895 lege
2607 825 2839 881 Domini
2881 824 3156 881 meditari
3185 825 3280 881 die
3331 841 3401 881 ac
3448 829 3643 882 nocte.
3690 824 3805 881 Nec

2142 919 2457 971 contentus
2490 915 2830 985 magisterio
2876 914 3193 971 doctorum
3226 932 3499 983 suorum,
3542 908 3714 987 alios,
3758 915 3806 970 si

2142 1016 2298 1075 quos
2328 1003 2477 1059 forte
2514 1003 2766 1068 audiret,
2798 1002 3010 1075 procul
3057 1002 3289 1076 positos
3323 1003 3669 1076 requirebat
3700 1022 3714 1059 :
3750 1008 3808 1059 et

2142 1104 2217 1147 ne
2248 1092 2575 1148 offenderet
2602 1093 2899 1167 proprios,
2925 1088 3129 1149 furtim
3159 1109 3220 1149 se
3248 1094 3433 1162 horis,
3455 1093 3680 1167 quibus
3703 1109 3807 1166 po-

2144 1182 2311 1252 terat,
2345 1181 2752 1240 subtrahebat.
2784 1185 2933 1239 Nam
2963 1188 3019 1239 et
3064 1181 3346 1239 abbatem
3392 1182 3571 1239 bonre
3615 1199 3808 1240 recor-

2142 1271 2401 1328 dationis
2446 1277 2501 1329 et
2530 1272 2835 1329 memorias
2877 1272 3331 1345 Speraindeum,
3360 1271 3727 1346 opinabilem
3753 1286 3781 1327 ι

2140 1365 2198 1416 et
2221 1360 2558 1417 celebritate
2579 1361 2863 1417 doctrinae
2878 1361 3340 1434 praeconabilem
3362 1362 3557 1418 virum
3585 1363 3807 1435 smptus

2141 1449 2457 1523 invisebat,
2490 1449 2908 1523 auditorioque
2934 1467 3102 1506 more
3133 1465 3204 1506 ex
3234 1450 3390 1507 illius
3416 1464 3517 1507 ore
3547 1450 3807 1507 disertis-

2143 1538 2295 1595 simo
2322 1538 2723 1614 dependebat.
2754 1536 2864 1605 Qui
2894 1538 3025 1613 ipso
3067 1542 3334 1614 tempore
3365 1536 3545 1598 totius
3579 1534 3806 1597 Baeticae

2141 1629 2295 1685 ﬁnes
2326 1629 2659 1701 prudentite
2688 1629 2892 1685 rivulis
2922 1629 3296 1687 dulcorabat.
3323 1629 3409 1686 lbi
3437 1647 3581 1687 eum
3599 1629 3807 1702 primi-

2140 1723 2237 1777 tus
2259 1719 2461 1775 videre
2490 1719 2700 1789 merui,
2726 1717 2807 1774 ibi
2834 1720 2962 1790 ejus
2992 1718 3261 1775 amicitiae
3289 1719 3447 1774 dulci
3474 1719 3806 1788 inhtesi,ibi

374 1814 448 1869 tis
483 1815 853 1886 supprimere
881 1828 949 1867 ea
968 1827 1102 1883 quae
1120 1809 1287 1865 nosci
1307 1809 1529 1864 debent
1553 1821 1578 1849 ι
1606 1823 1905 1880 ,vacuum
1936 1823 2035 1879 pe—
2062 1829 2106 1884 Β
2142 1808 2453 1864 individua
2492 1825 2626 1863 sum
2680 1824 2869 1863 nexus
2924 1807 3261 1863 dulcedine.
3315 1810 3491 1864 Eram
3534 1824 3807 1881 namque

373 1903 573 1958 riculis
599 1918 728 1957 esse
762 1916 885 1956 non
910 1915 1062 1956 reor.
1092 1902 1195 1955 Est
1216 1912 1461 1971 quoque
1486 1902 1542 1953 et
1567 1893 1893 1952 laudabilis
1921 1911 2034 1967 pro

374 1989 649 2062 exemplo
680 1987 1063 2062 praedicanda
1094 1985 1376 2042 omnibus
1393 1986 1634 2054 veritas,
1658 1989 1716 2041 et
1733 1984 2033 2039 nihilomi-

371 2094 485 2134 nus
533 2077 887 2135 detestanda
930 2075 1364 2131 rhetoricorum
1406 2070 1743 2147 composita
1784 2064 2032 2128 falsitas.

372 2168 668 2233 Quoniam
695 2166 910 2222 melius
936 2170 1025 2221 est
1048 2164 1123 2220 de
1152 2162 1355 2219 multis
1384 2162 1688 2236 praeclaris
1714 2161 1864 2217 nihil
1893 2161 2033 2217 faci-

371 2256 619 2313 naribus
683 2256 903 2322 dicere,
958 2269 1148 2327 quam
1202 2268 1279 2308 ex
1332 2252 1539 2325 parvis
1589 2251 1771 2307 bonis
1842 2250 2034 2306 multa

369 2346 524 2403 falsa
551 2346 583 2386 1'
606 2346 897 2401 disserere
928 2358 942 2400 :
975 2341 1281 2415 tutiusque
1310 2347 1405 2398 est
1430 2340 1641 2397 omnia
1683 2356 1821 2413 qua
1864 2345 2032 2410 gesta

369 2442 508 2493 sunt
534 2432 853 2510 praeterire,
880 2445 1069 2508 quam
1098 2442 1170 2488 ea
1195 2438 1332 2505 qua:
1373 2440 1500 2486 non
1542 2429 1785 2485 fuerunt
1809 2438 1833 2470 ο
1866 2471 1880 2497 ,
1931 2428 2033 2484 ali-

366 2542 491 2599 qua
517 2525 767 2596 ﬁngere.
801 2520 867 2580 Et
891 2521 1093 2579 mitius
1123 2522 1301 2589 errat,
1326 2519 1432 2593 qui
1460 2534 1584 2575 non
1608 2517 2029 2588 malitiaevoto,

367 2616 473 2672 sed
501 2614 766 2686 segnitia:
791 2612 949 2669 fastu
976 2626 1121 2667 vera
1158 2608 1499 2682 supprimit,
1548 2624 1620 2665 eo
1662 2606 1768 2680 qui
1814 2607 2031 2663 diserte

365 2704 519 2760 falsa
548 2702 855 2770 conﬁngit.
889 2700 1116 2755 Veritas
1142 2698 1324 2764 enim,
1368 2696 1416 2752 si
1446 2696 1643 2752 studio
1687 2696 1945 2751 veritatis
1975 2700 2033 2750 et

366 2801 491 2852 non
523 2804 689 2849 vana:
712 2786 917 2863 gloriae
935 2788 1224 2861 jactantia
1248 2778 1483 2856 dicitur,
1502 2785 1719 2841 dicenti
1741 2794 2029 2841 coronam

366 2878 683 2957 implodit',
708 2876 933 2938 falsitas
963 2881 1185 2946 autem,
1225 2875 1273 2932 si
1317 2870 1395 2934 ab
1439 2872 1643 2948 aliquo
1683 2868 2027 2945 intentatur,

366 2974 806 3045 ωημοιωιοω
830 2966 1063 3025 occidit.
1086 2966 1305 3024 Etideo
1325 2966 1478 3022 sicut
1495 2980 1591 3022 me
1614 2963 1924 3021 veritatem
1942 2963 2028 3019 di-

366 3064 599 3119 centem
619 3059 1132 3117 remunerandum
1152 3070 1281 3112 esse
1302 3054 1679 3124 congaudeo,
1702 3054 1785 3109 ita
1804 3052 2027 3110 falsita-

364 3156 483 3212 tem
506 3152 557 3208 si
574 3151 804 3221 dixero,
826 3140 1363 3206 condemnandum
1386 3159 1515 3201 esse
1535 3156 1658 3201 non
1680 3158 1857 3214 nego.
1884 3143 2024 3209 Qui-

361 3241 480 3300 bus
496 3257 642 3313 ergo
661 3239 858 3297 causis
874 3228 954 3295 ad
971 3230 1289 3294 falsitatem
1306 3232 1690 3291 retexendam
1713 3233 1771 3288 in
1780 3226 2021 3301 silirem,

362 3332 496 3405 ipse
538 3342 667 3386 non
707 3327 919 3392 habui,
947 3326 1055 3399 qui
1079 3325 1391 3382 veritatem
1437 3324 1500 3380 in
1547 3323 1856 3395 omnibus,
1899 3337 2024 3379 non

362 3417 772 3484 mendacium,
801 3415 1172 3472 remunerari
1201 3412 1483 3484 cognovi.

913 3518 1147 3581 CAPUT
1178 3520 1466 3579 PRIMUM.

357 3628 422 3689 3.
437 3627 689 3702 Eulogii
693 3631 797 3701 pta
812 3630 1104 3698 educatio,
1126 3629 1348 3702 studia,
1365 3626 1789 3702 sacerdotium,
1806 3626 2021 3681 titulus

395 3698 675 3771 doctoris,
690 3698 1086 3775 familiaritas
1104 3716 1238 3755 cum
1249 3701 1299 3754 A
1312 3701 1406 3754 tva
1416 3713 1482 3753 ro
1508 3698 1654 3753 Vitae
1668 3699 1979 3765 scriptore.

426 3834 482 3887 2.
514 3829 695 3900 Igitur
739 3826 955 3884 beatus
999 3828 1232 3897 martyr
1274 3821 1559 3892 Eulogius
1598 3820 1788 3876 nobili
1834 3819 2017 3893 stirpe

354 3919 703 3993 progenitus
737 3917 833 3989 (1),
862 3914 1155 3972 Cordubae
1178 3911 1429 3969 civitatis
1449 3909 1711 3982 patriciae
1741 3910 1816 3981 (2)
1844 3924 2017 3965 sena-

353 4014 555 4065 torum
581 4006 827 4063 traduce
856 4009 1055 4070 natus,
1092 4001 1361 4057 Ecclesiae
1385 3998 1715 4056 ministerio
1738 3997 1765 4038 ἀ
1795 3999 2019 4054 manci-

353 4101 532 4171 patus
550 4101 649 4163 (3),
673 4094 863 4149 sancti
888 4108 961 4147 ac
975 4090 1309 4151 beatissimi
1322 4088 1485 4162 Zoyli
1501 4087 1628 4144 aede
1649 4087 2015 4159 deserviens,

353 4193 410 4244 et
438 4186 502 4242 in
521 4184 795 4257 ejusdem
826 4180 1075 4250 collegio
1107 4179 1459 4235 clericorum
1480 4178 1665 4235 vitam
1684 4177 2013 4250 deducens,

352 4276 559 4334 multis
593 4278 650 4330 et
675 4268 1023 4328 clarissimis
1066 4268 1385 4325 virtutibus
1425 4267 1643 4337 ﬂoruit,
1689 4268 1927 4339 magnis
1958 4273 2017 4325 et

349 4362 758 4425 laudabilibus
788 4358 1072 4432 operibus
1100 4359 1304 4428 viguit.
1338 4359 1430 4414 Ab
1459 4359 1606 4431 ipsis
1643 4359 1803 4414 enim
1849 4358 2016 4413 incu-

350 4455 590 4514 nabulis
621 4466 645 4494 ο
673 4450 878 4508 litteris
904 4448 1318 4505 ecclesiasticis
1348 4449 1602 4519 haerens,
1647 4452 1705 4503 et
1745 4446 2011 4521 quotidie

2136 1898 2266 1969 jam
2295 1896 2435 1954 dicti
2458 1896 2842 1954 illustrissimi
2870 1896 2980 1954 viri
3022 1897 3365 1954 auditorum
3396 1915 3409 1953 :
3436 1903 3493 1953 et
3512 1898 3661 1953 dum
3687 1897 3806 1954 fre-

2140 1987 2419 2061 quentius
2450 1988 2579 2060 ejus
2608 1986 2840 2042 lumina
2867 1991 3139 2051 tererem,
3179 1987 3592 2060 incultumque
3639 1988 3808 2059 inge-

2140 2075 2310 2131 nium
2336 2089 2636 2143 acuerem,
2681 2076 2925 2132 tandem
2956 2077 3323 2148 respectione
3364 2076 3571 2132 divina
3617 2077 3807 2148 hujus

2140 2167 2288 2222 tanti
2316 2167 2426 2222 viri
2458 2167 2737 2223 societate
2768 2166 3126 2237 conjungor.
3161 2169 3226 2222 Et
3270 2166 3589 2223 catenatim
3612 2166 3809 2222 inadi-

2139 2254 2245 2310 bili
2268 2255 2295 2290 ιι
2320 2271 2479 2311 nexu
2510 2270 2632 2311 non
2662 2254 2952 2324 innector,
2985 2259 3241 2324 tantum,
3269 2254 3608 2311 sedunior:
3641 2254 3810 2311 facti-

2137 2360 2257 2417 que
2278 2360 2489 2400 sumus
2510 2344 2812 2400 auditores
2841 2344 2972 2414 viri,
2996 2348 3298 2400 amatores
3316 2344 3538 2400 nostri:
3567 2345 3629 2400 in
3673 2351 3805 2402 tan-

2140 2438 2287 2502 tum,
2320 2436 2385 2490 ut
2410 2432 2509 2489 illa
2541 2436 2683 2489 astas
2711 2431 2953 2489 indocta
2974 2428 3087 2488 sibi
3115 2444 3239 2489 non
3264 2440 3550 2489 cencessa
3566 2444 3802 2505 praesu-

2138 2528 2344 2579 meret.
2378 2522 2721 2593 Agebamus
2754 2522 2989 2594 utrique
3023 2523 3461 2596 Scripturarum
3479 2516 3805 2579 delectabi-

2135 2610 2255 2667 lem
2285 2606 2508 2674 lusum,
2528 2616 2585 2666 et
2604 2604 2945 2666 schalmum
2968 2609 3031 2667 in
3057 2610 3199 2667 lacu
3217 2610 3552 2667 nescientes
3571 2628 3800 2681 regere,

2137 2700 2348 2756 Euxini
2380 2700 2562 2756 maris
2609 2699 3008 2755 credebamur
3056 2698 3299 2769 fragori.
3341 2703 3489 2756 Nam
3537 2702 3803 2773 pueriles

2137 2788 2547 2844 contentiones
2572 2796 2683 2861 pro
2730 2788 3040 2858 doctrinis,
3085 2774 3311 2860 quibus
3353 2787 3798 2856 dividebamur,

2134 2893 2259 2933 non
2290 2870 2516 2945 odiose,
2557 2876 2662 2932 sed
2693 2874 3117 2933 delectabiliter
3145 2876 3503 2950 epistolatim
3548 2877 3611 2933 in
3652 2876 3802 2934 invi-

2134 2984 2266 3023 cem
2294 2966 2549 3037 egimus.
2580 2970 2638 3022 et
2665 2962 3019 3040 rhythmicis
3049 2964 3321 3023 versibus
3350 2983 3464 3023 nos
3509 2965 3799 3023 laudibus

2132 3057 2573 3113 mulcebamus.
2610 3059 2675 3111 Et
2702 3056 2819 3111 hoc
2849 3060 2975 3111 erat
2998 3057 3347 3112 exercitium
3392 3056 3567 3112 nobis
3622 3058 3799 3113 melle

2135 3146 2401 3207 suavius,
2435 3137 2589 3200 favis
2618 3143 2970 3215 jucundius,
3005 3144 3147 3199 etin
3177 3148 3316 3201 ante
3361 3156 3473 3201 nos
3526 3146 3798 3218 quotidie

2131 3232 2537 3296 extendentes,
2575 3231 2765 3288 multa
2815 3224 3125 3289 inadibilia
3170 3237 3393 3290 tentare
3439 3233 3500 3291 in
3530 3232 3796 3308 Scriptus

2130 3324 2237 3395 ris,
2258 3323 2503 3397 puerilis
2519 3322 2843 3379 immatura
2868 3320 3209 3379 docibilitas
3227 3322 3422 3394 coegit
3438 3321 3473 3380 ί.
3498 3328 3583 3380 Ita
3612 3329 3679 3380 ut
3700 3339 3797 3380 vo-

2128 3412 2361 3469 lumina
2409 3412 2834 3479 conderemus,
2873 3426 3009 3484 quae
3046 3417 3257 3484 postea
3297 3418 3442 3469 istas
3476 3414 3759 3470 maturat

2129 3501 2453 3567 abolenda,
2483 3510 2561 3559 ne
2590 3502 2652 3558 in
2681 3504 2952 3575 posteros
2982 3505 3379 3574 remanerent,
3409 3501 3697 3559 decrevit.

2200 3650 2251 3703 3.
2308 3644 2423 3702 Sed
2464 3660 2604 3701 cum
2645 3645 2776 3716 jam
2808 3656 3003 3699 annos
3047 3643 3073 3674 '
3102 3645 3431 3716 juventutis
3474 3646 3794 3716 attingeret

2130 3735 2441 3805 Eulogius,
2515 3733 2777 3789 diaconii
2841 3733 3169 3789 ministerio
3232 3735 3523 3806 fungitur,
3605 3742 3790 3809 atque

2125 3824 2189 3880 in
2217 3824 2387 3880 brevi
2419 3822 2628 3878 merito
2653 3826 2861 3878 vectus
2907 3823 2987 3879 ad
3038 3839 3313 3895 superos,
3367 3825 3560 3894 gradu
3620 3843 3789 3898 pres-

2124 3914 2342 3987 byterii
2393 3912 2795 3969 sublimatur:
2869 3928 3134 3986 moxque
3208 3915 3512 3984 magistris
3576 3917 3790 3973 ordine

2125 4009 2183 4060 et
2222 4002 2355 4059 vitae
2398 4001 2670 4058 moribus
2716 4002 2995 4058 sociatur.
3056 4004 3293 4068 Quanta
3334 4004 3417 4059 illi
3454 4005 3786 4073 humilitas,

2125 4096 2356 4167 quanta
2433 4090 2695 4159 bonitas,
2795 4095 3026 4163 quanta
3101 4092 3417 4149 inhaeserat
3501 4094 3785 4167 Charitas,

2124 4198 2296 4238 amor
2324 4180 2597 4238 omnium
2629 4180 3000 4237 ostendebat.
3043 4182 3266 4237 Exhinc
3306 4183 3480 4256 caepit
3526 4200 3588 4239 se
3636 4185 3787 4241 acri-

2122 4268 2211 4328 ori
2272 4271 2403 4327 vitee
2470 4269 2814 4325 austeritate
2867 4270 3301 4341 constringere.
3366 4278 3423 4328 et
3476 4266 3785 4331 modestiae

2120 4358 2354 4430 legibus
2392 4359 2455 4414 in
2501 4357 2793 4413 universis
2818 4358 3154 4415 actionibus
3193 4377 3545 4433 perornare:
3596 4365 3786 4437 Scrip-

2120 4449 2266 4505 turis
2298 4464 2511 4505 vacare
2550 4446 2789 4517 divinis,
2848 4452 2905 4503 et
2948 4464 3167 4520 corpus
3219 4467 3397 4507 suum
3445 4452 3662 4522 vigiliis
3714 4469 3783 4508 ac

349 4562 459 4620 per
487 4542 683 4601 studia
711 4540 1014 4597 bonorum
1053 4550 1306 4611 operum
1350 4550 1651 4603 crescens,
1698 4535 2009 4608 perfectio-
2038 4543 2081 4598 ι)
2114 4537 2357 4610 jejuniis
2388 4536 2700 4607 castigare,
2734 4537 3098 4594 monasteria
3128 4537 3531 4611 frequentare,
3582 4558 3783 4598 coeno-

347 4652 489 4693 nem
510 4634 765 4705 adeptus
787 4634 894 4699 est,
914 4644 985 4685 ac
1007 4643 1187 4701 super
1206 4638 1417 4683 omnes
1438 4631 1775 4682 coaetaneos
1796 4624 2012 4680 doctri-

348 4743 442 4783 nae
466 4722 715 4781 scientia
744 4720 997 4786 clarens,
1031 4722 1088 4773 et
1113 4716 1461 4773 eruditionis
1490 4714 1717 4772 lumine
1761 4713 2006 4783 ﬂorens,

347 4817 776 4887 magistrorum
796 4809 1007 4867 doctor
1026 4811 1114 4864 est
1136 4807 1347 4864 factus.
1369 4804 1601 4878 Quippe
1622 4802 1726 4877 qui
1743 4808 2008 4860 mentem

348 4906 596 4964 senilem
614 4899 972 4977 parvissimo
1000 4912 1253 4970 corpore
1294 4910 1527 4966 gerens,
1576 4892 1856 4950 vincebat
1900 4893 2008 4949 etsi

415 5063 439 5091 ι
469 5046 743 5102 Schottus
768 5041 829 5096 in
854 5040 1150 5109 margine,
1178 5038 1317 5095 nari
1343 5039 1653 5106 debentur,
1686 5039 1750 5092 ut
1777 5051 1895 5091 ms.

416 5120 444 5161 ι)
472 5121 599 5179 Ms.,
626 5114 805 5186 false.

414 5204 438 5233 ο
471 5190 716 5263 senon"
748 5183 809 5239 in
838 5195 1055 5263 marg,
1084 5180 1340 5254 fuerint,
1368 5184 1433 5238 ut
1460 5196 1574 5237 ms.

414 5262 442 5305 τι
470 5261 644 5324 Edit.,
675 5258 1083 5323 mancipatur.

466 5338 566 5393 Ms.
579 5377 593 5403 ,
619 5322 817 5402 ipso...

409 5424 430 5467 ο
464 5400 717 5470 δειλαὶ-ν
742 5400 1153 5476 ademistis
1181 5411 1303 5476 ‘9."
1861 5464 1871 5475 .
1927 5464 1936 5474 .

410 5464 441 5551 ᾖ
466 5464 923 5551 Hispanismus,
1050 5464 1343 5546 Schottus,
1367 5481 1484 5548 pro
1512 5464 2000 5551 magmeopz’nio-

337 5536 441 5611 τιἰέ
454 5536 1074 5624 ,ίίιίρᾶιξξοηίηῐθινίυε
1120 5536 1181 5592 in
1212 5536 1496 5610 passione
1528 5536 1997 5609 Opinatissimum

338 5615 657 5691 Eulogium
686 5615 845 5670 dicit.
1289 5682 1297 5692 .
1528 5683 1537 5693 .
1576 5683 1586 5692 '

407 5696 436 5732 ιι
470 5699 553 5749 [ta
581 5703 698 5744 ms.
731 5689 788 5740 et
818 5679 1091 5737 Schottus
1120 5696 1229 5749 pro
1274 5681 1611 5749 insolubili,
1635 5683 1704 5736 ut
1728 5676 1994 5736 Morales.

334 5764 586 5840 Duplex.
618 5754 877 5840 asidera
899 5751 1063 5840 es“?
1079 5749 1387 5840 simum:
1419 5754 1798 5840 milites?
1812 5749 2001 5840 ιῖιρξεθ·

332 5822 481 5907 iiiis,
498 5822 667 5896 νόοἱέ
681 5822 990 5888 inadibilis
1018 5824 1185 5888 notio
1211 5829 1466 5900 apparet
1486 5822 1659 5885 {una
1694 5836 1806 5898 pro
1827 5822 1997 5881 inac-

2117 4626 2220 4682 bia
2239 4627 2514 4697 invisere,
2535 4624 2775 4695 regulas
2792 4624 3043 4682 fratrum
3070 4642 3452 4701 componere.
3479 4630 3625 4687 Hinc
3641 4631 3781 4687 inde

2118 4721 2335 4773 cuncta
2364 4732 2435 4771 eo
2474 4714 2657 4771 modo
2687 4730 2916 4784 curare,
2949 4730 3072 4787 quo
3104 4716 3151 4771 si
3180 4717 3310 4773 ﬁeri
3338 4726 3559 4792 posset,
3616 4726 3778 4777 utro-

2114 4804 2299 4877 bique
2330 4805 2585 4861 adesset.
2622 4807 2704 4859 Ita
2734 4802 3080 4859 clericatum
3109 4821 3296 4875 agens
3326 4809 3664 4881 proprium,
3715 4813 3780 4866 ut

2115 4893 2453 4964 regularem
2501 4891 2776 4949 ordinem
2824 4907 2949 4948 non
3001 4890 3320 4953 dimitteret
3354 4897 3654 4969 alienum:
3699 4900 3778 4956 ita

2114 5039 2390 5110 cessibiti,
2410 5043 2476 5094 ut
2488 5034 2637 5092 dam
2655 5035 2735 5092 ad
2748 5034 3093 5111 ﬁnem‘dicit
3113 5039 3293 5111 hujus
3309 5044 3566 5111 numeri,
3578 5047 3775 5102 multa

2111 5107 2433 5189 inadibilia
2464 5115 2696 5189 tentare
2719 5107 3182 5189 e§_Sc_i'iptu7‘is,'
3196 5107 3394 5189 altera
3413 5132 3524 5189 pro
3545 5107 3772 5183 stabili,

2110 5186 2178 5237 ut
2206 5182 2295 5260 a_i_t_
2316 5182 2395 5237 ad
2424 5197 2593 5260 num.
2615 5184 2656 5260 ¹5
2683 5180 3074 5260 {ﬂio-tanien
3115 5180 3434 5260 inadibilis
3463 5180 3775 5260 nunquam

2111 5252 2513 5332 vacillare,_id
2542 5254 2649 5332 est,
2672 5250 2931 5332 stabilis,
2945 5251 3178 5332 ﬁrmas,
3197 5256 3589 5332 immutabilis
3602 5250 3635 5331 ζ·
3654 5275 3776 5332 qua

2110 5324 2289 5381 etiam
2319 5324 2565 5405 notione
2588 5322 2755 5405 liciut
2782 5322 2837 5377 ei
2860 5322 3079 5392 dicere,
3101 5322 3592 5405 inadibitinexu,
3609 5322 3773 5404 quin

2108 5411 2264 5469 opus
2296 5396 2372 5453 sit
2395 5410 2606 5453 vocem
2632 5393 2766 5449 loco
2789 5409 3031 5450 movere
3062 5411 3201 5454 cum
3228 5403 3455 5460 Morali.

2181 5469 2198 5508 ἰ
2236 5466 2482 5534 Schott.,
2523 5481 2597 5522 ea:
2624 5462 3028 5534 Scripturis...
3052 5470 3193 5534 egit,
3221 5477 3285 5528 ut
3314 5490 3429 5529 ms.

2181 5484 2198 5508 ι
2236 5484 2482 5538 bCDOtL,
2523 5484 2597 5522 ea:
2624 5484 3028 5534 ocnpzurzs...
3052 5484 3193 5539 egit,
3221 5484 3285 5528 ut
3314 5490 3429 5529 ms.

2176 5536 2355 5617 i_Ms.,
2378 5543 2667 5617 matura;
2696 5536 2967 5617 moralia},
2991 5540 3226 5617 mutata
3246 5556 3269 5613 ;
3294 5547 3539 5615 Schott,
3565 5540 3768 5617 muta;

2105 5610 2591 5691 Antuerpiense‘s,
2621 5608 2838 5691 multa.
2888 5609 3192 5691 anibus
3226 5608 3421 5691 potior
3460 5608 3559 5691 est
3597 5608 3771 5673 lectio

2106 5694 2251 5747 ms.,
2278 5679 2383 5753 qui
2414 5685 2633 5754 postea
2655 5679 2956 5736 abluenda
2984 5696 3095 5753 pro
3126 5679 3424 5745 abdlenda
3456 5686 3665 5747 habet.

2178 5759 2197 5783 ⁸
2239 5753 2644 5819 Schott.,dum
2673 5766 2897 5819 annos;
2943 5768 3083 5819 ms.,
3123 5752 3271 5817 dum
3316 5763 3523 5819 ααηέε.
3559 5766 3618 5819 et
3644 5772 3772 5817 non

2178 5777 2197 5783 ·
2239 5777 2644 5832 ουυυιιηαᾳηι
2673 5777 2897 5819 "unus;
2943 5777 3083 5825 ms.,
3123 5777 3271 5817 uum
3316 5777 3523 5832 “mg,
3559 5778 3592 5818 θ

2103 5819 2308 5896 habet,
2337 5824 2651 5895 Eulogius.
2683 5837 2795 5882 nec
2813 5824 2973 5893 jam.
