3960 6408
125 228 234 289 709

1532 228 1695 292 Vl’l‘A
1732 224 1869 293 νεῖ.
1905 228 2180 297 PASSIO.

3472 244 3581 306 710

123 350 454 441 monachis
486 349 825 426 adhaerens,
864 354 930 414 ut
983 353 1236 415 clericus
1290 354 1650 432 probaretur
1681 376 1694 415 :
1727 357 1809 416 ita
1833 356 1881 417 Α
1916 359 2277 433 sacerdotes,
2303 367 2587 425 vacarent
2617 360 2737 422 otio
2776 369 2833 423 et
2862 366 3068 441 quieti,
3100 368 3197 427 ille
3237 386 3361 428 non
3388 372 3580 429 nocti-

120 440 186 501 in
213 440 377 501 clero
402 440 651 514 degens,
696 448 761 501 ut
786 444 1125 503 monachus
1155 445 1478 516 videretur,
1511 450 1569 506 et
1594 456 1619 483 ι
1642 451 1805 504 utro-

120 533 316 607 bique
335 538 517 608 aptus
543 549 887 605 accurrens,
912 540 969 592 et
993 541 1387 610 utrarumque
1404 534 1808 609 professiones

125 639 289 680 unus
319 622 823 680 suﬁicientissime
872 623 1201 698 complens.
1265 624 1554 684 Currebat
1586 625 1807 699 saepius

126 711 210 770 ad
242 709 666 769 cmnobiorum
693 714 1134 770 sacratissimos
1159 730 1370 786 greges
1397 734 1410 784 ;
1444 710 1549 771 sed
1577 731 1654 770 ne
1673 730 1810 788 pro-

127 801 336 876 prium
366 798 640 858 ordinem
672 806 1055 859 contemnere
1089 808 1420 877 putaretur,
1472 802 1552 860 ad
1582 801 1807 860 clerum

126 892 351 947 iterum
381 891 409 931 ιι
436 889 747 949 remeabat
779 892 878 950 :in
909 908 1033 966 quo
1066 891 1219 949 dum
1275 892 1521 967 aliquod
1570 898 1809 966 tempus

129 979 497 1054 persisteret,
520 996 595 1036 ne
620 980 811 1036 virtus
834 980 1023 1038 animi
1048 978 1205 1038 curis
1231 980 1622 1038 saecularibus
1646 997 1812 1039 ener-

128 1073 400 1139 varetur,
431 1066 640 1126 itidem
664 1071 1034 1128 monasteria
1059 1068 1385 1144 repetebat.
1412 1071 1512 1129 Hic
1536 1066 1812 1129 doctrina

128 1159 255 1216 oris
288 1157 615 1216 Ecclesiam
644 1176 890 1229 ornans,
923 1159 1042 1218 illic
1072 1163 1260 1220 vitam
1291 1158 1604 1236 propriam
1633 1177 1810 1219 excu-

126 1247 339 1307 tiendo
371 1263 394 1292 ο
422 1247 743 1319 decorans,
771 1249 833 1307 in
866 1252 1098 1308 cunctis
1128 1247 1154 1292 δ
1184 1249 1500 1309 virtutibus
1553 1251 1806 1326 positus,

127 1338 297 1396 viam
328 1335 531 1395 saeculi
556 1355 819 1396 moerens
846 1338 1167 1398 incedebat
1194 1345 1252 1398 et
1279 1342 1496 1400 anxius
1529 1358 1542 1397 :
1576 1346 1633 1398 et
1654 1357 1808 1415 quo-

126 1426 276 1485 tidie
308 1426 388 1484 ad
408 1425 672 1486 ccelestia
701 1427 905 1486 volare
936 1429 1207 1504 cupiens,
1243 1446 1533 1505 corporea
1574 1430 1811 1487 sarcina

128 1516 527 1589 gravabatur.
560 1518 624 1574 ln
654 1520 889 1575 tantum
921 1524 984 1577 ut
1015 1523 1271 1578 Romam
1318 1521 1403 1577 ire
1435 1518 1805 1593 disponeret,

129 1611 199 1663 ut
228 1603 654 1664 adolescentiae
683 1624 890 1666 naevos
919 1609 1206 1683 lacrymis
1228 1615 1285 1668 et
1315 1609 1810 1683 peregrinationis

1910 449 2048 521 bus,
2078 467 2203 508 non
2233 452 2449 509 diebus
2481 470 2518 511 a
2538 453 2791 511 lectione
2830 457 3127 525 cessabat,
3162 465 3371 518 noctes
3421 460 3577 518 dies-

1911 556 2030 613 que
2053 541 2540 623 ingeminansket
2570 546 2584 598 i
2618 546 3060 621 Scripturarum
3078 550 3257 608 mella
3278 550 3577 620 lambens,

1910 643 2013 684 ore
2043 626 2089 697 ³⁵,
2122 634 2180 685 et
2208 629 2387 686 corde
2420 630 2758 705 spiritaliter
2788 635 3125 693 ruminans.

1984 721 2035 773 5.
2068 718 2285 776 Verum
2313 736 2511 795 operae
2539 723 2799 794 pretium
2826 740 2960 782 reor
2985 727 3056 791 si,
3083 725 3266 800 paulo
3289 728 3465 787 altius
3497 730 3581 788 in-

1919 804 2217 875 cedentes,
2243 812 2511 883 tempore
2542 813 2974 884 persecutionis
3027 816 3284 888 qualiter
3311 820 3324 853 ¹
3355 820 3580 893 proba-

1916 898 2009 982 tus
2059 895 2362 969 exstiterit,
2417 898 2777 957 inseramus.
2830 906 3037 959 NamIn
3091 902 3240 962 dum
3290 908 3578 982 episcopi,

1916 979 2275 1057 sacerdotes,
2300 984 2492 1045 clerus
2522 993 2578 1046 et
2607 988 2906 1065 sapientes
2937 993 3230 1051 Cordubae
3270 979 3584 1071 inﬁmarty-

1914 1071 2003 1129 rio
2033 1090 2227 1147 nuper
2255 1081 2459 1133 exorto
2492 1076 2664 1135 devio
2693 1079 2842 1137 calle
2861 1081 3224 1150 incederent,
3255 1100 3326 1141 ac
3353 1086 3581 1145 timoris

1915 1160 2185 1235 impulsu
2217 1180 2371 1237 pene
2401 1162 2586 1222 fidem
2620 1166 2850 1237 Christi,
2885 1169 2937 1225 si
2978 1187 3103 1228 non
3157 1171 3379 1245 verbis,
3430 1179 3582 1231 nutu

1916 1254 2120 1309 tamen
2150 1260 2480 1326 negarent;
2538 1256 2635 1315 hic
2682 1262 2886 1317 tamen
2913 1260 3220 1319 inadibilis
3263 1279 3582 1340 nunquam

1916 1341 2197 1400 vacillare
2226 1343 2322 1402 vel
2348 1346 2511 1405 tenui
2539 1351 2627 1404 est
2653 1346 2820 1406 visus
2848 1365 3115 1409 susurro.
3152 1352 3265 1409 Sed
3288 1354 3578 1411 omnibus

1915 1431 2305 1505 pergentibus
2331 1432 2408 1491 ad
2458 1451 2719 1506 agonem
2774 1452 3122 1508 occurrens,
3164 1441 3583 1498 universorum

1917 1521 2178 1589 animos,
2209 1529 2687 1600 cunctarumque
2731 1542 2871 1584 ossa
2894 1544 3193 1586 venerans
3233 1535 3290 1587 et
3334 1547 3583 1605 compo-

1918 1627 2089 1680 nens,
2121 1608 2182 1668 in
2221 1617 2455 1671 tantum
2490 1613 2849 1673 ardescebat
2879 1617 3093 1675 ardore
3141 1620 3415 1693 martyrii
3443 1633 3490 1691 η,
3524 1624 3587 1677 ut

124 1696 343 1753 itinere
365 1696 642 1755 domaret
670 1711 712 1769 ο,
744 1697 873 1754 imo
907 1698 1173 1757 domitos
1215 1696 1439 1757 deleret
1467 1720 1479 1756 :
1512 1700 1620 1757 sed
1674 1715 1811 1756 ecce
1842 1725 1880 1778 Β
1918 1700 2052 1776 ipse
2079 1703 2355 1761 incentor
2390 1704 2539 1778 ipsis
2570 1705 2783 1763 diebus
2833 1707 3133 1765 videretur
3181 1725 3311 1766 esse
3357 1716 3584 1784 marty-

126 1802 351 1843 omnes
408 1784 548 1842 hinc
607 1783 748 1843 inde
806 1786 1162 1857 insistimus,
1195 1793 1252 1845 et
1280 1805 1421 1845 eum
1454 1788 1649 1860 magis
1679 1805 1810 1845 cor-

134 1891 293 1949 pore
331 1892 520 1950 quam
549 1875 755 1933 animo
788 1877 1138 1934 retinemus.

803 2021 1039 2077 CAPUT
1078 2022 1145 2076 Il.

130 2129 203 2186 S.
236 2122 490 2201 Eulogii
517 2128 860 2199 captivitas,
896 2128 1212 2199 liberalia;
1241 2128 1618 2201 martyribus
1640 2145 1811 2187 cons-

495 2204 694 2258 tantia
723 2203 867 2259 data
894 2218 907 2269 ;
940 2208 1079 2259 acta
1111 2204 1472 2272 conscripta.

208 2329 265 2384 4.
299 2325 526 2385 Verum
570 2324 719 2385 dum
766 2329 880 2387 ista
906 2332 963 2385 et
1015 2327 1136 2387 alia
1186 2328 1526 2385 referuntur
1561 2329 1657 2401 (l),
1686 2332 1815 2386 tan-

131 2417 283 2474 dem
338 2417 737 2476 Reccafredus
794 2420 1120 2494 episcopus
1185 2436 1368 2492 super
1420 2418 1705 2476 ecclesias
1756 2422 1812 2477 et

132 2506 389 2563 clericos
418 2508 595 2581 quasi
622 2508 799 2566 turbo
827 2509 1123 2566 violentus
1155 2508 1382 2565 insiluit
1432 2528 1444 2563 :
1474 2525 1808 2583 omnesque

130 2596 505 2665 sacerdotes,
536 2614 689 2671 quos
720 2598 931 2671 potuit,
955 2597 1239 2655 carcerali
1267 2597 1503 2655 vinculo
1522 2597 1805 2669 alligavit.

132 2688 296 2741 Inter
317 2682 479 2760 quos
508 2692 569 2742 ut
598 2684 819 2745 electus
847 2688 1000 2744 aries
1031 2688 1291 2754 ducitur,
1337 2692 1392 2744 et
1422 2705 1562 2745 cum
1609 2687 1808 2760 ponti-

127 2769 250 2826 ﬁce
283 2787 395 2826 suo
442 2770 537 2828 vel
567 2768 697 2827 aliis
728 2770 1141 2829 sacerdotibus
1169 2772 1443 2829 vincitur.
1478 2775 1543 2828 in
1572 2788 1698 2845 qua
1722 2788 1811 2829 re-

126 2858 405 2916 trusione
436 2860 632 2932 magis
662 2860 1034 2919 orationibus
1065 2867 1124 2918 et
1168 2858 1525 2919 lectionibus
1555 2877 1808 2935 operam

126 2947 305 3006 dedit
328 2966 519 3024 quam
544 2948 817 3008 vinculis.
854 2950 939 3008 lbi
970 2950 1192 3009 sanctis
1230 2951 1565 3022 virginibus
1621 2952 1805 3009 Floras

128 3044 198 3097 et
224 3039 420 3097 Mariae
451 3057 562 3114 pro
615 3039 735 3098 ﬁde
794 3040 1246 3115 comprehensis
1298 3038 1445 3134 illud
1462 3044 1810 3134 ‘Documen-
1836 3079 1877 3134 α

128 3135 270 3187 tum
299 3130 635 3204 Martyriale
665 3147 786 3188 uno
834 3131 989 3188 libro
1038 3129 1400 3204 composuit,
1458 3130 1520 3185 in
1552 3147 1675 3204 quo
1703 3147 1806 3189 eas

129 3219 220 3277 ad
248 3220 605 3294 martyrium
634 3219 833 3277 nervis
862 3216 882 3262 ί
919 3218 1319 3278 tenacissimis
1351 3219 1651 3289 solidavit,
1682 3236 1809 3277 eas-

128 3326 258 3384 que
288 3315 347 3366 et
365 3327 474 3384 per
504 3327 565 3367 se
586 3310 788 3367 verbis
826 3312 882 3368 et
909 3327 1018 3384 per
1049 3308 1333 3384 epistolas
1361 3314 1620 3366 mortem
1669 3325 1810 3366 con-

129 3404 409 3459 temnere
464 3400 670 3458 docuit
716 3418 731 3459 :
783 3417 971 3476 seque
1037 3416 1301 3474 suosque
1351 3399 1548 3456 socios
1595 3415 1809 3457 earum

128 3489 444 3561 suffragiis
467 3490 705 3548 vinculo
728 3490 1050 3551 solvendos
1080 3489 1402 3559 commisit,
1434 3488 1600 3562 quod
1624 3494 1681 3547 et
1705 3489 1811 3548 ob-

126 3581 325 3638 tinere
380 3596 523 3637 mox
576 3585 714 3654 post
757 3586 994 3638 sextum
1047 3576 1209 3637 diem
1240 3578 1544 3651 passionis
1597 3593 1808 3635 earum

123 3671 490 3745 promeruit.
521 3674 670 3727 Nam
698 3666 812 3727 illae
847 3675 1059 3727 octavo
1110 3667 1412 3726 Kalendas
1467 3664 1809 3724 Decembris

123 3758 525 3833 expleverunt
555 3760 952 3833 martyrium;
996 3756 1337 3815 sacerdotes
1390 3772 1530 3813 vero
1571 3755 1809 3815 Domini

126 3849 312 3909 tertio
343 3848 754 3908 Kalendarum
801 3848 1160 3908 earumdem
1208 3847 1570 3906 solutionem
1608 3847 1811 3921 adepti

128 3943 283 3995 sunt
311 3940 409 4012 (2).
439 3940 639 3997 Exstat
684 3956 867 4016 super
894 3939 1010 3997 hoc
1042 3932 1361 3996 illustriore
1414 3932 1568 4010 stylo
1609 3950 1634 3990 ε
1663 3952 1809 3995 con-

124 4028 315 4100 facta,
339 4033 398 4085 et
422 4029 570 4086 mihi
618 4028 711 4086 his
745 4027 960 4087 diebus
991 4026 1219 4086 directa
1276 4026 1549 4100 epistola,
1580 4026 1813 4101 passio-

124 4136 280 4177 nem
329 4118 684 4176 earumdem
726 4118 1050 4191 virginum,
1085 4122 1142 4175 et
1192 4118 1563 4190 ereptionem
1613 4133 1810 4174 sacer-

124 4210 355 4266 dotum
381 4208 653 4281 ipsarum
682 4208 986 4279 virginum
1016 4206 1242 4265 meritis
1271 4205 1680 4262 continentem
1708 4207 1806 4279 (3).

125 4296 223 4357 Ibi
252 4299 559 4366 metricos,
614 4316 769 4373 quos
815 4297 1017 4356 adhuc
1081 4296 1435 4355 nesciebant
1509 4296 1809 4371 sapientes

124 4386 462 4461 Hispaniae,
508 4388 693 4462 pedes
740 4382 1169 4460 perfectissime
1226 4385 1451 4455 docuit,
1502 4384 1806 4458 nobisque

120 4484 280 4553 post
319 4480 727 4549 egressionem
781 4495 958 4535 suam
1010 4476 1289 4534 ostendit.
1342 4470 1485 4532 Inde
1550 4479 1608 4532 et
1635 4476 1663 4517 δ
1691 4475 1805 4531 mi-

120 4568 197 4626 hi
226 4583 341 4642 pro
365 4568 531 4625 libris
554 4568 688 4636 illis,
722 4582 879 4643 quos
901 4568 964 4624 in
988 4566 1406 4623 defensionem
1461 4568 1805 4638 martyrum

121 4659 388 4718 dederat
416 4661 454 4729 ι,
477 4659 795 4733 epistolam
824 4657 1088 4717 facundo
1108 4654 1428 4714 locutionis
1445 4668 1662 4727 genere
1683 4650 1804 4713 dic-

121 4755 325 4809 tatam
351 4748 585 4809 direxit.
618 4753 769 4807 Nam
797 4764 940 4808 cum
969 4762 1209 4821 omnes,
1239 4746 1348 4822 qui
1373 4758 1516 4805 cum
1544 4762 1616 4805 eo
1637 4751 1809 4806 erant

202 4886 229 4920 ⁸
262 4878 437 4933 Deest
459 4883 512 4933 et
534 4876 595 4932 in
618 4888 736 4932 ms.

202 4950 232 4990 δ
266 4952 441 5004 Deest
468 4951 685 5005 iterum
712 4948 775 5003 in
805 4946 943 5004 edit.

201 5029 229 5059 °
254 5019 385 5090 Ms.,
416 5020 817 5090 exculpendo.

199 5092 232 5136 ἀ
261 5093 378 5164 ld.,
410 5096 618 5149 tantis.

198 5172 226 5202 ο
257 5163 373 5235 Id.,
396 5164 826 5235 praedomaret.

198 5237 223 5277 ι
257 5228 515 5306 ιῐδίἱιεη
548 5234 655 5292 sed
682 5234 847 5306 edit,
879 5228 1093 5306 verbis.

197 5316 229 5356 ε
258 5309 326 5363 1n
354 5300 692 5371 ms.,'deest
709 5300 890 5379 style,
920 5300 1337 5380 particulaque
1367 5302 1424 5360 ei
1443 5310 1727 5375 sequens.

197 5380 229 5417 ιι
264 5378 440 5436 Edit..
470 5380 673 5436 etiam.

403 5422 440 5447 .,
470 5394 673 5437 etiam.

198 5452 218 5489 ί
263 5454 369 5508 Ms.
404 5441 708 5508 dederam.
734 5451 878 5516 Quae
917 5445 1094 5505 lectio
1149 5446 1197 5503 si
1223 5445 1604 5516 probaretur,
1654 5441 1799 5500 satis

117 5525 313 5582 ﬁrmo
372 5515 962 5593 argumento’esset,
1020 5515 1359 5593 lndtculum
1408 5515 1803 5593 Luminosum

120 5597 425 5669 scriptum
445 5585 537 5651 ab
559 5594 778 5650 Alvaro
801 5592 865 5650 in
893 5585 1231 5675 martyrum
1256 5585 1689 5647 defensionem.

214 5669 231 5723 i
266 5668 440 5723 Deest
466 5665 609 5723 etin
644 5666 821 5723 edit:
855 5668 1047 5721 exstat
1070 5678 1133 5719 in
1162 5676 1276 5719 ms.

214 5678 231 5723 ι
266 5678 440 5723 Deest
466 5678 523 5723 et
547 5678 609 5722 ιιι
644 5678 821 5735 eam;
855 5678 1047 5721 exstat
1070 5678 1133 5719 in
1162 5678 1276 5719 ms.

199 5738 437 5821 {Edit.,
469 5743 524 5796 et
545 5753 665 5821 ore
692 5737 981 5810 deestque
1012 5736 1075 5793 in
1098 5734 1183 5792 eis
1207 5733 1587 5806 spiritaliter.

198 5812 218 5847 ι
248 5813 379 5885 λίβη
407 5810 629 5885 qualis.

1919 1807 2055 1848 rum
2077 1801 2123 1846 °.
2149 1788 2262 1849 Pro
2286 1810 2409 1866 quo
2426 1795 2795 1852 rectitudinis
2821 1797 2948 1852 zelo
2974 1798 3178 1855 multis
3208 1800 3427 1856 exstitit
3444 1815 3586 1856 con-

1921 1884 2045 1939 tum
2055 1880 2184 1938 eliis
2214 1883 2623 1956 propulsatus,
2648 1887 3011 1960 magnisque
3033 1889 3357 1946 terroribus
3377 1888 3587 1962 fatiga-

1920 1976 2039 2030 tus.
2067 1976 2215 2029 Nam
2244 1990 2400 2030 unus
2427 1990 2501 2032 ex
2530 1978 2879 2048 proceribus
2931 1977 3104 2035 illum
3154 1979 3477 2053 impetens,
3528 1984 3587 2038 et

1920 2059 2100 2118 minis
2129 2078 2520 2137 exasperans,
2552 2060 2757 2121 divino
2797 2065 2961 2137 justo
2998 2065 3229 2139 judicio
3264 2067 3327 2124 in
3383 2083 3586 2141 repro-

1918 2147 2070 2208 bum
2099 2167 2347 2208 sensum
2379 2168 2729 2220 conversus,
2759 2153 2946 2212 ﬁdem
2975 2171 3164 2228 quam
3194 2161 3405 2214 tenens
3453 2173 3584 2214 nes-

1921 2240 2046 2296 cius
2068 2240 2490 2313 impugnabat,
2520 2257 2664 2299 mox
2697 2243 2877 2299 miser
2895 2252 2956 2300 et
2985 2244 3200 2302 stultus
3228 2245 3451 2303 amisit.
3503 2243 3583 2301 De

1918 2344 2043 2402 quo
2074 2329 2311 2403 plenius
2341 2329 2404 2386 in
2433 2329 2588 2387 libro
2619 2332 2956 2388 Memoriale
3006 2335 3365 2392 Sanctorum
3414 2334 3583 2391 tertio
3650 2334 3653 2339 ’

1913 2416 2044 2490 jam
2070 2420 2263 2477 dictus
2293 2420 2676 2477 beatissimus
2702 2420 3049 2494 disputavit.
3086 2427 3144 2479 [η
3168 2421 3392 2497 quibus
3416 2423 3583 2480 libris

1918 2506 1975 2559 et
2004 2504 2316 2577 passiones
2348 2504 2697 2577 singillatim
2734 2511 3073 2579 martyrum
3104 2507 3265 2564 claro
3292 2508 3455 2565 fonte
3491 2507 3581 2564 lo—

1918 2593 2172 2650 cutionis
2197 2592 2500 2669 explicuit,
2529 2600 2586 2653 et
2614 2597 3030 2668 prosecutione
3057 2597 3371 2655 sufﬁcienti
3419 2615 3585 2673 quaa-

1916 2700 2155 2759 cunque
2186 2691 2323 2743 acta
2351 2692 2489 2742 sunt
2517 2682 2578 2743 in
2597 2686 2966 2759 martyribus
2988 2687 3088 2745 Dei
3111 2702 3138 2741 r
3164 2693 3222 2745 et
3237 2688 3396 2746 dicta
3412 2705 3582 2745 secu-

1916 2772 2063 2830 turis
2092 2774 2583 2846 generationibus
2636 2776 2994 2850 propalavit.
3048 2779 3318 2843 Quantus
3377 2783 3584 2835 autem

1914 2863 2012 2920 vel
2036 2881 2221 2938 quam
2250 2864 2546 2921 excellens
2598 2865 2775 2923 fuerit
2828 2865 3098 2934 scientia,
3152 2866 3285 2924 luce
3340 2866 3586 2927 clariola

1916 2951 2048 3025 ejus
2078 2951 2349 3027 pandent
2368 2953 2682 3027 opuscula,
2714 2971 2852 3027 quae
2885 2954 3009 3012 sale
3039 2955 3229 3014 Attico
3259 2960 3317 3013 et
3372 2972 3585 3031 prosa-

1915 3041 2032 3099 tico
2062 3042 2287 3117 lepore,
2324 3043 2451 3099 imo
2480 3036 2685 3099 divina
2709 3042 3105 3116 inspiratione
3129 3046 3493 3118 composuit.

1988 3137 2040 3190 6.
2073 3130 2185 3190 Sed
2208 3128 2591 3190 redeundum
2639 3137 2728 3188 est
2786 3132 2865 3189 ad
2922 3132 3264 3191 Reccafredi
3318 3134 3586 3208 episcopi

1916 3225 2210 3294 tempora,
2242 3226 2299 3278 et
2328 3238 2449 3293 qua
2477 3227 2603 3278 arte
2633 3237 2669 3278 a
2699 3220 2994 3279 sacriﬁcio
3053 3238 3117 3277 se
3178 3221 3581 3301 suspenderit,

1914 3326 1991 3367 ne
2022 3310 2151 3381 ejus
2182 3309 2573 3380 glutinaretur
2592 3310 2795 3378 errori,
2824 3306 3254 3382 proferendum
3278 3312 3377 3383 (4).
3406 3313 3585 3368 Nam-

1915 3415 2033 3473 que
2062 3399 2208 3477 ipsis
2238 3398 2453 3456 diebus
2485 3400 2683 3456 cuncti
2709 3400 2766 3457 ei
2788 3403 2849 3457 ct
2873 3412 2903 3456 «ι
2930 3399 2990 3455 vi
3021 3404 3078 3456 et
3126 3404 3420 3472 potestate
3471 3401 3581 3458 ad-

1916 3490 2076 3557 dicti,
2104 3490 2287 3563 jussu
2314 3490 2479 3561 regio
2500 3488 2743 3559 subditi,
2775 3489 2984 3563 iniquo
3032 3489 3396 3550 videbantur
3422 3490 3585 3548 hosti

1917 3580 2185 3652 adjuncti
2217 3594 2232 3636 :
2266 3583 2325 3636 et
2381 3580 2484 3654 qui
2516 3580 2699 3653 priori
2753 3578 3187 3636 insurrectione
3241 3580 3480 3637 adversi
3527 3583 3585 3637 et

1919 3669 2097 3726 erecti
2123 3672 2332 3726 contra
2384 3680 2525 3725 eum
2591 3670 2878 3725 steterant
2906 3673 2947 3740 ν,
2987 3671 3131 3725 tunc
3186 3672 3407 3726 terrore
3442 3685 3583 3725 con-

1863 3762 1871 3769 ’
1919 3760 2017 3818 citi
2044 3770 2085 3830 ',
2117 3760 2292 3833 quasi
2321 3759 2648 3816 familiares
2683 3758 3015 3826 haerebant,
3047 3774 3172 3817 non
3200 3764 3421 3830 mente,
3474 3758 3582 3815 sed

1919 3864 2205 3923 corpore;
2244 3864 2357 3907 nec
2393 3847 2709 3905 dilectione
2737 3847 2961 3916 cordis,
2997 3847 3105 3903 sed
3160 3846 3581 3920 compulsione

1920 3939 2157 3996 terroris
2182 3956 2195 4008 ;
2230 3943 2288 3995 et
2312 3953 2391 3995 ne
2415 3937 2615 3994 aditus
2644 3936 2697 3993 ei
2726 3935 2987 3993 nocendi
3018 3936 3262 3993 daretur
3296 3939 3312 3970 ι
3338 3937 3401 3992 in
3453 3953 3584 3995 am-

1918 4028 2101 4104 plius.
2123 4033 2209 4085 lta
2235 4043 2481 4101 quoque
2506 4043 2613 4084 rex
2640 4040 2667 4068 α
2697 4032 2907 4083 contra
2934 4041 3046 4082 nos
3073 4025 3407 4083 desaeviens
3434 4025 3580 4096 legi-

1917 4117 2034 4175 bus
2058 4118 2475 4174 necessitatem
2503 4116 2842 4187 induxerat,
2872 4114 3131 4172 liberum
3160 4115 3474 4173 arbitrium
3496 4118 3582 4173 in-

1919 4206 2266 4280 terpollans,
2295 4222 2510 4263 omnes
2533 4205 2679 4263 truci
2712 4202 3065 4264 subdiderat
3087 4205 3247 4262 hosti
3273 4206 3373 4279 (5).
3401 4205 3584 4278 Cujus

1918 4296 2180 4353 historia:
2231 4295 2450 4352 veritas
2476 4295 2541 4352 in
2593 4295 2711 4354 alio
2759 4312 2939 4369 opere
2991 4294 3360 4353 enucleatius
3397 4295 3585 4353 disse-

1918 4390 2101 4443 retur.

1990 4480 2044 4532 7.
2077 4478 2245 4532 Nunc
2274 4489 2413 4531 vero
2444 4473 2626 4545 hujus
2642 4472 3023 4530 admirabilis
3046 4473 3156 4531 viri
3178 4477 3411 4531 tantum
3438 4486 3582 4529 euo-

1916 4562 2063 4622 dare
2144 4564 2591 4622 sanctissimam
2649 4564 2928 4638 cupimus
2996 4568 3209 4620 artem.
3269 4568 3321 4619 Is
3366 4570 3393 4605 ν
3421 4563 3583 4618 enim

1917 4655 2086 4726 gravi
2112 4656 2397 4711 instinctu
2418 4653 2662 4720 doloris,
2695 4650 2843 4710 dum
2874 4650 3143 4727 undique
3183 4648 3340 4709 circa
3366 4664 3431 4707 se
3471 4644 3582 4707 de-

1912 4744 2117 4802 losum
2133 4752 2401 4801 cerneret
2416 4742 2611 4815 ipsius
2633 4741 2904 4816 episcopi
2914 4742 3177 4814 grassari
3196 4738 3508 4812 ingenium
3524 4743 3584 4796 et

1986 4881 2025 4912 αι
2057 4868 2163 4943 Ms.
2186 4882 2298 4943 pro
2328 4880 2470 4943 nam
2499 4862 2684 4943 habet
2712 4864 2987 4939 denique.

1984 4952 2013 4984 ιι
2065 4932 2309 4999 Edimus
2339 4942 2500 4997 hunc
2524 4938 2750 5007 locum,
2786 4932 2992 4996 ut'ms.
3024 4938 3080 4992 et
3123 4932 3344 5003 Schot.,
3374 4938 3432 4993 et
3458 4940 3579 4995 An-

1912 5014 2307 5087 tuerpienses,
2334 5026 2475 5087 cum
2519 5006 2817 5087 Florecius
2849 5021 3169 5087 perperam
3192 5086 3195 5087 ν
3217 5006 3439 5087 habeat
3471 5025 3484 5065 :
3516 5008 3579 5067 in

1913 5081 2151 5143 tantum
2180 5081 2552 5154 ardescebat,
2579 5086 2644 5138 ut
2668 5083 2804 5141 dole
2830 5081 3123 5154 martyrii
3142 5086 3199 5141 et
3228 5095 3354 5155 ipse
3382 5081 3580 5142 incen-

1912 5158 2030 5228 tor,
2070 5158 2181 5214 etc.

1982 5220 2506 5311 σξιεηιηανινπζζ.
2596 5310 2641 5311 Ἡ
2724 5294 2817 5311 κν
2878 5292 2889 5311 ⁸

1982 5310 2010 5354 ι»
2057 5304 2144 5356 lta
2163 5314 2280 5355 ms.
2310 5293 2487 5369 ;e'diti
2515 5310 2677 5367 vero,
2708 5293 2974 5355 Domini.

1981 5383 2009 5424 (ι
2038 5374 2213 5428 Deest
2239 5371 2301 5426 in
2326 5384 2439 5426 ms.
2472 5372 2547 5426 et.

1980 5450 2001 5477 τ
2040 5447 2168 5499 Non
2191 5442 2347 5499 bene
2375 5441 2438 5496 in
2464 5441 2603 5497 edit.
2632 5442 2953 5497 steterunt.

1980 5523 2001 5549 ⁵
2041 5515 2287 5579 Schott.,
2319 5514 2561 5581 concisi,
2587 5518 2650 5569 ut
2675 5529 2790 5568 ms.

1982 5588 1999 5621 ι
2037 5586 2211 5650 Edit.,
2245 5586 2507 5656 amplius
2538 5581 2793 5642 nocendi
2822 5580 3091 5642 daretur.

1980 5670 2008 5699 ιι
2046 5661 2172 5726 Ms.,
2202 5658 2439 5713 ira......
2469 5656 2646 5727 regis.

1978 5741 2006 5772 ν
2045 5731 2290 5797 Schott.,
2323 5728 2458 5802 Qui,
2488 5733 2555 5786 ut
2583 5744 2698 5784 ms.
