3960 6382
413 201 508 253 7H

1617 184 1676 238 S.
1723 172 2000 236 EULOGII
2039 166 2358 226 ARCHIEP.
2399 163 2640 221 TOLET.

3731 151 3836 209 712

416 321 662 376 caeteros
714 330 922 372 secum
952 323 977 349 ⁸
1008 312 1061 368 ei
1093 307 1607 367 communicantes
1659 299 2070 378 deprehende-
2101 298 2148 350 A
2189 289 2469 378 ardorem
2502 282 2890 378 ingenii,quis
2913 281 3193 378 decorem
3222 275 3618 378 eloquii,quis
3647 275 3837 378 fulgo-

416 414 525 476 ret,
552 423 663 464 nec
693 402 1004 462 resistendi
1034 400 1145 456 sibi
1178 398 1412 471 copiam
1459 397 1652 451 ineSse
1695 393 1938 458 videret,
1963 405 2074 445 nec

421 495 746 555 amovendi
793 492 1093 549 licentiam
1149 490 1249 560 ([6]
1305 493 1365 543 ut
1421 491 1558 559 pote
1609 480 2072 554 ﬁdejussoribus

420 587 547 643 dati
575 586 622 657 1⁵)
650 597 962 640 remanere
984 589 1004 615 °
1037 578 1148 634 sibi
1174 577 1581 649 conspiceret;
1614 573 1793 646 coepit
1821 587 1881 626 se
1909 567 2071 640 gravi

420 680 670 731 atterere
720 670 964 742 gemitu,
1006 682 1375 738 magnoque,
1411 669 1475 720 ut
1502 662 1763 718 diximus
1794 660 1841 727 ἀ,
1873 658 2076 714 intrin-

423 781 596 820 secus
649 759 895 816 mactari
925 757 1150 814 dolore.
1207 754 1322 812 Sed
1351 758 1501 810 nutu
1551 752 1651 808 Dei
1708 748 1972 818 contigit,
2013 750 2079 802 ut

419 851 685 925 quadam
710 849 804 903 die
835 845 1114 921 praesenti
1145 844 1431 917 episcopo
1460 842 1534 913 (7)
1562 841 1721 896 beati
1762 834 2076 910 Epiphanii

422 941 650 1012 Cypriae
678 937 994 993 Salaminae
1026 934 1312 1007 episcopi,
1338 930 1552 988 Joanni
1573 929 1861 1001 episcopo
1887 925 2078 980 Hiero-

420 1027 781 1102 solymitano
812 1026 1039 1081 directa
1071 1022 1324 1096 epistola
1351 1021 1664 1091 legeretur,
1698 1032 1883 1090 quam
1915 1023 1936 1049 θ
1966 1029 2078 1083 ego

418 1118 662 1173 cuidam
688 1117 946 1172 diacono
974 1129 1385 1186 praecepcram
1414 1111 1610 1178 legere
1636 1125 1646 1162 :
1680 1107 1739 1161 in
1770 1121 1893 1178 qua
1920 1103 2079 1158 idem

418 1206 807 1262 beatissimus
853 1203 1121 1276 pontifex
1157 1201 1425 1271 Origenis
1454 1197 1682 1253 namins
1713 1209 1992 1264 arguens,
2026 1195 2082 1246 et

419 1293 865 1350 ordinationem
901 1290 1220 1362 cujusdam
1252 1285 1586 1361 presbyteri
1625 1285 1685 1339 in
1715 1279 2081 1338 monasterio

418 1383 547 1454 jam
598 1382 740 1438 dicti
790 1377 1308 1451 Hierosolymitani
1338 1376 1646 1444 assignato
1679 1373 1696 1408 τ
1723 1389 1758 1428 a
1787 1387 1848 1426 se
1881 1385 2083 1425 conse-

423 1471 569 1528 crati
599 1470 930 1526 defendens
959 1485 1208 1524 causam
1229 1463 1617 1522 ordinationis
1648 1460 1916 1524 retexuit,
1946 1458 2084 1513 bea-

426 1560 916 1631 tissimorumque
949 1557 1437 1630 presbyterorum
1469 1550 1810 1622 Hieronymi
1842 1553 1898 1603 et
1952 1547 2084 1600 Vin-

428 1647 606 1703 eentii
657 1646 1086 1702 continentiam
1138 1639 1516 1699 sacriﬁcandi
1557 1637 1866 1694 laudando
1919 1635 2083 1690 inne-
2115 1650 2153 1703 Β

424 1736 555 1792 xuit
582 1745 628 1791 ε.
663 1737 857 1801 Quam
886 1733 1289 1790 narrationem
1323 1736 1450 1785 tum
1496 1729 1625 1800 jam
1672 1725 1865 1782 dictus
1915 1722 2083 1779 Eulo-

430 1826 565 1896 gius
620 1825 797 1880 avida
844 1823 1042 1880 mente
1091 1821 1285 1890 magis
1331 1818 1643 1891 arripiens,
1676 1831 1862 1889 quam
1904 1811 2086 1868 susci-

429 1915 627 1987 piens,
675 1919 732 1970 et
788 1913 900 1969 sibi
943 1929 980 1968 a
1019 1913 1140 1967 Deo
1189 1910 1395 1965 datam
1437 1906 1818 1963 occasionem
1863 1917 2085 1972 cogno-

429 2019 626 2074 scens,
665 2003 890 2073 ingenti
921 2001 1160 2058 vulnere
1190 1999 1367 2072 quasi
1390 2012 1732 2071 percussus,
1769 1993 1846 2049 ab
1875 1993 2086 2048 intimo

429 2093 609 2150 corde
656 2093 900 2148 trahens
933 2090 1214 2163 suspiria,
1241 2103 1438 2161 neque
1466 2089 1730 2149 intuens,
1761 2097 2088 2139 conversus

430 2183 718 2256 episcopo
738 2182 887 2237 dixit
919 2198 931 2236 :
967 2203 994 2230 «
1031 2179 1088 2237 Si
1116 2179 1372 2234 lucernae
1405 2175 1698 2242 Ecclesiae,
1731 2178 1788 2228 et
1816 2171 1956 2226 ﬁdei
1985 2185 2089 2224 no-

432 2276 570 2326 strai
595 2271 711 2327 hoc
739 2274 988 2340 egerunt
1013 2268 1331 2333 columnae,
1355 2265 1500 2338 quid
1532 2263 1707 2319 nobis
1731 2261 1923 2317 facere
1950 2275 2088 2314 con-

431 2360 611 2431 venit,
665 2377 820 2432 quos
869 2358 1065 2414 dilecti
1109 2372 1293 2412 onera
1347 2353 1606 2424 graviter
1652 2350 1998 2423 deprimunt
2035 2351 2093 2403 et

433 2449 751 2519 afﬂigunt?
780 2453 1116 2518 Cognoscat
1139 2461 1284 2514 ergo
1308 2447 1506 2499 vestra
1535 2440 1885 2514 paternitas,
1917 2438 2092 2492 inter-

433 2540 656 2596 dictam
702 2556 738 2594 a
780 2555 876 2594 me
915 2539 1050 2610 ipso
1099 2535 1247 2590 mihi
1276 2531 1652 2589 sacrificandi
1701 2527 2025 2584 licentiam.
2059 2543 2090 2578 ›

438 2629 650 2702 Sicque
680 2627 1032 2699 hujusmodi
1062 2623 1303 2694 ingenio
1332 2626 1601 2693 tempore
1641 2617 1982 2674 Reccafredi
2029 2631 2092 2670 se

436 2719 569 2790 ipse
617 2733 728 2772 suo
778 2715 985 2786 ligavit
1033 2711 1296 2769 arbitrio.
1331 2710 1514 2780 Cujus
1542 2707 1932 2781 professionis
1959 2706 2096 2762 licet

440 2808 555 2863 hoc
608 2805 791 2861 modo
848 2803 1118 2860 ordinem
1178 2804 1458 2866 sumeret,
1503 2796 1835 2853 delectabili
1893 2799 2092 2850 tamen

440 2912 557 2952 usu
580 2896 605 2930 ιι
635 2894 1004 2968 perfunctus,
1036 2889 1279 2947 nolebat
1304 2893 1513 2961 postea
1558 2890 1780 2941 statum
1806 2884 2092 2956 rejectum

439 2985 722 3057 recipere.
773 2983 885 3038 Sed
929 2980 1199 3054 pontifex
1255 2976 1532 3050 proprius
1575 2974 1636 3030 in
1683 2981 1914 3030 tantum
1953 2988 2093 3028 eum
2126 3005 2165 3059 ρ

441 3075 775 3131 admissum
806 3073 817 3108 ¹
848 3070 1115 3127 ofﬁcium
1164 3065 1543 3122 sacrificandi
1587 3063 1876 3135 compulit
1932 3077 2095 3133 repe-

440 3165 607 3232 dare,
654 3169 718 3219 ut
764 3179 902 3218 eum
947 3159 1327 3217 anathemate
1371 3155 1543 3210 ferire
1593 3169 1717 3209 non
1772 3157 2093 3220 vereretur,

440 3253 559 3310 nisi
587 3253 759 3310 citius
787 3251 979 3308 redire
1010 3249 1400 3322 promitteret.

1095 3409 1318 3466 CAPUT
1357 3409 1445 3460 lll.

445 3559 660 3617 Sancti
697 3555 942 3626 Eulogii
988 3553 1265 3626 doctrina
1309 3555 1363 3604 et
1411 3549 1625 3626 virtus,
1667 3547 2097 3626 peregrinatio,

649 3620 944 3686 electio'in
976 3622 1489 3690 archiepiscopum
1520 3620 1890 3674 Toletanum.

518 3782 570 3834 8.
620 3779 686 3832 Et
733 3775 859 3829 erat
901 3769 992 3826 vir
1038 3767 1133 3823 ille
1180 3765 1242 3821 in
1290 3763 1574 3819 omnibus
1625 3760 2102 3834 professionibus

447 3864 850 3942 principaliter
887 3865 942 3918 et
991 3873 1114 3915 non
1155 3854 1352 3912 medie
1395 3853 1732 3917 decoratus,
1756 3850 1983 3906 cunctis
2030 3865 2103 3904 ex

449 3938 625 4029 aquo
657 3951 1028 4015 deserviens;
1053 3951 1110 4003 et
1157 3961 1296 4001 cum
1325 3941 1564 4016 praeiret
1592 3955 1804 3996 omnes
1835 3938 2098 4004 scientia,

448 4027 731 4100 humilior
761 4045 915 4096 certe
937 4037 1114 4094 etiam
1143 4032 1366 4090 inﬁmis
1390 4030 1725 4086 videbatur.
1761 4029 1966 4085 Clarus
1983 4027 2104 4083 vul-

450 4136 534 4199 tu,
585 4135 643 4186 et
687 4131 916 4186 honore
970 4123 1334 4199 praecipuus,
1362 4118 1703 4191 eloquentia
1731 4118 2016 4188 fulgidus,
2048 4121 2105 4172 et

447 4221 583 4276 vita:
631 4216 916 4291 operibus
955 4212 1312 4269 luminosus.
1345 4208 1622 4264 Incitator
1672 4212 2006 4281 martyrum
2049 4210 2105 4261 et

449 4309 749 4374 laudator,
778 4308 1062 4362 tractator
1104 4299 1498 4375 peritissimus
1543 4303 1597 4356 et
1643 4299 1914 4356 dictator.
1960 4296 2102 4362 Quis

522 4409 548 4435 ⁸
587 4401 760 4454 Deest
782 4410 976 4451 secum
1004 4393 1068 4448 in
1097 4390 1235 4447 edit.

523 4471 552 4511 ι»
588 4469 842 4525 Vadium
888 4467 1248 4528 interventu,
1307 4460 1586 4533 inquiunt
1657 4458 1780 4533 hic;
1814 4461 2097 4533 Antuerp.

496 4545 589 4598 ost
617 4538 916 4605 Moralem,
948 4553 1067 4592 non
1112 4539 1348 4604 poterat
1377 4529 1615 4602 sejungi
1659 4546 1695 4586 a
1735 4529 2102 4598 Reccafrcdo

504 4613 740 4684 ulogius
767 4626 797 4668 e
821 4610 1078 4684 vinculis
1107 4611 1434 4684 exemptus.

521 4695 546 4722 ε
585 4682 830 4754 Schott.,
857 4682 1185 4754 imminere,
1217 4683 1282 4732 ut
1304 4693 1422 4754 ms.

521 4757 548 4792 (ι
577 4759 750 4813 Deest
777 4748 843 4810 ut
871 4754 1133 4809 diximus
1158 4750 1219 4806 in
1249 4748 1387 4805 edit.

522 4839 544 4865 ο
584 4831 667 4884 Ex
693 4828 810 4883 hoc
852 4825 984 4881 loco
1033 4823 1296 4879 inferunt
1341 4817 1802 4889 Antuerpienses
1840 4818 2104 4889 Avarum

450 4901 512 4956 in
542 4883 744 4972 aliqua
760 4897 1045 4972 dignitate
1065 4890 1468 4972 ecclesiastica
1485 4883 1872 4972 constitutum
1887 4883 2102 4972 ‘fuisse,

450 4954 662 5042 utpote
697 4970 802 5042 qui
826 4954 1190 5042 “praeceperit
1215 4963 1491 5042 diacono
1543 4955 1861 5042 epistolam
1887 4954 2101 5042 legere.

456 5027 572 5096 Se‘d
600 5027 868 5100 Morales:
899 5027 1173 5093 Nicolaus
1199 5029 1490 5088 Antonius
1520 5027 1887 5100 et’Henricus
1908 5028 2107 5082 Florez

455 5125 596 5165 eum
644 5098 895 5163 credunt
933 5105 1215 5176 conjugio
1259 5100 1567 5176 astrictum
1597 5117 1609 5154 :
1644 5113 1778 5176 qua
1797 5098 1884 5176 de
1901 5113 1962 5153 re
1993 5113 2106 5153 nos

455 5179 624 5236 dubii
676 5180 997 5233 haeremus.
1046 5170 1202 5252 Quia
1243 5186 1473 5252 parum
1529 5170 1732 5252 ﬁrma”
1759 5170 2104 5240 judieamus

448 5251 685 5308 illorum
714 5251 1089 5318 argumenta,
1119 5250 1175 5300 et
1205 5240 1445 5318 aliunde
1475 5256 1596 5318 non
1628 5240 1767 5299 satis
1793 5247 2108 5314 perspecta

453 5339 548 5380 res
577 5313 828 5396 apparet
852 5335 934 5396 ex_
947 5317 1181 5396 ratione
1213 5313 1736 5396 Antuerpiensum.

528 5396 545 5430 ῖ
582 5388 755 5450 Πεέει
777 5392 840 5447 in
867 5389 1004 5445 edit.
1039 5388 1363 5457 assignato.

527 5474 554 5510 ε
582 5465 754 5530 Edit.,
785 5460 1065 5518 intexuit.

527 5537 554 5571 ιι
587 5528 832 5603 Schott.,
859 5534 1099 5597 usitate,
1133 5536 1196 5584 ut
1224 5528 1285 5583 in
1315 5544 1428 5583 ms.

539 5606 552 5640 ί
590 5601 822 5673 Μοιέι1.,’
843 5604 1119 5658 amissum
1148 5618 1160 5667 ;
1198 5602 1480 5672 Antuerp.
1512 5601 1808 5654 omissum.

538 5678 552 5728 i
581 5680 709 5744 Ms.,
741 5676 953 5730 elicere
981 5679 1079 5729 aut
1110 5673 1352 5729 edicere.

2185 396 2312 435 rem
2370 376 2647 443 scientiae,
2697 373 2833 447 quis
2879 369 3293 428 affabilitatem
3340 365 3616 422 usualem
3666 365 3840 420 ofﬁcii

2184 482 2550 541 quocunque
2613 451 2830 537 poterit
2878 458 3211 534 prudentiae
3261 456 3458 512 dicere
3497 455 3508 507 i
3541 454 3840 510 ﬂumine?

2188 559 2330 623 Quae
2360 555 2521 610 enim
2552 553 2633 609 illi
2658 569 2781 609 non
2813 557 3059 624 patuere
3083 545 3394 604 volumina
3413 546 3441 600 ?
3468 547 3609 610 QUtB
3641 550 3840 616 potue-

2183 649 2326 702 runt
2354 660 2494 700 eum
2521 643 2700 699 latere
2722 639 2963 710 ingenia
2986 636 3438 701 catholicorum,
3458 632 3839 706 philosopho-

2185 751 2342 801 rum,
2376 731 2816 798 hmreticorum,
2838 743 3073 784 necnon
3101 730 3157 781 et
3188 723 3498 796 gentilium
3523 725 3550 778 ?
3581 721 3690 778 Ubi
3716 721 3838 776 libri

2188 827 2357 878 erant
2385 820 2632 886 metrici,
2672 819 2773 875 ubi
2802 816 3106 892 prosatici,
3141 815 3244 870 ubi
3275 811 3562 879 historici,
3585 811 3692 884 qui
3725 812 3841 881 ejus

2188 911 2710 979 investigationem
2756 905 3133 977 eti‘ugerent?
3165 903 3273 959 Ubi
3321 917 3550 964 versus,
3589 916 3840 972 quorum

2188 1000 2282 1056 ille
2332 1000 2635 1069 ignoraret
2684 996 2960 1053 canora?
2995 995 3100 1050 Ubi
3152 991 3386 1064 hymni,
3418 990 3512 1046 vel
3538 989 3845 1062 peregrina

2190 1087 2504 1163 opuscula,
2531 1103 2667 1160 quae
2699 1087 2828 1156 ejus
2859 1100 2982 1140 non
3017 1086 3388 1156 percurreret
3417 1078 3844 1151 pulcherrimus

2193 1178 2403 1234 oculus
2425 1179 2452 1233 ‘?
2477 1176 2748 1242 Quotidie
2773 1175 2932 1229 enim
2964 1189 3124 1228 nova
3153 1177 3209 1227 et
3229 1169 3464 1240 egregie
3495 1166 3845 1223 admiranda

2191 1269 2365 1340 quasi
2410 1284 2446 1322 a
2481 1265 2800 1322 ruderibus
2833 1264 2855 1298 ¹ί
2889 1268 2946 1319 et
2988 1262 3168 1317 fossis
3199 1259 3511 1320 effodiens.
3543 1258 3844 1313 thesauros

2193 1356 2533 1412 elucidabat
2562 1354 2810 1410 invisos.
2838 1355 3074 1418 Quanta
3095 1348 3427 1406 docibilitas
3452 1353 3572 1403 tam
3594 1345 3846 1418 pretioso

2192 1461 2442 1501 munere
2470 1449 2695 1499 ornatae
2727 1443 2918 1497 inesse
2947 1441 2958 1475 ¹
2987 1439 3468 1510 animm.quanta
3488 1439 3545 1491 et
3570 1434 3845 1490 inexhau-

2195 1541 2287 1591 sta
2325 1551 2469 1590 cura
2515 1533 2783 1596 solertiae,
2817 1530 3017 1586 nullus
3066 1528 3306 1600 sapiens
3346 1523 3847 1598 comprehendere

2194 1629 2448 1698 poterat.
2495 1625 2559 1678 Et
2602 1639 2638 1678 o
2679 1619 3052 1676 admirabilis
3103 1617 3368 1673 suavitas
3418 1615 3846 1671 mentis?nun-

2195 1730 2384 1786 quam
2413 1711 2691 1785 privatim
2741 1710 2887 1766 scire
2921 1708 3147 1782 aliquid
3193 1705 3418 1767 volens.
3442 1703 3622 1760 nobis
3654 1702 3849 1758 omnia

2194 1802 2540 1875 praestabat.
2590 1801 2807 1856 Vitiata
2859 1798 3182 1868 corrigens,
3215 1795 3404 1851 fracta
3445 1793 3845 1858 consolidans,

2195 1891 2478 1946 inusitata
2510 1894 2878 1956 restaurans,
2914 1886 3163 1958 antiqua
3190 1884 3555 1958 repriorans,
3590 1881 3848 1953 neglecta

2196 1997 2518 2050 renovans,
2577 1985 2631 2035 et
2688 1993 2948 2051 quasque
3001 1981 3238 2049 poterat
3286 1991 3358 2030 ex
3405 1973 3670 2046 antiquis
3719 1973 3846 2028 viris

2198 2074 2365 2140 gesta
2393 2074 2592 2142 petere
2622 2078 2684 2136 ιιι,
2722 2066 3034 2137 satagebat
3059 2064 3347 2137 operibus
3380 2062 3734 2137 adimplere.
3765 2063 3846 2116 Se-

2197 2159 2501 2214 veritatem
2549 2155 2912 2228 Hieronymi,
2944 2155 3304 2210 modestiam
3352 2151 3690 2222 Augustini,
3718 2150 3847 2206 leni-

2198 2253 2380 2304 tatem
2411 2246 2729 2310 Ambrosii,
2756 2244 3102 2318 patientiam
3126 2242 3388 2312 Gregorii
3419 2241 3479 2296 in
3502 2239 3844 2310 corrigendo

2200 2352 2450 2402 errores,
2486 2335 2544 2390 in
2593 2333 2987 2390 sustentando
3032 2333 3317 2401 minores,
3349 2330 3409 2386 in
3457 2329 3842 2386 demulcendo

2201 2426 2486 2495 majores,
2519 2424 2579 2479 in
2611 2421 2955 2478 sufferendo
2999 2422 3281 2477 horrores
3310 2430 3359 2490 ιι,
3388 2435 3546 2475 unus
3588 2418 3749 2475 idem
3793 2433 3841 2472 se

2201 2512 2605 2585 multipliciter
2633 2511 2871 2567 varium
2901 2520 2924 2545 °
2955 2509 3295 2566 exhibebat.

2274 2605 2328 2657 9.
2371 2605 2485 2658 Nec
2516 2601 2567 2656 ei
2599 2601 2830 2656 suﬁccit
2855 2598 3222 2656 monasteria
3251 2598 3458 2670 patriai
3489 2614 3619 2654 suae
3649 2596 3839 2654 invise-

2203 2708 2264 2748 re
2299 2691 2394 2762 (l),
2423 2691 2570 2764 quin
2601 2690 2800 2762 potius
2829 2688 3148 2745 occasione
3174 2686 3427 2743 fratrum
3459 2703 3731 2754 suorum,
3756 2683 3841 2758 qui

2202 2780 2347 2853 ipsis
2369 2780 2583 2835 diebus
2612 2780 2674 2835 in
2707 2779 2966 2835 Francia:
3008 2778 3231 2834 ﬁnibus
3284 2775 3667 2845 exsulabant,
3696 2775 3840 2832 inde-

2201 2875 2371 2942 ptam
2414 2869 2578 2924 viam
2623 2867 2893 2940 arripuit,
2926 2871 2982 2923 et
3018 2867 3079 2923 in
3106 2865 3667 2938 Pampilonensium
3701 2863 3839 2921 terri-

2203 2960 2356 3015 toria
2387 2958 2540 3014 ultro
2591 2958 3003 3030 progrediens,
3036 2957 3467 3012 monasterium
3517 2955 3718 3012 Sancti
3759 2957 3840 3009 Za-

2205 3049 2423 3104 chariae
2472 3047 2800 3116 ingressus,
2851 3052 2909 3102 et
2951 3047 3208 3102 aliorum
3267 3045 3544 3101 coenobia
3598 3045 3840 3118 ipsarum

2205 3138 2519 3207 regionum
2588 3137 2851 3206 gliscenti
2911 3141 3051 3192 voto
3108 3151 3479 3208 percurrens,
3534 3129 3842 3190 multorum

2207 3231 2446 3283 Patrum
2473 3231 2562 3281 est
2608 3225 2870 3281 amicitia
2900 3224 3267 3281 dulcoratus.
3317 3227 3591 3290 Quorum
3631 3237 3844 3280 conver-

2209 3315 2501 3372 sationem
2531 3315 2593 3369 in
2622 3314 2877 3386 epistola
2907 3330 3093 3386 quam
3112 3314 3397 3387 episcopo
3420 3309 3840 3387 Pampilonensi

2209 3406 2270 3460 in
2299 3419 2534 3460 carcere
2563 3405 2794 3475 positus
2827 3403 3010 3475 dedit,
3039 3403 3400 3458 nominatim
3442 3403 3754 3459 locatimve
3776 3398 3843 3454 di-

2211 3495 2410 3564 gessit.
2458 3495 2524 3549 In
2563 3493 2785 3566 quibus
2814 3492 2960 3548 locis
2992 3493 3181 3549 multa
3228 3492 3537 3549 volumina
3577 3493 3840 3548 librorum

2208 3583 2533 3653 reperiens,
2566 3583 2848 3638 abstrusa
2887 3587 2945 3638 et
2973 3598 3126 3655 pene
3159 3598 3196 3638 a
3237 3581 3440 3638 multis
3470 3589 3719 3644 remota,
3745 3582 3841 3635 huc

2211 3689 2508 3742 remeans,
2543 3688 2651 3728 suo
2703 3672 2877 3728 nobis
2923 3687 3198 3742 regressu
3244 3672 3496 3728 adduxit
3524 3686 3572 3727 ιι.
3601 3671 3684 3727 lbi
3708 3667 3841 3726 beati

2213 3761 2452 3817 Odoarii
2475 3765 2561 3815 est
2591 3760 2802 3816 fruitus
2828 3760 3151 3834 colloquio,
3178 3761 3275 3817 cui
3304 3766 3547 3817 centum
3575 3760 3842 3834 quinqua-

2213 3850 2378 3922 ginta
2393 3849 2696 3919 regulares
2716 3851 3000 3906 monachi
3028 3850 3366 3906 militabant
3384 3850 3477 3921 (2).
3499 3850 3642 3906 Inde
3664 3860 3841 3905 secum

2211 3939 2435 3995 librum
2471 3939 2735 3995 Civitatis
2780 3939 3111 3995 beatissimi
3147 3939 3480 4010 Augustini,
3510 3944 3571 3996 et
3592 3936 3839 3996 Eneidos

2211 4027 2453 4098 Virgilii,
2503 4028 2623 4083 sive
2652 4043 2678 4082 (ι
2708 4029 3015 4084 Juvenalis
3064 4029 3343 4085 metricos
3399 4029 3608 4084 itidem
3662 4027 3836 4087 libros.

2213 4123 2393 4189 atque
2431 4118 2503 4188 (3)
2546 4116 2734 4172 Flacci
2776 4121 3041 4190 satyrata
3068 4127 3091 4154 τ
3119 4122 3419 4190 poemata,
3466 4134 3574 4172 seu
3607 4116 3678 4189 (4)
3725 4117 3838 4170 Por-

2211 4208 2410 4282 phyrii
2465 4207 2705 4280 depicta
2741 4207 3053 4281 opuscula,
3083 4209 3156 4280 (5)
3209 4207 3305 4264 vel
3352 4206 3684 4263 Adhelelmi
3735 4201 3836 4275 epi-

2215 4301 2626 4368 grammatum
2669 4312 2873 4370 opera,
2906 4301 2984 4366 (6)
3011 4313 3249 4354 necnon
3290 4302 3346 4355 et
3390 4297 3599 4354 Avieni
3627 4292 3835 4352 fabulas

2285 4388 2310 4422 κ
2350 4386 2458 4453 Id.,
2479 4386 2818 4457 jugeribus.

2293 4459 2309 4494 ¹
2350 4459 2592 4525 Schott.,
2618 4459 2815 4514 inerat
2841 4461 2906 4513 ut
2932 4473 3045 4514 ms.

2284 4539 2322 4565 ω
2345 4530 2589 4602 Schott.,
2622 4535 2679 4584 et
2705 4533 3018 4602 Antuerp.,
3047 4536 3389 4602 competere,
3419 4534 3484 4585 ut
3509 4545 3626 4585 ms.

2283 4611 2308 4636 η
2349 4595 2591 4681 Schott.,
2604 4614 2874 4681 sorores;
2898 4595 3085 4681 quam
3105 4595 3420 4658 lectionem
3441 4617 3558 4657 ms.
3587 4595 3832 4658 admittit,

2213 4688 2352 4728 cum
2383 4670 2560 4739 dicat,
2590 4673 2653 4727 in
2680 4670 3048 4741 suﬁcr‘eﬁdos
3075 4689 3294 4729 orares.

2285 4752 2307 4778 ο
2348 4743 2518 4816 Deest
2547 4736 2797 4798 parium
2845 4743 2904 4799 in
2959 4760 3071 4816 ms.
3111 4750 3167 4799 et
3191 4743 3556 4816 pronomina
3599 4757 3675 4809 se,
3705 4736 3835 4816 ei,_el

2212 4813 2554 4896 praepositio
2601 4815 2663 4869 in
2713 4819 2850 4871 ante
2893 4813 3078 4871 verba
3131 4809 3526 4872 Francia"...
3560 4809 3833 4880 Pampilo—

2213 4901 2503 4942 nenmunu

2285 4971 2312 5011 Ρ
2341 4957 2456 5012 Nisi
2489 4955 2677 5029 codex
2707 4955 2853 5011 alter
2879 4957 3189 5029 Ovetensis
3229 4973 3352 5029 quo
3390 4974 3506 5013 usu
3538 4956 3642 5012 fuit
3674 4956 3831 5029 litora-

2212 5027 2318 5096 les,
2352 5033 2408 5083 et
2436 5028 2611 5098 cujus
2645 5027 2916 5083 meminit
2939 5027 2998 5082 in
3025 5025 3351 5085 Monito‘ad
3378 5029 3677 5096 lectorem,
3698 5025 3829 5098 hunc

2213 5091 2528 5181 locumita
2549 5099 2807 5181 legebat,
2840 5098 3169 5181 plurimum
3195 5100 3256 5155 in
3285 5091 3829 5181 easensui‘prpprio

2213 5170 2482 5239 indulsit,
2511 5186 2640 5224 cum
2672 5167 3022 5239 Azagrensis
3043 5171 3232 5226 codex
3265 5171 3347 5226 sic
3375 5171 3573 5227 locum
3604 5167 3826 5225 habeat:

2213 5245 2337 5368 IIqu
2377 5256 2644 5366 rempans
2687 5257 2790 5296 suo
2839 5241 3006 5297 nobis
3063 5244 3128 5296 in
3176 5245 3580 5299 sacratissimo
3625 5241 3830 5310 pectore

2217 5330 2282 5368 co
2339 5329 2505 5368 ocavz
2542 5351 2553 5364 .

2217 5319 2553 5370 collocavit.

2286 5399 2313 5438 ει
2341 5385 2497 5452 Sive,
2529 5398 2650 5457 seu,
2685 5388 2810 5457 aut,
2843 5398 2952 5457 pro
2991 5389 3044 5440 et
3094 5383 3571 5457 frequentissime
3607 5391 3829 5450 usurpa-

2214 5454 2591 5536 runt‘medii
2621 5454 2733 5508 aevi
2782 5455 3120 5536 scriptores,
3155 5454 3225 5536 ac
3254 5458 3506 5530 proinde
3549 5460 3832 5528 perperam

2214 5526 2274 5581 in
2307 5525 2477 5582 editis
2497 5526 2592 5580 hic
2621 5525 2952 5596 repositum
2980 5525 3089 5582 fuit
3114 5533 3187 5582 et.

2213 5600 2468 5723 Sciigiisaii
2519 5596 2658 5651 (ω’
2689 5587 2900 5652 Nom
2936 5603 2991 5652 θί
3033 5603 3340 5671 “luere.
3385 5603 3678 5657 saturata.
3715 5587 3832 5647 Vide

2255 5683 2468 5724 cnoua.
