3960 6394
96 265 199 319 713

98 475 292 542 mina,
323 492 478 532 cum
509 477 711 533 multis
743 478 1283 536 minutissimarum
1341 498 1665 539 causarum
1708 497 1780 537 ex

97 566 326 620 sanctis
348 566 796 639 quzestionibus
827 568 1155 625 multorum
1188 570 1428 641 ingenio
1459 587 1783 643 congrega-

99 656 169 712 tis
198 670 331 711 non
365 656 655 729 privatim
687 657 822 724 sibi,
859 658 966 713 sed
993 662 1393 717 communiter
1419 660 1781 717 studiosissi-

98 746 214 802 mis
256 745 731 818 inquisitoribus
760 749 1108 820 reportavit.
1137 749 1298 806 ldem’
1347 756 1637 823 praeterea
1667 749 1781 805 ful-

102 850 313 907 gorem
348 835 557 907 operis
611 840 666 891 et
718 838 1200 894 coruscationem
1254 840 1477 909 ingenii
1517 840 1782 912 resplen-

101 923 396 980 dentibus
430 924 659 980 semitis
688 927 1141 995 przesentialiter
1167 929 1396 984 cunctis
1427 940 1452 965 ⁸
1478 929 1784 1002 praesenti-

101 1013 237 1079 bus,
287 1018 349 1070 et
409 1014 704 1070 usualiter
751 1017 1162 1089 sequentibus.
1209 1018 1500 1092 speciﬁcis
1546 1035 1785 1092 semper

104 1106 423 1158 ostentans
457 1102 712 1173 indiciis,
742 1110 795 1161 et
824 1106 1140 1163 luminosis
1168 1108 1473 1165 deducens
1504 1108 1782 1178 vestigiis,

106 1192 335 1266 ubique
352 1193 598 1249 lucidus
625 1195 930 1266 gradiens,
947 1197 1216 1271 undique
1239 1198 1502 1267 fulgidus
1523 1198 1781 1273 rediens,

105 1282 424 1356 limpidus,
478 1284 858 1353 dulcorosus,
892 1291 1227 1357 nectareus,
1271 1289 1480 1345 Christi
1530 1304 1782 1344 corana-

106 1377 199 1428 tus
231 1373 548 1430 emicabat
576 1375 863 1431 omnibus
894 1376 1180 1434 famulus.

180 1481 264 1536 10.
310 1484 435 1538 Nec
497 1481 643 1538 illud
702 1484 1101 1541 omittendum
1146 1487 1209 1542 in
1253 1488 1370 1543 hoc
1400 1504 1581 1560 opere
1624 1505 1779 1554 reor,

105 1571 266 1644 quod
302 1578 383 1639 (7)
415 1576 559 1645 post
605 1572 846 1629 divinas-
871 1575 1180 1632 memoriae
1221 1577 1584 1645 Wistremiri,
1616 1578 1779 1635 Tole-

108 1664 261 1717 tanee
289 1661 458 1717 sedis
490 1662 779 1736 episcopi,
810 1664 872 1720 in
904 1666 1182 1722 eamdem
1215 1668 1422 1723 sedem
1460 1668 1540 1725 ab
1584 1669 1780 1725 omni-

109 1750 222 1807 bus
265 1752 895 1825 comprovincialibus
946 1758 1003 1812 et
1051 1756 1437 1812 conﬁnitimis
1481 1758 1785 1831 episcopis
1816 1743 1856 1795 Β

114 1841 334 1898 electus
384 1845 447 1898 et
497 1842 721 1911 dignus
771 1848 861 1900 est
900 1844 1163 1915 habitus,
1199 1852 1255 1902 et
1299 1863 1410 1920 pro
1441 1848 1630 1904 relatu
1658 1865 1788 1904 om-

112 1930 279 1987 nium
312 1931 776 2005 comprobatus.
809 1934 837 1973 b
865 1934 979 1990 Sed
1025 1935 1338 2009 dispositio
1396 1937 1617 2005 divina,
1650 1954 1785 2010 quae

119 2036 252 2076 eum
305 2019 422 2075 sibi
473 2019 557 2077 ad
606 2021 967 2094 martyrium
1022 2024 1389 2094 reservabat,
1416 2025 1785 2097 quibusdam

118 2108 419 2181 repagulis
468 2107 759 2167 obviavit.
808 2111 1079 2183 Cumque
1104 2112 1233 2183 jam
1284 2112 1417 2184 ipsa
1447 2113 1788 2169 communis

119 2197 320 2255 electio
349 2214 497 2255 eum
533 2198 643 2255 sibi
675 2215 1030 2256 consecrare
1072 2201 1134 2257 in
1160 2202 1470 2275 episcopio
1496 2202 1789 2259 acclama-

118 2292 218 2354 ret,
240 2304 449 2344 rerum
481 2287 863 2346 obviantium
894 2290 1251 2347 adversitate
1277 2291 1567 2365 impediti,
1601 2291 1789 2347 alium

122 2376 228 2433 sibi
248 2393 319 2434 eo
350 2377 593 2434 vivente
622 2378 1061 2436 interdixerunt
1101 2379 1338 2449 eligere.
1373 2381 1484 2447 Qui
1534 2380 1669 2438 licet
1701 2397 1792 2437 ar-

122 2471 253 2536 gute
283 2466 681 2524 frustraretur
718 2468 797 2524 ab
825 2468 1059 2535 ordine,
1094 2473 1300 2526 tamen
1329 2485 1454 2526 non
1484 2475 1574 2526 est
1596 2470 1791 2543 priva-

123 2560 211 2612 tus
240 2556 527 2629 ejusdem
556 2556 784 2613 ordinis
830 2574 1104 2615 munere.
1145 2559 1452 2632 Siquidem
1484 2559 1791 2632 episcopa-

121 2648 243 2701 tum
273 2645 589 2703 ccelestem
611 2647 864 2720 adeptus
896 2652 1003 2715 est,
1035 2648 1184 2704 dum
1212 2664 1322 2722 per
1369 2648 1639 2721 martyrii
1671 2648 1793 2718 glo-

123 2736 268 2792 riam
301 2736 544 2792 Christo
575 2737 933 2809 conjunctus
964 2741 1070 2794 est.
1107 2740 1327 2795 Omnes
1356 2754 1622 2811 namque
1654 2753 1792 2794 san-

127 2824 197 2879 cti
242 2825 538 2899 episcopi,
566 2841 691 2883 non.
749 2830 951 2882 tamen
994 2843 1208 2883 omnes
1255 2827 1526 2901 episcopi
1583 2828 1791 2884 sancti.

127 2912 222 2968 Ille
267 2930 413 2970 vero
483 2915 867 2972 sanctitatem
925 2932 1034 2989 per
1076 2916 1305 2973 cruoris
1348 2916 1647 2972 fusionem
1706 2916 1795 2972 in-

130 3002 392 3073 veniens,
453 3004 749 3077 episcopii
805 3004 1015 3061 ordine
1069 3005 1357 3076 fungitur,
1413 3005 1562 3062 dum
1621 3005 1797 3061 ccelo-

132 3093 301 3147 tenus
342 3102 365 3128 °
407 3097 714 3166 receptus,
748 3092 981 3149 aeternis
1026 3093 1535 3167 promissionibus
1589 3109 1800 3150 mune-
1828 3093 1871 3147 C

133 3184 309 3236 ratur.

206 3286 286 3343 ll.
336 3288 617 3360 Cumque
663 3288 758 3344 his
801 3288 1121 3345 virtutibus
1146 3293 1202 3345 et
1245 3288 1633 3360 dogmatibus
1663 3290 1800 3345 insi-

139 3376 411 3447 gniretur,
440 3382 501 3435 et
533 3377 819 3434 omnibus
859 3379 1034 3451 quasi
1064 3378 1311 3435 lucerna
1356 3395 1538 3452 super
1577 3378 1799 3435 cande-

140 3463 365 3523 labrum
395 3468 620 3541 posita,
640 3484 708 3524 ac
731 3467 913 3523 veluti
944 3468 1151 3525 civitas
1171 3468 1233 3524 in
1256 3468 1479 3524 montis
1502 3468 1617 3525 sita
1650 3469 1675 3505 ἀ
1706 3484 1802 3525 ca-

141 3554 367 3611 cumine
388 3557 605 3629 procul
631 3557 805 3613 altius
834 3557 1138 3625 emicaret,
1170 3562 1227 3614 et
1265 3562 1329 3614 ut
1353 3556 1566 3613 doctus
1600 3557 1803 3614 scriba

142 3640 208 3697 de
237 3644 524 3703 thesauro
572 3645 806 3702 domini
848 3647 941 3702 sui
984 3662 1145 3703 nova
1175 3650 1232 3703 et
1262 3652 1464 3703 vetera
1506 3645 1801 3702 universis

142 3728 370 3790 familiis
420 3735 803 3809 praevideret,
848 3736 910 3792 in
965 3736 1378 3792 sacerdotibus
1432 3736 1686 3810 primus,
1738 3734 1803 3791 in

144 3820 586 3882 confessoribus
621 3841 919 3891 summus,
948 3825 1014 3881 in
1038 3825 1347 3897 judicibus
1376 3825 1648 3881 residens
1678 3839 1803 3881 non

146 3913 434 3970 extremus
468 3934 481 3971 :
535 3914 783 3970 tandem
828 3914 953 3971 voti
995 3930 1248 3987 compos
1295 3914 1567 3984 effectus,
1598 3913 1806 3970 divina

148 3996 250 4053 sibi
304 4007 671 4076 cooperante
703 4003 1022 4060 clementia
1052 4003 1365 4076 inopinato
1412 4003 1662 4075 judicio,
1695 4002 1805 4059 sed

148 4083 528 4148 deliberativo
587 4091 787 4148 studio
818 4096 1062 4149 evectus
1094 4096 1186 4148 est
1216 4091 1297 4148 ad
1326 4107 1609 4164 superna.
1646 4095 1711 4147 Et
1734 4104 1806 4147 ea

149 4188 274 4245 quae
322 4195 359 4235 a
405 4180 778 4253 martyribus
832 4180 981 4236 fusis
1033 4180 1443 4253 postulaverat
1494 4179 1805 4252 lacrymis,

89 4311 99 4321 .
152 4267 203 4318 et
230 4281 331 4337 per
360 4273 476 4327 tota
516 4281 537 4308 ο
570 4287 683 4327 sua
710 4270 1007 4344 opuscula
1056 4287 1224 4327 more
1254 4275 1558 4344 sparserat
1584 4268 1806 4343 precis,

153 4351 405 4415 obtinere
469 4360 695 4417 meruit
742 4361 1027 4434 operibus
1086 4360 1436 4417 sanctitatis.
1485 4359 1659 4425 Quod
1703 4375 1807 4415 ve-

1515 262 1684 321 VITA
1722 259 1854 314 VEL
1892 256 2157 313 PASSIO.

96 386 416 456 metricas,
456 391 513 443 et
542 388 909 460 hymnorum
940 390 1370 448 catholicorum
1401 391 1632 464 fulgida
1656 404 1779 445 car-
1809 386 1856 438 Α

3448 260 3555 316 714

2547 384 2772 438 CAPUT
2811 384 2901 437 lV.

1892 472 2061 527 Nova
2091 472 2154 526 in
2195 471 2570 528 Christianos
2599 472 2707 527 sub
2738 487 2876 541 rege
2903 471 3241 528 Mahomete
3276 485 3555 542 persecu-

1964 544 2065 597 tio.
2114 545 2176 600 δ’.
2231 545 2527 599 Leocritia
2583 544 2659 601 ab
2718 544 2975 613 Eulogz’o
3033 545 3279 613 ejusque
3350 558 3557 601 sorore

1961 615 2260 670 instructa
2290 621 2343 670 et
2374 616 2482 685 adj
2488 621 2611 671 uta.

1968 707 2051 758 t2.
2094 704 2389 776 Tempore
2440 705 2621 774 igitur
2667 720 2789 776 quo
2839 718 2999 759 saeva
3046 701 3379 759 dominatio
3409 706 3552 760 Ara-

1890 792 2040 848 bum
2070 793 2407 849 calliditatis
2437 799 2570 849 astu
2601 809 2813 849 omnes
2830 793 2980 847 ﬁnes
3009 791 3309 864 Hispaniae
3340 791 3555 849 misere

1891 882 2268 947 devastabat,
2301 899 2424 955 quo
2465 885 2543 955 (l)
2574 899 2680 938 rex
2726 881 3044 939 Mahomad
3095 880 3430 938 incredibili
3456 898 3555 939 τε.-

1890 970 1986 1025 bie
2013 974 2071 1042 et
2099 972 2390 1027 effrenata
2420 971 2713 1027 sententia
2744 971 2761 1007 τ
2784 969 3198 1025 Christicolum
3226 985 3417 1039 genus
3447 970 3554 1025 de-

1889 1059 2009 1114 lere
2040 1059 2305 1114 funditus
2329 1060 2649 1127 cogitabat,
2685 1059 2854 1115 multi
2899 1063 3118 1114 terrore
3157 1058 3557 1115 cruentissimi

1892 1148 2049 1218 regis
2106 1153 2459 1219 metuentes,
2522 1150 2777 1220 ejusque
2846 1148 3148 1203 insaniam
3206 1147 3556 1205 modiﬁcare

1892 1238 2168 1306 nitentes,
2210 1254 2315 1310 per
2365 1244 2590 1294 trucem
2642 1237 2964 1293 voluntatis
3018 1236 3238 1310 iniquae
3288 1236 3555 1293 ofﬁcium

1891 1327 2138 1383 diversis
2169 1332 2226 1383 et
2254 1327 2560 1399 exquisitis
2591 1326 3014 1383 occasionibus
3070 1342 3313 1396 gregem
3344 1325 3557 1382 Christi

1890 1416 2178 1489 impetere
2206 1420 2602 1472 tentaverunt.
2637 1416 2905 1488 Plerique
2930 1415 3229 1470 Christum
3275 1414 3556 1485 negando

1891 1523 1954 1561 se
1986 1506 2313 1579 praecipitio
2372 1506 2845 1562 commiserunt:
2880 1504 2978 1560 alii
3030 1503 3197 1559 duris
3250 1503 3558 1559 tormentis

1894 1596 2118 1664 agitati,
2155 1596 2442 1651 commoti
2490 1600 2649 1651 sunt.
2681 1598 2862 1650 Porro
2915 1592 3016 1649 alii
3058 1592 3294 1648 ﬂorenti
3346 1592 3561 1648 virtute

1895 1685 2136 1742 stabiliti
2156 1690 2294 1741 sunt
2320 1689 2377 1741 et
2402 1683 2654 1740 fundati.
2692 1688 2753 1739 In
2782 1683 2977 1754 cujus,
3008 1686 3072 1737 ut
3100 1680 3384 1749 diximus,
3414 1684 3562 1737 tem-

1893 1791 2039 1848 pore
2072 1775 2430 1847 martyrium
2466 1773 2735 1829 ﬁdelium
2758 1771 3139 1828 coruscando
3168 1769 3559 1843 resplenduit,

1895 1869 1951 1921 et
1982 1880 2147 1920 error
2170 1864 2523 1933 negantium
2568 1862 2900 1918 ﬂuctuavit.
2933 1859 3209 1916 Nonnulli
3243 1859 3426 1930 enim,
3457 1858 3565 1932 qui

1894 1953 2078 2009 ﬁdem
2106 1952 2317 2007 Christi
2347 1956 2583 2007 tantum
2632 1949 2937 2005 mentibus
2964 1947 3324 2015 retinebant,
3354 1946 3564 2003 instin-

1895 2046 1994 2097 ctu
2038 2040 2140 2096 Dei
2188 2041 2355 2113 quod
2408 2040 2770 2109 celaverant,
2824 2036 3205 2094 luminositer
3254 2040 3311 2091 et
3357 2034 3563 2109 patule

1895 2129 2302 2203 proferebant,
2334 2128 2499 2184 nullo
2530 2127 2901 2200 disquirente
2930 2126 3008 2181 ad
3037 2125 3398 2197 martyrium
3428 2139 3566 2197 pro-

1898 2219 2177 2285 silientes,
2211 2223 2268 2274 et
2297 2233 2586 2274 coronam
2621 2216 2737 2271 sibi
2766 2232 2839 2272 ex
2889 2214 3211 2271 tortoribus
3240 2212 3542 2286 rapientes

1897 2314 1979 2366 Ex
2005 2310 2232 2382 quibus
2263 2308 2337 2381 (2)
2362 2307 2556 2364 Arabs
2600 2323 2816 2377 genere
2864 2306 3076 2361 beatus
3105 2303 3566 2377 Christophorus

1897 2398 2137 2466 exstitit,
2166 2397 2338 2467 cujus
2368 2396 2669 2469 passionis
2702 2394 2977 2451 ordinem
3008 2392 3152 2450 alibi
3177 2392 3449 2463 digerere
3469 2408 3566 2448 co-

1900 2491 2180 2560 gitamus.
2215 2487 2330 2543 Sed
2358 2503 2430 2543 ex
2480 2502 2690 2541 eorum
2741 2500 2995 2540 numero
3048 2483 3262 2539 beatus
3295 2480 3568 2537 Aurelius

1900 2582 1958 2634 et
2015 2581 2261 2633 sanctus
2305 2575 2522 2633 exstitit
2564 2574 2741 2643 Felix,
2791 2573 2894 2646 qui
2954 2589 3093 2629 cum
3143 2571 3434 2628 uxoribus
3489 2568 3569 2627 ad

1900 2666 2204 2741 passionis
2254 2664 2507 2735 gloriam
2537 2668 2675 2737 post
2720 2662 2909 2718 multa
2952 2666 3007 2717 et
3053 2660 3289 2734 prolixa
3316 2657 3571 2715 latibula

1901 2755 2273 2830 prodierunt.
2309 2758 2390 2810 Ex
2434 2754 2580 2827 ipsis
2611 2754 2790 2810 etiam
2818 2752 3037 2807 ﬂorens
3067 2749 3381 2806 virtutibus
3402 2748 3574 2804 Flora

1902 2846 2074 2916 virgo
2100 2845 2302 2912 beata,
2334 2860 2468 2917 quae
2499 2846 2894 2899 contemnens
2929 2839 3283 2896 saecularem
3330 2836 3575 2894 labilem

1904 2949 2223 3008 pompam,
2244 2938 2533 2989 aeternam
2566 2931 2783 2987 meruit
2805 2931 2931 2985 sine
2951 2929 3070 2985 ﬁne
3092 2942 3403 2984 coronam.
3425 2927 3579 2992 Quo-

1904 3039 2043 3078 rum
2071 3022 2168 3077 hic
2214 3025 2419 3077 noster
2467 3019 2883 3075 sanctissimus
2917 3018 3126 3073 doctor
3153 3032 3417 3086 agonem
3463 3014 3580 3070 sin-

1908 3110 2160 3182 gillatim
2181 3108 2479 3181 exposuit,
2495 3112 2551 3164 et
2572 3111 2741 3164 actus
2768 3106 3042 3178 vitasque
3075 3119 3326 3161 corusco
3357 3117 3582 3159 sermo-

1906 3216 1982 3256 ne
2006 3197 2346 3272 explicavit.

1984 3294 2069 3345 13.
2110 3288 2234 3344 Hoc
2276 3291 2543 3360 tempore
2578 3283 2779 3357 puella
2807 3282 3053 3339 nomine
3084 3279 3371 3338 Leocritia
3417 3295 3580 3352 quae-

1909 3380 2072 3441 dam,
2108 3393 2324 3448 genere
2372 3375 2613 3445 nobilis,
2641 3379 2841 3430 mente
2900 3371 3179 3440 nobilior,
3217 3371 3292 3443 (3)
3336 3385 3410 3425 ex
3440 3383 3583 3439 gen-

1908 3469 2099 3527 tilium
2151 3467 2295 3523 faece
2343 3464 2679 3539 progenita,
2708 3466 2764 3519 et
2807 3479 2880 3518 ex
2912 3461 3197 3534 luporum
3248 3456 3581 3515 visceribus

1908 3558 2169 3632 prodita,
2197 3555 2433 3611 dudum
2465 3563 2491 3597 κ
2518 3570 2626 3627 per
2655 3551 2993 3625 quamdam
3023 3549 3140 3605 sibi
3172 3564 3389 3620 genere
3445 3562 3583 3621 pro-

1907 3647 2138 3703 ximam
2163 3646 2236 3717 (4)
2287 3644 2516 3702 Christo
2562 3642 2827 3698 dicatam
2879 3640 2952 3711 (5)
2996 3638 3242 3696 nomine
3277 3637 3581 3705 Litiosam,

1911 3736 2085 3809 aquis
2116 3733 2480 3791 salutaribus
2528 3732 2732 3802 tincta,
2762 3735 2817 3786 et
2843 3728 3072 3785 occulte
3096 3727 3215 3783 ﬁde
3260 3725 3471 3783 Christi
3498 3724 3585 3782 in.

1909 3826 2059 3883 duta
2087 3824 2315 3894 enituit,
2363 3823 2736 3893 odoremque
2791 3823 3140 3874 nectareum
3181 3814 3407 3871 notitiae
3456 3829 3584 3869 suae

1911 3914 2141 3972 cunctis
2197 3912 2517 3986 adsparsit.
2571 3908 2800 3964 Etenim
2861 3922 2999 3961 cum
3054 3905 3133 3961 ad
3180 3904 3310 3975 jam
3358 3901 3586 3958 dictam

1912 4004 2254 4075 religiosam
2283 4003 2345 4058 in
2399 4000 2575 4057 annis
2606 3996 2872 4054 infantiae
2922 4010 3090 4051 more
3114 3991 3584 4067 propinquitatis

1911 4096 2260 4159 recurreret,
2293 4106 2552 4163 eamque
2606 4087 2831 4160 quibus
2887 4084 2989 4140 illa
3050 4082 3436 4140 sermonibus
3482 4096 3591 4154 po-

1918 4186 2085 4252 terat,
2143 4179 2411 4254 quotidie
2482 4178 2819 4244 instrueret,
2885 4172 3132 4230 tandem
3214 4170 3589 4244 respectione

1916 4270 2142 4328 caelesti
2192 4269 2378 4325 ﬁdem
2430 4266 2643 4325 Christi
2688 4269 2888 4322 mente
2940 4261 3222 4336 suscepit,
3256 4267 3313 4318 et
3373 4259 3590 4318 ardore

1918 4360 2144 4418 amoris
2181 4361 2528 4430 susceptam
2559 4360 2800 4428 pectore
2841 4351 3238 4410 conservavit.
3266 4352 3409 4417 Quae
3440 4348 3591 4405 dum

152 4441 267 4499 rius
293 4452 507 4519 poterit
528 4467 799 4520 noscere,
824 4451 929 4524 qui
975 4452 1113 4524 ipsa
1142 4451 1275 4522 ejus
1329 4450 1572 4521 egregia
1624 4464 1810 4522 opera
1836 4450 1880 4505 D
1920 4449 2003 4506 ad
2032 4464 2226 4505 annos
2254 4444 2564 4520 sapientiae
2590 4444 2819 4499 veniret
2851 4446 2908 4498 et
2929 4440 3189 4496 scientiae
3217 4438 3595 4509 contingeret

157 4539 438 4595 curaverit
464 4540 685 4612 legere.
720 4543 787 4596 Et
832 4540 1126 4613 quoniam
1158 4538 1418 4611 expedit,
1449 4542 1506 4594 et
1555 4537 1811 4608 dignum

157 4620 321 4679 nobis
356 4627 556 4685 visum
612 4634 706 4687 est
760 4645 869 4703 pro
926 4628 1173 4685 utilitate
1219 4627 1568 4698 legentium,
1623 4630 1680 4682 et
1737 4626 1812 4698 (8)

159 4722 261 4779 PI'O
311 4731 514 4776 annuo
574 4717 912 4777 festivitatis
961 4734 1085 4775 suae
1133 4734 1401 4786 recursu,
1460 4716 1813 4791 passionem

162 4797 281 4868 eius
321 4803 579 4866 breviter
623 4809 950 4883 explicare,
997 4807 1136 4865 ideo
1189 4806 1629 4881 sequestratim,
1662 4821 1812 4879 pure

162 4891 214 5027 fit
241 4889 540 4955 sinceriter
567 4899 780 4970 agonis
809 4899 903 4955 sui
931 4897 1441 4972 pulchrerrimum
1459 4894 1813 4953 induximus

203 4989 354 5027 nemo

203 4989 356 5038 nem.

230 5194 256 5278 ξ
285 5190 470 5278 μυμῦ
496 5201 655 5278 recte
685 5198 781 5255 hic
796 5197 1038 5278 litoral,‘
1061 5195 1461 5278 sequentibus.

230 5256 361 5343 ξΕξ
391 5264 504 5323 hoc
528 5270 728 5343 _unico
777 5269 975 5343 Alvari
1016 5256 1364 5343 testimonio
1398 5279 1531 5343 quo
1581 5265 1819 5318 constat

171 5324 468 5400 Eulogium
495 5324 751 5397 electum
772 5324 953 5397 fuisse
974 5324 1295 5400 praesulem
1316 5324 1690 5400 Tolétanum,
1717 5348 1819 5388 ne-

173 5408 405 5494 ξξξξιξλρξᾎ
434 5410 594 5494 videt
618 5417 915 5494 quantum
947 5406 1206 5494 desipuit
1246 5406 1553 5494 Fabricius
1573 5407 1819 5494 tom‘klll

173 5465 929 5549 Βῴᾘρὼθοξᾞδῇᾖῗῶἔᾶ.
956 5465 1249 5539 etiam.
1306 5483 1484 5545 aetat,
1518 5491 1659 5549 pag.
1696 5479 1817 5542 123,

175 5536 300 5626 92139-
326 5546 524 5626 Ρθεῐεᾳν.
550 5536 732 5626 ne;
750 5536 1430 5626 innotﬂvcfscribens:
1468 5536 1656 5626 οξιρᾱ.
1674 5590 1694 5626 _.
1722 5588 1735 5600 .
1759 5536 1817 5626 ._;

176 5608 277 5699 ξίξί
289 5608 1165 5699 archiepiscopi;Iirlbletaaum
1180 5626 1196 5696 (
1205 5621 1407 5691 Eulogi
1417 5608 1538 5699 um)
1555 5619 1793 5699 faciqu
1806 5661 1820 5673 .

178 5690 502 5769 ζ’ἒέιίῖίῖῖιαηί
531 5690 758 5755 idoneis
788 5699 1162 5769 argumentis
1183 5690 1436 5769 constat.
1460 5690 1629 5769 Quod
1648 5690 1820 5769 enim

181 5761 582 5826 arsunttantum
634 5770 835 5840 magis
862 5761 1175 5826 'idoneum
1228 5763 1569 5825 testimonio
1600 5761 1818 5823 Alvari.

551 5858 802 5917 Pnaon.
847 5860 1000 5916 CXV.

1918 4539 2172 4610 lumina,
2202 4536 2388 4593 ﬁdem
2442 4534 2627 4601 illam,
2673 4548 2862 4607 quam
2918 4530 3255 4587 tenerrimis
3308 4526 3592 4584 institutis

1920 4628 2149 4686 occulte
2180 4628 2207 4662 ιι
2233 4625 2542 4691 didicerat,
2574 4621 2843 4694 quotidie
2868 4618 3150 4675 fomentis
3183 4613 3595 4687 spiritualibus

1922 4722 2185 4785 auctam,
2217 4715 2280 4771 in
2329 4712 2591 4785 amplius
2642 4713 3009 4765 crescentem
3066 4705 3283 4771 alebat,
3327 4702 3597 4775 primum

1923 4804 2176 4873 occulte,
2206 4801 2492 4873 deinceps
2518 4796 2719 4871 patule
2752 4801 2809 4852 et
2838 4798 3061 4867 aperte.
3092 4794 3287 4858 Quam
3313 4792 3596 4862 parentes

1926 4892 2133 4951 sedule
2164 4890 2583 4955 admonentes,
2612 4889 2670 4940 et
2706 4882 2853 4940 nihil
2893 4880 3144 4937 omnino
3190 4875 3598 4950 proﬁcientes,

1925 4982 2125 5041 conati
2144 4984 2282 5037 sunt
2307 4994 2445 5034 eam
2466 4973 2717 5047 ﬂagellis
2746 4977 2804 5028 et
2822 4968 3173 5026 verberibus
3202 4966 3510 5039 impetere,
3533 4969 3603 5023 ut

1925 5089 2114 5148 quam
2139 5087 2247 5145 per
2266 5067 2684 5125 blandimenta
2704 5075 2983 5120 amovere
3005 5073 3132 5116 non
3160 5060 3462 5132 poterant,
3486 5055 3604 5113 sal-

1926 5197 2110 5256 quem
2134 5176 2436 5256 Fabricius
2456 5172 2621 5256 haud
2645 5168 3173 5256 ignoraba‘tyitam
3187 5163 3600 5256 ~EAulogii_sei;i‘-;

1927 5233 2225 5328 533;);
2241 5251 2406 5328 patet
2422 5248 2606 5328 tom.__l
2624 5233 2898 5328 ejusdem
2920 5239 3318 5328 B‘ibliothecae,
3337 5233 3480 5309 pag.
3494 5233 3604 5289 75?

2000 5335 2023 5358 α
2063 5314 2433 5378 Deest'tenus
2462 5318 2525 5372 in
2556 5314 2739 5373 Moral
2769 5318 2827 5369 et
2854 5316 3144 5383 Antuerp.

2002 5397 2027 5431 ά
2061 5396 2231 5449 Deest
2259 5392 2375 5446 sita
2406 5388 2467 5444 in
2498 5385 2699 5444 Moral.

2001 5478 2023 5503 θ
2066 5466 2256 5521 Etiam
2287 5466 2344 5517 et
2373 5466 2517 5515 tota.
2684 5527 2692 5529 _
3052 5524 3060 5529 Α
3136 5525 3145 5529 _
3313 5518 3323 5529 ,
3445 5517 3454 5527 ,

2004 5539 2021 5574 f
2060 5515 2510 5596 ﬁo—r‘te—sicvitia,
2546 5533 2611 5585 ut
2640 5527 2840 5583 visum
2892 5529 2981 5580 est
3034 5515 3602 5596 Antuerpiensibus.

2003 5618 2028 5654 ε
2057 5611 2184 5673 Ms.,
2218 5621 2255 5661 a
2285 5593 2999 5676 quadam..._proa_:ima...
3031 5593 3258 5649 dicata.

2005 5683 2031 5716 ιι
2064 5668 2234 5735 Deest
2264 5668 2495 5733 o'cculte
2524 5674 2587 5729 in
2616 5668 2822 5729 Moral.

3144 5829 3214 5883 23
