3960 6380
389 242 492 296 7η

1611 275 1625 288 .
1667 230 1973 292 EULOCHI
2009 227 2338 290 ARCHIEP.
2379 231 2622 292 TOLET.

3725 233 3834 294 7ιὸ

384 365 506 418 tem
553 360 880 417 terroribus
929 363 1284 416 coercerent.
1329 359 1442 416 Sed
1481 358 1636 427 ignis
1691 357 1804 424 ille,
1861 370 2046 429 quem
2074 353 2124 408 A
2159 352 2388 418 Quibus
2419 357 2476 410 et
2499 359 2717 422 retunt,
2748 354 2862 411 sibi
2911 371 3034 410 una
3082 357 3139 410 et
3177 353 3298 412 alia
3331 355 3458 414 vice
3517 356 3728 414 oranti
3773 356 3835 412 li-

383 450 653 508 Christus
679 451 745 506 in
775 450 960 506 corda
987 449 1260 504 ﬁdelium
1291 450 1470 514 misit.
1505 449 1684 504 nullis
1723 447 1902 505 minis
1947 461 2044 502 ce-

383 541 525 598 dere
553 541 736 596 novit.
770 545 833 596 ln
864 541 978 596 hoc
1011 539 1291 595 conflictu
1323 539 1471 595 dum
1493 539 1708 594 diebus
1738 537 2046 610 vapularet

384 635 442 686 et
461 629 760 696 noctibus,
796 645 980 701 seque
1011 627 1318 684 acerrimis
1350 627 1779 700 impetiendam
1810 624 2044 682 ultioni-

381 718 500 776 bus
549 723 607 774 et
654 717 819 774 duris
851 727 876 753 ι
908 717 1161 772 vinculis
1205 717 1598 790 pl‘aepeditam
1645 716 1890 784 videret,
1924 730 2045 770 me-

382 813 556 866 tuens
583 823 658 864 ne
688 822 812 864 non
841 806 1159 880 propalata
1189 807 1427 878 publice
1459 806 1599 870 fide,
1632 805 1895 862 cauterio
1921 821 2046 859 ure-

379 903 543 954 retur
569 896 877 971 perﬁdiae;
928 911 1036 969 per
1087 897 1484 952 internuntios
1537 895 1886 952 beatissimo
1939 897 2046 949 Eu-

378 985 563 1056 logio,
595 985 1012 1059 opinatissimo
1058 985 1190 1056 jam
1239 985 1440 1040 multis
1490 983 1710 1040 talibus
1759 983 2044 1056 operibus

377 1074 507 1130 viro
541 1075 620 1146 (6)
645 1073 743 1130 vel
790 1073 978 1130 sorori
1013 1074 1144 1145 ejus
1192 1073 1470 1140 Anuloni,
1493 1072 1709 1142 virgini
1742 1075 1860 1127 Deo
1886 1071 2045 1127 dica-

378 1167 469 1231 tae,
497 1179 750 1221 causam
781 1179 956 1219 suam
986 1162 1275 1218 innotuit:
1310 1168 1365 1218 et
1395 1163 1539 1234 quia
1563 1163 1638 1217 ad
1671 1162 1887 1216 tutiora
1911 1161 2044 1216 loca

376 1253 649 1314 ﬁdelium
692 1253 756 1309 in
802 1252 1026 1326 quibus
1069 1252 1254 1307 fidem
1312 1269 1488 1308 suam
1540 1257 1742 1324 posset
1779 1251 2042 1306 interrita

377 1343 721 1416 propalare,
753 1341 836 1396 ire
865 1341 1062 1411 vellet,
1107 1343 1398 1413 exposuit.
1435 1341 1592 1396 Illico
1638 1341 1849 1395 beatus
1879 1339 2044 1394 Eulo-

381 1430 515 1502 gius
545 1430 788 1486 solitum
815 1428 1082 1484 ofﬁcium
1113 1430 1494 1498 recognovit;
1527 1435 1582 1485 et
1612 1435 1675 1484 ut
1705 1434 1828 1485 erat
1849 1429 2044 1484 fautor

380 1519 910 1578 anhelantissimus
957 1523 1314 1590 martyrum,
1342 1519 1498 1574 hanc
1545 1519 1702 1574 exire
1751 1518 1908 1573 clam
1936 1533 2044 1590 per

381 1607 632 1665 eosdem
653 1607 1052 1664 internuntios
1075 1608 1369 1664 ordinavit
1399 1610 1444 1664 ιι.
1476 1608 1579 1663 Illa
1605 1608 1832 1664 concite
1855 1613 2043 1662 artem

378 1696 640 1766 ﬁngens,
666 1700 722 1752 et
746 1697 1094 1769 parentibus
1119 1697 1294 1768 quasi
1329 1699 1728 1763 consentiens,
1751 1700 2044 1751 nostram-
2073 1708 2114 1762 Β

379 1799 500 1858 que
538 1785 723 1842 ﬁdem
747 1786 946 1842 verbis
979 1787 1296 1858 impetens,
1329 1793 1384 1840 et
1416 1787 1559 1841 data
1585 1803 1769 1858 opera
1789 1796 1812 1820 ο
1839 1784 2042 1840 omnia

381 1869 601 1926 selecta
630 1875 986 1926 ornamenta
1039 1869 1318 1938 induens,
1353 1887 1536 1942 seque
1587 1887 1754 1925 more
1805 1869 2041 1925 illorum

377 1959 554 2032 quasi
579 1959 874 2032 placitura
899 1965 956 2014 et
998 1963 1262 2032 nuptura
1289 1959 1508 2015 saeculo
1540 1959 1880 2024 ostendens,
1910 1959 2043 2014 nisa

378 2052 467 2104 est
495 2063 705 2104 eorum
733 2047 1033 2103 inflectere
1087 2047 1341 2114 animos,
1367 2054 1423 2103 et
1453 2049 1563 2103 sibi
1589 2065 1804 2103 exesos
1838 2052 1906 2120 (7)
1940 2065 2040 2103 co-

377 2153 539 2194 mere
556 2153 798 2208 gressus
823 2137 868 2193 ά.
891 2141 1160 2210 Cumque
1185 2137 1295 2192 sibi
1313 2138 1659 2206 omniajam
1692 2143 1818 2192 tuta
1848 2138 2040 2192 inesse

376 2221 763 2295 prospiceret,
799 2221 877 2277 ad
925 2223 1166 2293 nuptias
1209 2223 1616 2293 quorumdam
1669 2222 2040 2295 propinquo-

375 2327 515 2367 rum
539 2311 812 2372 suo'rum,
841 2327 978 2384 quae
1001 2311 1110 2382 ipsi
1141 2314 1478 2377 agebantur
1519 2311 1752 2373 diebus,
1783 2310 2038 2379 ﬁngens,

377 2404 444 2456 ut
471 2400 665 2456 eidem
699 2399 898 2456 officio
929 2400 1224 2468 congruit,
1257 2406 1463 2454 ornate
1497 2400 1840 2469 procedere,
1868 2400 2044 2456 celeri

377 2505 559 2546 cursu
603 2505 664 2544 se
711 2489 1060 2545 beatissimo
1094 2489 1360 2556 Eulogio,
1398 2489 1484 2544 vel
1509 2491 1694 2544 sorori
1725 2491 1854 2560 ejus
1886 2493 2044 2545 Anu-

376 2572 500 2630 loni
535 2573 850 2629 tutandam
883 2573 1170 2628 exhibuit.
1204 2575 1394 2638 Quam
1433 2591 1570 2628 mox
1619 2581 1788 2641 grato
1837 2575 2040 2630 animo

379 2663 796 2735 suscipientes,
817 2662 1214 2717 occulendam
1239 2661 1530 2732 prolatissi
1545 2665 1652 2716 mis
1671 2663 2042 2718 tradiderunt

380 2751 613 2806 amicis.
654 2755 770 2805 Aut
811 2749 914 2804 ubi
967 2755 1139 2823 pater
1168 2751 1297 2820 ejus
1331 2757 1387 2805 et
1419 2758 1606 2805 mater
1632 2757 2043 2823 exspectantes

378 2838 569 2894 ﬁliam
598 2854 720 2894 non
748 2838 1046 2907 viderunt,
1077 2839 1320 2894 delusos
1346 2856 1408 2894 se
1431 2840 1910 2907 iugoiniscentes,
1946 2858 2041 2897 ra-

377 2923 476 2978 bie
513 2922 786 2979 inaudita
810 2927 868 2978 et
899 2923 1103 2978 dolore
1132 2923 1322 2978 inviso
1357 2941 1416 2978 se
1450 2925 1610 2996 ipsos
1633 2936 1654 2959 ε
1686 2927 2038 2992 cruciantes,

381 3018 598 3068 cuncta
623 3012 982 3079 disturbant,
1037 3015 1309 3068 universa
1340 3015 1772 3080 contaminant,
1805 3032 2040 3070 curren-

380 3100 467 3152 tes
488 3113 600 3169 per
629 3097 866 3166 ignotos
915 3103 970 3152 et
999 3099 1292 3166 cognitos,
1327 3105 1382 3152 et
1413 3102 1783 3170 potestaiive,
1819 3117 1889 3156 ac
1916 3101 2040 3171 jus-

382 3181 550 3238 sione
602 3181 892 3254 praesidis,
946 3183 1396 3254 quoscunquer
1440 3184 1816 3253 impetendos
1873 3191 2042 3257 puta-

377 3269 545 3337 bant,
576 3271 914 3326 carceribus
944 3277 999 3326 et
1033 3272 1280 3327 vinculis
1304 3273 1668 3338 onerabant;
1703 3276 1880 3340 viros,
1909 3292 2042 3330 mu-

377 3359 568 3427 lieres,
602 3360 996 3426 confessores,
1040 3362 1400 3425 sacerdotes,
1434 3361 1704 3426 devotas,
1762 3363 1854 3418 vel
1887 3381 2040 3435 quos

377 3455 653 3520 poterant
674 3449 925 3518 flagellis
954 3458 1010 3504 et
1039 3451 1377 3505 carceribus
1409 3451 1778 3516 aflligebant,
1814 3453 1863 3507 si
1915 3468 2039 3525 quo

375 3539 560 3593 modo
611 3544 857 3610 possent
900 3539 1086 3594 filiam
1141 3558 1312 3594 sua'n
1369 3557 1468 3610 per
1501 3541 1625 3594 liu-c
1657 3548 1711 3596 et
1742 3542 2040 3614 ampliora

374 3627 657 3700 recipere.
686 3627 784 3682 llle
815 3644 956 3683 vero
991 3635 1230 3684 sanctus
1280 3629 1607 3683 immobilis
1659 3630 1711 3685 ei
1768 3632 1900 3687 loca
1952 3631 2039 3686 di-

373 3732 546 3772 versa
587 3718 882 3784 mutabat,
912 3724 965 3772 et
1005 3735 1080 3773 ne
1129 3719 1460 3774 traderetur
1503 3719 1632 3772 ovis
1660 3719 1946 3790 luporum
1975 3721 2037 3777 in

373 3805 678 3874 manibus,
697 3808 860 3861 omni
887 3807 1210 3863 intentione
1237 3808 1507 3863 curabat.
1535 3807 1637 3862 Illa
1663 3813 1863 3863 tamen
1880 3809 2028 3880 jeju-

372 3894 488 3950 niis
513 3900 570 3950 et
603 3896 820 3965 vigiliis
867 3895 1168 3954 insistens.
1197 3906 1254 3952 et
1283 3897 1472 3952 cilicio
1504 3897 1780 3952 membra
1809 3902 2034 3968 tegens,

370 3982 468 4037 vel
493 3982 735 4054 pulvere
765 3985 1019 4048 cubans,
1053 4001 1258 4041 severe
1305 3984 1582 4042 membra
1628 3987 1894 4057 corporis
1939 3987 2038 4044 eli-

369 4071 600 4126 mabat.
636 4073 750 4128 Sed
773 4078 833 4128 et
861 4074 949 4128 vir
979 4075 1364 4130 beatissimus
1395 4076 1470 4143 (8)
1517 4089 1658 4128 cum
1703 4077 2034 4134 reverentia

369 4161 782 4217 nominandus
804 4163 1085 4231 Eulogius
1114 4171 1442 4218 nocturnas
1462 4161 1692 4231 vigilias
1718 4165 2029 4239 adpetens,

370 4255 427 4305 et
449 4249 511 4304 in
543 4249 856 4308 basilicam
885 4252 1074 4307 sancti
1099 4252 1260 4323 Zoyli
1295 4256 1620 4307 terratenus
1641 4263 1668 4298 ε
1692 4261 2026 4326 prostratus

367 4354 570 4409 orans,
602 4347 808 4396 noctes
838 4339 1145 4394 insomnes
1175 4340 1454 4406 ducebat,
1475 4342 1764 4397 auxilium
1791 4343 2025 4400 Domini

367 4433 428 4484 et
448 4429 859 4484 fortitudinem
889 4431 1100 4498 virgini
1144 4429 1504 4500 imprecans,
1533 4435 1591 4486 et
1619 4447 1682 4486 se
1712 4447 1819 4502 per
1838 4433 1865 4470 ιι
1894 4433 2024 4489 hinc
2051 4413 2098 4468 D

367 4517 646 4573 exercitia
675 4517 930 4572 Domino
960 4533 1342 4573 consecrans.

443 4607 525 4662 14.
554 4611 708 4662 lnter
728 4608 858 4662 haec
882 4607 1050 4674 virgo
1072 4607 1454 4662 serenissima
1469 4605 1629 4662 beati
1651 4606 1878 4676 Eulogii
1899 4625 2027 4679 ger-

364 4712 637 4764 manam,
669 4711 856 4768 quam
889 4695 1119 4750 ardenti
1149 4695 1445 4751 desiderio
1485 4695 1793 4767 diligebat,
1828 4698 2025 4756 videre

363 4785 567 4848 voluit,
599 4789 658 4840 et
685 4783 764 4838 ad
794 4799 1004 4839 eorum
1061 4784 1406 4840 habitacula
1434 4789 1605 4842 nocte
1651 4785 1912 4856 devenit,
1940 4805 2028 4845 re-

362 4873 658 4930 velatione
693 4873 924 4928 Domini
954 4879 1300 4944 provoca'ta,
1334 4878 1392 4928 et
1439 4873 1718 4930 aviditate
1758 4877 2026 4936 consola-

365 4961 542 5016 tionis
569 4961 584 4996 ι
617 4962 929 5032 perducta,
959 4967 1022 5018 ut
1052 4978 1174 5017 uno
1204 4962 1300 5016 die
1329 4964 1750 5018 tantummodo
1777 4980 1916 5021 cum
1941 4969 2024 5022 eis

363 5052 722 5113 moraretur,
753 5053 812 5104 et
835 5048 1049 5105 iterum
1085 5050 1166 5105 ad
1200 5049 1376 5104 solita
1405 5049 1655 5108 latibula
1689 5054 2019 5126 repedaret.

435 5155 461 5182 ι
503 5142 748 5210 Schott.,
781 5143 950 5212 diris,
983 5150 1048 5200 ut
1076 5163 1191 5200 ms.

433 5216 463 5257 b
491 5213 717 5288 NonL,
749 5215 1072 5280 ordinavit,
1101 5217 1278 5272 illam
1307 5219 1551 5288 concite,
1585 5225 1696 5278 etc.

433 5298 456 5324 ο
497 5287 746 5356 Schott.,
771 5301 844 5342 ea:
873 5301 1065 5355 opere,
1099 5291 1165 5342 ut
1192 5303 1305 5344 ms.

433 5359 456 5394 α
489 5357 716 5430 Moral.,
739 5373 992 5430 gressos,
1021 5362 1084 5414 ut
1105 5375 1216 5414 ms.

431 5439 452 5466 ε
490 5433 667 5486 Deest
692 5429 755 5484 in
784 5446 897 5485 ms.
931 5446 993 5486 se
1020 5431 1196 5500 ipsos.

431 5501 452 5536 ¹
488 5504 615 5574 με,
645 5517 896 5574 quoque,

431 5579 459 5613 ε
489 5573 662 5626 Deest
689 5571 751 5625 in
773 5571 896 5626 'ms.
921 5577 1286 5640 prostratus.

429 5640 457 5676 ιι
489 5641 602 5704 Id.,
627 5645 685 5695 et
712 5657 960 5709 semper.
1284 5655 1292 5660 '

438 5709 454 5745 ³
490 5710 604 5778 Id.,
639 5712 1014 5770 conditionis.

2155 457 2346 513 quore
2395 442 2586 498 mellis
2635 460 2703 498 os
2749 443 3044 516 repletum
3094 443 3296 512 fuisse,
3326 443 3496 516 quod
3549 461 3618 500 se
3661 447 3832 504 inon

2159 540 2308 581 ausu
2345 527 2660 584 temerario
2718 529 3052 600 exspuisse,
3086 527 3190 582 sed
3250 528 3608 597 inglutiisse,
3644 531 3832 586 crassi

2155 613 2433 672 elementi
2483 616 2845 674 admirando
2895 617 3154 690 speciem
3205 617 3523 674 referebat.
3577 619 3694 677 Cui
3738 618 3832 675 ille

2157 709 2400 758 sanctus
2429 705 2543 760 hoc
2569 722 2699 761 esse
2731 706 3095 777 praesagium
3129 705 3298 774 regni
3323 705 3587 764 caelestis
3619 706 3830 766 dulce-

2153 792 2358 850 dinem
2385 795 2837 867 perfruendam,
2869 795 3170 852 disseruit.

2816 885 3039 940 CAPUT
3078 885 3140 938 V.

2152 973 2524 1044 Martyrium
2569 973 2634 1030 S.
2689 974 2940 1044 Eulogii
2961 979 3036 1100 [et
3099 975 3427 1034 Leocrz'tiw.
3483 979 3830 1046 Corporum

2811 1061 2954 1100 sem:
3014 1061 3146 1100 ara.

2811 1061 3146 1116 sepuuura.

2231 1133 2313 1190 15.
2357 1136 2570 1190 Verum
2598 1133 2746 1190 dum
2779 1134 2900 1190 alio
2929 1134 3025 1190 die
3055 1133 3292 1190 "redire
3337 1134 3508 1204 virgo
3538 1135 3830 1210 dispone-

2151 1228 2258 1286 ret,
2289 1230 2490 1280 actum
2535 1230 2627 1279 est
2671 1231 2734 1279 ut
2763 1240 2963 1280 comes
2993 1223 3215 1280 itineris
3243 1240 3366 1281 non
3422 1225 3577 1280 hora
3629 1231 3826 1293 sueta,

2155 1313 2262 1368 sed
2291 1313 2669 1368 illucescente
2700 1329 2920 1370 aurora
2945 1313 3189 1370 veniret.
3222 1317 3336 1370 Nec
3367 1314 3563 1387 potuit
3587 1313 3827 1372 aditum

2153 1401 2412 1457 exeundi
2456 1401 2702 1468 habere,
2734 1402 2959 1474 quippe
3011 1419 3144 1474 quae
3201 1407 3496 1458 nocturno
3548 1408 3830 1477 tempore

2153 1507 2262 1563 pro
2289 1491 2584 1546 evitandis
2611 1491 2843 1546 insidiis
2893 1490 3123 1546 solebat
3163 1491 3460 1547 incedere.
3503 1493 3829 1548 Provisum

2155 1585 2244 1636 est
2267 1585 2331 1636 ut
2360 1579 2570 1636 eadem
2597 1579 2694 1635 die
2723 1595 2913 1652 usque
2947 1579 3094 1635 dum
3129 1581 3217 1636 sol
3249 1585 3474 1637 metam
3503 1581 3597 1637 sui
3636 1581 3824 1638 lumi-

2153 1669 2246 1725 nis
2278 1675 2441 1726 terrae
2467 1668 2850 1738 subduceret,
2873 1674 2930 1724 et
2959 1674 3265 1725 nocturnae
3293 1670 3557 1726 tenebrae
3585 1671 3831 1743 quietu-

2152 1758 2355 1814 dinem
2381 1763 2652 1830 optatam
2683 1757 3082 1826 indulget-ent,
3115 1758 3282 1828 virgo
3309 1759 3405 1814 hei
3438 1775 3510 1814 eo
3536 1775 3662 1831 quo
3692 1776 3830 1816 ma-

2152 1847 2336 1904 nebat
2359 1846 2493 1902 loco
2540 1847 2898 1919 persisteret.
2945 1847 3226 1903 Humano
3264 1847 3510 1920 quidem
3541 1848 3827 1913 consilio,

2152 1937 2258 1992 sed
2311 1935 2516 1991 divino
2571 1935 2936 1991 retinebatur
2959 1935 3188 2006 judicio
3223 1954 3235 1992 :
3271 1941 3336 1992 ut
3379 1941 3436 1992 et
3492 1952 3671 1992 suam
3706 1937 3828 1994 sibi

2153 2041 2441 2081 coronam
2470 2029 2527 2081 et
2550 2024 2726 2080 beato
2751 2024 2997 2093 Eulogio
3028 2024 3360 2098 imponeret
3388 2024 3590 2096 gloriae
3613 2026 3827 2083 diade-

2151 2132 2274 2171 ma.
2307 2117 2454 2170 Nam
2481 2130 2552 2170 eo
2572 2114 2688 2182 die,
2721 2114 2924 2169 nescio
2954 2114 3127 2184 cujus
3149 2113 3452 2181 instinctu,
3477 2131 3825 2187 quorumve

2150 2203 2386 2259 insidiis
2413 2209 2469 2258 et
2505 2203 2839 2276 proditione
2860 2203 3029 2258 locus
3060 2203 3302 2275 praesidi
3330 2203 3561 2259 latibuli
3589 2205 3824 2263 indica-

2153 2297 2266 2360 tur,
2299 2298 2356 2348 et
2406 2308 2442 2348 a
2477 2292 2763 2348 militibus
2823 2292 2899 2346 ad
2955 2292 3070 2346 hoc
3103 2292 3300 2346 missis
3351 2309 3424 2347 ex
3483 2293 3820 2366 improviso

2153 2382 2352 2438 omnis
2383 2380 2485 2437 illa
2514 2397 2722 2436 eorum
2779 2381 3069 2436 habitatio
3117 2380 3543 2436 circumdatur.
3578 2387 3824 2439 Actum-

2155 2488 2270 2544 que
2301 2475 2390 2526 est
2417 2474 2479 2525 ut
2503 2469 2724 2525 electus
2750 2475 2806 2524 et
2825 2470 3281 2542 praedestinatus
3312 2475 3542 2542 martyr
3561 2487 3822 2543 praesen-

2155 2559 2364 2616 tialiter
2395 2558 2701 2614 adfuisset.
2746 2563 2808 2612 ln
2841 2557 3014 2628 cujus
3061 2558 3379 2630 praesentia
3427 2559 3556 2630 jam
3589 2560 3813 2616 dictam

2153 2650 2445 2720 virginem
2479 2650 2820 2714 educentes,
2850 2665 3111 2721 eumque
3141 2665 3264 2704 una
3291 2649 3514 2721 pariter
3544 2666 3822 2724 compre-

2152 2740 2504 2807 hendentes,
2537 2739 2920 2794 verberantes
2954 2738 3280 2810 multisque
3329 2739 3709 2796 contumeliis
3739 2741 3821 2798 af-

2153 2831 2446 2898 ﬂigentes,
2480 2829 2688 2902 iniquo
2725 2827 2966 2900 praesidi
3011 2833 3068 2882 et
3116 2827 3401 2884 scelerato
3447 2829 3641 2900 judici
3668 2847 3818 2903 prai-

2154 2923 2484 2974 sentarunt.
2517 2920 2707 2982 Quem
2736 2933 2876 2972 mox
2901 2917 3088 2987 judex
3118 2933 3224 2989 per
3272 2917 3512 2988 ﬂagella
3541 2919 3816 2975 occidere

2153 3008 2443 3076 cogitans,
2477 3007 2812 3062 truculento
2842 3005 3011 3060 vultu
3041 3010 3098 3061 et
3128 3005 3460 3078 impatienti
3490 3007 3701 3064 animo
3723 3025 3819 3064 ve-

2151 3097 2414 3153 hementi
2465 3096 2663 3151 furore
2708 3112 3017 3166 accensus,
3048 3095 3286 3151 furiosis
3337 3096 3529 3152 verbis
3569 3097 3820 3155 interro-

2153 3191 2271 3256 gat,
2301 3185 2712 3256 virginemque
2757 3199 2863 3239 cur
2891 3184 3076 3239 domo
3116 3185 3442 3253 retinuerit,
3474 3185 3817 3243 minitando

2150 3275 2444 3348 disquirit.
2497 3275 2600 3330 Cui
2639 3273 3037 3328 libentissime
3081 3278 3138 3329 et
3181 3273 3617 3346 patientissime
3648 3293 3818 3333 more

2149 3364 2466 3420 locutionis
2496 3381 2618 3419 suae
2651 3362 2963 3435 splendide
2991 3363 3072 3418 rei
3103 3363 3408 3419 veritatem
3454 3364 3570 3420 hoc
3599 3365 3818 3423 ordine

2149 3456 2361 3528 pandit
2389 3473 2401 3510 :
2433 3477 2462 3505 ‹‹
2497 3457 2737 3519 Praeses,
2767 3453 2917 3508 ordo
2945 3453 3118 3508 nobis
3148 3453 3593 3525 praedicationis
3612 3455 3817 3526 injun-

2151 3547 2278 3596 ctus
2303 3543 2410 3607 est,
2443 3543 2502 3594 et
2529 3544 2746 3594 nostra:
2797 3539 2910 3593 hoc
2955 3537 3097 3592 ﬁdei
3143 3541 3441 3604 convenit,
3475 3544 3538 3594 ut
3575 3539 3814 3612 disqui-

2148 3629 2417 3684 rentibus
2446 3645 2481 3684 a
2508 3628 2684 3683 nobis
2709 3627 2912 3682 lumen
2937 3626 3075 3681 fidei
3106 3627 3509 3698 porrigamus,
3540 3625 3814 3702 nullique

2148 3719 2227 3776 ad
2258 3719 2386 3774 vitae
2417 3719 2628 3773 itinera
2653 3717 3016 3790 properanti,
3043 3733 3179 3788 quae
3211 3723 3416 3774 sancta
3441 3725 3600 3786 sunt,
3629 3718 3815 3777 denso

2147 3825 2381 3880 gemus.
2415 3808 2539 3863 Hoc
2561 3806 2974 3862 sacerdotibus
3001 3807 3302 3879 competit,
3333 3807 3450 3864 hoc
3479 3807 3692 3879 religio
3721 3827 3814 3867 ve-

2144 3915 2214 3955 ra
2243 3898 2533 3971 deposcit,
2567 3898 2681 3953 hoc
2727 3898 2904 3953 etiam
2958 3897 3221 3952 Christus
3267 3897 3558 3953 Dominus
3605 3905 3814 3957 noster

2144 4005 2258 4044 nos
2299 3987 2503 4044 docuit
2535 4003 2548 4043 :
2581 3992 2644 4042 ut
2673 3985 2948 4058 quisquis
2981 3986 3183 4041 sitiens
3213 3985 3354 4041 fidei
3384 3987 3399 4022 ι
3429 3986 3674 4044 haurire
3703 3988 3814 4046 ﬂu-

2143 4077 2310 4132 mina
2367 4075 2638 4144 voluerit,
2673 4074 2734 4129 in
2787 4073 2974 4146 duplo
3026 4080 3239 4146 potum
3293 4073 3580 4145 inveniat,
3607 4077 3815 4148 potius

2141 4181 2330 4238 quam
2361 4163 2634 4236 qumsivit
2664 4173 2726 4219 ιι.
2758 4166 2821 4218 Et
2849 4161 3140 4234 quoniam
3170 4162 3296 4219 haec
3315 4163 3484 4233 virgo
3503 4163 3651 4220 fidei
3676 4182 3811 4222 san-

2139 4259 2248 4310 etae
2277 4253 2548 4323 regulam
2595 4269 2630 4308 a
2671 4251 2852 4307 nobis
2896 4252 3195 4323 inquirere
3235 4252 3365 4308 visa
3403 4257 3510 4320 est,
3535 4266 3812 4314 necessa-

2139 4343 2294 4398 rium
2323 4342 2564 4402 exstitit.
2589 4347 2654 4397 ut
2682 4341 2765 4396 illi
2795 4345 3000 4396 nostra
3029 4357 3100 4397 eo
3131 4358 3192 4398 se
3220 4340 3502 4398 libentius
3532 4343 3807 4416 applica-

2135 4437 2222 4489 ret
2251 4441 2279 4470 ο
2311 4431 2559 4488 intentio
2615 4446 2739 4504 quo
2787 4431 2918 4502 ejus
2968 4431 3030 4486 in
3083 4430 3345 4502 amplius
3386 4432 3812 4490 incenderetur

2136 4522 2390 4580 affectio.
2439 4525 2554 4577 Nec
2605 4520 2807 4576 decuit
2863 4519 3007 4576 talia
3061 4519 3505 4577 desiderantem
3533 4523 3806 4595 rejicere,

2134 4611 2466 4685 praesertim
2491 4610 2595 4677 illi,
2627 4610 2735 4684 qui
2764 4610 2844 4666 ad
2883 4611 2998 4666 hoc
3027 4609 3238 4665 Christi
3283 4609 3506 4666 electus
3557 4616 3653 4668 est
3680 4629 3810 4670 mu-

2133 4715 2296 4756 nere.
2331 4699 2498 4755 Unde
2542 4704 2598 4756 et
2628 4704 2693 4756 ut
2748 4715 2926 4772 posse
2955 4697 3104 4754 mihi
3155 4698 3394 4769 exstitit,
3424 4698 3723 4758 illustravi
3749 4707 3808 4759 et

2133 4789 2354 4846 docui:
2387 4793 2446 4844 et
2491 4788 2677 4845 fidem
2719 4787 2936 4844 Christi
2966 4789 3129 4844 viam
3166 4788 3338 4857 regni
3363 4803 3494 4844 esse
3539 4790 3803 4848 caelestis

2133 4878 2406 4951 exposui.
2433 4877 2751 4944 Quomodo
2771 4883 2830 4933 et
2855 4877 2980 4946 tibi,
3009 4877 3058 4934 si
3083 4892 3180 4932 me
3208 4877 3675 4949 disquirendum
3696 4897 3805 4954 pu-

2132 4970 2340 5030 tasses,
2362 4966 2754 5022 libentissime
2775 4965 3054 5022 facerem.
3073 4985 3101 5014 ››
3125 4969 3287 5020 'l‘unc
3309 4981 3532 5038 praeses
3554 4967 3802 5026 turbido

2129 5055 2298 5112 vultu
2315 5056 2515 5126 virgas
2543 5056 2828 5112 inducere
2847 5055 3043 5126 jussit,
3069 5071 3211 5112 eum
3237 5055 3522 5112 minitans
3545 5056 3801 5128 ﬂagellis

2217 5156 2230 5208 ί
2262 5153 2420 5221 Sch.,
2452 5154 2612 5225 quod
2658 5155 2769 5210 illa
2813 5168 2912 5221 se;
2944 5169 3082 5221 ms.,
3113 5153 3226 5209 illa
3266 5168 3421 5210 ausu
3475 5159 3800 5214 temerario

2129 5227 2624 5355 nopﬁxszggsse;
2645 5230 2955 5298 Antuerp.,
2987 5226 3147 5298 quod
3173 5227 3288 5284 ista
3315 5241 3396 5283 se.

2312 5314 2382 5355 ε..
2509 5341 2517 5351 .

2312 5314 2382 5365 s.,
2412 5313 2517 5353 ire.

2209 5369 2222 5402 '
2261 5371 2386 5438 Ms.,
2414 5369 2613 5436 ﬁdem.
3503 5437 3506 5438 ν
3761 5411 3770 5418 .

2199 5447 2240 5476 ιι
2265 5439 2350 5512 Ita
2371 5455 2506 5508 ms.,
2541 5439 2647 5496 sed
2678 5438 2898 5499 Florez.
2929 5441 2988 5494 et
3015 5439 3326 5512 Antuerp.,
3357 5439 3420 5498 in
3467 5437 3661 5512 duplo
3687 5455 3796 5511 po-

2129 5515 2252 5583 tum
2283 5511 2550 5567 inveniat
2587 5513 2809 5581 potius,
2835 5525 3011 5583 quam
3043 5525 3216 5581 quem
3243 5511 3559 5582 Quaesivit;
3586 5512 3650 5570 in
3681 5514 3797 5574 Illo-

2124 5580 2233 5638 ral.
2263 5585 2435 5638 Deest
2455 5580 2656 5652 potius
2685 5580 2886 5654 quani.

2197 5662 2224 5688 η
2262 5655 2388 5717 Ms.,
2409 5661 2476 5710 ut
2504 5655 2620 5714 itta
2643 5653 2853 5716 nostra
2881 5670 2948 5716 eo
2979 5653 3258 5716 libentius
3281 5653 3404 5715 sibi
3419 5653 3790 5724 adplicaret.
