3960 6386
103 250 130 298 ’7
141 247 200 298 i7
1500 234 1667 291 VlTA

1500 234 1670 291 VlTA
1708 232 1842 290 νει.
1882 233 2141 292 PASSIO.

3430 246 3536 302 7η

103 366 419 440 perimere.
469 363 573 420 Cui
622 366 866 419 sanctus
920 363 1110 419 dixit:
1163 387 1189 412 «
1213 362 1366 429 Quid
1413 361 1538 418 istis
1581 357 1763 429 virgis
1800 360 1847 413 Α
1876 359 2108 416 vultum
2159 362 2467 418 convertit.
2515 365 2630 419 Nec
2689 362 2988 420 silendum
3045 369 3138 423 est
3183 366 3545 426 miraculum

104 471 378 512 exercere
424 452 636 526 cupis?
693 452 997 510 Animam.
1029 454 1245 526 inquit,
1296 457 1464 508 tuam
1508 465 1615 523 per
1655 450 1766 506 has

103 545 358 601 educere
384 542 538 598 volo.
573 541 870 612 Gladium,
905 546 1004 610 ait,
1040 559 1187 598 acue
1219 548 1276 597 et
1305 556 1624 606 compone,
1655 553 1767 611 pro

103 651 220 708 quo
251 635 524 690 animam
555 649 590 688 a
621 633 860 688 vinculo
892 635 1158 706 corporis
1189 632 1528 706 expeditam
1561 629 1610 686 ei
1638 629 1770 684 red-

102 725 209 780 das
238 723 346 796 qui
370 722 552 778 dedit.
579 725 725 778 Nam
753 722 1004 790 ﬂagellis
1028 723 1302 778 membra
1321 721 1621 776 dissecare
1644 733 1770 773 non

104 815 384 869 aestimes.
412 834 438 860 η
493 815 556 866 Et
605 827 746 867 mox
789 811 953 867 clara
1008 812 1342 868 invectione
1372 815 1429 866 et
1454 807 1769 864 sufﬁcienti

103 901 342 973 eloquio
371 900 690 956 falsitatem
713 899 861 956 vatis
887 901 979 955 sui
1013 906 1068 956 et
1086 901 1233 971 legis
1253 901 1694 973 improperans,
1715 900 1772 952 et

103 989 544 1064 praedicationis
573 988 826 1045 verbum
860 989 1266 1060 ingeminans,
1285 988 1399 1044 sub
1419 985 1585 1044 omni
1612 985 1769 1042 velo-

103 1082 272 1136 citate
322 1079 617 1152 palatium
669 1079 927 1148 ducitur,
961 1085 1018 1135 et
1064 1080 1142 1138 ad
1197 1079 1350 1149 regis
1398 1077 1772 1134 consiliarios

103 1186 290 1243 usque
313 1169 699 1242 pertrahitur.
723 1168 830 1223 Ubi
857 1185 1012 1223 unus
1035 1185 1109 1224 ex
1136 1169 1304 1240 ipsis,
1330 1168 1407 1245 illi
1435 1165 1771 1223 familiaris-

105 1260 248 1315 sime
282 1263 483 1320 notus,
503 1256 928 1329 compatiendo
957 1258 1199 1314 insiluit.
1227 1259 1317 1313 «Si
1351 1256 1533 1326 stulti,
1556 1255 1771 1332 inquit,

105 1355 157 1405 et
185 1348 388 1403 idiotas
411 1348 472 1402 in
503 1348 660 1402 hanc
683 1347 890 1402 mortis
914 1346 1258 1402 deﬂendam
1284 1347 1522 1402 ruinam
1544 1340 1775 1400 devect1

108 1445 261 1505 sunt,
293 1444 357 1494 tu
385 1437 694 1510 sapientite
727 1437 940 1493 decore
972 1437 1568 1510 prmcinctus,etvitae
1592 1435 1772 1491 mori-

106 1530 215 1585 bus
242 1528 596 1589 illustratus,
619 1543 754 1599 qute
781 1532 832 1582 te
864 1527 1166 1583 dementia
1190 1527 1329 1583 huic
1360 1527 1664 1583 mortifero
1681 1541 1776 1581 ca-

111 1619 215 1683 sui,
248 1616 592 1674 oblitterato
636 1617 894 1672 naturali
931 1617 1066 1671 vitae
1098 1633 1303 1672 amore
1332 1623 1370 1686 ',
1403 1615 1772 1672 committere

1877 449 2046 520 quod
2093 449 2172 506 ad
2219 450 2463 512 laudem
2514 453 2606 508 sui
2662 452 2926 509 nominis
2957 454 3222 514 Christus
3251 461 3339 514 est
3366 472 3548 530 super

1877 552 2097 610 corpus
2123 541 2403 612 martyris
2429 547 2730 613 operatus.
2754 542 2984 600 Etenim
3021 559 3180 600 unus
3199 545 3548 616 Astigitanm

1878 626 2128 683 civitatis
2160 628 2372 692 incola,
2406 629 2554 686 dum
2605 630 2759 687 inter
2810 637 3055 689 caeteros
3103 633 3438 706 palatinum
3466 635 3547 708 (3)

1875 713 2130 776 lunatim
2184 719 2514 775 mansionis
2554 720 2860 778 servitium
2910 726 3133 794 ageret,
3163 723 3370 796 ibique
3411 740 3548 781 cur-

1880 822 2015 862 sum
2046 825 2224 865 suum
2255 810 2470 880 vigiliis
2499 811 2842 884 expediret;
2874 817 3049 869 nocte
3079 829 3305 887 aquam
3337 819 3548 887 potare

1878 894 2252 967 desiderans,
2285 899 2540 956 surrexit
2567 901 2668 972 (4),
2693 905 2750 958 et
2790 901 2868 958 ad
2899 902 3340 974 prominentem
3372 918 3551 960 cana-

1877 985 1950 1042 lis
1976 986 2247 1055 ductum,
2281 988 2385 1061 qui
2412 1005 2594 1062 super
2625 989 2728 1047 illa
2777 989 2911 1048 loca
2938 991 3312 1065 producitur,
3343 1007 3549 1066 perve-

1880 1076 1988 1144 nit,
2023 1077 2126 1133 ubi
2169 1077 2319 1134 vidit
2369 1079 2634 1153 desuper
2681 1096 2863 1154 super
2912 1097 3132 1155 corpus
3173 1081 3328 1153 ejus,
3379 1081 3550 1156 quod

1880 1165 2166 1221 deorsum
2188 1167 2449 1235 jacebat,
2483 1169 2825 1226 sacerdotes
2857 1169 3010 1227 miro
3049 1170 3312 1228 candore
3337 1171 3548 1228 niveu-

1880 1261 1988 1326 tes,
2020 1255 2340 1314 luminaria
2370 1260 2748 1316 coruscantia
2795 1260 3136 1329 retinentes,
3169 1266 3228 1318 et
3277 1261 3546 1335 psallen-

1879 1346 2028 1402 tium
2084 1363 2252 1402 more
2283 1347 2555 1420 psalmos
2605 1350 2876 1420 gnaviter
2921 1350 3257 1408 recitantes.
3301 1352 3432 1417 Qua
3461 1351 3549 1408 vi-

1882 1435 2050 1491 sione
2113 1435 2480 1508 perterritus,
2530 1438 2609 1494 ad
2658 1439 2995 1494 mansionis
3056 1438 3280 1507 locum,
3351 1439 3550 1510 magis

1881 1523 2117 1595 fugiens
2148 1540 2338 1596 quam
2378 1526 2637 1598 rediens,
2666 1527 2995 1600 repedavit.
3032 1531 3099 1584 Et
3128 1528 3291 1584 socio
3312 1526 3554 1585 omnia'

1881 1613 2258 1682 renuntiatis,
2301 1631 2440 1670 cum
2491 1631 2563 1672 eo
2619 1615 2838 1672 iterum
2881 1616 2960 1674 ad
3010 1616 3214 1673 locum
3262 1620 3553 1674 revertere

108 1706 444 1780 compulit?
470 1705 620 1760 Audi
655 1721 770 1775 me,
803 1705 1075 1773 obsecro,
1110 1712 1165 1761 et
1205 1722 1278 1761 ne
1308 1706 1596 1778 praecipiti
1627 1721 1771 1760 casu
1811 1713 1853 1766 Β
1881 1702 2070 1759 voluit
2099 1721 2111 1758 :
2152 1702 2257 1758 sed
2280 1703 2408 1775 jam
2435 1705 2702 1762 secundo
2733 1722 2974 1762 cernere
3003 1706 3154 1762 illud
3197 1721 3321 1764 non
3351 1706 3549 1763 valuit.

109 1813 346 1853 corruas
379 1811 551 1865 rogo.
580 1795 678 1850 Dic
709 1800 943 1851 tantum
973 1797 1160 1851 verbo
1191 1797 1251 1851 in
1281 1796 1431 1852 hora
1458 1796 1639 1865 hujus
1657 1801 1772 1850 tuas

107 1887 492 1950 necessitatis,
524 1891 581 1942 et
609 1892 818 1958 postea
846 1891 970 1950 tua,
995 1887 1096 1941 ubi
1128 1887 1414 1958 potueris,
1447 1891 1606 1941 utere
1628 1884 1766 1941 ﬁde.

111 1976 512 2033 Promittimus
561 1980 614 2031 te
662 1975 945 2047 nuspiam
978 1977 1003 2016 δ
1033 1976 1520 2047 inquirendum.»
1552 1979 1631 2042 (t)
1670 1974 1772 2031 Cui

110 2065 494 2122 beatissimus
525 2069 753 2136 martyr
775 2063 1092 2119 subridens
1117 2082 1129 2118 :
1166 2087 1193 2113 ‹‹
1220 2067 1283 2131 0,
1309 2064 1520 2136 inquit,
1550 2063 1599 2118 si
1624 2063 1773 2119 scire

109 2155 420 2229 potuisses,
483 2158 709 2227 quanta
777 2153 915 2208 ﬁdei
982 2158 1199 2209 nostrae
1266 2153 1593 2209 cultoribus
1646 2169 1774 2208 ma-

111 2249 314 2300 neant“
337 2243 608 2316 reposita
637 2243 649 2298 l
683 2247 798 2298 Aut
819 2242 866 2297 si
894 2259 1133 2314 possem
1159 2243 1324 2315 quod
1357 2258 1493 2298 meo
1523 2242 1770 2312 retineo,

113 2339 207 2390 tuo
231 2334 608 2390 committere
639 2333 901 2404 pectori;
937 2337 1077 2386 tunc
1101 2333 1228 2401 jam
1281 2347 1402 2386 non
1451 2348 1544 2387 me
1576 2347 1611 2386 a
1638 2347 1772 2404 pro-

113 2424 300 2496 posito
356 2439 643 2479 revocare
692 2421 994 2477 conareris
1038 2421 1077 2489 ‘,
1120 2422 1222 2477 sed
1271 2420 1550 2476 libentius
1596 2426 1649 2477 te
1693 2420 1772 2476 ab

113 2513 220 2568 hoc
243 2510 545 2568 mundiali
575 2511 802 2567 honore
852 2525 1133 2566 amovere
1165 2509 1476 2579 cogitares.
1507 2530 1535 2559 »
1569 2513 1636 2565 Et
1661 2526 1774 2565 caa-

114 2603 190 2674 pit
217 2602 298 2657 eis
326 2601 630 2670 Evangelii
659 2599 863 2655 aeterni
893 2599 1146 2655 verbum
1181 2599 1502 2671 porrigere,
1537 2605 1593 2655 et
1620 2616 1771 2672 pree-

114 2689 474 2746 dicationem
529 2689 697 2758 regni
758 2689 1052 2744 constanti
1111 2688 1380 2743 libertate
1436 2688 1769 2744 infundere.

116 2780 215 2844 Qui
234 2779 386 2835 illico
409 2795 556 2834 eum
585 2777 850 2833 nolentes
883 2777 1111 2847 audire,
1136 2777 1336 2846 gladio
1357 2777 1776 2848 jubenttrans-

112 2866 223 2937 ﬁgi.
257 2873 534 2940 Cumque
589 2868 924 2933 duceretur,
977 2884 1134 2922 unus
1183 2884 1254 2922 ex
1315 2867 1562 2922 enuchis
1618 2867 1774 2936 regis

114 2957 279 3030 alapa
291 2974 438 3013 eum
461 2957 770 3028 percussit.
790 2956 893 3012 Cui
915 2955 1008 3010 ille
1034 2956 1280 3011 alteram
1305 2956 1520 3011 faciem
1545 2972 1775 3028 prmpa-

113 3061 262 3116 rans,
288 3068 312 3096 (ι
343 3046 633 3112 Obsecro,
659 3045 872 3117 inquit,
897 3051 961 3098 ut
981 3044 1136 3099 hanc
1157 3045 1372 3100 iterum
1404 3044 1776 3100 verberando
1816 3074 1856 3128 Ο

115 3136 284 3206 priori
311 3151 617 3206 coreques.
641 3157 668 3184 ››
713 3137 907 3199 Quam
957 3150 1094 3189 cum
1136 3133 1403 3188 secundo
1434 3134 1648 3200 feriret,
1680 3133 1774 3188 ille

119 3225 336 3296 patiens
362 3231 418 3282 et
468 3223 627 3279 mitis
644 3223 860 3279 iterum
886 3224 1142 3296 priorem
1171 3223 1421 3295 paravit.
1445 3222 1560 3280 Sed
1584 3224 1776 3295 impe-

120 3319 178 3371 tu
204 3316 457 3372 militum
489 3313 572 3371 ad
599 3314 800 3370 locum
832 3313 1146 3369 occisionis
1173 3313 1510 3380 deducitur,
1536 3313 1640 3368 ubi
1680 3329 1775 3383 ge-

122 3421 233 3462 nua
269 3407 327 3462 in
353 3407 626 3463 oratione
657 3421 937 3470 curvans,
974 3411 1031 3460 et
1061 3421 1278 3460 manus
1310 3416 1331 3441 ο
1361 3404 1438 3460 ad
1465 3404 1648 3460 caelos
1678 3420 1775 3459 ex-

125 3496 379 3563 tendens,
407 3496 705 3567 signoque
729 3494 921 3550 crucis
947 3499 1131 3550 totum
1158 3511 1217 3547 se
1241 3494 1540 3562 muniens,
1564 3495 1774 3564 paucis

123 3586 304 3641 verbis
350 3587 510 3642 intra
557 3602 621 3641 se
651 3601 853 3656 orans,
886 3585 1176 3639 cervicem
1207 3583 1480 3638 mucroni
1513 3584 1773 3651 tetendit,

125 3678 174 3730 et
220 3675 389 3732 celeri
435 3676 559 3731 ictu
611 3674 909 3729 mundum
949 3681 1366 3742 contemnens,
1399 3675 1584 3728 vitam
1612 3672 1778 3729 inve-

124 3763 201 3820 nit
227 3767 318 3837 (2).
353 3765 689 3837 Complevit
735 3764 1093 3836 martyrium
1140 3780 1320 3819 suum
1373 3763 1584 3836 quinto
1635 3763 1776 3819 ldus

125 3854 313 3923 Martii,
346 3855 441 3911 die
499 3853 777 3921 sabbato,
827 3854 978 3909 hora
1025 3869 1208 3908 nona.
1243 3856 1308 3909 Et
1358 3869 1394 3908 o
1448 3852 1679 3909 felicem
1724 3857 1782 3909 et

125 3942 535 4002 admirabilem
564 3948 772 4000 nostro
803 3941 1022 3998 saeculo
1055 3943 1270 4012 virum,
1299 3943 1405 4015 qui
1437 3949 1494 3998 et
1536 3943 1778 4014 praemi-

126 4031 194 4087 sit
218 4033 275 4089 in
301 4035 509 4091 multis
539 4033 630 4089 sui
660 4033 859 4106 operis
891 4031 1174 4101 fructum,
1207 4038 1265 4088 et
1289 4032 1526 4105 reliquit
1571 4032 1630 4088 in
1666 4033 1779 4088 vir-

126 4123 249 4190 gine
298 4142 359 4181 se
414 4123 837 4197 sequendum!
896 4125 1110 4180 Secum
1177 4123 1439 4179 victorias
1497 4123 1783 4180 vexillum

126 4214 392 4270 manibus
420 4215 687 4284 elevans,
715 4217 773 4269 et
799 4211 1180 4286 manipulum
1210 4211 1433 4269 laboris
1464 4212 1554 4268 sui
1584 4228 1694 4285 pro
1715 4229 1779 4269 se

129 4302 366 4360 Domino
415 4303 636 4374 libans,
687 4302 1055 4358 oblationem
1103 4318 1341 4374 puram,
1388 4306 1445 4357 et
1495 4302 1780 4375 paciﬁcas

1882 1793 2064 1864 Cujus
2093 1792 2422 1848 beatissimi
2453 1799 2635 1866 caput
2658 1794 2777 1850 alio
2806 1795 2902 1852 die
2928 1795 3242 1852 curiositas
3271 1795 3551 1853 Christia-

1880 1897 2100 1937 norum
2129 1881 2400 1952 redemit,
2433 1883 2702 1955 corporis
2739 1900 2879 1940 vero
2926 1883 3213 1957 reliquias
3258 1884 3426 1942 tertio
3452 1883 3552 1942 die

1880 1969 2139 2041 collegit,
2171 1975 2226 2026 et
2257 1970 2374 2026 sub
2422 1971 2642 2029 umbra
2691 1972 3026 2030 beatissimi
3077 1972 3359 2046 martyris
3387 1971 3552 2045 Zoyll

1883 2059 2220 2116 tumulavit.

1957 2152 2041 2204 46.
2085 2148 2436 2206 Beatissima
2461 2165 2604 2207 vero
2633 2149 2802 2222 virgo
2834 2151 3120 2208 Leocritia
3147 2149 3354 2208 multis
3382 2150 3550 2208 oble-

1882 2237 2242 2293 ctationibus
2308 2238 2576 2309 delinita,
2651 2238 2977 2313 multisque
3047 2239 3550 2316 promissionibus

1881 2325 2226 2398 impulsata,
2258 2328 2506 2384 tandem
2535 2327 2738 2385 divino
2777 2344 3028 2385 munere
3083 2329 3381 2387 soliditate
3407 2328 3551 2386 ﬁdei

1880 2417 2187 2484 roborata,
2211 2421 2428 2489 quarta
2456 2421 2593 2489 post
2621 2417 2750 2489 ejus
2780 2419 3052 2491 martyrii
3077 2418 3172 2475 die
3202 2419 3424 2475 exstitit
3442 2417 3550 2475 de-

1884 2506 2121 2576 collata,
2155 2522 2225 2562 ac
2254 2505 2316 2561 in
2344 2506 2594 2563 ﬂumine
2636 2507 2851 2562 Bsethis
2895 2508 3183 2580 projecta.
3215 2507 3330 2566 Sed
3374 2507 3550 2581 aquis

1881 2610 1993 2650 nec
2023 2594 2329 2664 submergi
2360 2595 2573 2666 potuit,
2603 2610 2716 2650 nec
2745 2595 2946 2660 celari,
2981 2601 3178 2653 erecto
3221 2595 3382 2652 enim
3421 2611 3551 2652 cor-

1881 2701 2028 2759 pore
2072 2700 2350 2756 pergens,
2384 2685 2607 2740 mirum
2644 2685 2930 2742 omnibus
2979 2687 3175 2742 visum
3223 2685 3483 2758 praebuit
3507 2691 3548 2742 ⁸.

1886 2778 1953 2830 Et
1996 2774 2079 2830 sic
2110 2791 2145 2830 a
2189 2774 2540 2830 Christianis
2568 2775 2805 2842 educta,
2839 2776 2917 2846 (5)
2960 2776 3022 2831 in
3056 2775 3307 2832 basilica
3360 2774 3554 2833 sancti

1885 2865 2093 2922 Genesi
2124 2866 2426 2938 martyris,
2456 2882 2592 2938 quaeI
2624 2866 2738 2922 sita
2767 2873 2856 2923 est
2899 2866 2979 2923 ad
3024 2867 3229 2923 locum
3257 2867 3480 2924 Tertios
3506 2864 3551 2936 ³,

1884 2956 2102 3010 exstitit
2129 2955 2445 3012 tumulata.
2482 2955 2582 3010 Hic
2611 2955 2721 3011 fuit
2761 2955 3092 3012 beatissimi
3147 2955 3412 3012 doctoris
3438 2959 3555 3013 Eu-

1883 3044 2025 3114 logii
2053 3043 2212 3110 ﬁnis,
2242 3044 2347 3098 iste
2389 3042 2766 3098 admirabilis
2797 3044 3011 3112 exitus,
3040 3043 3396 3116 hujusmodi
3424 3045 3556 3118 ple-

1887 3150 2001 3188 nus
2033 3147 2214 3204 opere
2243 3133 2547 3187 transitus.
2763 3128 2771 3133 ’

2540 3223 2769 3278 CAPUT
2806 3220 2898 3276 νι.

1922 3313 2143 3370 Αιυανὶ
2182 3312 2494 3382 scriptoris
2537 3327 2684 3382 erga
2713 3311 2778 3368 S.
2811 3312 3138 3383 Eulogium
3167 3311 3424 3384 a/fectus
3445 3317 3503 3370 et

2569 3402 2890 3457 invocatio.

1965 3491 2047 3546 Π.
2081 3493 2246 3546 Nunc
2276 3494 2477 3560 restat,
2503 3489 2565 3545 in
2595 3490 2714 3546 ﬁne
2737 3489 3082 3562 voluminis,
3107 3490 3248 3562 Regi
3277 3489 3555 3548 omnium

1887 3579 2244 3635 saeculorum
2277 3579 2500 3648 gratias
2533 3595 2734 3650 agere,
2765 3578 2872 3652 qui
2903 3579 2982 3637 ab
3011 3579 3180 3636 initio
3208 3579 3349 3637 ﬁdei
3379 3596 3555 3638 suam

1887 3685 2113 3726 ornans
2161 3668 2529 3742 martyribus
2585 3668 2936 3736 Ecclesiam,
2983 3669 3089 3726 dat
3143 3668 3322 3725 lassis
3373 3669 3557 3727 virtu-

1887 3763 2028 3827 tem,
2063 3762 2120 3814 et
2147 3758 2222 3814 de
2262 3774 2323 3813 se
2355 3757 2502 3813 nihil
2546 3761 2977 3831 praesumentes
3018 3757 3294 3831 perducit
3320 3757 3400 3814 ad
3426 3757 3557 3828 glo-

1885 3848 2043 3905 riam
2074 3848 2522 3920 sempiternam.
2554 3847 2672 3920 ipsi
2716 3850 2835 3904 Deo
2860 3847 2878 3885 ι
2907 3852 3113 3904 nostro
3143 3847 3336 3918 gloria
3362 3851 3421 3904 et
3446 3848 3559 3904 im-

1885 3939 2123 4013 perium
2169 3953 2277 4010 per
2325 3937 2560 3994 inﬁnita
2615 3952 2854 4010 semper
2899 3937 3123 3996 saecula
3173 3935 3555 3998 saeculorum.

1886 4033 2099 4085 Amen.

1969 4122 2050 4174 18.
2075 4121 2145 4174 At
2168 4132 2332 4173 nunc
2359 4116 2505 4190 quia
2526 4131 2805 4174 sermone
2825 4115 3088 4190 pedestri
3111 4119 3169 4173 et
3190 4115 3558 4174 incultaora-

1887 4209 2048 4265 tione
2093 4223 2355 4277 agonem
2384 4207 2644 4264 doctoris
2672 4207 2861 4264 nostri
2891 4212 2946 4264 et
2980 4207 3262 4280 martyris
3291 4207 3558 4282 explevi-

1890 4313 2052 4366 mus,
2084 4297 2096 4350 i
2137 4300 2320 4352 restat
2349 4301 2414 4353 ut
2453 4296 2533 4352 ad
2559 4297 2846 4353 eumdem
2866 4296 2887 4328 ⁸
2913 4296 3353 4354 amicissimum
3378 4296 3556 4354 nobis

126 4389 337 4448 hostias
361 4393 643 4462 offerens,
672 4395 729 4448 et
751 4391 813 4446 in
844 4407 926 4458 se,
960 4407 1096 4464 quae
1120 4391 1266 4446 alios
1287 4391 1595 4462 docuerat,
1619 4392 1783 4448 Chri-
1820 4431 1864 4482 ο
1891 4390 2240 4461 patronum,
2263 4385 2440 4458 quasi
2462 4385 2541 4442 ad
2558 4385 2924 4455 audientem,
2948 4391 3008 4443 et
3025 4386 3307 4482 precibus
3336 4385 3558 4444 nostris

130 4485 213 4536 sto
267 4499 466 4542 rerum
527 4481 781 4540 Domino
834 4486 1293 4555 repraesentans.
1341 4483 1472 4540 Mox
1527 4497 1669 4538 vero
1716 4487 1783 4539 ut

129 4571 449 4642 projectum
520 4576 608 4627 est
673 4570 935 4626 cadaver
996 4587 1028 4626 e
1087 4570 1221 4626 loco
1283 4571 1655 4627 eminentiori
1718 4572 1782 4628 in

131 4657 366 4739 ductum
386 4660 558 4729 alvei,
583 4659 868 4716 columba
883 4658 1036 4716 miro
1058 4659 1320 4716 candore
1341 4659 1674 4731 nivescens,
1698 4661 1783 4716 vi-

131 4746 398 4806 dentibus
413 4749 942 4817 omnibus,secans
961 4764 1100 4805 aera
1121 4749 1544 4822 pennis,super
1562 4767 1782 4823 corpus

132 4840 396 4912 martyris
417 4840 714 4910 aligerans
735 4838 906 4897 sedit.
927 4842 1119 4904 Quam
1145 4855 1358 4895 omnes
1390 4839 1780 4897 missibilibus

132 4928 301 4997 petris
329 4929 469 4985 hinc
504 4927 643 4984 inde
689 4927 934 4999 abigere
965 4933 1276 4998 conantes,
1309 4933 1366 4985 et
1390 4929 1781 4986 nihilominus

134 5016 541 5074 consistentem
557 5017 842 5090 repellere
851 5033 980 5074 non
996 5016 1572 5086 valentes,manibus
1584 5019 1785 5074 volue-

133 5109 265 5162 runt
287 5108 559 5165 cominus
579 5107 866 5178 eﬁ'ugare.
893 5107 1007 5165 Sed
1028 5107 1133 5164 illa
1153 5107 1214 5162 in
1243 5107 1492 5164 circuitu
1513 5109 1782 5180 corporis

134 5207 249 5250 non
264 5196 490 5267 volans,
507 5198 616 5254 sed
632 5197 872 5271 saliens,
887 5213 1068 5271 super
1084 5202 1308 5254 turrem
1330 5198 1564 5269 corpori
1587 5198 1784 5254 immi-

133 5285 364 5338 nentem
383 5283 630 5357 propius
648 5283 888 5356 resedit,
912 5287 970 5340 et
983 5281 1063 5340 ad
1083 5297 1302 5358 corpus
1322 5282 1651 5340 beatissimi
1674 5282 1786 5348 viri

201 5425 220 5498 ξ
255 5425 374 5498 μέλ,
400 5442 511 5498 pro
538 5431 674 5484 vim
702 5441 905 5484 amore
932 5425 1117 5483 habet
1144 5426 1366 5498 vigore.

203 5491 231 5532 δ
259 5493 362 5568 Id,
393 5491 647 5568 uspiam.

208 5572 229 5637 ῗ
263 5565 370 5637 Id.,
397 5565 659 5628 manent.

209 5632 230 5663 ’ί
263 5632 366 5708 ld.,
394 5657 660 5700 conares.

213 5713 242 5781 '_
270 5708 373 5781 Id,
404 5729 666 5772 manum.

226 5774 242 5808 '
275 5774 382 5855 id.,
409 5789 554 5846 tota.

1891 4481 2268 4552 praesentem,
2292 4491 2634 4534 sermonem
2665 4481 2988 4548 vertamus,
3011 4481 3068 4533 et
3088 4476 3558 4534 familiaritatem

1891 4573 2165 4624 nostram
2208 4567 2263 4623 ei
2310 4566 2616 4638 cognitam
2655 4567 3010 4623 referamus.
3037 4567 3204 4622 Certe
3229 4571 3446 4638 potens
3470 4569 3560 4623 et

1891 4657 2103 4714 audire
2131 4661 2435 4726 rogantes,
2452 4660 2509 4712 et
2529 4655 2892 4727 patrocinari
2917 4654 3151 4711 miseris
3171 4653 3492 4722 etaiﬂiotis,
3506 4653 3558 4710 si

1889 4747 2104 4802 merita
2132 4761 2245 4800 nos
2264 4744 2364 4815 adj
2373 4744 2686 4800 uvaverint
2709 4744 2975 4817 propria,
3001 4743 3052 4798 si
3068 4743 3284 4798 delicta
3306 4757 3431 4798 non
3450 4741 3559 4798 ob-

1888 4834 2184 4892 viaverint
2210 4832 2384 4904 dura,
2417 4832 2466 4887 si
2513 4830 2750 4888 affectio
2795 4833 2911 4887 hoc
2959 4829 3348 4902 postulaverit
3377 4846 3554 4903 pura.

1891 4927 2065 4996 Ergo,
2098 4929 2329 4996 martyr
2358 4922 2458 4978 Dei
2487 4920 2809 4993 excelse(t)
2836 4919 3030 4976 dulcis
3058 4918 3306 4976 nomine
3323 4919 3554 4991 Eulogi,

1889 5015 2177 5072 Alvarum
2194 5018 2366 5071 tuum
2383 5012 2746 5069 clamantem
2772 5009 3042 5067 intende:
3074 5014 3132 5066 et
3150 5025 3335 5083 quem
3355 5009 3452 5068 hic
3467 5014 3556 5068 te-

1889 5104 2071 5159 nuisti
2101 5101 2389 5158 charitate
2411 5099 2599 5157 animi
2625 5098 2638 5132 ³
2661 5100 2873 5170 ﬁxum,
2901 5098 3019 5158 illic
3040 5099 3144 5156 tibi
3171 5101 3405 5158 associa
3435 5115 3557 5157 ser-

1888 5209 2053 5251 vum.
2073 5196 2202 5248 Non
2222 5190 2478 5246 aliorum
2499 5206 2687 5263 quam
2703 5192 2819 5248 tuis
2841 5193 2898 5246 te
2915 5188 3313 5248 interveniam
3330 5189 3552 5247 verbis.

1891 5283 2055 5340 Certe
2086 5295 2199 5352 ego
2230 5295 2368 5335 sum
2397 5278 2514 5349 ille,
2538 5295 2723 5354 quem
2740 5283 2938 5336 tecum
2969 5278 3205 5335 unitum
3233 5293 3371 5335 esse
3399 5276 3555 5344 dice-

1964 5432 1985 5462 '
2021 5427 2122 5482 Ms.
2129 5465 2147 5495 ,
2178 5422 2467 5478 exercuit.

1965 5495 1987 5526 "
2026 5500 2153 5562 Ms.,
2189 5496 2416 5550 Terzos.

1966 5569 1980 5604 ί
2021 5561 2194 5632 Edit.,
2212 5566 2483 5631 Domino,
2513 5579 2585 5619 ex
2611 5563 2811 5619 minus
2839 5567 3003 5620 recta
3025 5561 3414 5635 intelligentia
3431 5579 3551 5626 ms.

2021 5639 2244 5710 Schott,
2275 5637 2728 5710 explicavimus,
2759 5639 2825 5692 ut
2847 5651 2960 5692 ms.

1967 5710 1988 5740 ι
2029 5709 2201 5777 Edit.,
2231 5723 2384 5766 eum.

1976 5780 1990 5813 ³
2036 5780 2283 5854 Schott.,
2311 5780 2535 5852 animo,
2564 5781 2632 5839 ut
2656 5793 2754 5838 ms
