3960 6380
408 238 509 298 719

1619 224 1675 277 S.
1718 217 1997 277 EULOGII
2036 215 2367 273 ARCHIEP.
2406 218 2651 274 TOLET.
3726 220 3813 273 720

403 358 535 421 bas,
554 356 637 412 ad
662 371 844 428 quem
875 358 932 409 et
951 368 1061 425 pro
1090 366 1213 423 quo
1242 350 1357 404 hoc
1379 346 1564 403 modo
1593 345 1829 401 locutus
1859 359 1923 397 es
1947 359 1960 397 :
1987 340 2062 411 (2)
2091 342 2142 396 Α
2175 339 2353 397 ﬁcavi
2397 340 2629 397 nomini
2679 345 2781 413 tuo
2834 339 3192 397 memoriam
3242 355 3314 395 ex
3352 355 3504 396 auro
3531 339 3746 412 obryzo
3771 345 3816 396 et

403 468 431 497 ‹‹
456 446 528 501 Ut
551 460 675 500 non
705 445 797 510 sit,
831 441 1051 513 inquis,
1083 439 1230 494 alter
1258 436 1506 493 Alvarus
1538 450 1726 508 quam
1758 432 2063 500 Eulogius,

400 550 509 590 nec
539 532 679 589 alibi
702 546 893 604 quam
933 543 1119 601 penes
1159 526 1371 583 intima
1400 523 1601 581 Alvari
1626 526 1784 579 totus
1826 521 1901 577 sit
1928 534 2066 577 con-

398 623 627 680 locatus
687 635 860 677 amor
914 616 1207 686 Eulogii.»
1272 613 1491 681 Valeat,
1560 612 1777 677 valeat,
1840 608 2063 664 Christe

400 712 670 777 Domine,
700 711 829 766 haec
877 708 1077 763 suavis
1132 704 1451 776 fidelisque
1483 703 1636 758 inter
1665 706 1949 772 utrosque
1978 697 2063 752 di-

396 801 587 857 lectio.
622 798 821 855 Valeat
848 796 1098 870 perenni
1147 794 1407 850 culmine
1440 790 1791 859 sanctitatis,
1823 793 1881 844 et
1917 802 2063 860 qua-

398 890 447 946 si
496 889 600 945 lux
650 887 973 960 splendens
1021 882 1329 957 procedat,
1362 886 1419 938 et
1469 884 1699 937 crescat
1746 892 1938 950 usque
1982 874 2062 931 ad

396 979 722 1052 perfectum
748 977 930 1032 diem.
970 978 1133 1043 Ecce,
1165 971 1432 1038 Domine,
1452 967 1861 1026 testimonium
1887 970 2061 1021 tuum

394 1084 517 1142 pra:
558 1066 843 1123 manibus
898 1063 1118 1129 habeo,
1150 1061 1354 1117 litteris
1405 1058 1605 1115 aureis
1653 1062 1708 1114 et
1748 1054 2063 1111 sententia-
2111 1117 2120 1127 .

393 1174 529 1214 rum
561 1156 816 1228 gemmis
864 1154 1193 1226 depictum,
1250 1150 1356 1205 sed
1410 1147 1691 1204 desidero
1746 1142 2061 1218 patrocinii

395 1247 477 1303 tui
502 1245 1036 1318 complementum.
1066 1244 1197 1296 iam
1227 1239 1388 1295 enim
1419 1236 1589 1309 quod
1613 1235 1676 1291 in
1708 1234 1876 1289 terris
1902 1232 2061 1305 posi-

393 1340 489 1391 tus
514 1335 806 1399 oratione,
839 1336 902 1387 ut
930 1330 1175 1396 valeret,
1204 1324 1563 1383 indesinenti
1591 1324 1839 1387 orabas,
1868 1322 1929 1377 in
1948 1336 2062 1376 ete-

392 1419 465 1475 lis
495 1418 838 1479 translatus,
872 1414 1091 1487 poteris
1137 1412 1199 1468 in
1239 1428 1335 1467 me
1379 1408 1689 1478 suffragio,
1721 1406 1888 1480 quod
1919 1406 1980 1460 in
2004 1409 2058 1462 te

393 1507 710 1579 impletum
735 1509 841 1570 est,
870 1503 1160 1557 obtinere.
1199 1502 1406 1556 Servat
1454 1512 1718 1569 namque
1767 1510 1940 1551 amor
1964 1510 2059 1550 ve-

392 1612 517 1664 rus,
552 1599 617 1649 ut
662 1593 789 1664 ipse
831 1592 1049 1661 dixisti,
1083 1590 1144 1645 in
1188 1588 1499 1644 absentem
1532 1586 1784 1641 fideliter
1810 1583 2057 1639 Charita-

393 1688 537 1755 tem,
568 1686 627 1737 et
652 1680 819 1753 quod
861 1680 974 1735 sibi
1027 1682 1280 1751 poterat,
1311 1677 1427 1732 hoc
1478 1674 1719 1730 exhibet
1754 1672 1816 1728 in
1846 1687 2054 1728 aman-

394 1779 538 1830 tem.
570 1776 746 1839 Ergo,
776 1776 1005 1841 martyr
1051 1767 1285 1837 egregie
1339 1772 1396 1822 et
1450 1766 1644 1822 amice
1684 1762 2051 1829 charissime,

393 1862 542 1918 dum
572 1861 707 1916 licet
735 1866 791 1915 et
822 1859 1020 1915 adhuc
1044 1855 1464 1912 misericordiae
1496 1854 1769 1909 imminet
1794 1857 2051 1923 tempus,

391 1950 834 2007 intercessionis
866 1954 1034 2003 tuum
1084 1947 1280 2001 amico
1321 1944 1559 2016 porrige
1614 1957 1857 2008 munus,
1891 1945 1954 1995 ut
1985 1940 2057 1995 sit

390 2040 487 2095 hic
515 2039 663 2095 mihi
689 2053 980 2094 concessa
1004 2034 1402 2091 remelioratio
1431 2048 1685 2099 morem,
1708 2030 1825 2085 sint
1847 2030 2057 2085 crebra

391 2146 647 2187 munera
679 2129 1107 2200 lacrymarum,
1144 2126 1220 2179 sit
1249 2124 1483 2179 affectio
1514 2121 1677 2177 labili
1716 2120 1901 2175 menti
1932 2119 2055 2174 illa-

390 2223 452 2276 ta
496 2220 805 2286 virtutum,
866 2217 939 2271 sit
994 2215 1266 2271 aﬂectiva
1321 2210 1708 2283 compunctio
1754 2208 1939 2279 jugis,
1985 2209 2058 2265 sit

390 2323 582 2379 purus
611 2304 941 2379 paenitendi
991 2304 1262 2369 atfectus,
1291 2301 1363 2356 sit
1412 2300 1581 2355 locus
1627 2296 1908 2370 optabilis
1949 2296 2056 2351 rite

391 2412 738 2463 concessus,
768 2395 841 2450 sit
886 2398 1265 2466 opportunus
1310 2390 1509 2445 aditus
1556 2387 1735 2443 nullis
1782 2385 2056 2441 obicibus

392 2486 889 2559 disrumpendus.
934 2482 1253 2539 Solvantur
1291 2479 1750 2553 perplexionum
1781 2476 2057 2531 omnium

389 2576 649 2643 vincula,
705 2575 967 2631 resiliant
1008 2571 1473 2644 impeditionum
1522 2572 1875 2623 cunctarum
1931 2580 2056 2620 mo-

391 2664 622 2732 limina,
648 2662 1237 2731 retinaculorumque
1268 2656 1604 2722 obstacula,
1637 2653 2055 2710 immutatione

393 2753 652 2809 dextera
686 2750 910 2806 Excelsi
959 2750 1020 2805 in
1064 2748 1508 2819 obsequentum
1558 2747 1860 2799 mutentur
1892 2744 2057 2799 auxi-

392 2842 493 2899 lia.
550 2841 908 2913 Aperiantur
955 2839 1160 2909 januze
1217 2836 1415 2891 cordis
1474 2834 1551 2889 ad
1602 2832 2056 2904 suscipiendum

393 2947 653 3002 regnum
684 2930 785 2986 Dei
814 2928 1085 2985 altissimi
1114 2946 1127 2995 ;
1178 2926 1491 2982 inclinetur
1538 2924 1739 2979 cervix
1772 2922 2053 2994 superba,

2175 429 2482 503 lapidibus
2529 429 2868 499 omnigenis
2918 429 3209 502 pretiosis,
3243 445 3431 502 quam
3484 428 3683 485 nullus
3709 429 3814 485 vio-

2172 518 2548 575 lentissimus
2578 519 2799 576 valebit
2828 519 3063 575 diruere
3112 518 3415 591 praedonis
3448 533 3616 574 more
3646 524 3815 592 tyran-

2173 622 2316 662 nus.
2347 608 2676 680 Composui
2704 608 2998 664 fabricam
3029 607 3308 663 culminis
3338 607 3446 677 tui,
3473 611 3531 663 et
3554 607 3616 663 in
3655 607 3813 663 subli-

2172 712 2273 752 me
2304 700 2531 753 turrem
2580 697 2963 754 habitationis
2997 702 3111 753 tuae
3151 697 3332 764 erexi,
3364 702 3429 753 ut
3459 697 3539 753 sis
3573 699 3814 770 speciosa

2170 784 2406 858 pharus
2437 786 2664 842 cunctis
2694 786 2995 843 viantibus
3017 796 3038 821 °
3066 786 3205 841 hinc
3236 786 3376 843 inde
3406 786 3701 842 relucens.
3729 788 3813 843 Or-

2170 875 2315 931 navi
2349 874 2586 932 titulum
2632 876 2834 933 decori
2885 878 2970 932 tui
3019 876 3347 933 unionibus
3398 877 3555 932 miro
3580 876 3814 932 candore

2171 964 2544 1032 niventibus,
2568 971 2624 1023 et
2654 966 2966 1039 topazione
2988 965 3256 1035 fulgenti,
3287 970 3352 1022 ut
3380 966 3675 1022 universis
3697 966 3817 1022 emi-

2170 1059 2266 1111 cet
2294 1054 2521 1111 finibus
2551 1059 2737 1111 terrae.
2771 1055 3058 1129 Adsparsi
3098 1054 3326 1113 cineres
3381 1061 3623 1113 sanctos
3648 1062 3818 1112 necta~

2168 1144 2289 1200 reis
2319 1144 2605 1211 ﬂosculis,
2634 1144 2800 1201 nullo
2829 1151 2982 1201 aestu
3011 1145 3448 1213 fatiscentibus,
3472 1162 3585 1202 nec
3621 1144 3819 1201 indito‘

2169 1232 2525 1289 cedentibus
2558 1233 2713 1303 igne.
2750 1234 2898 1289 Unxi
2929 1233 3260 1307 pretiosum
3290 1250 3512 1307 corpus
3548 1234 3718 1290 nardi
3744 1235 3818 1307 pi-

2170 1321 2320 1378 stico
2372 1322 2653 1395 pretioso,
2688 1338 2759 1378 ac
2815 1322 3054 1378 diverso
3099 1323 3573 1395 thymiamatum
3604 1339 3817 1393 genere,

2169 1426 2440 1481 amomo,
2471 1410 2748 1467 balsamo
2796 1412 2870 1482 (Si)
2914 1410 3273 1484 bisamoque
3322 1413 3744 1480 commiscens,
3770 1416 3822 1468 ut

2166 1500 2438 1572 ﬂagrans
2464 1501 2791 1557 sanctitatis
2823 1506 2939 1557 tua:
2963 1501 3361 1558 suavissimus
3386 1502 3541 1558 odor
3561 1502 3819 1571 diffusus,

2170 1606 2280 1664 per
2308 1589 2517 1647 omnia
2557 1590 2808 1646 refertus
2836 1596 2858 1626 ‘
2899 1590 3119 1647 80501118.
3166 1590 3333 1647 nullo
3385 1591 3505 1647 ﬁne
3556 1595 3818 1665 tepescat.

2171 1678 2423 1753 Implevi
2452 1678 2724 1735 amicitiae
2756 1679 3085 1748 vinculum,
3117 1685 3175 1736 et
3204 1680 3507 1737 charitatis
3536 1685 3652 1736 tua;
3678 1679 3821 1737 nolui

2168 1770 2409 1826 nudum
2439 1769 2657 1825 saeculo
2687 1769 2981 1825 dimittere
3008 1785 3253 1838 nomen,
3291 1774 3356 1826 ut
3401 1770 3558 1826 sicut
3586 1769 3733 1827 caalo
3756 1768 3824 1824 vi-

2167 1863 2227 1915 ta
2257 1858 2609 1931 resplendes
2652 1862 2709 1914 et
2756 1875 2958 1931 opere,
2989 1859 3072 1915 ita
3124 1859 3356 1915 mundo
3406 1858 3621 1929 lingua
3657 1859 3822 1915 clare-

2168 1965 2305 2005 scas
2335 1947 2357 1978 ⁵
2384 1953 2440 2005 et
2470 1948 2735 2004 nomine.
2772 1951 2839 2004 Ut
2869 1949 3174 2020 generatio
3220 1949 3603 2022 subsequens
3635 1954 3686 2006 te
3710 1949 3821 2006 lau-

2165 2038 2378 2095 datum
2406 2037 2692 2104 inveniat,
2724 2037 3085 2094 imitandum
3116 2038 3433 2111 respiciat;
3481 2044 3542 2094 et
3579 2042 3822 2111 quantus

2166 2126 2351 2183 fueris
2379 2126 2673 2193 doctrina,
2707 2131 2913 2183 nostro
2968 2127 3130 2183 tenui
3174 2126 3416 2197 ingenio
3446 2130 3824 2198 recognoscat

2167 2217 2262 2289 (6).
2296 2220 2498 2289 Neque
2548 2216 2885 2289 priscorum
2931 2216 3129 2273 studio
3175 2216 3596 2290 corporalibus
3625 2214 3822 2273 beneﬁ-

2167 2307 2293 2374 ciis,
2328 2306 2644 2379 speciebus
2674 2310 2730 2361 et
2757 2305 3007 2362 ﬂoribus
3048 2306 3454 2380 constipatum
3484 2311 3541 2363 te
3573 2310 3715 2363 tetas
3742 2320 3817 2361 se-

2165 2400 2380 2452 cutura
2400 2394 2737 2459 mirabitur,
2756 2410 2891 2467 quae
2920 2394 3087 2450 solite
3111 2396 3124 2430 ί
3148 2400 3596 2452 consumuntur
3617 2400 3820 2468 tempo-

2165 2500 2303 2541 rum
2333 2488 2625 2540 vetustate
2652 2502 2665 2550 ;
2718 2484 2825 2539 sed
2856 2484 3220 2557 spiritalibus
3250 2484 3426 2541 donis
3458 2484 3815 2555 decoratum,

2166 2578 2225 2629 et
2251 2571 2696 2629 immortalibus
2725 2571 3121 2628 sublimatum
3152 2572 3333 2629 titulis
3363 2573 3756 2629 venerabitur.

2237 2666 2327 2718 20.
2368 2664 2454 2717 Tu
2500 2677 2662 2730 ergo,
2692 2661 3052 2717 venerabilis
3104 2662 3372 2729 Domine,
3401 2661 3815 2735 aequiparando

2165 2750 2341 2806 nobis
2384 2749 2568 2805 redde
2617 2749 2982 2828 mercedem,
3018 2755 3080 2806 ut
3125 2750 3272 2823 quia
3310 2752 3323 2804 i
3365 2752 3607 2807 servitio
3636 2756 3816 2807 nostro

2167 2843 2284 2895 tute
2314 2837 2676 2894 decorantur
2704 2838 2969 2911 reliquiae
3014 2845 3069 2896 et
3099 2844 3392 2896 ornantur
3420 2840 3740 2913 exsequiae,
3766 2837 3817 2893 ilo

2164 2928 2493 2983 lustremur
2538 2927 2829 3000 deinceps
2885 2928 3257 3001 respectione
3300 2928 3474 2995 felici,
3532 2930 3816 2985 visitemur

393 3027 451 3079 et
480 3022 634 3078 colla
663 3021 999 3075 subdantur
1028 3018 1107 3073 ad
1159 3016 1472 3071 ferendum
1514 3016 1730 3085 jugum
1774 3012 2056 3067 suavissi-
2088 3034 2128 3089 ο
2167 3017 2331 3073 dono
2361 3016 2618 3072 cmlesti:
2654 3022 2716 3072 ut
2746 3033 2857 3088 ego
2904 3017 3021 3087 ille,
3050 3017 3155 3090 qui
3183 3034 3290 3089 per
3327 3034 3521 3090 prona
3552 3019 3816 3074 hactenus

392 3128 564 3168 mum
607 3110 838 3165 Christi.
874 3108 1099 3163 Vellem
1148 3107 1346 3161 adhuc
1388 3119 1635 3177 pesrere
1659 3103 1914 3172 majora,
1949 3101 2057 3156 sed

392 3200 736 3259 temeritatis
760 3215 968 3255 vereor
989 3199 1287 3253 incurrere
1307 3200 1534 3251 notam.
1573 3193 1686 3250 Sed
1712 3197 1795 3259 tu,
1829 3207 1866 3248 ο
1890 3207 2055 3247 serve

393 3292 495 3348 Dei
521 3290 773 3357 excelse,
803 3288 911 3362 qui
950 3288 1120 3343 vultu
1168 3285 1477 3341 Dominico
1524 3282 1776 3351 satiaris,
1804 3281 2056 3353 ejusque

392 3381 557 3437 dono
601 3382 891 3451 perpetuo
931 3376 1310 3447 jucundaris,
1343 3373 1488 3428 illud
1536 3373 1807 3429 adscisce
1836 3371 2057 3427 misero

391 3467 870 3525 interventibus'
902 3464 1121 3535 dignis,
1170 3479 1294 3535 quo
1346 3462 1503 3517 nosti
1550 3461 1795 3516 millena
1843 3458 2060 3516 delicta

392 3555 661 3631 purgari.
698 3555 885 3610 Vitam
930 3568 1173 3625 quoque
1216 3556 1501 3606 aeternam
1550 3549 1845 3617 desidero,
1880 3553 1937 3605 et
1974 3564 2059 3604 re-

396 3646 501 3718 gni
549 3643 801 3701 caelestis
845 3642 1114 3715 requiem
1170 3642 1322 3696 sitio.
1353 3642 1725 3712 Quocunque
1765 3655 1909 3709 ergo
1940 3643 2057 3694 tor-

395 3740 604 3793 mento
633 3736 679 3803 b,
713 3738 816 3791 aut
845 3731 1105 3802 ﬂagello,
1141 3747 1284 3786 cura
1327 3730 1662 3785 remedium
1712 3728 2059 3801 impendere

396 3842 591 3894 servo,
624 3828 680 3881 et
708 3839 779 3880 eo
804 3822 1037 3879 ardoris
1067 3822 1203 3892 igne
1233 3820 1518 3875 dilectum
1543 3834 1803 3892 purgare
1831 3816 2061 3872 deside-

393 3933 483 3985 ra,
515 3932 638 3989 quo
662 3915 758 3971 hic
788 3914 1111 3970 nobiscum
1140 3910 1437 3966 videbaris
1468 3925 1658 3964 nexus
1680 3908 1742 3963 in
1774 3912 1961 3963 terra:
1996 3909 2064 3962 ut

397 4004 635 4061 dilectio
676 4004 779 4059 illa
826 4002 1059 4059 clariori
1088 4001 1219 4055 luce
1266 4015 1442 4063 nunc.
1458 3999 1691 4067 emicet,
1724 3995 1974 4069 quando
2007 3999 2064 4051 et

398 4092 678 4166 ampliori
704 4091 929 4148 lumine
980 4091 1156 4157 lucet,
1188 4094 1245 4145 et.
1275 4088 1490 4161 potiori
1533 4086 1820 4157 suffragio
1848 4101 2059 4159 proro-

400 4199 543 4255 gare
574 4182 824 4255 quaesita
851 4181 1025 4238 valet.

473 4273 557 4330 19.
581 4273 660 4344 (3)
694 4274 812 4342 Ego
844 4276 1067 4339 autem,
1098 4269 1177 4324 mi
1207 4266 1399 4323 dulcis
1433 4266 1663 4338 Eulogi,
1696 4264 2062 4323 memoriam

399 4362 662 4419 nominis
692 4362 795 4430 tui,
828 4365 1125 4434 quantum
1173 4358 1342 4431 potui
1379 4357 1668 4413 illustravi
1697 4362 1735 4424 °,
1768 4356 1950 4412 vitam
1978 4354 2063 4409 di-
2093 4385 2139 4438 υ

401 4451 579 4523 gessi,
606 4450 943 4507 doctrinam
980 4448 1267 4522 expressi,
1311 4460 1691 4517 agonemque
1734 4442 2064 4515 pulcherri-

398 4557 571 4597 mum
597 4539 910 4611 explicavi:
941 4544 996 4595 et
1023 4543 1087 4593 ut
1114 4535 1376 4592 nominis
1402 4533 1485 4589 tui
1507 4531 1874 4588 delectabilis
1911 4546 2067 4585 sem-

400 4645 509 4703 per
519 4630 583 4686 in
602 4627 835 4685 mundo
848 4626 1443 4693 memoriaﬂoreat,et
1456 4620 1705 4694 perenni
1720 4618 2064 4691 splendore,

400 4720 552 4776 sicut
592 4720 655 4775 in
693 4717 843 4773 coelo
874 4717 1010 4783 vita,
1043 4716 1124 4770 ita
1153 4713 1248 4768 hic
1274 4712 1495 4768 mentio
1527 4709 1747 4774 rutilet,
1782 4711 1839 4763 et
1866 4707 1914 4763 si
1943 4723 2068 4764 non

401 4805 892 4865 enucleatissimis
923 4802 1325 4867 sermonibus,
1348 4806 1552 4857 tamen
1575 4796 2063 4860 evidentissimis,

2165 3110 2223 3162 et
2248 3105 2509 3178 abrupta
2536 3120 2659 3161 non
2710 3105 2935 3178 liquide
2965 3106 3180 3177 ﬂuens,
3212 3106 3291 3161 ab
3342 3106 3654 3179 iniquitate
3700 3118 3816 3161 mea

2165 3194 2374 3261 defeci,
2395 3198 2452 3250 et
2483 3194 2717 3250 labibus
2749 3195 3065 3268 hucusque
3097 3195 3159 3250 in
3188 3195 3364 3251 malis
3386 3196 3537 3251 meis
3560 3210 3814 3259 manens,

2166 3302 2203 3339 a
2232 3283 2401 3339 vultu
2428 3283 2531 3339 Dei
2553 3283 2575 3313 ¹
2597 3284 2713 3339 mei
2744 3284 2981 3350 recessi,
3012 3284 3277 3354 maligno
3309 3285 3627 3341 adhaerens
3658 3282 3813 3348 hosti,

2167 3374 2567 3447 praeveniente
2615 3373 2806 3443 gratia
2856 3374 3186 3431 illustratus
3236 3380 3294 3432 et
3324 3375 3583 3445 gratuita
3616 3372 3818 3431 miseri-

2167 3462 2374 3519 cordia
2427 3478 2794 3535 quocunque
2852 3463 2982 3519 vitae
3042 3464 3301 3520 termino
3358 3468 3813 3523 consummatus.

2166 3567 2403 3608 merear
2432 3553 2513 3608 ita
2539 3552 2804 3608 ccelestia
2831 3552 3174 3627 indisrupta
3211 3554 3615 3611 communiter
3643 3560 3816 3610 tecum

2166 3641 2483 3715 possidere
2525 3642 2768 3713 gaudia,
2803 3642 2958 3699 sicut
3005 3642 3102 3709 hic
3154 3643 3286 3714 pari
3338 3642 3481 3699 ﬂetu
3531 3649 3587 3699 et
3616 3642 3816 3713 gemitu

2168 3736 2406 3787 terrena
2462 3737 2799 3788 maceratus
2862 3733 3164 3803 angustia,
3219 3734 3369 3789 traxi
3430 3733 3713 3789 diuturna
3771 3734 3817 3786 et

2168 3821 2353 3890 longa
2402 3820 2678 3892 suspiria.
2713 3824 2781 3877 Ut
2806 3822 2912 3877 etsi
2938 3838 3061 3877 non
3094 3822 3314 3894 aequali
3338 3822 3548 3879 datum
3580 3828 3667 3879 est
3689 3820 3816 3877 mihi

2174 3910 2399 3981 fulgere
2426 3909 2637 3979 gloria,
2658 3911 2871 3967 saltem
2896 3912 2989 3967 vel
3012 3912 3367 3969 delictorum
3394 3929 3671 3969 meorum
3690 3909 3817 3968 mihi

2169 3999 2337 4056 illata
2392 4000 2466 4056 sit
2520 3998 2716 4055 venia.
2776 4002 3081 4067 Quatenus
3138 4017 3263 4057 non
3319 4002 3545 4075 poenali
3598 4001 3816 4058 doleam

2167 4088 2455 4146 barathro
2484 4103 2737 4155 mersus,
2774 4089 2879 4145 sed
2926 4090 2989 4145 in
3032 4088 3254 4146 caelesti
3303 4090 3607 4160 gaudeam
3636 4087 3814 4162 requie

2169 4179 2296 4241 tibi,
2330 4178 2423 4234 vel
2452 4176 2680 4234 caeteris
2709 4178 2973 4234 dominis
3002 4179 3152 4235 meis
3181 4179 3357 4236 sociis
3390 4179 3508 4235 tuis
3538 4177 3817 4236 condona-

2173 4272 2293 4324 tus.
2329 4270 2543 4325 Amen.

2415 4496 2495 4569 (l)
2533 4495 2815 4554 HYMNUS
2854 4500 2921 4554 IN
2964 4498 3151 4557 DIEM.
3193 4500 3248 4554 S.
3292 4499 3595 4555 EULOGII.

2787 4623 2820 4660 ν
2859 4622 2981 4662 IDUS
3019 4622 3235 4663 MART".

2244 4708 2401 4766 Almi
2429 4725 2591 4768 nunc
2619 4710 2871 4768 redeunt
2900 4713 3052 4770 festa
3082 4712 3094 4743 ¹
3126 4713 3375 4786 polifera

2178 4797 2369 4855 Nostri
2399 4798 2627 4871 Eulogii
2653 4801 2933 4872 martyris
2961 4801 3206 4875 inclyti:

402 4899 622 4969 quibus
643 4895 823 4961 valui,
849 4894 1081 4948 nisibus
1108 4890 1384 4946 dedicavi
1414 4891 1513 4959 (4).
1550 4886 1875 4941 Construxi
1909 4886 2071 4942 enim
2178 4886 2493 4945 Solvamus
2521 4890 2775 4945 Domino
2802 4889 3074 4947 carmina
3105 4891 3359 4965 principi

399 4999 516 5039 aere
534 4982 859 5056 perennius
883 4983 1343 5037 monumentum
1372 4976 1576 5048 glorise
1596 4979 1733 5039 tuae,
1750 4974 1916 5046 quod
1943 4992 2051 5032 nec

403 5071 723 5126 nimbosus
753 5068 951 5135 turbo,
982 5066 1334 5137 grandoque
1362 5064 1601 5137 lapidea
1628 5062 1910 5132 destruat,
1945 5082 2056 5123 nec

2183 4980 2486 5035 Concentu
2514 4977 2655 5033 ﬁdei
2685 4978 2892 5034 coelico
2923 4996 3195 5041 munere.

2252 5067 2330 5139 (2)
2368 5066 2713 5123 Laudamus
2738 5068 2905 5124 varia
2933 5071 3166 5126 musico
3191 5070 3479 5141 carmine,

407 5175 592 5231 rogus
614 5158 1004 5213 ﬂammarum
1018 5170 1385 5227 quocunque
1409 5154 1545 5226 igne
1565 5153 1860 5226 liquescat
1880 5155 2077 5212 “.Aﬂdi
2181 5155 2325 5222 Quae
2352 5171 2476 5212 non
2507 5161 2649 5213 sunt
2679 5158 2913 5214 Domini
2940 5159 3191 5230 praedita
3219 5160 3445 5217 lumine
3476 5182 3490 5217 :

477 5321 495 5344 '
532 5316 658 5376 Ms.,
690 5322 1032 5384 perperam,
1064 5305 1618 5384 intervenientibus.

478 5387 507 5427 δ
535 5385 619 5441 1d,
652 5376 899 5455 q'uoque
944 5390 1285 5451 perperam,
1313 5390 1457 5447 ego;
1489 5377 1595 5433 sed
1622 5392 1747 5432 non
1770 5376 1928 5435 male
1956 5385 2071 5435 ter-

406 5455 567 5512 mino
592 5471 713 5529 pro_
730 5455 1045 5529 tormento.

477 5531 496 5553 °
533 5519 737 5583 Moral.
772 5525 829 5577 et
857 5523 1167 5591 Antuerp.,
1202 5519 1473 5577 lustravi.

478 5594 499 5624 "
538 5596 711 5657 Edit.,
740 5592 1030 5662 lique/iul.

479 5676 503 5702 °
539 5662 743 5734 Moral.
775 5661 833 5734 et
855 5665 1163 5734 Autuerp.,
1187 5661 1525 5721 virtutibus.

488 5735 507 5765 ‘
541 5739 669 5804 Ms.,
702 5732 942 5789 indicio.

2247 5313 2269 5377 ε
2303 5307 2553 5371 Schott..
2587 5314 2712 5364 tota
2742 5309 3033 5377 reﬁciens,
3067 5314 3133 5367 ut
3155 5328 3268 5367 ms.

2246 5376 2269 5453 ξ
2306 5379 2395 5453 ita
2420 5396 2534 5453 ms.
2566 5384 2624 5435 et
2652 5376 2899 5453 _S_chott.,
2932 5382 3127 5438 caeteri
3157 5398 3319 5453 vero,
3353 5384 3670 5441 elucescas.

2248 5449 2264 5484 ⁸
2306 5452 2479 5506 Deest
2506 5451 2567 5506 in
2598 5449 2764 5520 edit.,
2796 5452 2987 5509 solite.

2254 5520 2269 5573 ἱ
2301 5520 2524 5585 Moral.,
2569 5523 2691 5591 qui.

2242 5587 2272 5666 ‘_
2302 5592 2477 5666 Edit.,
2509 5587 2767 5666 Domini,
2800 5608 2873 5649 ex
2903 5610 3092 5666 prava
3121 5595 3508 5665 intelligentia
3536 5613 3648 5651 ms.

2261 5659 2274 5691 ¹
2309 5665 2433 5729 Ms.,
2460 5659 2688 5721 revehit
2711 5666 2891 5734 festa.
