  <div class='ocr_page' id='page_1' title='image "/cluster/home/n/w/nwhite01/storage/ocr_20150623/115-116/uc1.31175006916467/368.png"; bbox 0 0 3960 6398; ppageno 0'>
   <div class='ocr_carea' id='block_1_1' title="bbox 135 297 349 361">
    <p class='ocr_par' dir='ltr' id='par_1_1' title="bbox 135 297 349 361">
     <span class='ocr_line' id='line_1_1' title="bbox 135 297 349 361; baseline -0.009 -8"><span class='ocrx_word' id='word_1_1' title='bbox 135 297 349 361; x_wconf 32' lang='grc' dir='ltr'><strong>721η</strong></span> 
     </span>
    </p>
   </div>
   <div class='ocr_carea' id='block_1_2' title="bbox 218 420 1463 498">
    <p class='ocr_par' dir='ltr' id='par_1_2' title="bbox 218 420 1463 498">
     <span class='ocr_line' id='line_1_2' title="bbox 218 420 1463 498; baseline 0.004 -21"><span class='ocrx_word' id='word_1_2' title='bbox 218 420 328 477; x_wconf 85' lang='lat' dir='ltr'><strong>Hic</strong></span> <span class='ocrx_word' id='word_1_3' title='bbox 353 436 519 478; x_wconf 91' lang='lat' dir='ltr'><strong>nunc</strong></span> <span class='ocrx_word' id='word_1_4' title='bbox 549 426 642 479; x_wconf 91' lang='lat' dir='ltr'><strong>sat</strong></span> <span class='ocrx_word' id='word_1_5' title='bbox 665 421 879 479; x_wconf 90' lang='lat' dir='ltr'><strong>melius</strong></span> <span class='ocrx_word' id='word_1_6' title='bbox 906 438 1004 479; x_wconf 92' lang='lat' dir='ltr'><strong>res</strong></span> <span class='ocrx_word' id='word_1_7' title='bbox 1032 423 1135 497; x_wconf 90' lang='lat' dir='ltr'><strong>pia</strong></span> <span class='ocrx_word' id='word_1_8' title='bbox 1156 425 1463 498; x_wconf 81' lang='lat' dir='ltr'><strong>panditur,</strong></span> 
     </span>
    </p>
   </div>
   <div class='ocr_carea' id='block_1_3' title="bbox 216 512 1669 573">
    <p class='ocr_par' dir='ltr' id='par_1_3' title="bbox 216 512 1669 573">
     <span class='ocr_line' id='line_1_3' title="bbox 216 512 1669 573; baseline 0.003 -5"><span class='ocrx_word' id='word_1_9' title='bbox 216 514 377 568; x_wconf 92' lang='lat' dir='ltr'><strong>Cum</strong></span> <span class='ocrx_word' id='word_1_10' title='bbox 406 512 707 569; x_wconf 86' lang='lat' dir='ltr'><strong>Christum</strong></span> <span class='ocrx_word' id='word_1_11' title='bbox 734 519 1021 571; x_wconf 86' lang='lat' dir='ltr'><strong>resonant</strong></span> <span class='ocrx_word' id='word_1_12' title='bbox 1049 515 1355 572; x_wconf 71' lang='lat' dir='ltr'><strong>cbordulae</strong></span> <span class='ocrx_word' id='word_1_13' title='bbox 1385 516 1669 573; x_wconf 64' lang='lat' dir='ltr'><strong>metricae.</strong></span> 
     </span>
    </p>
   </div>
   <div class='ocr_carea' id='block_1_4' title="bbox 296 602 1676 676">
    <p class='ocr_par' dir='ltr' id='par_1_4' title="bbox 296 602 1676 676">
     <span class='ocr_line' id='line_1_4' title="bbox 296 602 1676 676; baseline 0.004 -18"><span class='ocrx_word' id='word_1_14' title='bbox 296 602 400 658; x_wconf 83' lang='lat' dir='ltr'><strong>Hic</strong></span> <span class='ocrx_word' id='word_1_15' title='bbox 422 618 587 659; x_wconf 92' lang='lat' dir='ltr'><strong>nunc</strong></span> <span class='ocrx_word' id='word_1_16' title='bbox 615 616 639 644; x_wconf 75' lang='grc' dir='ltr'>ι</span> <span class='ocrx_word' id='word_1_17' title='bbox 668 607 758 660; x_wconf 92' lang='lat' dir='ltr'><strong>est</strong></span> <span class='ocrx_word' id='word_1_18' title='bbox 787 604 1027 660; x_wconf 77' lang='lat' dir='ltr'><strong>animus</strong></span> <span class='ocrx_word' id='word_1_19' title='bbox 1057 621 1286 676; x_wconf 90' lang='lat' dir='ltr'><strong>magna</strong></span> <span class='ocrx_word' id='word_1_20' title='bbox 1318 606 1625 663; x_wconf 85' lang='lat' dir='ltr'><strong>revolvere</strong></span> <span class='ocrx_word' id='word_1_21' title='bbox 1662 624 1676 663; x_wconf 74' lang='grc' dir='ltr'><strong>ε</strong></span> 
     </span>
    </p>
   </div>
   <div class='ocr_carea' id='block_1_5' title="bbox 216 690 1455 766">
    <p class='ocr_par' dir='ltr' id='par_1_5' title="bbox 216 690 1455 766">
     <span class='ocr_line' id='line_1_5' title="bbox 216 690 1455 766; baseline 0.004 -19"><span class='ocrx_word' id='word_1_22' title='bbox 216 690 623 764; x_wconf 88' lang='lat' dir='ltr'><strong>Splendenter</strong></span> <span class='ocrx_word' id='word_1_23' title='bbox 651 692 893 749; x_wconf 85' lang='lat' dir='ltr'><strong>anhelat</strong></span> <span class='ocrx_word' id='word_1_24' title='bbox 917 693 1194 751; x_wconf 87' lang='lat' dir='ltr'><strong>balsama</strong></span> <span class='ocrx_word' id='word_1_25' title='bbox 1227 694 1455 766; x_wconf 88' lang='lat' dir='ltr'><strong>fulgide</strong></span> 
     </span>
    </p>
   </div>
   <div class='ocr_carea' id='block_1_6' title="bbox 214 780 1300 853">
    <p class='ocr_par' dir='ltr' id='par_1_6' title="bbox 214 780 1300 853">
     <span class='ocr_line' id='line_1_6' title="bbox 214 780 1300 853; baseline 0.004 -17"><span class='ocrx_word' id='word_1_26' title='bbox 214 780 490 837; x_wconf 90' lang='lat' dir='ltr'><strong>Gliscens</strong></span> <span class='ocrx_word' id='word_1_27' title='bbox 521 782 765 853; x_wconf 88' lang='lat' dir='ltr'><strong>egregia</strong></span> <span class='ocrx_word' id='word_1_28' title='bbox 792 782 1069 853; x_wconf 81' lang='lat' dir='ltr'><strong>clangere</strong></span> <span class='ocrx_word' id='word_1_29' title='bbox 1093 783 1300 852; x_wconf 86' lang='lat' dir='ltr'><strong>libere,</strong></span> 
     </span>
    </p>
   </div>
   <div class='ocr_carea' id='block_1_7' title="bbox 212 870 1356 931">
    <p class='ocr_par' dir='ltr' id='par_1_7' title="bbox 212 870 1356 931">
     <span class='ocr_line' id='line_1_7' title="bbox 212 870 1356 931; baseline 0.003 -5"><span class='ocrx_word' id='word_1_30' title='bbox 212 872 292 927; x_wconf 89' lang='lat' dir='ltr'><strong>Ut</strong></span> <span class='ocrx_word' id='word_1_31' title='bbox 319 870 515 926; x_wconf 89' lang='lat' dir='ltr'><strong>dulcis</strong></span> <span class='ocrx_word' id='word_1_32' title='bbox 544 871 574 910; x_wconf 75' lang='grc' dir='ltr'><strong>ι)</strong></span> <span class='ocrx_word' id='word_1_33' title='bbox 602 871 808 927; x_wconf 89' lang='lat' dir='ltr'><strong>reboet</strong></span> <span class='ocrx_word' id='word_1_34' title='bbox 838 872 1070 928; x_wconf 89' lang='lat' dir='ltr'><strong>musica</strong></span> <span class='ocrx_word' id='word_1_35' title='bbox 1092 873 1356 931; x_wconf 92' lang='lat' dir='ltr'><strong>ﬂamine.</strong></span> 
     </span>
    </p>
   </div>
   <div class='ocr_carea' id='block_1_8' title="bbox 294 958 1374 1034">
    <p class='ocr_par' dir='ltr' id='par_1_8' title="bbox 294 958 1374 1034">
     <span class='ocr_line' id='line_1_8' title="bbox 294 958 1374 1034; baseline 0.005 -20"><span class='ocrx_word' id='word_1_36' title='bbox 294 958 550 1016; x_wconf 86' lang='lat' dir='ltr'><strong>Bellator</strong></span> <span class='ocrx_word' id='word_1_37' title='bbox 577 959 814 1016; x_wconf 87' lang='lat' dir='ltr'><strong>Domini</strong></span> <span class='ocrx_word' id='word_1_38' title='bbox 843 961 1028 1017; x_wconf 88' lang='lat' dir='ltr'><strong>verbo</strong></span> <span class='ocrx_word' id='word_1_39' title='bbox 1058 963 1374 1034; x_wconf 90' lang='lat' dir='ltr'><strong>potentior,</strong></span> 
     </span>
    </p>
   </div>
   <div class='ocr_carea' id='block_1_9' title="bbox 211 1047 1317 1122">
    <p class='ocr_par' dir='ltr' id='par_1_9' title="bbox 211 1047 1317 1122">
     <span class='ocr_line' id='line_1_9' title="bbox 211 1047 1317 1122; baseline 0.003 -18"><span class='ocrx_word' id='word_1_40' title='bbox 211 1047 502 1105; x_wconf 83' lang='lat' dir='ltr'><strong>Doctrina</strong></span> <span class='ocrx_word' id='word_1_41' title='bbox 528 1052 586 1104; x_wconf 87' lang='lat' dir='ltr'><strong>et</strong></span> <span class='ocrx_word' id='word_1_42' title='bbox 612 1048 836 1121; x_wconf 90' lang='lat' dir='ltr'><strong>pariter</strong></span> <span class='ocrx_word' id='word_1_43' title='bbox 859 1048 979 1105; x_wconf 85' lang='lat' dir='ltr'><strong>fine</strong></span> <span class='ocrx_word' id='word_1_44' title='bbox 1008 1050 1317 1122; x_wconf 90' lang='lat' dir='ltr'><strong>celebrior,</strong></span> 
     </span>
    </p>
   </div>
   <div class='ocr_carea' id='block_1_10' title="bbox 211 1136 1276 1209">
    <p class='ocr_par' dir='ltr' id='par_1_10' title="bbox 211 1136 1276 1209">
     <span class='ocr_line' id='line_1_10' title="bbox 211 1136 1276 1209; baseline 0.003 -17"><span class='ocrx_word' id='word_1_45' title='bbox 211 1136 436 1193; x_wconf 85' lang='lat' dir='ltr'><strong>Christi</strong></span> <span class='ocrx_word' id='word_1_46' title='bbox 466 1137 552 1193; x_wconf 91' lang='lat' dir='ltr'><strong>sic</strong></span> <span class='ocrx_word' id='word_1_47' title='bbox 578 1136 761 1208; x_wconf 86' lang='lat' dir='ltr'><strong>igitur</strong></span> <span class='ocrx_word' id='word_1_48' title='bbox 781 1137 970 1207; x_wconf 84' lang='lat' dir='ltr'><strong>gloria</strong></span> <span class='ocrx_word' id='word_1_49' title='bbox 1000 1139 1276 1209; x_wconf 87' lang='lat' dir='ltr'><strong>cingitur,</strong></span> 
     </span>
    </p>
   </div>
   <div class='ocr_carea' id='block_1_11' title="bbox 214 1225 1395 1297">
    <p class='ocr_par' dir='ltr' id='par_1_11' title="bbox 214 1225 1395 1297">
     <span class='ocr_line' id='line_1_11' title="bbox 214 1225 1395 1297; baseline 0.002 -15"><span class='ocrx_word' id='word_1_50' title='bbox 214 1228 292 1283; x_wconf 91' lang='lat' dir='ltr'><strong>Ut</strong></span> <span class='ocrx_word' id='word_1_51' title='bbox 318 1225 546 1283; x_wconf 87' lang='lat' dir='ltr'><strong>ﬂorens</strong></span> <span class='ocrx_word' id='word_1_52' title='bbox 575 1226 775 1297; x_wconf 85' lang='lat' dir='ltr'><strong>vigeat</strong></span> <span class='ocrx_word' id='word_1_53' title='bbox 802 1227 900 1283; x_wconf 91' lang='lat' dir='ltr'><strong>hic</strong></span> <span class='ocrx_word' id='word_1_54' title='bbox 929 1230 985 1284; x_wconf 91' lang='lat' dir='ltr'><strong>et</strong></span> <span class='ocrx_word' id='word_1_55' title='bbox 1012 1228 1075 1284; x_wconf 90' lang='lat' dir='ltr'><strong>in</strong></span> <span class='ocrx_word' id='word_1_56' title='bbox 1106 1241 1129 1269; x_wconf 77' lang='grc' dir='ltr'><strong>ο</strong></span> <span class='ocrx_word' id='word_1_57' title='bbox 1158 1229 1395 1284; x_wconf 68' lang='lat' dir='ltr'><strong>aethere.</strong></span> 
     </span>
    </p>
   </div>
   <div class='ocr_carea' id='block_1_12' title="bbox 286 1315 1599 1389">
    <p class='ocr_par' dir='ltr' id='par_1_12' title="bbox 286 1315 1599 1389">
     <span class='ocr_line' id='line_1_12' title="bbox 286 1315 1599 1389; baseline 0.001 -17"><span class='ocrx_word' id='word_1_58' title='bbox 286 1315 366 1387; x_wconf 89' lang='grc'><strong>(3)</strong></span> <span class='ocrx_word' id='word_1_59' title='bbox 396 1318 606 1372; x_wconf 84' lang='lat' dir='ltr'><strong>Rector</strong></span> <span class='ocrx_word' id='word_1_60' title='bbox 633 1315 783 1372; x_wconf 92' lang='lat' dir='ltr'><strong>dum</strong></span> <span class='ocrx_word' id='word_1_61' title='bbox 814 1317 1075 1389; x_wconf 89' lang='lat' dir='ltr'><strong>populos</strong></span> <span class='ocrx_word' id='word_1_62' title='bbox 1104 1317 1277 1374; x_wconf 91' lang='lat' dir='ltr'><strong>docte</strong></span> <span class='ocrx_word' id='word_1_63' title='bbox 1309 1316 1599 1385; x_wconf 90' lang='lat' dir='ltr'><strong>reﬁceret,</strong></span> 
     </span>
    </p>
   </div>
   <div class='ocr_carea' id='block_1_13' title="bbox 206 1405 1810 1479">
    <p class='ocr_par' dir='ltr' id='par_1_13' title="bbox 206 1405 1810 1479">
     <span class='ocr_line' id='line_1_13' title="bbox 206 1405 1810 1479; baseline 0.001 -18"><span class='ocrx_word' id='word_1_64' title='bbox 206 1408 296 1473; x_wconf 78' lang='grc'><strong>(4)</strong></span> <span class='ocrx_word' id='word_1_65' title='bbox 322 1406 764 1477; x_wconf 85' lang='lat' dir='ltr'><strong>Gypsum,cum</strong></span> <span class='ocrx_word' id='word_1_66' title='bbox 792 1405 1037 1473; x_wconf 89' lang='lat' dir='ltr'><strong>diceret,</strong></span> <span class='ocrx_word' id='word_1_67' title='bbox 1071 1405 1098 1445; x_wconf 73' lang='grc' dir='ltr'>ά</span> <span class='ocrx_word' id='word_1_68' title='bbox 1130 1449 1144 1474; x_wconf 89' lang='grc'>,</span> <span class='ocrx_word' id='word_1_69' title='bbox 1172 1405 1468 1477; x_wconf 87' lang='lat' dir='ltr'><strong>fragmine</strong></span> <span class='ocrx_word' id='word_1_70' title='bbox 1480 1405 1714 1479; x_wconf 86' lang='lat' dir='ltr'><strong>prodite</strong></span> <span class='ocrx_word' id='word_1_71' title='bbox 1739 1419 1763 1448; x_wconf 81' lang='grc' dir='ltr'><strong>ο</strong></span> <span class='ocrx_word' id='word_1_72' title='bbox 1796 1422 1810 1462; x_wconf 91' lang='lat'><strong>:</strong></span> 
     </span>
    </p>
   </div>
   <div class='ocr_carea' id='block_1_14' title="bbox 206 1492 1429 1566">
    <p class='ocr_par' dir='ltr' id='par_1_14' title="bbox 206 1492 1429 1566">
     <span class='ocr_line' id='line_1_14' title="bbox 206 1492 1429 1566; baseline 0.001 -17"><span class='ocrx_word' id='word_1_73' title='bbox 206 1493 483 1550; x_wconf 87' lang='lat' dir='ltr'><strong>Turbam</strong></span> <span class='ocrx_word' id='word_1_74' title='bbox 514 1492 827 1566; x_wconf 80' lang='lat' dir='ltr'><strong>multiplici</strong></span> <span class='ocrx_word' id='word_1_75' title='bbox 857 1494 1124 1564; x_wconf 91' lang='lat' dir='ltr'><strong>germine</strong></span> <span class='ocrx_word' id='word_1_76' title='bbox 1154 1493 1429 1550; x_wconf 88' lang='lat' dir='ltr'><strong>lauream</strong></span> 
     </span>
    </p>
   </div>
   <div class='ocr_carea' id='block_1_15' title="bbox 207 1579 1280 1655">
    <p class='ocr_par' dir='ltr' id='par_1_15' title="bbox 207 1579 1280 1655">
     <span class='ocr_line' id='line_1_15' title="bbox 207 1579 1280 1655; baseline 0.002 -20"><span class='ocrx_word' id='word_1_77' title='bbox 207 1579 456 1637; x_wconf 69' lang='lat' dir='ltr'><strong>leesti</strong></span> <span class='ocrx_word' id='word_1_78' title='bbox 480 1579 695 1637; x_wconf 91' lang='lat' dir='ltr'><strong>rutilus</strong></span> <span class='ocrx_word' id='word_1_79' title='bbox 719 1581 962 1652; x_wconf 89' lang='lat' dir='ltr'><strong>agmine</strong></span> <span class='ocrx_word' id='word_1_80' title='bbox 986 1581 1280 1655; x_wconf 87' lang='lat' dir='ltr'><strong>provehit.</strong></span> 
     </span>
    </p>
   </div>
   <div class='ocr_carea' id='block_1_16' title="bbox 289 1668 1419 1741">
    <p class='ocr_par' dir='ltr' id='par_1_16' title="bbox 289 1668 1419 1741">
     <span class='ocr_line' id='line_1_16' title="bbox 289 1668 1419 1741; baseline 0.001 -16"><span class='ocrx_word' id='word_1_81' title='bbox 289 1668 368 1741; x_wconf 83' lang='lat'>(5)</span> <span class='ocrx_word' id='word_1_82' title='bbox 396 1670 571 1724; x_wconf 90' lang='lat' dir='ltr'><strong>Ustus</strong></span> <span class='ocrx_word' id='word_1_83' title='bbox 602 1668 686 1725; x_wconf 92' lang='lat' dir='ltr'><strong>sic</strong></span> <span class='ocrx_word' id='word_1_84' title='bbox 708 1668 945 1725; x_wconf 89' lang='lat' dir='ltr'><strong>Domini</strong></span> <span class='ocrx_word' id='word_1_85' title='bbox 974 1669 1119 1740; x_wconf 89' lang='lat' dir='ltr'><strong>zelo,</strong></span> <span class='ocrx_word' id='word_1_86' title='bbox 1149 1669 1419 1726; x_wconf 85' lang='lat' dir='ltr'><strong>ﬁdelium</strong></span> 
     </span>
    </p>
   </div>
   <div class='ocr_carea' id='block_1_17' title="bbox 207 1756 1424 1829">
    <p class='ocr_par' dir='ltr' id='par_1_17' title="bbox 207 1756 1424 1829">
     <span class='ocr_line' id='line_1_17' title="bbox 207 1756 1424 1829; baseline -0.002 -13"><span class='ocrx_word' id='word_1_87' title='bbox 207 1760 582 1816; x_wconf 87' lang='lat' dir='ltr'><strong>Convertens</strong></span> <span class='ocrx_word' id='word_1_88' title='bbox 610 1756 834 1814; x_wconf 90' lang='lat' dir='ltr'><strong>ﬂuidos</strong></span> <span class='ocrx_word' id='word_1_89' title='bbox 859 1774 1059 1815; x_wconf 92' lang='lat' dir='ltr'><strong>mores</strong></span> <span class='ocrx_word' id='word_1_90' title='bbox 1087 1758 1424 1829; x_wconf 91' lang='lat' dir='ltr'><strong>rebellium,</strong></span> 
     </span>
    </p>
   </div>
   <div class='ocr_carea' id='block_1_18' title="bbox 204 1845 1324 1919">
    <p class='ocr_par' dir='ltr' id='par_1_18' title="bbox 204 1845 1324 1919">
     <span class='ocr_line' id='line_1_18' title="bbox 204 1845 1324 1919; baseline -0.002 -15"><span class='ocrx_word' id='word_1_91' title='bbox 204 1845 571 1904; x_wconf 80' lang='lat' dir='ltr'><strong>Adsciscens</strong></span> <span class='ocrx_word' id='word_1_92' title='bbox 600 1847 817 1919; x_wconf 87' lang='lat' dir='ltr'><strong>opibus</strong></span> <span class='ocrx_word' id='word_1_93' title='bbox 842 1862 1091 1903; x_wconf 90' lang='lat' dir='ltr'><strong>munere</strong></span> <span class='ocrx_word' id='word_1_94' title='bbox 1118 1846 1324 1915; x_wconf 91' lang='lat' dir='ltr'><strong>nobili,</strong></span> 
     </span>
    </p>
   </div>
   <div class='ocr_carea' id='block_1_19' title="bbox 203 1934 1461 1994">
    <p class='ocr_par' dir='ltr' id='par_1_19' title="bbox 203 1934 1461 1994">
     <span class='ocr_line' id='line_1_19' title="bbox 203 1934 1461 1994; baseline -0.001 0"><span class='ocrx_word' id='word_1_95' title='bbox 203 1937 564 1994; x_wconf 69' lang='lat' dir='ltr'><strong>Abstractos</strong></span> <span class='ocrx_word' id='word_1_96' title='bbox 590 1934 880 1993; x_wconf 86' lang='lat' dir='ltr'><strong>barathro</strong></span> <span class='ocrx_word' id='word_1_97' title='bbox 913 1936 1202 1993; x_wconf 88' lang='lat' dir='ltr'><strong>sublimat</strong></span> <span class='ocrx_word' id='word_1_98' title='bbox 1223 1938 1461 1993; x_wconf 84' lang='lat' dir='ltr'><strong>aethere.</strong></span> 
     </span>
    </p>
   </div>
   <div class='ocr_carea' id='block_1_20' title="bbox 285 2025 1545 2099">
    <p class='ocr_par' dir='ltr' id='par_1_20' title="bbox 285 2025 1545 2099">
     <span class='ocr_line' id='line_1_20' title="bbox 285 2025 1545 2099; baseline -0.002 -14"><span class='ocrx_word' id='word_1_99' title='bbox 285 2026 406 2085; x_wconf 87' lang='lat' dir='ltr'><strong>Sed</strong></span> <span class='ocrx_word' id='word_1_100' title='bbox 419 2027 552 2098; x_wconf 90' lang='lat' dir='ltr'><strong>jam</strong></span> <span class='ocrx_word' id='word_1_101' title='bbox 580 2043 722 2085; x_wconf 91' lang='lat' dir='ltr'><strong>cum</strong></span> <span class='ocrx_word' id='word_1_102' title='bbox 751 2025 976 2083; x_wconf 90' lang='lat' dir='ltr'><strong>meritis</strong></span> <span class='ocrx_word' id='word_1_103' title='bbox 1003 2026 1190 2097; x_wconf 90' lang='lat' dir='ltr'><strong>digna</strong></span> <span class='ocrx_word' id='word_1_104' title='bbox 1217 2027 1545 2099; x_wconf 89' lang='lat' dir='ltr'><strong>rependere</strong></span> 
     </span>
    </p>
   </div>
   <div class='ocr_carea' id='block_1_21' title="bbox 204 2115 1522 2190">
    <p class='ocr_par' dir='ltr' id='par_1_21' title="bbox 204 2115 1522 2190">
     <span class='ocr_line' id='line_1_21' title="bbox 204 2115 1522 2190; baseline -0.002 -15"><span class='ocrx_word' id='word_1_105' title='bbox 204 2116 480 2176; x_wconf 85' lang='lat' dir='ltr'><strong>Christus</strong></span> <span class='ocrx_word' id='word_1_106' title='bbox 505 2115 921 2190; x_wconf 79' lang='lat' dir='ltr'><strong>cunctipotens</strong></span> <span class='ocrx_word' id='word_1_107' title='bbox 952 2116 1146 2185; x_wconf 89' lang='lat' dir='ltr'><strong>vellet,</strong></span> <span class='ocrx_word' id='word_1_108' title='bbox 1174 2116 1522 2173; x_wconf 89' lang='lat' dir='ltr'><strong>Leocritiam</strong></span> 
     </span>
    </p>
   </div>
   <div class='ocr_carea' id='block_1_22' title="bbox 205 2205 1423 2278">
    <p class='ocr_par' dir='ltr' id='par_1_22' title="bbox 205 2205 1423 2278">
     <span class='ocr_line' id='line_1_22' title="bbox 205 2205 1423 2278; baseline -0.001 -16"><span class='ocrx_word' id='word_1_109' title='bbox 205 2209 388 2262; x_wconf 83' lang='lat' dir='ltr'><strong>Recte</strong></span> <span class='ocrx_word' id='word_1_110' title='bbox 420 2221 564 2262; x_wconf 86' lang='lat' dir='ltr'><strong>mox</strong></span> <span class='ocrx_word' id='word_1_111' title='bbox 586 2205 851 2278; x_wconf 87' lang='lat' dir='ltr'><strong>lepidam</strong></span> <span class='ocrx_word' id='word_1_112' title='bbox 875 2205 1171 2276; x_wconf 88' lang='lat' dir='ltr'><strong>virginem</strong></span> <span class='ocrx_word' id='word_1_113' title='bbox 1197 2205 1423 2275; x_wconf 84' lang='lat' dir='ltr'><strong>extulit,</strong></span> 
     </span>
    </p>
   </div>
   <div class='ocr_carea' id='block_1_23' title="bbox 204 2293 1494 2362">
    <p class='ocr_par' dir='ltr' id='par_1_23' title="bbox 204 2293 1494 2362">
     <span class='ocr_line' id='line_1_23' title="bbox 204 2293 1494 2362; baseline -0.001 -11"><span class='ocrx_word' id='word_1_114' title='bbox 204 2296 359 2362; x_wconf 69' lang='lat' dir='ltr'><strong>Quas</strong></span> <span class='ocrx_word' id='word_1_115' title='bbox 393 2295 626 2351; x_wconf 90' lang='lat' dir='ltr'><strong>clarum</strong></span> <span class='ocrx_word' id='word_1_116' title='bbox 656 2293 955 2351; x_wconf 89' lang='lat' dir='ltr'><strong>famulum</strong></span> <span class='ocrx_word' id='word_1_117' title='bbox 985 2310 1096 2351; x_wconf 87' lang='lat' dir='ltr'><strong>axe</strong></span> <span class='ocrx_word' id='word_1_118' title='bbox 1122 2294 1494 2351; x_wconf 87' lang='lat' dir='ltr'><strong>reconderet.</strong></span> 
     </span>
    </p>
   </div>
   <div class='ocr_carea' id='block_1_24' title="bbox 276 2382 1384 2441">
    <p class='ocr_par' dir='ltr' id='par_1_24' title="bbox 276 2382 1384 2441">
     <span class='ocr_line' id='line_1_24' title="bbox 276 2382 1384 2441; baseline -0.002 -1"><span class='ocrx_word' id='word_1_119' title='bbox 276 2386 446 2440; x_wconf 89' lang='lat' dir='ltr'><strong>Tunc</strong></span> <span class='ocrx_word' id='word_1_120' title='bbox 469 2382 664 2439; x_wconf 90' lang='lat' dir='ltr'><strong>celsus</strong></span> <span class='ocrx_word' id='word_1_121' title='bbox 695 2382 937 2439; x_wconf 88' lang='lat' dir='ltr'><strong>solitum</strong></span> <span class='ocrx_word' id='word_1_122' title='bbox 961 2383 1071 2439; x_wconf 90' lang='lat' dir='ltr'><strong>rite</strong></span> <span class='ocrx_word' id='word_1_123' title='bbox 1102 2383 1384 2441; x_wconf 88' lang='lat' dir='ltr'><strong>solatium</strong></span> 
     </span>
    </p>
   </div>
   <div class='ocr_carea' id='block_1_25' title="bbox 200 2471 1661 2545">
    <p class='ocr_par' dir='ltr' id='par_1_25' title="bbox 200 2471 1661 2545">
     <span class='ocr_line' id='line_1_25' title="bbox 200 2471 1661 2545; baseline -0.001 -15"><span class='ocrx_word' id='word_1_124' title='bbox 200 2472 549 2530; x_wconf 66' lang='lat' dir='ltr'><strong>Praestansf</strong></span> <span class='ocrx_word' id='word_1_125' title='bbox 588 2515 603 2542; x_wconf 95' lang='lat'><strong>,</strong></span> <span class='ocrx_word' id='word_1_126' title='bbox 626 2474 686 2528; x_wconf 87' lang='lat' dir='ltr'><strong>et</strong></span> <span class='ocrx_word' id='word_1_127' title='bbox 713 2471 1023 2545; x_wconf 89' lang='lat' dir='ltr'><strong>placidum</strong></span> <span class='ocrx_word' id='word_1_128' title='bbox 1054 2477 1294 2545; x_wconf 90' lang='lat' dir='ltr'><strong>compte</strong></span> <span class='ocrx_word' id='word_1_129' title='bbox 1324 2473 1661 2529; x_wconf 89' lang='lat' dir='ltr'><strong>remedium</strong></span> 
     </span>
    </p>
   </div>
   <div class='ocr_carea' id='block_1_26' title="bbox 198 2560 1549 2633">
    <p class='ocr_par' dir='ltr' id='par_1_26' title="bbox 198 2560 1549 2633">
     <span class='ocr_line' id='line_1_26' title="bbox 198 2560 1549 2633; baseline 0.001 -16"><span class='ocrx_word' id='word_1_130' title='bbox 198 2562 451 2618; x_wconf 89' lang='lat' dir='ltr'><strong>Cultum</strong></span> <span class='ocrx_word' id='word_1_131' title='bbox 472 2565 615 2619; x_wconf 88' lang='lat' dir='ltr'><strong>tunc</strong></span> <span class='ocrx_word' id='word_1_132' title='bbox 647 2574 672 2614; x_wconf 73' lang='grc' dir='ltr'><strong><em>ε</em></strong></span> <span class='ocrx_word' id='word_1_133' title='bbox 701 2603 719 2633; x_wconf 85' lang='grc'>,</span> <span class='ocrx_word' id='word_1_134' title='bbox 746 2560 889 2618; x_wconf 90' lang='lat' dir='ltr'><strong>ﬁdei</strong></span> <span class='ocrx_word' id='word_1_135' title='bbox 912 2560 1197 2633; x_wconf 88' lang='lat' dir='ltr'><strong>dogmate</strong></span> <span class='ocrx_word' id='word_1_136' title='bbox 1230 2566 1288 2619; x_wconf 89' lang='lat' dir='ltr'><strong>et</strong></span> <span class='ocrx_word' id='word_1_137' title='bbox 1316 2562 1549 2632; x_wconf 85' lang='lat' dir='ltr'><strong>ingerit,</strong></span> 
     </span>
    </p>
   </div>
   <div class='ocr_carea' id='block_1_27' title="bbox 199 2650 1312 2724">
    <p class='ocr_par' dir='ltr' id='par_1_27' title="bbox 199 2650 1312 2724">
     <span class='ocr_line' id='line_1_27' title="bbox 199 2650 1312 2724; baseline 0.001 -18"><span class='ocrx_word' id='word_1_138' title='bbox 199 2650 562 2708; x_wconf 82' lang='lat' dir='ltr'><strong>Adversans</strong></span> <span class='ocrx_word' id='word_1_139' title='bbox 588 2650 831 2724; x_wconf 90' lang='lat' dir='ltr'><strong>populis</strong></span> <span class='ocrx_word' id='word_1_140' title='bbox 848 2652 1017 2722; x_wconf 90' lang='lat' dir='ltr'><strong>justa</strong></span> <span class='ocrx_word' id='word_1_141' title='bbox 1046 2651 1312 2708; x_wconf 87' lang='lat' dir='ltr'><strong>rebellio.</strong></span> 
     </span>
    </p>
   </div>
   <div class='ocr_carea' id='block_1_28' title="bbox 278 2730 1573 2814">
    <p class='ocr_par' dir='ltr' id='par_1_28' title="bbox 278 2730 1573 2814">
     <span class='ocr_line' id='line_1_28' title="bbox 278 2730 1573 2814; baseline 0.001 -17"><span class='ocrx_word' id='word_1_142' title='bbox 278 2730 598 2814; x_wconf 72' lang='lat' dir='ltr'><strong>Extemplo</strong></span> <span class='ocrx_word' id='word_1_143' title='bbox 629 2755 987 2813; x_wconf 62' lang='lat' dir='ltr'><strong>praeconans</strong></span> <span class='ocrx_word' id='word_1_144' title='bbox 1010 2741 1218 2813; x_wconf 65' lang='lat' dir='ltr'><strong>praedo</strong></span> <span class='ocrx_word' id='word_1_145' title='bbox 1249 2741 1573 2814; x_wconf 88' lang='lat' dir='ltr'><strong>peranxius</strong></span> 
     </span>
    </p>
   </div>
   <div class='ocr_carea' id='block_1_29' title="bbox 198 2830 1422 2905">
    <p class='ocr_par' dir='ltr' id='par_1_29' title="bbox 198 2830 1422 2905">
     <span class='ocr_line' id='line_1_29' title="bbox 198 2830 1422 2905; baseline -0.002 -15"><span class='ocrx_word' id='word_1_146' title='bbox 198 2830 539 2892; x_wconf 86' lang='lat' dir='ltr'><strong>Conturbat</strong></span> <span class='ocrx_word' id='word_1_147' title='bbox 565 2832 849 2905; x_wconf 89' lang='lat' dir='ltr'><strong>patriam,</strong></span> <span class='ocrx_word' id='word_1_148' title='bbox 875 2830 1121 2901; x_wconf 91' lang='lat' dir='ltr'><strong>jussuve</strong></span> <span class='ocrx_word' id='word_1_149' title='bbox 1151 2831 1422 2904; x_wconf 88' lang='lat' dir='ltr'><strong>plebium</strong></span> 
     </span>
    </p>
   </div>
   <div class='ocr_carea' id='block_1_30' title="bbox 197 2918 1418 2993">
    <p class='ocr_par' dir='ltr' id='par_1_30' title="bbox 197 2918 1418 2993">
     <span class='ocr_line' id='line_1_30' title="bbox 197 2918 1418 2993; baseline -0.002 -14"><span class='ocrx_word' id='word_1_150' title='bbox 197 2925 313 2979; x_wconf 89' lang='lat' dir='ltr'><strong>Per</strong></span> <span class='ocrx_word' id='word_1_151' title='bbox 343 2923 595 2977; x_wconf 87' lang='lat' dir='ltr'><strong>cunctas</strong></span> <span class='ocrx_word' id='word_1_152' title='bbox 616 2918 848 2993; x_wconf 89' lang='lat' dir='ltr'><strong>plateas</strong></span> <span class='ocrx_word' id='word_1_153' title='bbox 865 2918 1045 2989; x_wconf 90' lang='lat' dir='ltr'><strong>longe</strong></span> <span class='ocrx_word' id='word_1_154' title='bbox 1075 2920 1418 2991; x_wconf 89' lang='lat' dir='ltr'><strong>revolvitur,</strong></span> 
     </span>
    </p>
   </div>
   <div class='ocr_carea' id='block_1_31' title="bbox 197 3008 1519 3083">
    <p class='ocr_par' dir='ltr' id='par_1_31' title="bbox 197 3008 1519 3083">
     <span class='ocr_line' id='line_1_31' title="bbox 197 3008 1519 3083; baseline -0.001 -16"><span class='ocrx_word' id='word_1_155' title='bbox 197 3009 380 3074; x_wconf 87' lang='lat' dir='ltr'><strong>Quod</strong></span> <span class='ocrx_word' id='word_1_156' title='bbox 408 3008 689 3082; x_wconf 90' lang='lat' dir='ltr'><strong>princeps</strong></span> <span class='ocrx_word' id='word_1_157' title='bbox 715 3008 965 3065; x_wconf 90' lang='lat' dir='ltr'><strong>rabidus</strong></span> <span class='ocrx_word' id='word_1_158' title='bbox 991 3009 1217 3066; x_wconf 84' lang='lat' dir='ltr'><strong>excitus</strong></span> <span class='ocrx_word' id='word_1_159' title='bbox 1245 3011 1519 3083; x_wconf 90' lang='lat' dir='ltr'><strong>imperat.</strong></span> 
     </span>
    </p>
   </div>
   <div class='ocr_carea' id='block_1_32' title="bbox 273 3097 1483 3172">
    <p class='ocr_par' dir='ltr' id='par_1_32' title="bbox 273 3097 1483 3172">
     <span class='ocr_line' id='line_1_32' title="bbox 273 3097 1483 3172; baseline -0.001 -15"><span class='ocrx_word' id='word_1_160' title='bbox 273 3102 651 3170; x_wconf 82' lang='lat' dir='ltr'><strong>Regnantem</strong></span> <span class='ocrx_word' id='word_1_161' title='bbox 679 3097 981 3153; x_wconf 88' lang='lat' dir='ltr'><strong>tumidum</strong></span> <span class='ocrx_word' id='word_1_162' title='bbox 1008 3099 1233 3171; x_wconf 89' lang='lat' dir='ltr'><strong>respuit</strong></span> <span class='ocrx_word' id='word_1_163' title='bbox 1257 3100 1483 3172; x_wconf 87' lang='lat' dir='ltr'><strong>inclyta</strong></span> 
     </span>
    </p>
   </div>
   <div class='ocr_carea' id='block_1_33' title="bbox 199 3184 1395 3260">
    <p class='ocr_par' dir='ltr' id='par_1_33' title="bbox 199 3184 1395 3260">
     <span class='ocr_line' id='line_1_33' title="bbox 199 3184 1395 3260; baseline 0.001 -17"><span class='ocrx_word' id='word_1_164' title='bbox 199 3186 473 3245; x_wconf 67' lang='lat' dir='ltr'><strong>Caelestis</strong></span> <span class='ocrx_word' id='word_1_165' title='bbox 503 3184 718 3242; x_wconf 85' lang='lat' dir='ltr'><strong>famuli</strong></span> <span class='ocrx_word' id='word_1_166' title='bbox 746 3202 919 3242; x_wconf 91' lang='lat' dir='ltr'><strong>mens</strong></span> <span class='ocrx_word' id='word_1_167' title='bbox 952 3189 1067 3242; x_wconf 93' lang='lat' dir='ltr'><strong>Deo</strong></span> <span class='ocrx_word' id='word_1_168' title='bbox 1097 3188 1351 3260; x_wconf 65' lang='lat' dir='ltr'><strong>praedita</strong></span> <span class='ocrx_word' id='word_1_169' title='bbox 1382 3206 1395 3256; x_wconf 92' lang='lat'><strong>;</strong></span> 
     </span>
    </p>
   </div>
   <div class='ocr_carea' id='block_1_34' title="bbox 197 3274 1277 3348">
    <p class='ocr_par' dir='ltr' id='par_1_34' title="bbox 197 3274 1277 3348">
     <span class='ocr_line' id='line_1_34' title="bbox 197 3274 1277 3348; baseline -0.003 -13"><span class='ocrx_word' id='word_1_170' title='bbox 197 3275 472 3336; x_wconf 83' lang='lat' dir='ltr'><strong>Tandem</strong></span> <span class='ocrx_word' id='word_1_171' title='bbox 504 3274 791 3348; x_wconf 80' lang='lat' dir='ltr'><strong>praecipiti</strong></span> <span class='ocrx_word' id='word_1_172' title='bbox 823 3275 1008 3331; x_wconf 88' lang='lat' dir='ltr'><strong>ductu</strong></span> <span class='ocrx_word' id='word_1_173' title='bbox 1029 3274 1277 3332; x_wconf 87' lang='lat' dir='ltr'><strong>notabili</strong></span> 
     </span>
    </p>
   </div>
   <div class='ocr_carea' id='block_1_35' title="bbox 172 3363 1621 3445">
    <p class='ocr_par' dir='ltr' id='par_1_35' title="bbox 172 3363 1621 3445">
     <span class='ocr_line' id='line_1_35' title="bbox 172 3363 1621 3445; baseline -0.001 -21"><span class='ocrx_word' id='word_1_174' title='bbox 172 3365 716 3445; x_wconf 79' lang='lat' dir='ltr'><strong>Comprehensus,</strong></span> <span class='ocrx_word' id='word_1_175' title='bbox 745 3363 948 3419; x_wconf 91' lang='lat' dir='ltr'><strong>sonuit</strong></span> <span class='ocrx_word' id='word_1_176' title='bbox 977 3379 1121 3419; x_wconf 84' lang='lat' dir='ltr'><strong>mox</strong></span> <span class='ocrx_word' id='word_1_177' title='bbox 1142 3380 1387 3437; x_wconf 88' lang='lat' dir='ltr'><strong>quoque</strong></span> <span class='ocrx_word' id='word_1_178' title='bbox 1417 3364 1621 3422; x_wconf 90' lang='lat' dir='ltr'><strong>libere.</strong></span> 
     </span>
    </p>
   </div>
   <div class='ocr_carea' id='block_1_36' title="bbox 274 3453 1576 3527">
    <p class='ocr_par' dir='ltr' id='par_1_36' title="bbox 274 3453 1576 3527">
     <span class='ocr_line' id='line_1_36' title="bbox 274 3453 1576 3527; baseline -0.001 -15"><span class='ocrx_word' id='word_1_179' title='bbox 274 3455 493 3512; x_wconf 90' lang='lat' dir='ltr'><strong>Dicens</strong></span> <span class='ocrx_word' id='word_1_180' title='bbox 515 3453 542 3493; x_wconf 73' lang='grc' dir='ltr'><strong>ιι</strong></span> <span class='ocrx_word' id='word_1_181' title='bbox 577 3470 589 3508; x_wconf 94' lang='lat'>:</span> <span class='ocrx_word' id='word_1_182' title='bbox 616 3454 660 3510; x_wconf 93' lang='grc' dir='ltr'><strong>Ο</strong></span> <span class='ocrx_word' id='word_1_183' title='bbox 692 3468 993 3526; x_wconf 88' lang='lat' dir='ltr'><strong>proceres,</strong></span> <span class='ocrx_word' id='word_1_184' title='bbox 1027 3454 1269 3510; x_wconf 88' lang='lat' dir='ltr'><strong>temnite</strong></span> <span class='ocrx_word' id='word_1_185' title='bbox 1299 3454 1576 3527; x_wconf 88' lang='lat' dir='ltr'><strong>impium,</strong></span> 
     </span>
    </p>
   </div>
   <div class='ocr_carea' id='block_1_37' title="bbox 196 3543 1495 3617">
    <p class='ocr_par' dir='ltr' id='par_1_37' title="bbox 196 3543 1495 3617">
     <span class='ocr_line' id='line_1_37' title="bbox 196 3543 1495 3617; baseline -0.002 -13"><span class='ocrx_word' id='word_1_186' title='bbox 196 3544 505 3605; x_wconf 88' lang='lat' dir='ltr'><strong>Christum</strong></span> <span class='ocrx_word' id='word_1_187' title='bbox 537 3543 862 3599; x_wconf 75' lang='lat' dir='ltr'><strong>aethereum</strong></span> <span class='ocrx_word' id='word_1_188' title='bbox 892 3543 1112 3599; x_wconf 89' lang='lat' dir='ltr'><strong>credite</strong></span> <span class='ocrx_word' id='word_1_189' title='bbox 1138 3544 1495 3617; x_wconf 85' lang='lat' dir='ltr'><strong>principem,</strong></span> 
     </span>
    </p>
   </div>
   <div class='ocr_carea' id='block_1_38' title="bbox 195 3631 1330 3706">
    <p class='ocr_par' dir='ltr' id='par_1_38' title="bbox 195 3631 1330 3706">
     <span class='ocr_line' id='line_1_38' title="bbox 195 3631 1330 3706; baseline 0 -17"><span class='ocrx_word' id='word_1_190' title='bbox 195 3635 419 3691; x_wconf 82' lang='lat' dir='ltr'><strong>Vatem</strong></span> <span class='ocrx_word' id='word_1_191' title='bbox 450 3631 830 3706; x_wconf 88' lang='lat' dir='ltr'><strong>impudicum</strong></span> <span class='ocrx_word' id='word_1_192' title='bbox 858 3637 1014 3688; x_wconf 90' lang='lat' dir='ltr'><strong>recte</strong></span> <span class='ocrx_word' id='word_1_193' title='bbox 1044 3632 1330 3705; x_wconf 88' lang='lat' dir='ltr'><strong>repellite,</strong></span> 
     </span>
    </p>
   </div>
   <div class='ocr_carea' id='block_1_39' title="bbox 198 3720 1386 3795">
    <p class='ocr_par' dir='ltr' id='par_1_39' title="bbox 198 3720 1386 3795">
     <span class='ocr_line' id='line_1_39' title="bbox 198 3720 1386 3795; baseline 0.001 -16"><span class='ocrx_word' id='word_1_194' title='bbox 198 3723 315 3792; x_wconf 86' lang='lat' dir='ltr'><strong>Qui</strong></span> <span class='ocrx_word' id='word_1_195' title='bbox 348 3726 549 3778; x_wconf 90' lang='lat' dir='ltr'><strong>tantos</strong></span> <span class='ocrx_word' id='word_1_196' title='bbox 578 3720 840 3795; x_wconf 90' lang='lat' dir='ltr'><strong>populos</strong></span> <span class='ocrx_word' id='word_1_197' title='bbox 866 3721 1003 3791; x_wconf 89' lang='lat' dir='ltr'><strong>igne</strong></span> <span class='ocrx_word' id='word_1_198' title='bbox 1031 3722 1386 3780; x_wconf 85' lang='lat' dir='ltr'><strong>recondidit.</strong></span> 
     </span>
    </p>
   </div>
   <div class='ocr_carea' id='block_1_40' title="bbox 273 3810 1575 3882">
    <p class='ocr_par' dir='ltr' id='par_1_40' title="bbox 273 3810 1575 3882">
     <span class='ocr_line' id='line_1_40' title="bbox 273 3810 1575 3882; baseline -0.002 -12"><span class='ocrx_word' id='word_1_199' title='bbox 273 3811 560 3870; x_wconf 85' lang='lat' dir='ltr'><strong>Gaudens</strong></span> <span class='ocrx_word' id='word_1_200' title='bbox 590 3812 720 3867; x_wconf 81' lang='lat' dir='ltr'><strong>haec</strong></span> <span class='ocrx_word' id='word_1_201' title='bbox 741 3814 985 3867; x_wconf 89' lang='lat' dir='ltr'><strong>resonat</strong></span> <span class='ocrx_word' id='word_1_202' title='bbox 1012 3810 1272 3867; x_wconf 89' lang='lat' dir='ltr'><strong>culmine</strong></span> <span class='ocrx_word' id='word_1_203' title='bbox 1304 3812 1575 3882; x_wconf 86' lang='lat' dir='ltr'><strong>gnaviter</strong></span> 
     </span>
    </p>
   </div>
   <div class='ocr_carea' id='block_1_41' title="bbox 195 3899 1364 3972">
    <p class='ocr_par' dir='ltr' id='par_1_41' title="bbox 195 3899 1364 3972">
     <span class='ocr_line' id='line_1_41' title="bbox 195 3899 1364 3972; baseline -0.003 -12"><span class='ocrx_word' id='word_1_204' title='bbox 195 3907 447 3960; x_wconf 81' lang='lat' dir='ltr'><strong>Necnon</strong></span> <span class='ocrx_word' id='word_1_205' title='bbox 478 3904 536 3956; x_wconf 90' lang='lat' dir='ltr'><strong>et</strong></span> <span class='ocrx_word' id='word_1_206' title='bbox 560 3899 678 3955; x_wconf 88' lang='lat' dir='ltr'><strong>alia</strong></span> <span class='ocrx_word' id='word_1_207' title='bbox 709 3915 1088 3972; x_wconf 90' lang='lat' dir='ltr'><strong>conquerens</strong></span> <span class='ocrx_word' id='word_1_208' title='bbox 1117 3900 1131 3940; x_wconf 77' lang='grc' dir='ltr'><strong>ί</strong></span> <span class='ocrx_word' id='word_1_209' title='bbox 1168 3900 1364 3970; x_wconf 88' lang='lat' dir='ltr'><strong>fortia,</strong></span> 
     </span>
    </p>
   </div>
   <div class='ocr_carea' id='block_1_42' title="bbox 201 3987 1476 4059">
    <p class='ocr_par' dir='ltr' id='par_1_42' title="bbox 201 3987 1476 4059">
     <span class='ocr_line' id='line_1_42' title="bbox 201 3987 1476 4059; baseline -0.003 -10"><span class='ocrx_word' id='word_1_210' title='bbox 201 3995 379 4050; x_wconf 81' lang='lat' dir='ltr'><strong>Hunc</strong></span> <span class='ocrx_word' id='word_1_211' title='bbox 407 3988 704 4045; x_wconf 91' lang='lat' dir='ltr'><strong>mandant</strong></span> <span class='ocrx_word' id='word_1_212' title='bbox 733 3987 935 4059; x_wconf 88' lang='lat' dir='ltr'><strong>gladio</strong></span> <span class='ocrx_word' id='word_1_213' title='bbox 967 3990 1180 4045; x_wconf 84' lang='lat' dir='ltr'><strong>vertice</strong></span> <span class='ocrx_word' id='word_1_214' title='bbox 1205 3990 1476 4058; x_wconf 87' lang='lat' dir='ltr'><strong>tundere,</strong></span> 
     </span>
    </p>
   </div>
   <div class='ocr_carea' id='block_1_43' title="bbox 194 4075 1259 4151">
    <p class='ocr_par' dir='ltr' id='par_1_43' title="bbox 194 4075 1259 4151">
     <span class='ocr_line' id='line_1_43' title="bbox 194 4075 1259 4151; baseline -0.003 -14"><span class='ocrx_word' id='word_1_215' title='bbox 194 4084 282 4137; x_wconf 80' lang='lat' dir='ltr'><strong>Ne</strong></span> <span class='ocrx_word' id='word_1_216' title='bbox 310 4082 522 4134; x_wconf 88' lang='lat' dir='ltr'><strong>sancta</strong></span> <span class='ocrx_word' id='word_1_217' title='bbox 551 4075 748 4133; x_wconf 86' lang='lat' dir='ltr'><strong>valeat</strong></span> <span class='ocrx_word' id='word_1_218' title='bbox 774 4077 951 4133; x_wconf 90' lang='lat' dir='ltr'><strong>turba</strong></span> <span class='ocrx_word' id='word_1_219' title='bbox 976 4078 1259 4151; x_wconf 89' lang='lat' dir='ltr'><strong>recipere.</strong></span> 
     </span>
    </p>
   </div>
   <div class='ocr_carea' id='block_1_44' title="bbox 271 4164 1428 4238">
    <p class='ocr_par' dir='ltr' id='par_1_44' title="bbox 271 4164 1428 4238">
     <span class='ocr_line' id='line_1_44' title="bbox 271 4164 1428 4238; baseline -0.002 -13"><span class='ocrx_word' id='word_1_220' title='bbox 271 4168 460 4225; x_wconf 81' lang='lat' dir='ltr'><strong>Adest</strong></span> <span class='ocrx_word' id='word_1_221' title='bbox 487 4164 825 4238; x_wconf 89' lang='lat' dir='ltr'><strong>intrepidus</strong></span> <span class='ocrx_word' id='word_1_222' title='bbox 853 4165 1101 4237; x_wconf 89' lang='lat' dir='ltr'><strong>belliger</strong></span> <span class='ocrx_word' id='word_1_223' title='bbox 1131 4183 1428 4230; x_wconf 88' lang='lat' dir='ltr'><strong>annuens,</strong></span> 
     </span>
    </p>
   </div>
   <div class='ocr_carea' id='block_1_45' title="bbox 193 4254 1654 4329">
    <p class='ocr_par' dir='ltr' id='par_1_45' title="bbox 193 4254 1654 4329">
     <span class='ocr_line' id='line_1_45' title="bbox 193 4254 1654 4329; baseline -0.003 -12"><span class='ocrx_word' id='word_1_224' title='bbox 193 4256 506 4323; x_wconf 88' lang='lat' dir='ltr'><strong>Tundunt,</strong></span> <span class='ocrx_word' id='word_1_225' title='bbox 531 4271 715 4329; x_wconf 87' lang='lat' dir='ltr'><strong>quem</strong></span> <span class='ocrx_word' id='word_1_226' title='bbox 746 4254 957 4329; x_wconf 87' lang='lat' dir='ltr'><strong>alapis,</strong></span> <span class='ocrx_word' id='word_1_227' title='bbox 989 4257 1094 4313; x_wconf 91' lang='lat' dir='ltr'><strong>red</strong></span> <span class='ocrx_word' id='word_1_228' title='bbox 1118 4261 1292 4328; x_wconf 88' lang='lat' dir='ltr'><strong>rogat</strong></span> <span class='ocrx_word' id='word_1_229' title='bbox 1319 4257 1654 4324; x_wconf 90' lang='lat' dir='ltr'><strong>horridum,</strong></span> 
     </span>
    </p>
   </div>
   <div class='ocr_carea' id='block_1_46' title="bbox 194 4344 1365 4415">
    <p class='ocr_par' dir='ltr' id='par_1_46' title="bbox 194 4344 1365 4415">
     <span class='ocr_line' id='line_1_46' title="bbox 194 4344 1365 4415; baseline -0.003 -9"><span class='ocrx_word' id='word_1_230' title='bbox 194 4345 544 4406; x_wconf 80' lang='lat' dir='ltr'><strong>Extendens</strong></span> <span class='ocrx_word' id='word_1_231' title='bbox 569 4344 807 4415; x_wconf 85' lang='lat' dir='ltr'><strong>faciem,</strong></span> <span class='ocrx_word' id='word_1_232' title='bbox 834 4345 1080 4403; x_wconf 88' lang='lat' dir='ltr'><strong>verbere</strong></span> <span class='ocrx_word' id='word_1_233' title='bbox 1114 4346 1365 4403; x_wconf 85' lang='lat' dir='ltr'><strong>alteram</strong></span> 
     </span>
    </p>
   </div>
   <div class='ocr_carea' id='block_1_47' title="bbox 195 4434 1353 4507">
    <p class='ocr_par' dir='ltr' id='par_1_47' title="bbox 195 4434 1353 4507">
     <span class='ocr_line' id='line_1_47' title="bbox 195 4434 1353 4507; baseline -0.003 -12"><span class='ocrx_word' id='word_1_234' title='bbox 195 4436 547 4502; x_wconf 78' lang='lat' dir='ltr'><strong>Alternans,</strong></span> <span class='ocrx_word' id='word_1_235' title='bbox 574 4434 818 4504; x_wconf 90' lang='lat' dir='ltr'><strong>gemina</strong></span> <span class='ocrx_word' id='word_1_236' title='bbox 846 4434 1055 4507; x_wconf 87' lang='lat' dir='ltr'><strong>palma</strong></span> <span class='ocrx_word' id='word_1_237' title='bbox 1082 4436 1353 4492; x_wconf 90' lang='lat' dir='ltr'><strong>relidere.</strong></span> 
     </span>
    </p>
   </div>
   <div class='ocr_carea' id='block_1_48' title="bbox 272 4522 1378 4596">
    <p class='ocr_par' dir='ltr' id='par_1_48' title="bbox 272 4522 1378 4596">
     <span class='ocr_line' id='line_1_48' title="bbox 272 4522 1378 4596; baseline -0.003 -14"><span class='ocrx_word' id='word_1_238' title='bbox 272 4527 437 4582; x_wconf 87' lang='lat' dir='ltr'><strong>Tunc</strong></span> <span class='ocrx_word' id='word_1_239' title='bbox 461 4522 634 4593; x_wconf 89' lang='lat' dir='ltr'><strong>signo</strong></span> <span class='ocrx_word' id='word_1_240' title='bbox 660 4522 803 4579; x_wconf 88' lang='lat' dir='ltr'><strong>ﬁdei</strong></span> <span class='ocrx_word' id='word_1_241' title='bbox 832 4529 1077 4596; x_wconf 87' lang='lat' dir='ltr'><strong>pectora</strong></span> <span class='ocrx_word' id='word_1_242' title='bbox 1106 4524 1378 4581; x_wconf 84' lang='lat' dir='ltr'><strong>servulus</strong></span> 
     </span>
    </p>
   </div>
   <div class='ocr_carea' id='block_1_49' title="bbox 195 4610 1154 4684">
    <p class='ocr_par' dir='ltr' id='par_1_49' title="bbox 195 4610 1154 4684">
     <span class='ocr_line' id='line_1_49' title="bbox 195 4610 1154 4684; baseline -0.006 -13"><span class='ocrx_word' id='word_1_243' title='bbox 195 4616 414 4671; x_wconf 76' lang='lat' dir='ltr'><strong>Armat</strong></span> <span class='ocrx_word' id='word_1_244' title='bbox 438 4610 669 4667; x_wconf 83' lang='lat' dir='ltr'><strong>deiﬁcae</strong></span> <span class='ocrx_word' id='word_1_245' title='bbox 701 4627 908 4684; x_wconf 89' lang='lat' dir='ltr'><strong>aurea,</strong></span> <span class='ocrx_word' id='word_1_246' title='bbox 936 4628 1113 4671; x_wconf 91' lang='lat' dir='ltr'><strong>roseo</strong></span> <span class='ocrx_word' id='word_1_247' title='bbox 1140 4614 1154 4665; x_wconf 83' lang='lat' dir='ltr'><strong>i</strong></span> 
     </span>
    </p>
   </div>
   <div class='ocr_carea' id='block_1_50' title="bbox 192 4949 819 5021">
    <p class='ocr_par' dir='ltr' id='par_1_50' title="bbox 192 4949 819 5021">
     <span class='ocr_line' id='line_1_50' title="bbox 192 4949 819 5021; baseline 0.002 -16"><span class='ocrx_word' id='word_1_248' title='bbox 192 4966 221 4995; x_wconf 80' lang='grc' dir='ltr'>ι</span> <span class='ocrx_word' id='word_1_249' title='bbox 256 4949 373 5021; x_wconf 88' lang='lat' dir='ltr'><strong>Id.,</strong></span> <span class='ocrx_word' id='word_1_250' title='bbox 401 4950 484 5005; x_wconf 83' lang='lat' dir='ltr'><strong>At</strong></span> <span class='ocrx_word' id='word_1_251' title='bbox 510 4964 674 5005; x_wconf 82' lang='lat' dir='ltr'><strong>nunc</strong></span> <span class='ocrx_word' id='word_1_252' title='bbox 700 4949 819 5006; x_wconf 76' lang='lat' dir='ltr'><strong>hic.</strong></span> 
     </span>
    </p>
   </div>
   <div class='ocr_carea' id='block_1_51' title="bbox 193 5021 1797 5151">
    <p class='ocr_par' dir='ltr' id='par_1_51' title="bbox 193 5021 1797 5151">
     <span class='ocr_line' id='line_1_51' title="bbox 193 5021 1797 5151; baseline 0 -72"><span class='ocrx_word' id='word_1_253' title='bbox 193 5021 458 5151; x_wconf 47' lang='lat' dir='ltr'><strong>1glvlpral.</strong></span> <span class='ocrx_word' id='word_1_254' title='bbox 490 5024 547 5077; x_wconf 93' lang='lat' dir='ltr'><strong>et</strong></span> <span class='ocrx_word' id='word_1_255' title='bbox 577 5025 882 5094; x_wconf 78' lang='lat' dir='ltr'><strong>Antuerp.,</strong></span> <span class='ocrx_word' id='word_1_256' title='bbox 911 5021 1116 5090; x_wconf 80' lang='lat' dir='ltr'><strong>dulci;</strong></span> <span class='ocrx_word' id='word_1_257' title='bbox 1170 5021 1331 5089; x_wconf 89' lang='lat' dir='ltr'><strong>edit.,</strong></span> <span class='ocrx_word' id='word_1_258' title='bbox 1378 5023 1580 5079; x_wconf 89' lang='lat' dir='ltr'><strong>minus</strong></span> <span class='ocrx_word' id='word_1_259' title='bbox 1620 5028 1797 5095; x_wconf 87' lang='lat' dir='ltr'><strong>recte,</strong></span> 
     </span>
     <span class='ocr_line' id='line_1_52' title="bbox 238 5109 356 5150; baseline -0.042 0"><span class='ocrx_word' id='word_1_260' title='bbox 238 5109 309 5150; x_wconf 89' lang='lat' dir='ltr'><strong>oe</strong></span> <span class='ocrx_word' id='word_1_261' title='bbox 344 5133 356 5145; x_wconf 94' lang='lat'><strong>.</strong></span> 
     </span>
    </p>
   </div>
   <div class='ocr_carea' id='block_1_52' title="bbox 116 5099 356 5153">
    <p class='ocr_par' dir='ltr' id='par_1_52' title="bbox 116 5099 356 5153">
     <span class='ocr_line' id='line_1_53' title="bbox 116 5099 356 5153; baseline -0.029 0"><span class='ocrx_word' id='word_1_262' title='bbox 116 5099 356 5153; x_wconf 83' lang='lat' dir='ltr'><strong>roboet.</strong></span> 
     </span>
    </p>
   </div>
   <div class='ocr_carea' id='block_1_53' title="bbox 196 5163 1155 5236">
    <p class='ocr_par' dir='ltr' id='par_1_53' title="bbox 196 5163 1155 5236">
     <span class='ocr_line' id='line_1_54' title="bbox 196 5163 1155 5236; baseline -0.002 -15"><span class='ocrx_word' id='word_1_263' title='bbox 196 5180 221 5209; x_wconf 67' lang='grc' dir='ltr'><strong>ο</strong></span> <span class='ocrx_word' id='word_1_264' title='bbox 256 5163 459 5221; x_wconf 83' lang='lat' dir='ltr'><strong>Moral.</strong></span> <span class='ocrx_word' id='word_1_265' title='bbox 485 5167 543 5218; x_wconf 88' lang='lat' dir='ltr'><strong>et</strong></span> <span class='ocrx_word' id='word_1_266' title='bbox 564 5167 880 5236; x_wconf 16' lang='lat' dir='ltr'><strong>,Antuerp.,</strong></span> <span class='ocrx_word' id='word_1_267' title='bbox 909 5165 1046 5220; x_wconf 75' lang='lat' dir='ltr'><strong>licet</strong></span> <span class='ocrx_word' id='word_1_268' title='bbox 1070 5165 1155 5219; x_wconf 82' lang='lat' dir='ltr'><strong>in.</strong></span> 
     </span>
    </p>
   </div>
   <div class='ocr_carea' id='block_1_54' title="bbox 195 5235 1029 5304">
    <p class='ocr_par' dir='ltr' id='par_1_54' title="bbox 195 5235 1029 5304">
     <span class='ocr_line' id='line_1_55' title="bbox 195 5235 1029 5304; baseline -0.004 -12"><span class='ocrx_word' id='word_1_269' title='bbox 195 5238 226 5279; x_wconf 70' lang='grc' dir='ltr'><em>ά</em></span> <span class='ocrx_word' id='word_1_270' title='bbox 261 5236 510 5301; x_wconf 90' lang='lat' dir='ltr'><strong>Schott.,</strong></span> <span class='ocrx_word' id='word_1_271' title='bbox 533 5235 888 5304; x_wconf 35' lang='lat' dir='ltr'><strong>doceret,’ut</strong></span> <span class='ocrx_word' id='word_1_272' title='bbox 917 5252 1029 5290; x_wconf 91' lang='lat' dir='ltr'><strong>ms.</strong></span> 
     </span>
    </p>
   </div>
   <div class='ocr_carea' id='block_1_55' title="bbox 197 5306 914 5376">
    <p class='ocr_par' dir='ltr' id='par_1_55' title="bbox 197 5306 914 5376">
     <span class='ocr_line' id='line_1_56' title="bbox 197 5306 914 5376; baseline -0.003 -14"><span class='ocrx_word' id='word_1_273' title='bbox 197 5324 224 5351; x_wconf 76' lang='grc' dir='ltr'><strong>ο</strong></span> <span class='ocrx_word' id='word_1_274' title='bbox 258 5306 369 5372; x_wconf 92' lang='lat' dir='ltr'><strong>Id.,</strong></span> <span class='ocrx_word' id='word_1_275' title='bbox 397 5306 675 5376; x_wconf 78' lang='lat' dir='ltr'><strong>perdere,</strong></span> <span class='ocrx_word' id='word_1_276' title='bbox 704 5310 770 5361; x_wconf 88' lang='lat' dir='ltr'><strong>ut</strong></span> <span class='ocrx_word' id='word_1_277' title='bbox 796 5322 914 5361; x_wconf 89' lang='lat' dir='ltr'><strong>ms.</strong></span> 
     </span>
    </p>
   </div>
   <div class='ocr_carea' id='block_1_56' title="bbox 190 5377 1800 5452">
    <p class='ocr_par' dir='ltr' id='par_1_56' title="bbox 190 5377 1800 5452">
     <span class='ocr_line' id='line_1_57' title="bbox 190 5377 1800 5452; baseline 0 -18"><span class='ocrx_word' id='word_1_278' title='bbox 190 5379 211 5420; x_wconf 74' lang='grc' dir='ltr'>ί</span> <span class='ocrx_word' id='word_1_279' title='bbox 256 5377 457 5452; x_wconf 73' lang='lat' dir='ltr'><strong>Morel.</strong></span> <span class='ocrx_word' id='word_1_280' title='bbox 494 5381 878 5449; x_wconf 77' lang='lat' dir='ltr'><strong>etAntuerp.,</strong></span> <span class='ocrx_word' id='word_1_281' title='bbox 904 5383 1237 5446; x_wconf 62' lang='lat' dir='ltr'><strong>praestant;</strong></span> <span class='ocrx_word' id='word_1_282' title='bbox 1262 5380 1507 5446; x_wconf 81' lang='lat' dir='ltr'><strong>Schott.,</strong></span> <span class='ocrx_word' id='word_1_283' title='bbox 1524 5384 1800 5452; x_wconf 60' lang='lat' dir='ltr'><strong>prastat.</strong></span> 
     </span>
    </p>
   </div>
   <div class='ocr_carea' id='block_1_57' title="bbox 197 5449 964 5518">
    <p class='ocr_par' dir='ltr' id='par_1_57' title="bbox 197 5449 964 5518">
     <span class='ocr_line' id='line_1_58' title="bbox 197 5449 964 5518; baseline 0.001 -15"><span class='ocrx_word' id='word_1_284' title='bbox 197 5462 228 5503; x_wconf 75' lang='grc' dir='ltr'><strong><em>ο</em></strong></span> <span class='ocrx_word' id='word_1_285' title='bbox 261 5449 509 5518; x_wconf 86' lang='lat' dir='ltr'><strong>Schott.,</strong></span> <span class='ocrx_word' id='word_1_286' title='bbox 537 5452 604 5503; x_wconf 91' lang='lat' dir='ltr'><strong>ut</strong></span> <span class='ocrx_word' id='word_1_287' title='bbox 632 5465 773 5516; x_wconf 88' lang='lat' dir='ltr'><strong>ms.,</strong></span> <span class='ocrx_word' id='word_1_288' title='bbox 803 5464 964 5505; x_wconf 74' lang='lat' dir='ltr'><strong>mox.</strong></span> 
     </span>
    </p>
   </div>
   <div class='ocr_carea' id='block_1_58' title="bbox 195 5520 638 5591">
    <p class='ocr_par' dir='ltr' id='par_1_58' title="bbox 195 5520 638 5591">
     <span class='ocr_line' id='line_1_59' title="bbox 195 5520 638 5591; baseline -0.002 -18"><span class='ocrx_word' id='word_1_289' title='bbox 195 5521 228 5563; x_wconf 68' lang='grc' dir='ltr'>ι</span> <span class='ocrx_word' id='word_1_290' title='bbox 262 5520 374 5591; x_wconf 86' lang='lat' dir='ltr'><strong>Id.,</strong></span> <span class='ocrx_word' id='word_1_291' title='bbox 406 5527 638 5589; x_wconf 80' lang='lat' dir='ltr'><strong>optans.</strong></span> 
     </span>
    </p>
   </div>
   <div class='ocr_carea' id='block_1_59' title="bbox 196 5591 1277 5664">
    <p class='ocr_par' dir='ltr' id='par_1_59' title="bbox 196 5591 1277 5664">
     <span class='ocr_line' id='line_1_60' title="bbox 196 5591 1277 5664; baseline 0 -16"><span class='ocrx_word' id='word_1_292' title='bbox 196 5596 214 5634; x_wconf 79' lang='grc' dir='ltr'><strong>ί</strong></span> <span class='ocrx_word' id='word_1_293' title='bbox 258 5591 367 5664; x_wconf 81' lang='lat' dir='ltr'><strong>Id.,</strong></span> <span class='ocrx_word' id='word_1_294' title='bbox 400 5596 709 5663; x_wconf 69' lang='lat' dir='ltr'><strong>qumstuus</strong></span> <span class='ocrx_word' id='word_1_295' title='bbox 733 5608 747 5659; x_wconf 92' lang='lat'><strong>;</strong></span> <span class='ocrx_word' id='word_1_296' title='bbox 775 5606 918 5658; x_wconf 91' lang='lat' dir='ltr'><strong>ms.,</strong></span> <span class='ocrx_word' id='word_1_297' title='bbox 954 5599 1277 5664; x_wconf 76' lang='lat' dir='ltr'><strong>quwstuve.</strong></span> 
     </span>
    </p>
   </div>
   <div class='ocr_carea' id='block_1_60' title="bbox 204 5662 700 5733">
    <p class='ocr_par' dir='ltr' id='par_1_60' title="bbox 204 5662 700 5733">
     <span class='ocr_line' id='line_1_61' title="bbox 204 5662 700 5733; baseline 0 -16"><span class='ocrx_word' id='word_1_298' title='bbox 204 5665 220 5717; x_wconf 86' lang='lat' dir='ltr'><strong>i</strong></span> <span class='ocrx_word' id='word_1_299' title='bbox 259 5662 341 5717; x_wconf 82' lang='lat' dir='ltr'><strong>id.</strong></span> <span class='ocrx_word' id='word_1_300' title='bbox 357 5707 370 5732; x_wconf 93' lang='lat'><strong>,</strong></span> <span class='ocrx_word' id='word_1_301' title='bbox 396 5678 700 5733; x_wconf 80' lang='lat' dir='ltr'><strong>purpura.</strong></span> 
     </span>
    </p>
   </div>
   <div class='ocr_carea' id='block_1_61' title="bbox 204 5733 692 5796">
    <p class='ocr_par' dir='ltr' id='par_1_61' title="bbox 204 5733 692 5796">
     <span class='ocr_line' id='line_1_62' title="bbox 204 5733 692 5796; baseline -0.004 -8"><span class='ocrx_word' id='word_1_302' title='bbox 204 5733 233 5770; x_wconf 67' lang='grc' dir='ltr'><strong>κ</strong></span> <span class='ocrx_word' id='word_1_303' title='bbox 261 5733 372 5796; x_wconf 76' lang='lat' dir='ltr'><strong>Id.,</strong></span> <span class='ocrx_word' id='word_1_304' title='bbox 408 5735 692 5790; x_wconf 75' lang='lat' dir='ltr'><strong>(aclinea.</strong></span> 
     </span>
    </p>
   </div>
   <div class='ocr_carea' id='block_1_62' title="bbox 205 5803 1119 5879">
    <p class='ocr_par' dir='ltr' id='par_1_62' title="bbox 205 5803 1119 5879">
     <span class='ocr_line' id='line_1_63' title="bbox 205 5803 1119 5879; baseline -0.004 -16"><span class='ocrx_word' id='word_1_305' title='bbox 205 5805 221 5847; x_wconf 86' lang='grc'><strong>¹</strong></span> <span class='ocrx_word' id='word_1_306' title='bbox 261 5803 465 5863; x_wconf 76' lang='lat' dir='ltr'><strong>Morel.</strong></span> <span class='ocrx_word' id='word_1_307' title='bbox 490 5808 549 5862; x_wconf 88' lang='lat' dir='ltr'><strong>et</strong></span> <span class='ocrx_word' id='word_1_308' title='bbox 574 5808 888 5879; x_wconf 84' lang='lat' dir='ltr'><strong>Antuerp.,</strong></span> <span class='ocrx_word' id='word_1_309' title='bbox 916 5810 1119 5878; x_wconf 82' lang='lat' dir='ltr'><strong>atque.</strong></span> 
     </span>
    </p>
   </div>
   <div class='ocr_carea' id='block_1_63' title="bbox 1544 299 2194 358">
    <p class='ocr_par' dir='ltr' id='par_1_63' title="bbox 1544 299 2194 358">
     <span class='ocr_line' id='line_1_64' title="bbox 1544 299 2194 358; baseline 0.003 -3"><span class='ocrx_word' id='word_1_310' title='bbox 1544 299 1713 358; x_wconf 82' lang='lat' dir='ltr'><strong>VITA</strong></span> <span class='ocrx_word' id='word_1_311' title='bbox 1751 300 1884 357; x_wconf 82' lang='lat' dir='ltr'><strong>VEL</strong></span> <span class='ocrx_word' id='word_1_312' title='bbox 1921 299 2194 358; x_wconf 75' lang='lat' dir='ltr'><strong>PASSIO.</strong></span> 
     </span>
    </p>
   </div>
   <div class='ocr_carea' id='block_1_64' title="bbox 3492 306 3598 361">
    <p class='ocr_par' dir='ltr' id='par_1_64' title="bbox 3492 306 3598 361">
     <span class='ocr_line' id='line_1_65' title="bbox 3492 306 3598 361; baseline 0.019 -2"><span class='ocrx_word' id='word_1_313' title='bbox 3492 306 3598 361; x_wconf 82' lang='lat'><strong>722</strong></span> 
     </span>
    </p>
   </div>
   <div class='ocr_carea' id='block_1_65' title="bbox 1852 425 3141 501">
    <p class='ocr_par' dir='ltr' id='par_1_65' title="bbox 1852 425 3141 501">
     <span class='ocr_line' id='line_1_66' title="bbox 1852 425 3141 501; baseline 0.002 -21"><span class='ocrx_word' id='word_1_314' title='bbox 1852 426 1902 479; x_wconf 90' lang='lat' dir='ltr'><strong>A</strong></span> <span class='ocrx_word' id='word_1_315' title='bbox 2004 425 2166 483; x_wconf 91' lang='lat' dir='ltr'><strong>Colla</strong></span> <span class='ocrx_word' id='word_1_316' title='bbox 2193 426 2474 484; x_wconf 87' lang='lat' dir='ltr'><strong>lactentia</strong></span> <span class='ocrx_word' id='word_1_317' title='bbox 2507 428 2530 462; x_wconf 77' lang='grc' dir='ltr'>¹ί</span> <span class='ocrx_word' id='word_1_318' title='bbox 2550 427 2845 499; x_wconf 88' lang='lat' dir='ltr'><strong>sanguine</strong></span> <span class='ocrx_word' id='word_1_319' title='bbox 2870 428 3141 501; x_wconf 73' lang='lat' dir='ltr'><strong>praedita,</strong></span> 
     </span>
    </p>
   </div>
   <div class='ocr_carea' id='block_1_66' title="bbox 2003 517 3184 584">
    <p class='ocr_par' dir='ltr' id='par_1_66' title="bbox 2003 517 3184 584">
     <span class='ocr_line' id='line_1_67' title="bbox 2003 517 3184 584; baseline 0.002 -12"><span class='ocrx_word' id='word_1_320' title='bbox 2003 520 2279 573; x_wconf 85' lang='lat' dir='ltr'><strong>lncurvat</strong></span> <span class='ocrx_word' id='word_1_321' title='bbox 2300 517 2573 584; x_wconf 89' lang='lat' dir='ltr'><strong>Domino,</strong></span> <span class='ocrx_word' id='word_1_322' title='bbox 2600 518 2785 574; x_wconf 91' lang='lat' dir='ltr'><strong>instat</strong></span> <span class='ocrx_word' id='word_1_323' title='bbox 2803 523 2860 575; x_wconf 89' lang='lat' dir='ltr'><strong>et</strong></span> <span class='ocrx_word' id='word_1_324' title='bbox 2884 518 3184 574; x_wconf 90' lang='lat' dir='ltr'><strong>obsecrat.</strong></span> 
     </span>
    </p>
   </div>
   <div class='ocr_carea' id='block_1_67' title="bbox 2071 606 3141 677">
    <p class='ocr_par' dir='ltr' id='par_1_67' title="bbox 2071 606 3141 677">
     <span class='ocr_line' id='line_1_68' title="bbox 2071 606 3141 677; baseline 0.001 -16"><span class='ocrx_word' id='word_1_325' title='bbox 2071 606 2163 662; x_wconf 91' lang='lat' dir='ltr'><strong>Sic</strong></span> <span class='ocrx_word' id='word_1_326' title='bbox 2191 606 2311 663; x_wconf 93' lang='lat' dir='ltr'><strong>ictu</strong></span> <span class='ocrx_word' id='word_1_327' title='bbox 2333 607 2513 677; x_wconf 86' lang='lat' dir='ltr'><strong>gladii</strong></span> <span class='ocrx_word' id='word_1_328' title='bbox 2543 607 2738 664; x_wconf 81' lang='lat' dir='ltr'><strong>sidere</strong></span> <span class='ocrx_word' id='word_1_329' title='bbox 2758 607 3057 674; x_wconf 83' lang='lat' dir='ltr'><strong>conditur,</strong></span> <span class='ocrx_word' id='word_1_330' title='bbox 3138 626 3141 629; x_wconf 55' lang='grc' dir='ltr'>λ</span> 
     </span>
    </p>
   </div>
   <div class='ocr_carea' id='block_1_68' title="bbox 2002 694 3040 752">
    <p class='ocr_par' dir='ltr' id='par_1_68' title="bbox 2002 694 3040 752">
     <span class='ocr_line' id='line_1_69' title="bbox 2002 694 3040 752; baseline -0.003 -1"><span class='ocrx_word' id='word_1_331' title='bbox 2002 694 2094 752; x_wconf 91' lang='lat' dir='ltr'><strong>Sic</strong></span> <span class='ocrx_word' id='word_1_332' title='bbox 2123 694 2309 751; x_wconf 90' lang='lat' dir='ltr'><strong>verbo</strong></span> <span class='ocrx_word' id='word_1_333' title='bbox 2337 696 2477 752; x_wconf 88' lang='lat' dir='ltr'><strong>ﬁdei</strong></span> <span class='ocrx_word' id='word_1_334' title='bbox 2510 696 2669 752; x_wconf 75' lang='lat' dir='ltr'><strong>clare</strong></span> <span class='ocrx_word' id='word_1_335' title='bbox 2700 695 3040 752; x_wconf 88' lang='lat' dir='ltr'><strong>revolvitur.</strong></span> 
     </span>
    </p>
   </div>
   <div class='ocr_carea' id='block_1_69' title="bbox 1998 783 3181 858">
    <p class='ocr_par' dir='ltr' id='par_1_69' title="bbox 1998 783 3181 858">
     <span class='ocr_line' id='line_1_70' title="bbox 1998 783 3181 858; baseline 0.001 -19"><span class='ocrx_word' id='word_1_336' title='bbox 1998 783 2216 839; x_wconf 80' lang='lat' dir='ltr'><strong>Adesto</strong></span> <span class='ocrx_word' id='word_1_337' title='bbox 2242 784 2498 851; x_wconf 90' lang='lat' dir='ltr'><strong>miseris,</strong></span> <span class='ocrx_word' id='word_1_338' title='bbox 2522 801 2899 858; x_wconf 55' lang='lat' dir='ltr'><strong>quaesumus,</strong></span> <span class='ocrx_word' id='word_1_339' title='bbox 2931 783 3181 840; x_wconf 82' lang='lat' dir='ltr'><strong>affatim.</strong></span> 
     </span>
    </p>
   </div>
   <div class='ocr_carea' id='block_1_70' title="bbox 1998 872 3148 947">
    <p class='ocr_par' dir='ltr' id='par_1_70' title="bbox 1998 872 3148 947">
     <span class='ocr_line' id='line_1_71' title="bbox 1998 872 3148 947; baseline 0 -18"><span class='ocrx_word' id='word_1_340' title='bbox 1998 872 2313 947; x_wconf 86' lang='lat' dir='ltr'><strong>Perplexos</strong></span> <span class='ocrx_word' id='word_1_341' title='bbox 2335 874 2613 946; x_wconf 88' lang='lat' dir='ltr'><strong>precibus</strong></span> <span class='ocrx_word' id='word_1_342' title='bbox 2639 874 2868 930; x_wconf 89' lang='lat' dir='ltr'><strong>solvere</strong></span> <span class='ocrx_word' id='word_1_343' title='bbox 2899 873 3148 929; x_wconf 88' lang='lat' dir='ltr'><strong>concite.</strong></span> 
     </span>
    </p>
   </div>
   <div class='ocr_carea' id='block_1_71' title="bbox 2053 961 3159 1038">
    <p class='ocr_par' dir='ltr' id='par_1_71' title="bbox 2053 961 3159 1038">
     <span class='ocr_line' id='line_1_72' title="bbox 2053 961 3159 1038; baseline 0 -21"><span class='ocrx_word' id='word_1_344' title='bbox 2053 961 2301 1038; x_wconf 71' lang='lat' dir='ltr'><strong>Adsiste</strong></span> <span class='ocrx_word' id='word_1_345' title='bbox 2331 962 2564 1035; x_wconf 87' lang='lat' dir='ltr'><strong>gemitis</strong></span> <span class='ocrx_word' id='word_1_346' title='bbox 2592 962 2900 1035; x_wconf 89' lang='lat' dir='ltr'><strong>poscimus</strong></span> <span class='ocrx_word' id='word_1_347' title='bbox 2930 962 3159 1031; x_wconf 81' lang='lat' dir='ltr'><strong>excitis,</strong></span> 
     </span>
    </p>
   </div>
   <div class='ocr_carea' id='block_1_72' title="bbox 1999 1049 3330 1124">
    <p class='ocr_par' dir='ltr' id='par_1_72' title="bbox 1999 1049 3330 1124">
     <span class='ocr_line' id='line_1_73' title="bbox 1999 1049 3330 1124; baseline -0.001 -18"><span class='ocrx_word' id='word_1_348' title='bbox 1999 1050 2310 1107; x_wconf 88' lang='lat' dir='ltr'><strong>lnﬂectens</strong></span> <span class='ocrx_word' id='word_1_349' title='bbox 2343 1050 2581 1107; x_wconf 81' lang='lat' dir='ltr'><strong>famulis</strong></span> <span class='ocrx_word' id='word_1_350' title='bbox 2605 1066 2769 1107; x_wconf 91' lang='lat' dir='ltr'><strong>nunc</strong></span> <span class='ocrx_word' id='word_1_351' title='bbox 2796 1066 3041 1124; x_wconf 91' lang='lat' dir='ltr'><strong>quoque</strong></span> <span class='ocrx_word' id='word_1_352' title='bbox 3063 1049 3330 1106; x_wconf 91' lang='lat' dir='ltr'><strong>numinis</strong></span> 
     </span>
    </p>
   </div>
   <div class='ocr_carea' id='block_1_73' title="bbox 1997 1138 3217 1213">
    <p class='ocr_par' dir='ltr' id='par_1_73' title="bbox 1997 1138 3217 1213">
     <span class='ocr_line' id='line_1_74' title="bbox 1997 1138 3217 1213; baseline -0.001 -19"><span class='ocrx_word' id='word_1_353' title='bbox 1997 1138 2286 1196; x_wconf 83' lang='lat' dir='ltr'><strong>Auditum</strong></span> <span class='ocrx_word' id='word_1_354' title='bbox 2315 1139 2645 1213; x_wconf 90' lang='lat' dir='ltr'><strong>placidum,</strong></span> <span class='ocrx_word' id='word_1_355' title='bbox 2670 1156 2866 1213; x_wconf 89' lang='lat' dir='ltr'><strong>quove</strong></span> <span class='ocrx_word' id='word_1_356' title='bbox 2896 1140 2908 1180; x_wconf 86' lang='grc'>¹</span> <span class='ocrx_word' id='word_1_357' title='bbox 2948 1139 3217 1196; x_wconf 92' lang='lat' dir='ltr'><strong>serenius</strong></span> 
     </span>
    </p>
   </div>
   <div class='ocr_carea' id='block_1_74' title="bbox 1995 1228 3194 1302">
    <p class='ocr_par' dir='ltr' id='par_1_74' title="bbox 1995 1228 3194 1302">
     <span class='ocr_line' id='line_1_75' title="bbox 1995 1228 3194 1302; baseline -0.001 -16"><span class='ocrx_word' id='word_1_358' title='bbox 1995 1231 2247 1287; x_wconf 84' lang='lat' dir='ltr'><strong>Mentem</strong></span> <span class='ocrx_word' id='word_1_359' title='bbox 2274 1234 2340 1285; x_wconf 91' lang='lat' dir='ltr'><strong>ut</strong></span> <span class='ocrx_word' id='word_1_360' title='bbox 2366 1228 2647 1302; x_wconf 90' lang='lat' dir='ltr'><strong>precibus</strong></span> <span class='ocrx_word' id='word_1_361' title='bbox 2677 1233 2882 1286; x_wconf 88' lang='lat' dir='ltr'><strong>sancte</strong></span> <span class='ocrx_word' id='word_1_362' title='bbox 2912 1228 3194 1287; x_wconf 86' lang='lat' dir='ltr'><strong>refocilet.</strong></span> 
     </span>
    </p>
   </div>
   <div class='ocr_carea' id='block_1_75' title="bbox 2070 1317 3058 1388">
    <p class='ocr_par' dir='ltr' id='par_1_75' title="bbox 2070 1317 3058 1388">
     <span class='ocr_line' id='line_1_76' title="bbox 2070 1317 3058 1388; baseline -0.002 -14"><span class='ocrx_word' id='word_1_363' title='bbox 2070 1320 2139 1374; x_wconf 91' lang='lat' dir='ltr'><strong>Ut</strong></span> <span class='ocrx_word' id='word_1_364' title='bbox 2164 1323 2359 1375; x_wconf 91' lang='lat' dir='ltr'><strong>rector</strong></span> <span class='ocrx_word' id='word_1_365' title='bbox 2378 1317 2573 1374; x_wconf 83' lang='lat' dir='ltr'><strong>deleat</strong></span> <span class='ocrx_word' id='word_1_366' title='bbox 2598 1333 2788 1388; x_wconf 88' lang='lat' dir='ltr'><strong>regna</strong></span> <span class='ocrx_word' id='word_1_367' title='bbox 2816 1318 3058 1383; x_wconf 87' lang='lat' dir='ltr'><strong>ferocia,</strong></span> 
     </span>
    </p>
   </div>
   <div class='ocr_carea' id='block_1_76' title="bbox 1995 1404 3131 1477">
    <p class='ocr_par' dir='ltr' id='par_1_76' title="bbox 1995 1404 3131 1477">
     <span class='ocr_line' id='line_1_77' title="bbox 1995 1404 3131 1477; baseline -0.002 -14"><span class='ocrx_word' id='word_1_368' title='bbox 1995 1405 2313 1464; x_wconf 90' lang='lat' dir='ltr'><strong>Conculcet</strong></span> <span class='ocrx_word' id='word_1_369' title='bbox 2342 1405 2497 1462; x_wconf 86' lang='lat' dir='ltr'><strong>valid</strong></span> <span class='ocrx_word' id='word_1_370' title='bbox 2510 1422 2579 1461; x_wconf 91' lang='lat' dir='ltr'><strong>us</strong></span> <span class='ocrx_word' id='word_1_371' title='bbox 2608 1406 2900 1475; x_wconf 86' lang='lat' dir='ltr'><strong>dogmata</strong></span> <span class='ocrx_word' id='word_1_372' title='bbox 2922 1404 3131 1477; x_wconf 87' lang='lat' dir='ltr'><strong>impia,</strong></span> 
     </span>
    </p>
   </div>
   <div class='ocr_carea' id='block_1_77' title="bbox 1990 1494 3014 1569">
    <p class='ocr_par' dir='ltr' id='par_1_77' title="bbox 1990 1494 3014 1569">
     <span class='ocr_line' id='line_1_78' title="bbox 1990 1494 3014 1569; baseline -0.002 -17"><span class='ocrx_word' id='word_1_373' title='bbox 1990 1495 2267 1569; x_wconf 80' lang='lat' dir='ltr'><strong>Adspiret</strong></span> <span class='ocrx_word' id='word_1_374' title='bbox 2285 1495 2425 1551; x_wconf 87' lang='lat' dir='ltr'><strong>ﬁdei</strong></span> <span class='ocrx_word' id='word_1_375' title='bbox 2452 1498 2710 1568; x_wconf 79' lang='lat' dir='ltr'><strong>comptae</strong></span> <span class='ocrx_word' id='word_1_376' title='bbox 2747 1494 3014 1563; x_wconf 90' lang='lat' dir='ltr'><strong>refulsio,</strong></span> 
     </span>
    </p>
   </div>
   <div class='ocr_carea' id='block_1_78' title="bbox 1874 1582 3097 1653">
    <p class='ocr_par' dir='ltr' id='par_1_78' title="bbox 1874 1582 3097 1653">
     <span class='ocr_line' id='line_1_79' title="bbox 1874 1582 3097 1653; baseline -0.003 -11"><span class='ocrx_word' id='word_1_377' title='bbox 1874 1586 1881 1596; x_wconf 85' lang='lat'><strong><em>&#39;</em></strong></span> <span class='ocrx_word' id='word_1_378' title='bbox 1992 1587 2121 1652; x_wconf 89' lang='lat' dir='ltr'><strong>Qua</strong></span> <span class='ocrx_word' id='word_1_379' title='bbox 2146 1585 2279 1641; x_wconf 70' lang='lat' dir='ltr'><strong>coeli</strong></span> <span class='ocrx_word' id='word_1_380' title='bbox 2300 1590 2523 1641; x_wconf 89' lang='lat' dir='ltr'><strong>reseret</strong></span> <span class='ocrx_word' id='word_1_381' title='bbox 2551 1584 2818 1641; x_wconf 90' lang='lat' dir='ltr'><strong>culmina</strong></span> <span class='ocrx_word' id='word_1_382' title='bbox 2844 1582 3097 1653; x_wconf 84' lang='lat' dir='ltr'><strong>fulgida.</strong></span> 
     </span>
    </p>
   </div>
   <div class='ocr_carea' id='block_1_79' title="bbox 2066 1670 3200 1747">
    <p class='ocr_par' dir='ltr' id='par_1_79' title="bbox 2066 1670 3200 1747">
     <span class='ocr_line' id='line_1_80' title="bbox 2066 1670 3200 1747; baseline -0.004 -16"><span class='ocrx_word' id='word_1_383' title='bbox 2066 1677 2135 1731; x_wconf 90' lang='lat' dir='ltr'><strong>Ut</strong></span> <span class='ocrx_word' id='word_1_384' title='bbox 2164 1678 2450 1747; x_wconf 87' lang='lat' dir='ltr'><strong>torquens</strong></span> <span class='ocrx_word' id='word_1_385' title='bbox 2478 1673 2725 1731; x_wconf 81' lang='lat' dir='ltr'><strong>haeresis</strong></span> <span class='ocrx_word' id='word_1_386' title='bbox 2753 1673 2932 1743; x_wconf 89' lang='lat' dir='ltr'><strong>longe</strong></span> <span class='ocrx_word' id='word_1_387' title='bbox 2958 1670 3200 1736; x_wconf 89' lang='lat' dir='ltr'><strong>resiliat,</strong></span> 
     </span>
    </p>
   </div>
   <div class='ocr_carea' id='block_1_80' title="bbox 1839 1762 3046 1833">
    <p class='ocr_par' dir='ltr' id='par_1_80' title="bbox 1839 1762 3046 1833">
     <span class='ocr_line' id='line_1_81' title="bbox 1839 1762 3046 1833; baseline -0.004 -12"><span class='ocrx_word' id='word_1_388' title='bbox 1839 1781 1883 1833; x_wconf 83' lang='grc' dir='ltr'><strong>Β</strong></span> <span class='ocrx_word' id='word_1_389' title='bbox 1995 1766 2063 1821; x_wconf 87' lang='lat' dir='ltr'><strong>Ut</strong></span> <span class='ocrx_word' id='word_1_390' title='bbox 2091 1763 2285 1821; x_wconf 89' lang='lat' dir='ltr'><strong>cultus</strong></span> <span class='ocrx_word' id='word_1_391' title='bbox 2313 1763 2548 1820; x_wconf 91' lang='lat' dir='ltr'><strong>Domini</strong></span> <span class='ocrx_word' id='word_1_392' title='bbox 2579 1762 2755 1820; x_wconf 89' lang='lat' dir='ltr'><strong>altius</strong></span> <span class='ocrx_word' id='word_1_393' title='bbox 2794 1762 3046 1819; x_wconf 91' lang='lat' dir='ltr'><strong>emicet:</strong></span> 
     </span>
    </p>
   </div>
   <div class='ocr_carea' id='block_1_81' title="bbox 1993 1850 3042 1925">
    <p class='ocr_par' dir='ltr' id='par_1_81' title="bbox 1993 1850 3042 1925">
     <span class='ocr_line' id='line_1_82' title="bbox 1993 1850 3042 1925; baseline -0.004 -16"><span class='ocrx_word' id='word_1_394' title='bbox 1993 1856 2269 1909; x_wconf 86' lang='lat' dir='ltr'><strong>Rectores</strong></span> <span class='ocrx_word' id='word_1_395' title='bbox 2296 1852 2504 1925; x_wconf 79' lang='lat' dir='ltr'><strong>patriae</strong></span> <span class='ocrx_word' id='word_1_396' title='bbox 2534 1851 2681 1908; x_wconf 92' lang='lat' dir='ltr'><strong>ﬂore</strong></span> <span class='ocrx_word' id='word_1_397' title='bbox 2710 1850 3042 1918; x_wconf 87' lang='lat' dir='ltr'><strong>redoleant,</strong></span> 
     </span>
    </p>
   </div>
   <div class='ocr_carea' id='block_1_82' title="bbox 1989 1939 3080 1997">
    <p class='ocr_par' dir='ltr' id='par_1_82' title="bbox 1989 1939 3080 1997">
     <span class='ocr_line' id='line_1_83' title="bbox 1989 1939 3080 1997; baseline -0.005 0"><span class='ocrx_word' id='word_1_398' title='bbox 1989 1941 2288 1997; x_wconf 84' lang='lat' dir='ltr'><strong>Adversos</strong></span> <span class='ocrx_word' id='word_1_399' title='bbox 2319 1955 2545 1997; x_wconf 90' lang='lat' dir='ltr'><strong>cuneos</strong></span> <span class='ocrx_word' id='word_1_400' title='bbox 2564 1939 2749 1996; x_wconf 90' lang='lat' dir='ltr'><strong>libere</strong></span> <span class='ocrx_word' id='word_1_401' title='bbox 2779 1939 3080 1995; x_wconf 89' lang='lat' dir='ltr'><strong>ventilent.</strong></span> 
     </span>
    </p>
   </div>
   <div class='ocr_carea' id='block_1_83' title="bbox 2064 2027 3244 2102">
    <p class='ocr_par' dir='ltr' id='par_1_83' title="bbox 2064 2027 3244 2102">
     <span class='ocr_line' id='line_1_84' title="bbox 2064 2027 3244 2102; baseline -0.003 -14"><span class='ocrx_word' id='word_1_402' title='bbox 2064 2030 2147 2088; x_wconf 90' lang='lat' dir='ltr'><strong>Sit</strong></span> <span class='ocrx_word' id='word_1_403' title='bbox 2170 2030 2293 2087; x_wconf 88' lang='lat' dir='ltr'><strong>vita</strong></span> <span class='ocrx_word' id='word_1_404' title='bbox 2316 2028 2579 2102; x_wconf 90' lang='lat' dir='ltr'><strong>populis,</strong></span> <span class='ocrx_word' id='word_1_405' title='bbox 2609 2029 2686 2086; x_wconf 89' lang='lat' dir='ltr'><strong>sit</strong></span> <span class='ocrx_word' id='word_1_406' title='bbox 2711 2044 2955 2102; x_wconf 91' lang='lat' dir='ltr'><strong>quoque</strong></span> <span class='ocrx_word' id='word_1_407' title='bbox 2985 2027 3244 2102; x_wconf 88' lang='lat' dir='ltr'><strong>provida</strong></span> 
     </span>
    </p>
   </div>
   <div class='ocr_carea' id='block_1_84' title="bbox 1992 2118 3167 2191">
    <p class='ocr_par' dir='ltr' id='par_1_84' title="bbox 1992 2118 3167 2191">
     <span class='ocr_line' id='line_1_85' title="bbox 1992 2118 3167 2191; baseline -0.004 -13"><span class='ocrx_word' id='word_1_408' title='bbox 1992 2119 2221 2178; x_wconf 88' lang='lat' dir='ltr'><strong>Sanctis</strong></span> <span class='ocrx_word' id='word_1_409' title='bbox 2252 2118 2457 2190; x_wconf 91' lang='lat' dir='ltr'><strong>religio</strong></span> <span class='ocrx_word' id='word_1_410' title='bbox 2486 2134 2595 2191; x_wconf 91' lang='lat' dir='ltr'><strong>per</strong></span> <span class='ocrx_word' id='word_1_411' title='bbox 2612 2119 2758 2190; x_wconf 89' lang='lat' dir='ltr'><strong>juge</strong></span> <span class='ocrx_word' id='word_1_412' title='bbox 2786 2122 3083 2190; x_wconf 89' lang='lat' dir='ltr'><strong>tempora,</strong></span> <span class='ocrx_word' id='word_1_413' title='bbox 3164 2158 3167 2159; x_wconf 47' lang='grc' dir='ltr'><em>ν</em></span> 
     </span>
    </p>
   </div>
   <div class='ocr_carea' id='block_1_85' title="bbox 1993 2204 3011 2278">
    <p class='ocr_par' dir='ltr' id='par_1_85' title="bbox 1993 2204 3011 2278">
     <span class='ocr_line' id='line_1_86' title="bbox 1993 2204 3011 2278; baseline -0.004 -13"><span class='ocrx_word' id='word_1_414' title='bbox 1993 2209 2075 2267; x_wconf 92' lang='lat' dir='ltr'><strong>Sit</strong></span> <span class='ocrx_word' id='word_1_415' title='bbox 2093 2208 2268 2264; x_wconf 88' lang='lat' dir='ltr'><strong>Trino</strong></span> <span class='ocrx_word' id='word_1_416' title='bbox 2297 2207 2552 2264; x_wconf 91' lang='lat' dir='ltr'><strong>Domino</strong></span> <span class='ocrx_word' id='word_1_417' title='bbox 2584 2206 2775 2278; x_wconf 90' lang='lat' dir='ltr'><strong>gloria</strong></span> <span class='ocrx_word' id='word_1_418' title='bbox 2799 2204 3011 2262; x_wconf 86' lang='lat' dir='ltr'><strong>sedula</strong></span> 
     </span>
    </p>
   </div>
   <div class='ocr_carea' id='block_1_86' title="bbox 1987 2294 3397 2367">
    <p class='ocr_par' dir='ltr' id='par_1_86' title="bbox 1987 2294 3397 2367">
     <span class='ocr_line' id='line_1_87' title="bbox 1987 2294 3397 2367; baseline -0.004 -13"><span class='ocrx_word' id='word_1_419' title='bbox 1987 2301 2290 2354; x_wconf 65' lang='lat' dir='ltr'><strong>Eternum</strong></span> <span class='ocrx_word' id='word_1_420' title='bbox 2310 2296 2633 2352; x_wconf 89' lang='lat' dir='ltr'><strong>dominans</strong></span> <span class='ocrx_word' id='word_1_421' title='bbox 2662 2294 2881 2367; x_wconf 90' lang='lat' dir='ltr'><strong>inclyte</strong></span> <span class='ocrx_word' id='word_1_422' title='bbox 2913 2295 3158 2352; x_wconf 69' lang='lat' dir='ltr'><strong>saecula.</strong></span> <span class='ocrx_word' id='word_1_423' title='bbox 3182 2295 3397 2350; x_wconf 76' lang='lat' dir='ltr'><strong>Amen.</strong></span> 
     </span>
    </p>
   </div>
   <div class='ocr_carea' id='block_1_87' title="bbox 1918 2418 3583 2503">
    <p class='ocr_par' dir='ltr' id='par_1_87' title="bbox 1918 2418 3583 2503">
     <span class='ocr_line' id='line_1_88' title="bbox 1918 2418 3583 2503; baseline -0.004 -18"><span class='ocrx_word' id='word_1_424' title='bbox 1918 2425 2064 2485; x_wconf 81' lang='lat' dir='ltr'><strong>Post</strong></span> <span class='ocrx_word' id='word_1_425' title='bbox 2088 2423 2213 2484; x_wconf 67' lang='lat' dir='ltr'><strong>haec</strong></span> <span class='ocrx_word' id='word_1_426' title='bbox 2240 2422 2555 2503; x_wconf 72' lang='lat' dir='ltr'><strong>superiora</strong></span> <span class='ocrx_word' id='word_1_427' title='bbox 2583 2422 2649 2480; x_wconf 72' lang='lat' dir='ltr'><strong>in</strong></span> <span class='ocrx_word' id='word_1_428' title='bbox 2675 2419 2865 2482; x_wconf 79' lang='lat' dir='ltr'><strong>altera</strong></span> <span class='ocrx_word' id='word_1_429' title='bbox 2896 2420 3235 2501; x_wconf 71' lang='lat' dir='ltr'><strong>exemplari</strong></span> <span class='ocrx_word' id='word_1_430' title='bbox 3269 2418 3583 2500; x_wconf 77' lang='lat' dir='ltr'><strong>sequentia</strong></span> 
     </span>
    </p>
   </div>
   <div class='ocr_carea' id='block_1_88' title="bbox 2464 2520 3039 2582">
    <p class='ocr_par' dir='ltr' id='par_1_88' title="bbox 2464 2520 3039 2582">
     <span class='ocr_line' id='line_1_89' title="bbox 2464 2520 3039 2582; baseline 0.002 -2"><span class='ocrx_word' id='word_1_431' title='bbox 2464 2529 2637 2581; x_wconf 78' lang='lat' dir='ltr'><strong>erant</strong></span> <span class='ocrx_word' id='word_1_432' title='bbox 2663 2520 3039 2582; x_wconf 73' lang='lat' dir='ltr'><strong>continuata.</strong></span> 
     </span>
    </p>
   </div>
   <div class='ocr_carea' id='block_1_89' title="bbox 2167 2654 3327 2726">
    <p class='ocr_par' dir='ltr' id='par_1_89' title="bbox 2167 2654 3327 2726">
     <span class='ocr_line' id='line_1_90' title="bbox 2167 2654 3327 2726; baseline -0.005 -17"><span class='ocrx_word' id='word_1_433' title='bbox 2167 2654 2237 2726; x_wconf 90' lang='lat'><strong>(6)</strong></span> <span class='ocrx_word' id='word_1_434' title='bbox 2287 2668 2633 2709; x_wconf 77' lang='lat' dir='ltr'><strong>TRANSLATIO</strong></span> <span class='ocrx_word' id='word_1_435' title='bbox 2672 2667 2951 2708; x_wconf 76' lang='lat' dir='ltr'><strong>CORPORIS</strong></span> <span class='ocrx_word' id='word_1_436' title='bbox 2991 2667 3041 2708; x_wconf 71' lang='grc' dir='ltr'><strong>β.</strong></span> <span class='ocrx_word' id='word_1_437' title='bbox 3083 2665 3327 2707; x_wconf 77' lang='lat' dir='ltr'><strong>sumen.</strong></span> 
     </span>
    </p>
   </div>
   <div class='ocr_carea' id='block_1_90' title="bbox 1985 2771 3589 2847">
    <p class='ocr_par' dir='ltr' id='par_1_90' title="bbox 1985 2771 3589 2847">
     <span class='ocr_line' id='line_1_91' title="bbox 1985 2771 3589 2847; baseline -0.006 -10"><span class='ocrx_word' id='word_1_438' title='bbox 1985 2779 2316 2838; x_wconf 89' lang='lat' dir='ltr'><strong>Translatio</strong></span> <span class='ocrx_word' id='word_1_439' title='bbox 2344 2778 2502 2836; x_wconf 88' lang='lat' dir='ltr'><strong>facta</strong></span> <span class='ocrx_word' id='word_1_440' title='bbox 2531 2780 2618 2834; x_wconf 91' lang='lat' dir='ltr'><strong>est</strong></span> <span class='ocrx_word' id='word_1_441' title='bbox 2635 2776 2825 2833; x_wconf 87' lang='lat' dir='ltr'><strong>sancti</strong></span> <span class='ocrx_word' id='word_1_442' title='bbox 2856 2774 3087 2847; x_wconf 88' lang='lat' dir='ltr'><strong>Eulogii</strong></span> <span class='ocrx_word' id='word_1_443' title='bbox 3104 2773 3389 2847; x_wconf 86' lang='lat' dir='ltr'><strong>martyris</strong></span> <span class='ocrx_word' id='word_1_444' title='bbox 3416 2771 3589 2830; x_wconf 90' lang='lat' dir='ltr'><strong>etdo-</strong></span> 
     </span>
    </p>
   </div>
   <div class='ocr_carea' id='block_1_91' title="bbox 1912 2861 3588 2939">
    <p class='ocr_par' dir='ltr' id='par_1_91' title="bbox 1912 2861 3588 2939">
     <span class='ocr_line' id='line_1_92' title="bbox 1912 2861 3588 2939; baseline -0.005 -11"><span class='ocrx_word' id='word_1_445' title='bbox 1912 2872 2093 2928; x_wconf 89' lang='lat' dir='ltr'><strong>ctoris</strong></span> <span class='ocrx_word' id='word_1_446' title='bbox 2122 2870 2184 2926; x_wconf 94' lang='lat' dir='ltr'><strong>in</strong></span> <span class='ocrx_word' id='word_1_447' title='bbox 2213 2868 2466 2925; x_wconf 88' lang='lat' dir='ltr'><strong>basilica</strong></span> <span class='ocrx_word' id='word_1_448' title='bbox 2487 2867 2677 2923; x_wconf 91' lang='lat' dir='ltr'><strong>sancti</strong></span> <span class='ocrx_word' id='word_1_449' title='bbox 2701 2865 2867 2939; x_wconf 87' lang='lat' dir='ltr'><strong>Zoyli</strong></span> <span class='ocrx_word' id='word_1_450' title='bbox 2899 2865 3067 2922; x_wconf 90' lang='lat' dir='ltr'><strong>titulo</strong></span> <span class='ocrx_word' id='word_1_451' title='bbox 3096 2862 3435 2938; x_wconf 89' lang='lat' dir='ltr'><strong>principali,</strong></span> <span class='ocrx_word' id='word_1_452' title='bbox 3469 2861 3588 2919; x_wconf 89' lang='lat' dir='ltr'><strong>Ka-</strong></span> 
     </span>
    </p>
   </div>
   <div class='ocr_carea' id='block_1_92' title="bbox 1910 2954 3585 3016">
    <p class='ocr_par' dir='ltr' id='par_1_92' title="bbox 1910 2954 3585 3016">
     <span class='ocr_line' id='line_1_93' title="bbox 1910 2954 3585 3016; baseline -0.006 0"><span class='ocrx_word' id='word_1_453' title='bbox 1910 2960 2124 3016; x_wconf 89' lang='lat' dir='ltr'><strong>lendas</strong></span> <span class='ocrx_word' id='word_1_454' title='bbox 2154 2958 2367 3014; x_wconf 90' lang='lat' dir='ltr'><strong>Junias</strong></span> <span class='ocrx_word' id='word_1_455' title='bbox 2392 2972 2515 3013; x_wconf 70' lang='lat' dir='ltr'><strong>aera</strong></span> <span class='ocrx_word' id='word_1_456' title='bbox 2546 2971 2835 3012; x_wconf 82' lang='lat' dir='ltr'><strong>ncccxcvu</strong></span> <span class='ocrx_word' id='word_1_457' title='bbox 2861 2969 2900 2995; x_wconf 83' lang='grc' dir='ltr'><strong>ιιι</strong></span> <span class='ocrx_word' id='word_1_458' title='bbox 2923 2996 2938 3010; x_wconf 94' lang='grc'><strong>.</strong></span> <span class='ocrx_word' id='word_1_459' title='bbox 2990 2954 3339 3010; x_wconf 88' lang='lat' dir='ltr'><strong>Celebratur</strong></span> <span class='ocrx_word' id='word_1_460' title='bbox 3381 2954 3585 3009; x_wconf 88' lang='lat' dir='ltr'><strong>autem</strong></span> 
     </span>
    </p>
   </div>
   <div class='ocr_carea' id='block_1_93' title="bbox 1911 3038 3586 3117">
    <p class='ocr_par' dir='ltr' id='par_1_93' title="bbox 1911 3038 3586 3117">
     <span class='ocr_line' id='line_1_94' title="bbox 1911 3038 3586 3117; baseline -0.006 -11"><span class='ocrx_word' id='word_1_461' title='bbox 1911 3049 2039 3105; x_wconf 84' lang='lat' dir='ltr'><strong>dies</strong></span> <span class='ocrx_word' id='word_1_462' title='bbox 2069 3047 2281 3104; x_wconf 89' lang='lat' dir='ltr'><strong>natalis</strong></span> <span class='ocrx_word' id='word_1_463' title='bbox 2311 3046 2441 3117; x_wconf 90' lang='lat' dir='ltr'><strong>ejus</strong></span> <span class='ocrx_word' id='word_1_464' title='bbox 2468 3044 2530 3099; x_wconf 91' lang='lat' dir='ltr'><strong>in</strong></span> <span class='ocrx_word' id='word_1_465' title='bbox 2555 3042 2900 3116; x_wconf 88' lang='lat' dir='ltr'><strong>supradicto</strong></span> <span class='ocrx_word' id='word_1_466' title='bbox 2953 3042 3027 3114; x_wconf 91' lang='lat'><strong>(7)</strong></span> <span class='ocrx_word' id='word_1_467' title='bbox 3078 3045 3235 3111; x_wconf 88' lang='lat' dir='ltr'><strong>coto,</strong></span> <span class='ocrx_word' id='word_1_468' title='bbox 3295 3056 3368 3096; x_wconf 92' lang='lat' dir='ltr'><strong>eo</strong></span> <span class='ocrx_word' id='word_1_469' title='bbox 3416 3038 3586 3112; x_wconf 88' lang='lat' dir='ltr'><strong>quod</strong></span> 
     </span>
    </p>
   </div>
   <div class='ocr_carea' id='block_1_94' title="bbox 1843 3125 3583 3208">
    <p class='ocr_par' dir='ltr' id='par_1_94' title="bbox 1843 3125 3583 3208">
     <span class='ocr_line' id='line_1_95' title="bbox 1843 3125 3583 3208; baseline -0.007 -14"><span class='ocrx_word' id='word_1_470' title='bbox 1843 3137 1884 3193; x_wconf 90' lang='lat' dir='ltr'><strong>C</strong></span> <span class='ocrx_word' id='word_1_471' title='bbox 1914 3137 2080 3194; x_wconf 90' lang='lat' dir='ltr'><strong>omni</strong></span> <span class='ocrx_word' id='word_1_472' title='bbox 2113 3141 2380 3208; x_wconf 87' lang='lat' dir='ltr'><strong>tempore</strong></span> <span class='ocrx_word' id='word_1_473' title='bbox 2404 3133 2467 3188; x_wconf 91' lang='lat' dir='ltr'><strong>in</strong></span> <span class='ocrx_word' id='word_1_474' title='bbox 2496 3131 2711 3188; x_wconf 88' lang='lat' dir='ltr'><strong>diebus</strong></span> <span class='ocrx_word' id='word_1_475' title='bbox 2734 3128 3226 3200; x_wconf 69' lang='lat' dir='ltr'><strong>Quadragesimae</strong></span> <span class='ocrx_word' id='word_1_476' title='bbox 3243 3126 3500 3184; x_wconf 90' lang='lat' dir='ltr'><strong>occurrit</strong></span> <span class='ocrx_word' id='word_1_477' title='bbox 3515 3125 3583 3183; x_wconf 84' lang='lat' dir='ltr'><strong>il-</strong></span> 
     </span>
    </p>
   </div>
   <div class='ocr_carea' id='block_1_95' title="bbox 1913 3223 2424 3282">
    <p class='ocr_par' dir='ltr' id='par_1_95' title="bbox 1913 3223 2424 3282">
     <span class='ocr_line' id='line_1_96' title="bbox 1913 3223 2424 3282; baseline -0.01 0"><span class='ocrx_word' id='word_1_478' title='bbox 1913 3225 2029 3282; x_wconf 91' lang='lat' dir='ltr'><strong>lius</strong></span> <span class='ocrx_word' id='word_1_479' title='bbox 2057 3223 2424 3281; x_wconf 87' lang='lat' dir='ltr'><strong>solemnitas.</strong></span> 
     </span>
    </p>
   </div>
   <div class='ocr_carea' id='block_1_96' title="bbox 2219 3341 3276 3405">
    <p class='ocr_par' dir='ltr' id='par_1_96' title="bbox 2219 3341 3276 3405">
     <span class='ocr_line' id='line_1_97' title="bbox 2219 3341 3276 3405; baseline -0.009 0"><span class='ocrx_word' id='word_1_480' title='bbox 2219 3347 2639 3405; x_wconf 76' lang='lat' dir='ltr'><strong>EPITAPHIUM</strong></span> <span class='ocrx_word' id='word_1_481' title='bbox 2679 3343 2925 3402; x_wconf 81' lang='lat' dir='ltr'><strong>SANCTI</strong></span> <span class='ocrx_word' id='word_1_482' title='bbox 2964 3341 3276 3400; x_wconf 85' lang='lat' dir='ltr'><strong>EULOGII.</strong></span> 
     </span>
    </p>
   </div>
   <div class='ocr_carea' id='block_1_97' title="bbox 1914 3463 3580 3545">
    <p class='ocr_par' dir='ltr' id='par_1_97' title="bbox 1914 3463 3580 3545">
     <span class='ocr_line' id='line_1_98' title="bbox 1914 3463 3580 3545; baseline -0.008 -13"><span class='ocrx_word' id='word_1_483' title='bbox 1914 3476 2016 3532; x_wconf 91' lang='lat' dir='ltr'><strong>Hic</strong></span> <span class='ocrx_word' id='word_1_484' title='bbox 2046 3474 2294 3531; x_wconf 88' lang='lat' dir='ltr'><strong>recubat</strong></span> <span class='ocrx_word' id='word_1_485' title='bbox 2312 3471 2550 3545; x_wconf 91' lang='lat' dir='ltr'><strong>lepidus</strong></span> <span class='ocrx_word' id='word_1_486' title='bbox 2605 3474 2857 3542; x_wconf 85' lang='lat' dir='ltr'><strong>martyr,</strong></span> <span class='ocrx_word' id='word_1_487' title='bbox 2888 3469 3221 3541; x_wconf 90' lang='lat' dir='ltr'><strong>doctorque</strong></span> <span class='ocrx_word' id='word_1_488' title='bbox 3276 3463 3580 3534; x_wconf 85' lang='lat' dir='ltr'><strong>refulgens</strong></span> 
     </span>
    </p>
   </div>
   <div class='ocr_carea' id='block_1_98' title="bbox 1915 3557 3353 3636">
    <p class='ocr_par' dir='ltr' id='par_1_98' title="bbox 1915 3557 3353 3636">
     <span class='ocr_line' id='line_1_99' title="bbox 1915 3557 3353 3636; baseline -0.007 -15"><span class='ocrx_word' id='word_1_489' title='bbox 1915 3564 2218 3636; x_wconf 86' lang='lat' dir='ltr'><strong>Eulogius,</strong></span> <span class='ocrx_word' id='word_1_490' title='bbox 2250 3563 2479 3631; x_wconf 88' lang='lat' dir='ltr'><strong>lumen,</strong></span> <span class='ocrx_word' id='word_1_491' title='bbox 2506 3559 2681 3617; x_wconf 91' lang='lat' dir='ltr'><strong>dulce</strong></span> <span class='ocrx_word' id='word_1_492' title='bbox 2710 3575 2819 3632; x_wconf 90' lang='lat' dir='ltr'><strong>per</strong></span> <span class='ocrx_word' id='word_1_493' title='bbox 2844 3557 3069 3615; x_wconf 79' lang='lat' dir='ltr'><strong>saecula</strong></span> <span class='ocrx_word' id='word_1_494' title='bbox 3106 3570 3353 3613; x_wconf 92' lang='lat' dir='ltr'><strong>nomen.</strong></span> 
     </span>
    </p>
   </div>
   <div class='ocr_carea' id='block_1_99' title="bbox 1914 3646 3249 3719">
    <p class='ocr_par' dir='ltr' id='par_1_99' title="bbox 1914 3646 3249 3719">
     <span class='ocr_line' id='line_1_100' title="bbox 1914 3646 3249 3719; baseline -0.007 -10"><span class='ocrx_word' id='word_1_495' title='bbox 1914 3652 2027 3719; x_wconf 76' lang='lat' dir='ltr'><strong>Qui</strong></span> <span class='ocrx_word' id='word_1_496' title='bbox 2054 3652 2178 3709; x_wconf 89' lang='lat' dir='ltr'><strong>zelo</strong></span> <span class='ocrx_word' id='word_1_497' title='bbox 2207 3650 2349 3707; x_wconf 89' lang='lat' dir='ltr'><strong>ﬁdei</strong></span> <span class='ocrx_word' id='word_1_498' title='bbox 2379 3648 2649 3717; x_wconf 90' lang='lat' dir='ltr'><strong>rutilans,</strong></span> <span class='ocrx_word' id='word_1_499' title='bbox 2674 3648 2891 3704; x_wconf 90' lang='lat' dir='ltr'><strong>virtute</strong></span> <span class='ocrx_word' id='word_1_500' title='bbox 2921 3646 3193 3719; x_wconf 89' lang='lat' dir='ltr'><strong>priorum</strong></span> <span class='ocrx_word' id='word_1_501' title='bbox 3222 3656 3249 3684; x_wconf 84' lang='grc' dir='ltr'><strong>ιι</strong></span> 
     </span>
    </p>
   </div>
   <div class='ocr_carea' id='block_1_100' title="bbox 1912 3734 3288 3808">
    <p class='ocr_par' dir='ltr' id='par_1_100' title="bbox 1912 3734 3288 3808">
     <span class='ocr_line' id='line_1_101' title="bbox 1912 3734 3288 3808; baseline -0.007 -11"><span class='ocrx_word' id='word_1_502' title='bbox 1912 3741 2188 3798; x_wconf 83' lang='lat' dir='ltr'><strong>Accensit</strong></span> <span class='ocrx_word' id='word_1_503' title='bbox 2214 3740 2453 3796; x_wconf 86' lang='lat' dir='ltr'><strong>animos</strong></span> <span class='ocrx_word' id='word_1_504' title='bbox 2476 3752 2706 3808; x_wconf 89' lang='lat' dir='ltr'><strong>magno</strong></span> <span class='ocrx_word' id='word_1_505' title='bbox 2736 3736 2968 3805; x_wconf 87' lang='lat' dir='ltr'><strong>fulgore</strong></span> <span class='ocrx_word' id='word_1_506' title='bbox 3000 3734 3288 3791; x_wconf 82' lang='lat' dir='ltr'><strong>virorum.</strong></span> 
     </span>
    </p>
   </div>
   <div class='ocr_carea' id='block_1_101' title="bbox 1911 3818 3502 3898">
    <p class='ocr_par' dir='ltr' id='par_1_101' title="bbox 1911 3818 3502 3898">
     <span class='ocr_line' id='line_1_102' title="bbox 1911 3818 3502 3898; baseline -0.009 -10"><span class='ocrx_word' id='word_1_507' title='bbox 1911 3831 2014 3887; x_wconf 88' lang='lat' dir='ltr'><strong>Hic</strong></span> <span class='ocrx_word' id='word_1_508' title='bbox 2039 3834 2234 3888; x_wconf 92' lang='lat' dir='ltr'><strong>macte</strong></span> <span class='ocrx_word' id='word_1_509' title='bbox 2264 3828 2498 3886; x_wconf 90' lang='lat' dir='ltr'><strong>celeber</strong></span> <span class='ocrx_word' id='word_1_510' title='bbox 2525 3826 2696 3883; x_wconf 88' lang='lat' dir='ltr'><strong>libris</strong></span> <span class='ocrx_word' id='word_1_511' title='bbox 2727 3827 3110 3898; x_wconf 83' lang='lat' dir='ltr'><strong>praeconatus</strong></span> <span class='ocrx_word' id='word_1_512' title='bbox 3140 3818 3502 3894; x_wconf 84' lang='lat' dir='ltr'><strong>ethymnis:</strong></span> 
     </span>
    </p>
   </div>
   <div class='ocr_carea' id='block_1_102' title="bbox 1911 3913 3214 3989">
    <p class='ocr_par' dir='ltr' id='par_1_102' title="bbox 1911 3913 3214 3989">
     <span class='ocr_line' id='line_1_103' title="bbox 1911 3913 3214 3989; baseline -0.008 -12"><span class='ocrx_word' id='word_1_513' title='bbox 1911 3922 1979 3977; x_wconf 87' lang='lat' dir='ltr'><strong>Et</strong></span> <span class='ocrx_word' id='word_1_514' title='bbox 1996 3922 2118 3977; x_wconf 88' lang='lat' dir='ltr'><strong>vita</strong></span> <span class='ocrx_word' id='word_1_515' title='bbox 2148 3918 2387 3989; x_wconf 89' lang='lat' dir='ltr'><strong>vigidus</strong></span> <span class='ocrx_word' id='word_1_516' title='bbox 2416 3929 2442 3959; x_wconf 87' lang='grc' dir='ltr'><strong>ο</strong></span> <span class='ocrx_word' id='word_1_517' title='bbox 2471 3959 2488 3988; x_wconf 86' lang='grc'><strong><em>,</em></strong></span> <span class='ocrx_word' id='word_1_518' title='bbox 2517 3918 2575 3972; x_wconf 93' lang='lat' dir='ltr'><strong>et</strong></span> <span class='ocrx_word' id='word_1_519' title='bbox 2604 3914 2731 3971; x_wconf 91' lang='lat' dir='ltr'><strong>sine</strong></span> <span class='ocrx_word' id='word_1_520' title='bbox 2753 3913 2876 3970; x_wconf 89' lang='lat' dir='ltr'><strong>sole</strong></span> <span class='ocrx_word' id='word_1_521' title='bbox 2908 3927 3214 3969; x_wconf 90' lang='lat' dir='ltr'><strong>coruscus.</strong></span> 
     </span>
    </p>
   </div>
   <div class='ocr_carea' id='block_1_103' title="bbox 1911 3997 3332 4076">
    <p class='ocr_par' dir='ltr' id='par_1_103' title="bbox 1911 3997 3332 4076">
     <span class='ocr_line' id='line_1_104' title="bbox 1911 3997 3332 4076; baseline -0.009 -9"><span class='ocrx_word' id='word_1_522' title='bbox 1911 4010 2023 4076; x_wconf 81' lang='lat' dir='ltr'><strong>Qui</strong></span> <span class='ocrx_word' id='word_1_523' title='bbox 2046 4014 2321 4066; x_wconf 90' lang='lat' dir='ltr'><strong>temnens</strong></span> <span class='ocrx_word' id='word_1_524' title='bbox 2342 4005 2550 4072; x_wconf 90' lang='lat' dir='ltr'><strong>ﬂuida,</strong></span> <span class='ocrx_word' id='word_1_525' title='bbox 2580 4002 2932 4060; x_wconf 89' lang='lat' dir='ltr'><strong>conscendit</strong></span> <span class='ocrx_word' id='word_1_526' title='bbox 2958 3999 3162 4057; x_wconf 91' lang='lat' dir='ltr'><strong>lucida</strong></span> <span class='ocrx_word' id='word_1_527' title='bbox 3178 3997 3332 4056; x_wconf 71' lang='lat' dir='ltr'><strong>cmli.</strong></span> 
     </span>
    </p>
   </div>
   <div class='ocr_carea' id='block_1_104' title="bbox 1910 4088 3232 4168">
    <p class='ocr_par' dir='ltr' id='par_1_104' title="bbox 1910 4088 3232 4168">
     <span class='ocr_line' id='line_1_105' title="bbox 1910 4088 3232 4168; baseline -0.008 -12"><span class='ocrx_word' id='word_1_528' title='bbox 1910 4103 2025 4157; x_wconf 88' lang='lat' dir='ltr'><strong>Nec</strong></span> <span class='ocrx_word' id='word_1_529' title='bbox 2055 4102 2246 4153; x_wconf 90' lang='lat' dir='ltr'><strong>morte</strong></span> <span class='ocrx_word' id='word_1_530' title='bbox 2273 4094 2466 4168; x_wconf 88' lang='lat' dir='ltr'><strong>periit,</strong></span> <span class='ocrx_word' id='word_1_531' title='bbox 2499 4093 2607 4149; x_wconf 91' lang='lat' dir='ltr'><strong>sed</strong></span> <span class='ocrx_word' id='word_1_532' title='bbox 2634 4092 2775 4149; x_wconf 89' lang='lat' dir='ltr'><strong>vivit</strong></span> <span class='ocrx_word' id='word_1_533' title='bbox 2790 4090 2931 4148; x_wconf 92' lang='lat' dir='ltr'><strong>sede</strong></span> <span class='ocrx_word' id='word_1_534' title='bbox 2963 4088 3232 4164; x_wconf 90' lang='lat' dir='ltr'><strong>perenni.</strong></span> 
     </span>
    </p>
   </div>
   <div class='ocr_carea' id='block_1_105' title="bbox 1910 4177 3371 4259">
    <p class='ocr_par' dir='ltr' id='par_1_105' title="bbox 1910 4177 3371 4259">
     <span class='ocr_line' id='line_1_106' title="bbox 1910 4177 3371 4259; baseline -0.008 -13"><span class='ocrx_word' id='word_1_535' title='bbox 1910 4187 2138 4247; x_wconf 88' lang='lat' dir='ltr'><strong>Credite</strong></span> <span class='ocrx_word' id='word_1_536' title='bbox 2167 4201 2399 4259; x_wconf 80' lang='lat' dir='ltr'><strong>quaeso,</strong></span> <span class='ocrx_word' id='word_1_537' title='bbox 2424 4183 2591 4251; x_wconf 79' lang='lat' dir='ltr'><strong>mihi,</strong></span> <span class='ocrx_word' id='word_1_538' title='bbox 2624 4183 2788 4249; x_wconf 87' lang='lat' dir='ltr'><strong>vivit,</strong></span> <span class='ocrx_word' id='word_1_539' title='bbox 2823 4197 2931 4255; x_wconf 90' lang='lat' dir='ltr'><strong>per</strong></span> <span class='ocrx_word' id='word_1_540' title='bbox 2960 4178 3182 4237; x_wconf 62' lang='lat' dir='ltr'><strong>saecula</strong></span> <span class='ocrx_word' id='word_1_541' title='bbox 3208 4177 3371 4242; x_wconf 89' lang='lat' dir='ltr'><strong>vivit,</strong></span> 
     </span>
    </p>
   </div>
   <div class='ocr_carea' id='block_1_106' title="bbox 1910 4270 3144 4350">
    <p class='ocr_par' dir='ltr' id='par_1_106' title="bbox 1910 4270 3144 4350">
     <span class='ocr_line' id='line_1_107' title="bbox 1910 4270 3144 4350; baseline -0.006 -15"><span class='ocrx_word' id='word_1_542' title='bbox 1910 4276 2194 4350; x_wconf 85' lang='lat' dir='ltr'><strong>Quisquis</strong></span> <span class='ocrx_word' id='word_1_543' title='bbox 2225 4273 2449 4331; x_wconf 83' lang='lat' dir='ltr'><strong>caelesti</strong></span> <span class='ocrx_word' id='word_1_544' title='bbox 2474 4272 2709 4330; x_wconf 60' lang='lat' dir='ltr'><strong>laetatur</strong></span> <span class='ocrx_word' id='word_1_545' title='bbox 2734 4270 2924 4343; x_wconf 88' lang='lat' dir='ltr'><strong>gloria</strong></span> <span class='ocrx_word' id='word_1_546' title='bbox 2952 4270 3144 4341; x_wconf 90' lang='lat' dir='ltr'><strong>regni.</strong></span> 
     </span>
    </p>
   </div>
   <div class='ocr_carea' id='block_1_107' title="bbox 2445 4394 3038 4461">
    <p class='ocr_par' dir='ltr' id='par_1_107' title="bbox 2445 4394 3038 4461">
     <span class='ocr_line' id='line_1_108' title="bbox 2445 4394 3038 4461; baseline -0.005 -7"><span class='ocrx_word' id='word_1_547' title='bbox 2445 4397 2704 4454; x_wconf 82' lang='lat' dir='ltr'><strong>ORATIO</strong></span> <span class='ocrx_word' id='word_1_548' title='bbox 2755 4394 3038 4461; x_wconf 79' lang='lat' dir='ltr'><strong>ALVARI.</strong></span> 
     </span>
    </p>
   </div>
   <div class='ocr_carea' id='block_1_108' title="bbox 1909 4515 3437 4594">
    <p class='ocr_par' dir='ltr' id='par_1_108' title="bbox 1909 4515 3437 4594">
     <span class='ocr_line' id='line_1_109' title="bbox 1909 4515 3437 4594; baseline -0.008 -11"><span class='ocrx_word' id='word_1_549' title='bbox 1909 4530 2080 4584; x_wconf 88' lang='lat' dir='ltr'><strong>Nunc</strong></span> <span class='ocrx_word' id='word_1_550' title='bbox 2106 4528 2164 4582; x_wconf 90' lang='lat' dir='ltr'><strong>te</strong></span> <span class='ocrx_word' id='word_1_551' title='bbox 2187 4537 2360 4594; x_wconf 91' lang='lat' dir='ltr'><strong>rogo,</strong></span> <span class='ocrx_word' id='word_1_552' title='bbox 2388 4525 2613 4591; x_wconf 90' lang='lat' dir='ltr'><strong>sancte,</strong></span> <span class='ocrx_word' id='word_1_553' title='bbox 2646 4520 2877 4577; x_wconf 89' lang='lat' dir='ltr'><strong>recolas</strong></span> <span class='ocrx_word' id='word_1_554' title='bbox 2899 4522 2967 4574; x_wconf 89' lang='lat' dir='ltr'><strong>ut</strong></span> <span class='ocrx_word' id='word_1_555' title='bbox 2992 4531 3218 4574; x_wconf 92' lang='lat' dir='ltr'><strong>nomen</strong></span> <span class='ocrx_word' id='word_1_556' title='bbox 3239 4515 3437 4585; x_wconf 90' lang='lat' dir='ltr'><strong>amici,</strong></span> 
     </span>
    </p>
   </div>
   <div class='ocr_carea' id='block_1_109' title="bbox 1910 4604 3307 4683">
    <p class='ocr_par' dir='ltr' id='par_1_109' title="bbox 1910 4604 3307 4683">
     <span class='ocr_line' id='line_1_110' title="bbox 1910 4604 3307 4683; baseline -0.009 -9"><span class='ocrx_word' id='word_1_557' title='bbox 1910 4617 2100 4683; x_wconf 88' lang='lat' dir='ltr'><strong>Quem</strong></span> <span class='ocrx_word' id='word_1_558' title='bbox 2121 4619 2228 4671; x_wconf 89' lang='lat' dir='ltr'><strong>tua</strong></span> <span class='ocrx_word' id='word_1_559' title='bbox 2242 4612 2342 4669; x_wconf 90' lang='lat' dir='ltr'><strong>hic</strong></span> <span class='ocrx_word' id='word_1_560' title='bbox 2370 4611 2561 4668; x_wconf 90' lang='lat' dir='ltr'><strong>tenuit</strong></span> <span class='ocrx_word' id='word_1_561' title='bbox 2586 4609 2782 4667; x_wconf 91' lang='lat' dir='ltr'><strong>dulcis</strong></span> <span class='ocrx_word' id='word_1_562' title='bbox 2809 4606 3074 4665; x_wconf 87' lang='lat' dir='ltr'><strong>amicitia</strong></span> <span class='ocrx_word' id='word_1_563' title='bbox 3095 4604 3307 4671; x_wconf 85' lang='lat' dir='ltr'><strong>ﬁxum,</strong></span> 
     </span>
    </p>
   </div>
   <div class='ocr_carea' id='block_1_110' title="bbox 1825 4490 1873 4545">
    <p class='ocr_par' dir='ltr' id='par_1_110' title="bbox 1825 4490 1873 4545">
     <span class='ocr_line' id='line_1_111' title="bbox 1825 4490 1873 4545; baseline 0 0"><span class='ocrx_word' id='word_1_564' title='bbox 1825 4490 1873 4545; x_wconf 92' lang='lat' dir='ltr'><strong>D</strong></span> 
     </span>
    </p>
   </div>
   <div class='ocr_carea' id='block_1_111' title="bbox 1980 4937 3574 5025">
    <p class='ocr_par' dir='ltr' id='par_1_111' title="bbox 1980 4937 3574 5025">
     <span class='ocr_line' id='line_1_112' title="bbox 1980 4937 3574 5025; baseline -0.009 -17"><span class='ocrx_word' id='word_1_565' title='bbox 1980 4967 2021 4995; x_wconf 77' lang='grc' dir='ltr'><strong>ιιι</strong></span> <span class='ocrx_word' id='word_1_566' title='bbox 2065 4954 2152 5025; x_wconf 79' lang='lat' dir='ltr'><strong>Ita</strong></span> <span class='ocrx_word' id='word_1_567' title='bbox 2177 4963 2453 5025; x_wconf 74' lang='lat' dir='ltr'><strong>prorsus,</strong></span> <span class='ocrx_word' id='word_1_568' title='bbox 2473 4960 2596 5025; x_wconf 90' lang='lat' dir='ltr'><strong>non</strong></span> <span class='ocrx_word' id='word_1_569' title='bbox 2598 4937 3415 5025; x_wconf 24' lang='lat' dir='ltr'><strong>pcccxcvni,‘ut_Moral,etqui</strong></span> <span class='ocrx_word' id='word_1_570' title='bbox 3432 4952 3574 5021; x_wconf 77' lang='lat' dir='ltr'><strong>eum</strong></span> 
     </span>
    </p>
   </div>
   <div class='ocr_carea' id='block_1_112' title="bbox 1911 5019 3574 5093">
    <p class='ocr_par' dir='ltr' id='par_1_112' title="bbox 1911 5019 3574 5093">
     <span class='ocr_line' id='line_1_113' title="bbox 1911 5019 3574 5093; baseline -0.01 -12"><span class='ocrx_word' id='word_1_571' title='bbox 1911 5024 2099 5080; x_wconf 91' lang='lat' dir='ltr'><strong>secuti</strong></span> <span class='ocrx_word' id='word_1_572' title='bbox 2127 5019 2312 5092; x_wconf 67' lang='lat' dir='ltr'><strong>fu&#39;ere,</strong></span> <span class='ocrx_word' id='word_1_573' title='bbox 2346 5019 2568 5086; x_wconf 91' lang='lat' dir='ltr'><strong>Schot.,</strong></span> <span class='ocrx_word' id='word_1_574' title='bbox 2598 5021 2808 5074; x_wconf 87' lang='lat' dir='ltr'><strong>Baron.</strong></span> <span class='ocrx_word' id='word_1_575' title='bbox 2841 5020 2898 5093; x_wconf 73' lang='lat' dir='ltr'><strong>et</strong></span> <span class='ocrx_word' id='word_1_576' title='bbox 2927 5019 3236 5093; x_wconf 39' lang='lat' dir='ltr'><strong>{\ntuerpﬂ</strong></span> <span class='ocrx_word' id='word_1_577' title='bbox 3268 5019 3372 5085; x_wconf 84' lang='lat' dir='ltr'><strong>qui</strong></span> <span class='ocrx_word' id='word_1_578' title='bbox 3393 5019 3574 5093; x_wconf 75' lang='lat' dir='ltr'><strong>nimis</strong></span> 
     </span>
    </p>
   </div>
   <div class='ocr_carea' id='block_1_113' title="bbox 1908 5086 3575 5152">
    <p class='ocr_par' dir='ltr' id='par_1_113' title="bbox 1908 5086 3575 5152">
     <span class='ocr_line' id='line_1_114' title="bbox 1908 5086 3575 5152; baseline -0.008 -1"><span class='ocrx_word' id='word_1_579' title='bbox 1908 5094 2257 5152; x_wconf 87' lang='lat' dir='ltr'><strong>hallucinati</strong></span> <span class='ocrx_word' id='word_1_580' title='bbox 2289 5086 2446 5147; x_wconf 84' lang='lat' dir='ltr'><strong>sunt.</strong></span> <span class='ocrx_word' id='word_1_581' title='bbox 2480 5094 2627 5147; x_wconf 87' lang='lat' dir='ltr'><strong>Nam</strong></span> <span class='ocrx_word' id='word_1_582' title='bbox 2667 5104 2805 5143; x_wconf 91' lang='lat' dir='ltr'><strong>cum</strong></span> <span class='ocrx_word' id='word_1_583' title='bbox 2860 5086 3245 5142; x_wconf 44' lang='lat' dir='ltr'><strong>Schottus&#39;in</strong></span> <span class='ocrx_word' id='word_1_584' title='bbox 3301 5086 3575 5150; x_wconf 73' lang='lat' dir='ltr'><strong>margine</strong></span> 
     </span>
    </p>
   </div>
   <div class='ocr_carea' id='block_1_114' title="bbox 1911 5158 3575 5234">
    <p class='ocr_par' dir='ltr' id='par_1_114' title="bbox 1911 5158 3575 5234">
     <span class='ocr_line' id='line_1_115' title="bbox 1911 5158 3575 5234; baseline -0.008 -11"><span class='ocrx_word' id='word_1_585' title='bbox 1911 5166 2349 5224; x_wconf 86' lang='lat' dir='ltr'><strong>animadvertat</strong></span> <span class='ocrx_word' id='word_1_586' title='bbox 2373 5178 2483 5234; x_wconf 88' lang='lat' dir='ltr'><strong>pro</strong></span> <span class='ocrx_word' id='word_1_587' title='bbox 2513 5177 2613 5216; x_wconf 79' lang='lat' dir='ltr'><strong>vni</strong></span> <span class='ocrx_word' id='word_1_588' title='bbox 2645 5159 2762 5234; x_wconf 75' lang='lat' dir='ltr'><strong>legi</strong></span> <span class='ocrx_word' id='word_1_589' title='bbox 2782 5176 2861 5214; x_wconf 88' lang='lat' dir='ltr'><strong>vu</strong></span> <span class='ocrx_word' id='word_1_590' title='bbox 2892 5160 2951 5234; x_wconf 82' lang='lat' dir='ltr'><strong>in</strong></span> <span class='ocrx_word' id='word_1_591' title='bbox 2981 5175 3117 5228; x_wconf 90' lang='lat' dir='ltr'><strong>ms.,</strong></span> <span class='ocrx_word' id='word_1_592' title='bbox 3137 5159 3411 5234; x_wconf 76' lang='lat' dir='ltr'><strong>haecque</strong></span> <span class='ocrx_word' id='word_1_593' title='bbox 3431 5158 3575 5234; x_wconf 86' lang='lat' dir='ltr'><strong>nota</strong></span> 
     </span>
    </p>
   </div>
   <div class='ocr_carea' id='block_1_115' title="bbox 1910 5228 3575 5307">
    <p class='ocr_par' dir='ltr' id='par_1_115' title="bbox 1910 5228 3575 5307">
     <span class='ocr_line' id='line_1_116' title="bbox 1910 5228 3575 5307; baseline -0.009 -13"><span class='ocrx_word' id='word_1_594' title='bbox 1910 5255 1985 5294; x_wconf 86' lang='lat' dir='ltr'><strong>vn</strong></span> <span class='ocrx_word' id='word_1_595' title='bbox 2021 5238 2223 5292; x_wconf 90' lang='lat' dir='ltr'><strong>statim</strong></span> <span class='ocrx_word' id='word_1_596' title='bbox 2250 5228 2392 5307; x_wconf 74' lang='lat' dir='ltr'><strong>post</strong></span> <span class='ocrx_word' id='word_1_597' title='bbox 2417 5234 2672 5289; x_wconf 85' lang='lat' dir='ltr'><strong>verbum</strong></span> <span class='ocrx_word' id='word_1_598' title='bbox 2700 5232 2823 5307; x_wconf 78' lang='lat' dir='ltr'><strong>dies</strong></span> <span class='ocrx_word' id='word_1_599' title='bbox 2839 5231 2916 5307; x_wconf 84' lang='lat' dir='ltr'><strong>ad</strong></span> <span class='ocrx_word' id='word_1_600' title='bbox 2941 5247 3111 5287; x_wconf 83' lang='lat' dir='ltr'><strong>oram</strong></span> <span class='ocrx_word' id='word_1_601' title='bbox 3133 5228 3439 5307; x_wconf 75' lang='lat' dir='ltr'><strong>incideret,</strong></span> <span class='ocrx_word' id='word_1_602' title='bbox 3460 5228 3575 5279; x_wconf 85' lang='lat' dir='ltr'><strong>An-</strong></span> 
     </span>
    </p>
   </div>
   <div class='ocr_carea' id='block_1_116' title="bbox 1912 5300 3571 5388">
    <p class='ocr_par' dir='ltr' id='par_1_116' title="bbox 1912 5300 3571 5388">
     <span class='ocr_line' id='line_1_117' title="bbox 1912 5300 3571 5388; baseline -0.01 -22"><span class='ocrx_word' id='word_1_603' title='bbox 1912 5300 2284 5388; x_wconf 68' lang='lat' dir='ltr'><strong>tuerpienses</strong></span> <span class='ocrx_word' id='word_1_604' title='bbox 2315 5310 2570 5388; x_wconf 73' lang='lat' dir='ltr'><strong>utraque</strong></span> <span class='ocrx_word' id='word_1_605' title='bbox 2599 5305 2790 5388; x_wconf 82' lang='lat' dir='ltr'><strong>verba</strong></span> <span class='ocrx_word' id='word_1_606' title='bbox 2829 5304 3103 5388; x_wconf 61' lang='lat' dir='ltr'><strong>iunxere,</strong></span> <span class='ocrx_word' id='word_1_607' title='bbox 3157 5300 3571 5388; x_wconf 51' lang='lat' dir='ltr'><strong>legerugtque,</strong></span> 
     </span>
    </p>
   </div>
   <div class='ocr_carea' id='block_1_117' title="bbox 1915 5370 3576 5448">
    <p class='ocr_par' dir='ltr' id='par_1_117' title="bbox 1915 5370 3576 5448">
     <span class='ocr_line' id='line_1_118' title="bbox 1915 5370 3576 5448; baseline -0.01 -11"><span class='ocrx_word' id='word_1_608' title='bbox 1915 5370 2390 5437; x_wconf 69' lang='lat' dir='ltr'><strong>Celébratur.....</strong></span> <span class='ocrx_word' id='word_1_609' title='bbox 2418 5370 2541 5448; x_wconf 61' lang='lat' dir='ltr'><strong>dics</strong></span> <span class='ocrx_word' id='word_1_610' title='bbox 2566 5391 2636 5430; x_wconf 85' lang='lat' dir='ltr'><strong>vn</strong></span> <span class='ocrx_word' id='word_1_611' title='bbox 2684 5370 2912 5431; x_wconf 60' lang='lat' dir='ltr'><strong>natalis</strong></span> <span class='ocrx_word' id='word_1_612' title='bbox 2943 5376 3092 5448; x_wconf 74' lang='lat' dir='ltr'><strong>ejus,</strong></span> <span class='ocrx_word' id='word_1_613' title='bbox 3144 5370 3411 5448; x_wconf 61' lang='lat' dir='ltr'><strong>arbitrati</strong></span> <span class='ocrx_word' id='word_1_614' title='bbox 3467 5380 3576 5438; x_wconf 90' lang='lat' dir='ltr'><strong>per</strong></span> 
     </span>
    </p>
   </div>
   <div class='ocr_carea' id='block_1_118' title="bbox 1913 5438 3574 5518">
    <p class='ocr_par' dir='ltr' id='par_1_118' title="bbox 1913 5438 3574 5518">
     <span class='ocr_line' id='line_1_119' title="bbox 1913 5438 3574 5518; baseline -0.011 -9"><span class='ocrx_word' id='word_1_615' title='bbox 1913 5456 2192 5509; x_wconf 87' lang='lat' dir='ltr'><strong>octavam</strong></span> <span class='ocrx_word' id='word_1_616' title='bbox 2214 5452 2318 5505; x_wconf 89' lang='lat' dir='ltr'><strong>aut</strong></span> <span class='ocrx_word' id='word_1_617' title='bbox 2336 5464 2417 5503; x_wconf 82' lang='lat' dir='ltr'><strong>vii</strong></span> <span class='ocrx_word' id='word_1_618' title='bbox 2447 5447 2573 5502; x_wconf 90' lang='lat' dir='ltr'><strong>dies</strong></span> <span class='ocrx_word' id='word_1_619' title='bbox 2596 5451 2912 5518; x_wconf 84' lang='lat' dir='ltr'><strong>sequentes</strong></span> <span class='ocrx_word' id='word_1_620' title='bbox 2936 5438 3156 5518; x_wconf 74' lang='lat' dir='ltr'><strong>festum</strong></span> <span class='ocrx_word' id='word_1_621' title='bbox 3178 5438 3409 5507; x_wconf 89' lang='lat' dir='ltr'><strong>Eulogii</strong></span> <span class='ocrx_word' id='word_1_622' title='bbox 3430 5452 3574 5518; x_wconf 84' lang='lat' dir='ltr'><strong>con-</strong></span> 
     </span>
    </p>
   </div>
   <div class='ocr_carea' id='block_1_119' title="bbox 1914 5512 3572 5592">
    <p class='ocr_par' dir='ltr' id='par_1_119' title="bbox 1914 5512 3572 5592">
     <span class='ocr_line' id='line_1_120' title="bbox 1914 5512 3572 5592; baseline -0.011 -12"><span class='ocrx_word' id='word_1_623' title='bbox 1914 5522 2156 5580; x_wconf 88' lang='lat' dir='ltr'><strong>tinuari.</strong></span> <span class='ocrx_word' id='word_1_624' title='bbox 2170 5522 2383 5592; x_wconf 82' lang='lat' dir='ltr'><strong>Postea</strong></span> <span class='ocrx_word' id='word_1_625' title='bbox 2393 5533 2506 5592; x_wconf 89' lang='lat' dir='ltr'><strong>pro</strong></span> <span class='ocrx_word' id='word_1_626' title='bbox 2522 5523 2650 5574; x_wconf 85' lang='lat' dir='ltr'><strong>cato</strong></span> <span class='ocrx_word' id='word_1_627' title='bbox 2672 5512 2984 5592; x_wconf 80' lang='lat' dir='ltr'><strong>perperam</strong></span> <span class='ocrx_word' id='word_1_628' title='bbox 3000 5516 3128 5592; x_wconf 72' lang='lat' dir='ltr'><strong>loco</strong></span> <span class='ocrx_word' id='word_1_629' title='bbox 3138 5512 3572 5592; x_wconf 57' lang='lat' dir='ltr'><strong>reposuerunt;</strong></span> 
     </span>
    </p>
   </div>
   <div class='ocr_carea' id='block_1_120' title="bbox 1915 5580 3573 5658">
    <p class='ocr_par' dir='ltr' id='par_1_120' title="bbox 1915 5580 3573 5658">
     <span class='ocr_line' id='line_1_121' title="bbox 1915 5580 3573 5658; baseline -0.009 -9"><span class='ocrx_word' id='word_1_630' title='bbox 1915 5598 2083 5649; x_wconf 91' lang='lat' dir='ltr'><strong>cotus</strong></span> <span class='ocrx_word' id='word_1_631' title='bbox 2108 5591 2290 5658; x_wconf 90' lang='lat' dir='ltr'><strong>enim,</strong></span> <span class='ocrx_word' id='word_1_632' title='bbox 2314 5580 2497 5651; x_wconf 74' lang='lat' dir='ltr'><strong>diem.</strong></span> <span class='ocrx_word' id='word_1_633' title='bbox 2529 5604 2652 5644; x_wconf 92' lang='lat' dir='ltr'><strong>non</strong></span> <span class='ocrx_word' id='word_1_634' title='bbox 2674 5580 2825 5643; x_wconf 50' lang='lat' dir='ltr'><strong>’ver&#39;o</strong></span> <span class='ocrx_word' id='word_1_635' title='bbox 2848 5586 3073 5653; x_wconf 88' lang='lat' dir='ltr'><strong>locum,</strong></span> <span class='ocrx_word' id='word_1_636' title='bbox 3104 5580 3573 5658; x_wconf 60' lang='lat' dir='ltr'><strong>hic&#39;_signiﬁcat.</strong></span> 
     </span>
    </p>
   </div>
   <div class='ocr_carea' id='block_1_121' title="bbox 1985 5651 3575 5730">
    <p class='ocr_par' dir='ltr' id='par_1_121' title="bbox 1985 5651 3575 5730">
     <span class='ocr_line' id='line_1_122' title="bbox 1985 5651 3575 5730; baseline -0.008 -11"><span class='ocrx_word' id='word_1_637' title='bbox 1985 5676 2012 5705; x_wconf 79' lang='grc' dir='ltr'>ιι</span> <span class='ocrx_word' id='word_1_638' title='bbox 2043 5662 2215 5720; x_wconf 85' lang='lat' dir='ltr'><strong>Haud</strong></span> <span class='ocrx_word' id='word_1_639' title='bbox 2243 5651 2399 5718; x_wconf 83' lang='lat' dir='ltr'><strong>recte</strong></span> <span class='ocrx_word' id='word_1_640' title='bbox 2432 5660 2677 5724; x_wconf 84' lang='lat' dir='ltr'><strong>Schott.,</strong></span> <span class='ocrx_word' id='word_1_641' title='bbox 2704 5658 2801 5714; x_wconf 92' lang='lat' dir='ltr'><strong>cui</strong></span> <span class='ocrx_word' id='word_1_642' title='bbox 2822 5651 3108 5730; x_wconf 81' lang='lat' dir='ltr'><strong>Antuerp.</strong></span> <span class='ocrx_word' id='word_1_643' title='bbox 3166 5651 3575 5720; x_wconf 89' lang='lat' dir='ltr'><strong>subscribunt,</strong></span> 
     </span>
    </p>
   </div>
   <div class='ocr_carea' id='block_1_122' title="bbox 1915 5732 2703 5804">
    <p class='ocr_par' dir='ltr' id='par_1_122' title="bbox 1915 5732 2703 5804">
     <span class='ocr_line' id='line_1_123' title="bbox 1915 5732 2703 5804; baseline -0.008 -13"><span class='ocrx_word' id='word_1_644' title='bbox 1915 5734 2044 5791; x_wconf 89' lang='lat' dir='ltr'><strong>vult</strong></span> <span class='ocrx_word' id='word_1_645' title='bbox 2063 5732 2421 5804; x_wconf 90' lang='lat' dir='ltr'><strong>substituere</strong></span> <span class='ocrx_word' id='word_1_646' title='bbox 2442 5732 2703 5804; x_wconf 77' lang='lat' dir='ltr'><strong>piorum.</strong></span> 
     </span>
    </p>
   </div>
   <div class='ocr_carea' id='block_1_123' title="bbox 1987 5800 2941 5876">
    <p class='ocr_par' dir='ltr' id='par_1_123' title="bbox 1987 5800 2941 5876">
     <span class='ocr_line' id='line_1_124' title="bbox 1987 5800 2941 5876; baseline -0.008 -10"><span class='ocrx_word' id='word_1_647' title='bbox 1987 5818 2014 5849; x_wconf 77' lang='grc' dir='ltr'><strong>ο</strong></span> <span class='ocrx_word' id='word_1_648' title='bbox 2043 5803 2241 5865; x_wconf 82' lang='lat' dir='ltr'><strong>Mora].</strong></span> <span class='ocrx_word' id='word_1_649' title='bbox 2275 5806 2332 5859; x_wconf 86' lang='lat' dir='ltr'><strong>et</strong></span> <span class='ocrx_word' id='word_1_650' title='bbox 2354 5800 2662 5876; x_wconf 79' lang='lat' dir='ltr'><strong>Antuerp.,</strong></span> <span class='ocrx_word' id='word_1_651' title='bbox 2688 5800 2941 5871; x_wconf 78' lang='lat' dir='ltr'><strong>rigidus.</strong></span> 
     </span>
    </p>
   </div>
  </div>
