3960 6386
101 294 215 364 133

953 296 1386 362 MEMORIALIS
1426 289 1874 361 SANC'I‘ORUM.
1914 324 1984 343 -ι-
2023 294 2380 361 EPISTOLE
2416 302 2741 361 PREVL/E.

3459 304 3566 360 734

99 424 514 494 descendere,
534 442 605 484 ac
634 426 952 502 praemissa
970 425 1111 483 ﬁdei
1139 427 1536 497 confessione,
1555 427 1792 482 hostem
1810 427 1871 480 -Α
1905 423 2190 480 eXcolatis
2216 443 2228 493 ;
2271 429 2329 482 et
2358 425 2407 481 si
2431 425 2694 482 hominis
2725 424 2820 482 sui
2849 425 3131 483 meritum
3160 429 3343 498 geret,
3370 430 3564 483 vestro

102 517 407 573 Ecclesiae
438 516 755 585 detestari;
784 516 940 573 illico
958 515 1271 572 iracundia
1292 516 1529 590 tyranni
1552 512 1795 570 saevien-

97 607 177 664 tis
210 621 446 663 omnes
472 606 751 673 exterriti,
768 606 1041 663 inaudita
1062 604 1446 663 versibilitate
1469 606 1792 662 sententias

101 700 386 769 mutant,
409 695 756 758 detrahunt,
789 695 1198 765 maledicunt;
1234 699 1628 768 auctoresque
1658 704 1792 751 ma-

101 784 212 857 gni
244 783 499 842 sceleris
528 790 659 841 esse
690 789 747 841 et
770 798 874 841 eos
902 784 1007 859 qui
1053 784 1195 842 talia
1223 788 1430 856 agunt,
1489 788 1547 841 et
1574 784 1678 857 qui
1707 785 1790 840 eis

103 874 350 942 favent,
400 873 1048 947 annuntiantﬁpaucis
1096 874 1451 941 admodum,
1485 873 1640 930 sicut
1664 874 1789 947 ipse

99 972 235 1020 non
267 961 497 1031 nescis,
535 962 745 1019 talium
773 958 1082 1034 sacrilegio
1107 963 1513 1036 sequestratis,
1536 963 1641 1036 qui
1666 962 1788 1036 pri-

102 1056 281 1110 mam
314 1049 682 1109 sententiam
708 1062 885 1108 suam
904 1050 1246 1109 nullatenus
1276 1068 1313 1109 a
1340 1050 1788 1109 venerabilitate

100 1142 474 1199 sanctorum
521 1140 1016 1198 immutaverunt.
1067 1143 1200 1208 Qua
1236 1141 1311 1198 de
1341 1157 1404 1198 re
1450 1141 1619 1198 nisus
1650 1156 1787 1197 sum

100 1228 248 1287 huic
276 1229 560 1287 insistere
587 1227 776 1304 operi,
811 1231 866 1286 et
892 1240 1005 1304 pro
1035 1234 1217 1304 captu
1264 1229 1497 1298 virium,
1532 1230 1786 1287 Domino

103 1318 474 1392 adjutrante,
528 1319 900 1376 succinctam
947 1320 1131 1392 hujus
1160 1318 1635 1377 mediocritatem
1665 1319 1784 1376 for-

102 1420 277 1466 mare
308 1408 537 1465 libelli:
573 1413 638 1465 ut
662 1424 841 1465 suum
869 1408 945 1466 de
973 1408 1149 1466 nobis
1165 1408 1425 1466 reddens
1446 1409 1659 1465 futuris
1690 1425 1786 1481 ge-

99 1497 531 1555 nerationibus
578 1496 1008 1563 testimonium,
1055 1512 1078 1540 α
1129 1503 1233 1555 aut
1274 1499 1577 1555 mendacii
1629 1499 1783 1555 infa-

103 1588 320 1649 miam.
338 1592 449 1645 aut
476 1586 676 1644 laudis
702 1585 780 1644 ab
797 1588 881 1644 eis
903 1585 1270 1661 susciperem
1302 1587 1558 1644 titulum.
1579 1588 1605 1630 ι’
1635 1591 1783 1646 Cum

100 1694 214 1734 nos
247 1677 508 1735 obtentu
539 1677 669 1748 ejus
718 1677 1036 1750 praemium
1065 1676 1396 1735 defensoris
1419 1677 1660 1750 justitite
1691 1678 1780 1734 ni-

1905 514 2244 571 testimonio
2269 515 2586 571 roboretis.
2616 519 2697 572 Ita
2726 531 2864 572 cum
2882 515 3106 571 eisdem
3140 516 3306 588 ipsis,
3330 516 3405 571 de
3436 516 3565 588 qui-

1901 602 2018 659 bus
2067 602 2394 676 loquimur,
2456 605 2699 672 sanctis,
2749 605 3009 677 ascripta
3056 604 3320 661 nominis
3380 605 3563 661 vestri

1900 692 2197 749 memoria
2225 693 2288 748 in
2314 691 2536 749 omlesti
2580 693 2828 766 pagina,
2870 692 3205 765 gaudeatis,
3235 693 3385 749 dum
3416 693 3561 750 mihi

1898 780 1995 837 vel
2036 781 2099 838 in
2141 782 2354 839 ultimo
2400 783 2624 852 angulo
2669 782 2937 855 paradisi
2978 783 3168 852 gratia
3196 782 3560 840 interventus

1898 882 2108 927 eorum
2135 873 2314 928 situm
2344 868 2678 945 praestiterit
2699 872 3066 945 quiescendi.
3089 876 3301 928 Amen.
3335 871 3474 928 Vale
3496 872 3558 929 in

1897 960 2152 1025 Domino
2181 963 2324 1018 Jesu
2354 962 2604 1030 Christo,
2634 961 3009 1018 serenissima
3038 961 3237 1019 frater.

2361 1066 2799 1128 RESCRIPTUM
2833 1067 3093 1127 ALVARI

2529 1192 2599 1233 AD
2623 1193 2926 1234 EULOGIUM.

1894 1296 2302 1351 Aacuueurou.
2353 1322 2423 1336 ο·-
2476 1294 2779 1367 Superiori
2842 1293 3217 1367 respondens
3281 1292 3557 1367 Alvarus,

1966 1382 2242 1440 opusque
2274 1382 2499 1440 magno
2530 1364 3017 1440 opere‘lauda‘ds,
3042 1380 3245 1440 rerum
3274 1366 3557 1440 praestan-

1966 1432 2108 1493 ti'am
2138 1432 2195 1492 et
2214 1432 2501 1493 orationis
2531 1432 2755 1493 eitollit
2773 1436 3147 1505 gravitatem.
3173 1432 3242 1492 Ut
3263 1432 3402 1490 edat
3423 1435 3558 1505 hor-

1966 1510 2153 1575 tatur;
2194 1508 2623 1564 sublimitatem
2661 1502 2803 1563 vero
2850 1508 3128 1563 dictionis
3157 1506 3467 1567 affectans.
3496 1502 3557 1562 in

1893 1620 1901 1627 .
1966 1580 2409 1636 affectationem
2440 1596 2547 1653 per
2576 1580 2937 1636 cacozeliam
2964 1579 3232 1635 incurrit.

1965 1686 2457 1744 ReverentiSSimo
2482 1688 2659 1743 Patri
2687 1689 2931 1742 EULOGIO
2956 1690 3240 1741 Arvanus.

100 1768 447 1824 hilominus
496 1782 534 1823 a
586 1765 842 1823 Domino
891 1781 1204 1840 speremus
1265 1768 1556 1840 accipere.
1610 1768 1782 1831 Quod
1812 1783 1854 1839 Β
1963 1776 2358 1846 Repriorasli.
2394 1781 2477 1831 mi
2515 1776 2769 1835 domine.
2815 1775 3218 1831 emolumenta
3243 1775 3557 1844 priorum:

101 1873 259 1930 Opus
280 1858 424 1929 jam
458 1866 609 1929 pene
635 1855 1004 1928 expeditum,
1028 1872 1167 1911 cum
1198 1872 1294 1912 me
1322 1856 1648 1913 fusibunda
1679 1872 1782 1929 op-

105 1946 182 2003 tio
214 1944 567 2020 praesidalis
616 1942 1005 2001 horribilibus
1044 1946 1385 2002 carceribus
1431 1945 1777 2019 applicaret,

104 2036 348 2093 turbata
381 2035 552 2091 omni
574 2034 800 2092 familia
830 2050 968 2091 mea
997 2035 1323 2109 irruptione
1356 2036 1697 2105 satellitum,
1719 2040 1782 2091 ut

104 2130 229 2183 erat
259 2122 558 2182 chartulis
588 2128 646 2181 et
667 2133 690 2161 °
712 2124 943 2197 pitaciis
974 2122 1227 2181 diversis
1254 2125 1616 2198 dispositum
1641 2142 1653 2194 ;
1691 2142 1779 2181 ar-

104 2212 362 2274 bitratus
392 2231 556 2286 sum,
585 2214 754 2289 quod
778 2228 886 2288 per
916 2213 942 2255 δ
969 2215 1139 2271 varia
1181 2216 1388 2272 fuisset
1411 2214 1776 2289 dispersum.

106 2302 218 2364 Sed
250 2304 395 2363 illuc
429 2310 570 2361 tunc
594 2304 846 2362 Domino
878 2310 1287 2373 conservante,
1319 2322 1480 2362 nunc
1510 2307 1663 2362 inter
1678 2303 1779 2362 a'n-

107 2394 340 2469 gustias
371 2388 726 2463 carcerales,
759 2394 893 2469 ipso
924 2395 1173 2452 demum
1220 2394 1492 2468 juvante,
1523 2410 1645 2452 non
1678 2414 1778 2453 so-

105 2480 229 2543 lum
254 2485 497 2560 perﬁci,
527 2494 739 2541 Verum
790 2484 971 2541 etiam
1010 2484 1152 2541 alibi
1189 2484 1505 2542 transcribi
1535 2500 1778 2559 prome-

106 2575 240 2646 ruit,
273 2586 539 2648 seseque
567 2590 691 2630 non
722 2573 888 2646 prius
932 2573 1098 2630 alteri
1129 2588 1316 2647 quam
1349 2572 1454 2631 tibi
1484 2575 1776 2632 innotesci

105 2664 295 2736 elegit.
325 2675 347 2702 ο
390 2664 549 2732 Quia
583 2664 809 2720 caeteris
860 2663 1053 2736 magis
1079 2679 1200 2721 non
1236 2666 1417 2729 audet
1459 2665 1775 2739 publicari,

104 2762 289 2827 quam
332 2753 528 2811 nolit:
588 2766 666 2809 ne
728 2750 1084 2809 detrahendi
1127 2754 1513 2811 occasionem
1552 2755 1778 2812 inculta

106 2844 383 2900 materies
433 2840 792 2899 adversariis
815 2841 1101 2915 praebeat,
1128 2859 1202 2898 ne
1234 2842 1554 2900 ridiculum
1584 2845 1775 2901 oratio

108 2930 379 3005 impolita
459 2932 693 3000 perosis
725 2930 1024 2988 exhibeat.
1057 2931 1314 2989 Hinc'ad
1344 2936 1396 2990 te
1425 2932 1603 2991 frater
1633 2934 1774 2990 cha-

108 3020 356 3089 rissime,
410 3022 707 3079 arbitrum
759 3021 1075 3077 scientiolse
1133 3039 1283 3078 meae
1344 3022 1789 3095 justissimum,‘

112 3125 260 3203 opus
282 3114 502 3185 ipsum
544 3110 764 3203 vilibus
794 3112 995 3203 adhuc
1027 3111 1400 3203 membranis
1449 3113 1769 3203 digestum,
1805 3144 1845 3203 Ο

114 3202 303 3272 primo
332 3202 661 3275 procuravi
717 3201 1140 3269 transmittere,
1172 3206 1237 3258 ut
1268 3202 1530 3259 fraterno
1569 3202 1772 3260 elima-

114 3293 235 3347 tum
252 3290 508 3363 judicio,
528 3292 576 3347 si
600 3288 973 3364 probaveris,
995 3292 1200 3364 pateat
1224 3290 1315 3359 ;',si
1335 3290 1770 3362 reprobaveris,

112 3380 316 3437 taceat.
359 3387 443 3439 Ac
474 3380 762 3453 deinceps
803 3385 943 3436 tunc
966 3379 1096 3451 jam
1127 3380 1145 3420 ἲ
1180 3378 1389 3437 illabili
1435 3396 1647 3451 gressu
1674 3398 1774 3437 cu-

114 3483 250 3525 neos
293 3487 698 3528 susurronum
745 3474 981 3527 armata
1026 3471 1271 3527 dextera
1319 3470 1573 3538 scindat,
1609 3477 1666 3527 et
1697 3472 1773 3527 ad

112 3552 312 3611 ﬁdeles
372 3572 520 3613 suos
549 3566 575 3611 l
622 3555 999 3612 victoriando
1054 3554 1341 3612 accedat:
1397 3559 1462 3611 ut
1517 3555 1770 3629 simplici

114 3644 517 3704 exhortatione
560 3645 925 3703 catholicum
954 3645 1235 3702 imbuens
1274 3660 1540 3716 gregem,
1600 3646 1773 3719 quid-

114 3726 250 3804 quid
276 3733 480 3806 gloriee
530 3735 861 3808 promeruit
918 3736 1127 3791 vestris
1176 3733 1460 3793 laudibus
1492 3735 1773 3793 admitta-

116 3824 219 3890 tur,
252 3830 588 3899 vestraeque
629 3828 783 3898 parti
826 3830 949 3882 tota
977 3826 1106 3896 ejus
1136 3825 1474 3882 benedictio
1514 3826 1771 3900 applice-

116 3913 218 3967 tur.
250 3915 348 3971 Sin
372 3930 518 3973 vero
549 3914 891 3972 turbinibus
941 3930 1065 3971 suse
1095 3915 1450 3972 obvolutum
1502 3916 1769 3986 signitias,

117 3998 337 4060 silentio
367 4020 512 4062 eum
534 4004 865 4062 decreveris
889 4005 1137 4078 perenni
1167 4005 1383 4079 sopire,
1416 4005 1617 4061 nullus
1648 4023 1774 4062 mu-

118 4089 234 4146 tum
258 4090 525 4166 irridere,
544 4110 725 4151 nemo
759 4096 1053 4151 tacentem
1078 4095 1294 4167 poterit
1320 4095 1634 4151 infamare.
1664 4096 1774 4151 Un-

114 4176 183 4234 de
205 4196 408 4253 quasso
438 4185 822 4241 serenitatem
848 4189 1132 4253 vestram,
1167 4190 1230 4241 ut
1268 4184 1484 4241 intuitu
1514 4183 1770 4240 Charita-

118 4265 202 4336 liS,
227 4285 347 4343 qua
376 4274 616 4347 utrique
664 4273 1206 4330 inconvulsibiliter
1241 4273 1620 4346 copulamur,
1652 4273 1770 4330 ele-

117 4355 297 4415 ctione
327 4362 557 4420 arbitrii
586 4363 773 4419 nostri
812 4363 927 4419 hoc
956 4378 1111 4435 opus
1160 4363 1510 4420 Memoriale
1536 4368 1770 4419 sancto-

117 4457 240 4502 rum
264 4457 547 4509 vocatum
574 4452 984 4526 percurrendo
1012 4452 1364 4519 emendetis,
1396 4452 1770 4509 recensendo

122 4636 151 4649 η
181 4572 347 4649 [Aut
365 4577 682 4649 mendacii
728 4579 1070 4649 infamiam.
1121 4580 1205 4633 Ex
1250 4576 1476 4634 ﬁducia
1513 4577 1771 4635 veritatis

119 4641 193 4695 ita
216 4641 478 4717 loquitur
508 4641 908 4706 subobscure.
942 4653 1157 4707 MORAL.

183 4727 209 4767 δ
237 4714 379 4792 Cum
422 4736 533 4792 nos
560 4721 803 4792 obtentu
854 4737 1002 4792 ejus.
1034 4724 1101 4776 Et
1129 4720 1225 4776 hic
1263 4735 1387 4792 non
1435 4719 1770 4777 admodum

120 4786 417 4864 Pﬁl‘spicue
457 4791 751 4864 loquitur,
774 4796 831 4847 et
860 4786 1063 4848 tamen
1094 4792 1218 4848 zelo
1250 4791 1391 4847 ﬁdei
1420 4797 1477 4848 et
1509 4792 1770 4849 veritatis

120 4855 285 4910 etiam
315 4855 689 4920 ﬁducia’hazc
720 4855 1021 4919 dicuntur.
1056 4865 1135 4918 In.

182 4934 204 4964 ο
230 4925 495 5006 Pitaciis.
527 4930 805 5006 Tabellas,
836 4932 1276 5006 Grmceqpitatia
1305 4928 1605 5006 dicuntur.
1636 4935 1769 4991 Om-

120 4990 213 5078 nia
238 5004 433 5078 autem
473 5004 536 5060 in
564 4990 805 5078 quibus
839 4990 1238 5078 scribebatur,
1280 5005 1535 5078 tabellas
1587 4990 1769 5077 prisci

120 5067 423 5137 vocabant,
454 5067 639 5133 tamet
664 5076 711 5132 si
737 5077 1097 5134 membrana
1117 5067 1273 5132 esset
1295 5082 1400 5133 aut
1429 5067 1653 5133 charta.
1690 5080 1764 5132 In.

121 5134 214 5260 au‘t
233 5134 569 5269 ﬂigavﬂ‘ta.
604 5148 844 5222 Aliquid
875 5149 1048 5205 desse
1083 5147 1356 5204 videtur:
1391 5147 1764 5216 discrimina,

260 5226 384 5271 008..
415 5226 489 5272 ID.

185 5279 375 5363 :Quia
405 5292 653 5348 ceteris.
691 5290 914 5363 subtile
944 5288 1241 5363 quiddam
1272 5304 1408 5346 cum
1442 5286 1638 5363 dicere
1667 5298 1766 5363 cu-

121 5353 290 5437 1395“,
321 5364 439 5437 lion
471 5362 667 5437 potuit
693 5353 1443 5437 ci’t‘ugere‘obscuritatem:
1493 5361 1640 5416 Cum
1672 5360 1763 5437 in-

120 5409 304 5507 ﬂigit?)
350 5409 1640 5507 instituisse};"gigans?Time;
1670 5409 1762 5507 ἐξ-

123 5495 249 5577 ἷξθέ
270 5495 347 5577 ίξξ,
372 5495 586 5577 Ῡιῖιςιίε
634 5495 825 5577 exire:
854 5504 1038 5577 Cupit
1069 5495 1381 5577 et‘p‘ariter
1401 5504 1567 5577 timet
1596 5503 1760 5559 evul-

163 5564 525 5657 g‘iyidmu?
549 5574 846 5657 pauculis
876 5564 1088 5657 verbis
1119 5564 1627 5648 cbmprehendere
1658 5589 1759 5655 vo-

1893 1868 1948 1921 et
1979 1868 2337 1921 anteriorem
2352 1867 2604 1937 jamque
2626 1866 3009 1921 obliteratum
3032 1865 3340 1935 fulgorem
3356 1865 3558 1920 catho-

1894 1952 2204 2023 licum,seu
2218 1956 2443 2024 fontem.
2463 1955 2805 2010 obturatum
2840 1956 2977 2010 vita
2993 1958 3552 2022 aternw,saturum,

1891 2056 1968 2100 ea:
1991 2044 2134 2100 Jesu
2160 2048 2398 2114 pectore
2426 2044 2888 2099 scaturientibus
2910 2044 3217 2111 proﬂuens
3248 2046 3432 2109 venis,
3465 2056 3554 2098 re-

1890 2135 2111 2189 serasti
2127 2132 2404 2202 ﬁdelibus
2430 2134 2743 2188 universis.
2777 2133 2887 2188 Ille
2906 2135 3084 2195 enim,
3106 2132 3212 2202 qui
3226 2132 3420 2187 aetatis
3444 2144 3553 2186 no-

1889 2228 2034 2279 strte
2062 2222 2244 2292 hujus
2267 2224 2586 2279 miseratus
2607 2236 2891 2289 errorem,
2917 2221 3284 2277 athletarum
3308 2232 3552 2276 suorum

1890 2314 2190 2369 occultum
2223 2312 2574 2382 propalavit
2624 2324 2898 2382 agonem,
2943 2313 3069 2380 ipse
3107 2323 3393 2387 magnum
3420 2322 3553 2379 pra

1888 2402 2159 2458 omnibus
2190 2400 2509 2470 inspiravit
2542 2401 2862 2471 doctorem,
2886 2415 3056 2472 quem
3087 2400 3299 2454 talium
3323 2396 3552 2455 verissi-

1889 2505 2049 2546 mum
2069 2492 2408 2562 accingeret
2428 2490 2823 2545 laudatorem.
2844 2491 3054 2560 Vigore
3069 2498 3278 2557 nempe
3289 2487 3540 2544 athereo

1888 2594 2009 2635 non
2040 2579 2344 2635 mundiali
2364 2580 2589 2634 caduco
2623 2580 3014 2640 accinctus,et
3033 2579 3372 2648 eloquentia
3391 2577 3553 2646 pari-

1890 2675 1980 2725 ter
2005 2669 2214 2724 divina
2247 2670 2631 2739 humanaque
2676 2674 2950 2735 ornatus,
2996 2672 3051 2723 et
3094 2668 3157 2722 in
3211 2666 3551 2723 hortatione

1887 2758 2174 2828 martyrii
2189 2758 2421 2827 primus
2453 2757 2708 2820 accuris,
2730 2760 2784 2812 et
2808 2758 2871 2811 in
2903 2756 3245 2825 defensione
3274 2752 3552 2811 Ecclesia:

1886 2854 2029 2904 ante
2054 2846 2205 2903 alios
2234 2848 2452 2904 milites
2460 2848 2750 2916 palestrae
2779 2851 3021 2903 (etei-nae
3049 2845 3371 2913 desudans,
3393 2837 3551 2900 bella

1885 2934 2128 2994 Domini
2153 2936 2464 3007 praelium,
2486 2948 2615 3005 prze
2645 2938 2875 2992 cunctis
2900 2936 3188 3005 assurgis.
3227 2931 3368 2991 Vere
3382 2940 3551 2990 nam-

1884 3038 2000 3099 que
2026 3028 2132 3083 ille
2155 3028 2403 3095 spiritus
2426 3025 2609 3080 corda
2635 3029 2841 3081 vestrm
2855 3024 3194 3093 prudentia!
3225 3020 3554 3094 tetigit,qui

1885 3101 2026 3172 olim
2050 3118 2263 3171 missus
2296 3116 2600 3184 apostolis,
2635 3115 2968 3169 Ecclesiam
2987 3113 3236 3168 diversis
3265 3112 3438 3167 donis
3459 3127 3553 3166 or-

1881 3204 2069 3261 navit.
2105 3206 2182 3259 Et
2212 3206 2319 3275 qui
2336 3205 2570 3267 heroas,
2597 3202 2670 3258 de
2697 3202 2910 3273 quibus
2938 3202 3264 3272 loquimur,
3287 3201 3550 3256 armavit

1883 3293 1966 3352 ad
1989 3309 2281 3364 pugnam,
2329 3295 2563 3362 aptavit
2591 3292 2672 3348 ad
2696 3293 2977 3362 gloriam,
3009 3295 3066 3347 et
3095 3289 3177 3346 ad
3223 3299 3543 3360 perennem

1883 3384 2169 3454 perduxit
2203 3398 2507 3451 coronam,
2560 3383 2685 3451 ipse
2713 3381 2854 3449 ﬁdei
2883 3386 3094 3437 vestra?
3123 3376 3543 3445 constantiam,

1884 3489 1956 3529 ac
2002 3474 2226 3542 linguae
2265 3472 2505 3527 disertae
2535 3471 2891 3540 facundiam
2934 3484 3033 3525 seu
3063 3468 3373 3539 sapientiae
3403 3483 3545 3537 pro-

1879 3563 2162 3632 ﬂuentem
2188 3562 2527 3616 doctrinam
2548 3561 2691 3628 plus
2711 3560 2885 3614 solito
2907 3574 3127 3615 acuens
3148 3559 3213 3613 in
3240 3557 3415 3614 rebus
3434 3557 3551 3613 sibi

1877 3652 2148 3721 placitis,
2177 3666 2240 3706 eo
2263 3652 2557 3720 dogmatis
2581 3650 2788 3705 imbuit
2814 3663 3080 3717 munere,
3108 3648 3134 3688 υ
3158 3660 3275 3719 quo
3307 3647 3421 3703 sibi
3448 3662 3549 3702 no-

1884 3746 2007 3797 tum
2042 3747 2124 3797 est
2156 3741 2271 3797 soli
2290 3742 2551 3810 placere.
2574 3740 2649 3795 Et
2680 3740 2814 3795 licet
2841 3733 3261 3807 philosophica
3284 3737 3546 3805 dictio,et

1884 3832 2158 3887 Tulliani
2197 3831 2387 3900 fontis
2418 3830 2766 3885 redundans
2788 3828 2981 3884 oratio
3001 3829 3014 3866 ί
3038 3826 3359 3882 τνίηιοάωη
3388 3824 3550 3881 illud

1885 3920 2167 3991 loquendi
2181 3934 2367 3990 genus
2386 3934 2497 3988 pro
2518 3919 2702 3973 insita
2719 3917 2998 3973 naturali
3016 3916 3254 3971 cautela
3271 3919 3543 3983 retentet,

1883 4014 2082 4066 tamen
2108 4008 2333 4079 majori
2349 4008 2529 4064 laude
2549 4007 2889 4063 habendum
2919 4012 3003 4062 est
3033 4000 3193 4077 quod
3216 4002 3545 4074 apostolico

1880 4114 2045 4154 more
2061 4096 2354 4169 digestum
2379 4097 2566 4153 est.Id
2587 4112 2706 4151 uno
2723 4096 2878 4152 enim
2905 4098 2959 4151 et
2974 4098 3259 4164 parvo,ut
3284 4092 3541 4161 videtur,

1882 4187 2264 4255 volumine,et
2290 4186 2486 4243 lumen
2520 4184 2938 4241 inenarrabile
2952 4183 3195 4254 profers
3218 4183 3434 4249 cteli,et
3457 4197 3548 4239 ve-

1882 4282 2177 4332 nustatem
2201 4277 2488 4332 sermonis
2511 4292 2629 4331 non
2646 4275 2837 4332 medie
2855 4280 3249 4345 repraesentas
3271 4272 3545 4328 humani:

1883 4365 2026 4421 dum
2049 4371 2102 4421 et
2116 4369 2424 4421 oratorum
2435 4366 2642 4434 ﬂorem
2656 4365 2926 4435 aspergis
2945 4363 3313 4419 rhetoricum
3318 4367 3397 4432 ,et
3410 4375 3547 4430 por-
3564 4385 3599 4414 ο

1884 4455 2032 4525 rigis
2060 4454 2391 4524 legentibus
2412 4454 2607 4510 cibum
2637 4454 2929 4509 divinum.
2957 4452 3120 4508 Tibii
3146 4453 3370 4508 lacteus
3390 4449 3548 4506 Livii

1878 4576 2008 4651 jam
2039 4592 2164 4634 non
2195 4576 2493 4635 formidet.
2528 4581 2601 4634 lo.

1906 4684 1907 4687 η
1955 4664 1979 4701 s
2046 4650 2431 4706 Victoriando
2457 4690 2470 4704 .
2529 4652 2826 4704 Novatum
2884 4647 2986 4702 illo
3037 4650 3327 4716 tempore,
3360 4658 3542 4716 voca-

1881 4716 2117 4791 bulum,
2145 4720 2299 4791 sicut
2326 4726 2383 4775 et
2410 4719 2556 4791 illud
2586 4718 2771 4791 paulo
2800 4714 3537 4791 postinconuulsibiliter:

1882 4797 1938 4847 et
1964 4790 2155 4846 multa
2184 4789 2556 4861 hujusmodi,
2589 4787 2726 4861 quae
2779 4787 3067 4842 omnibus
3113 4789 3258 4861 nota
3292 4787 3545 4861 annota-

1880 4864 2039 4919 tione
2069 4853 2286 4917 nostra'
2302 4876 2426 4916 non
2451 4853 2742 4930 indigent,
2774 4854 3291 4930 cumprtesertim
3320 4853 3541 4911 catalo-

1879 4932 2474 5015 gum.ipsor_umjam
2519 4920 2739 5005 invipso'
2779 4920 2978 5001 operis
3028 4920 3324 4983 vestibulo
3355 4934 3543 4998 appo-

1879 5008 2177 5060 suerimus
2210 5008 2284 5059 lD.

1948 5077 1974 5116 ιι
2006 5076 2131 5143 Quo
2156 5076 2270 5131 sibi
2298 5078 2505 5130 notum
2534 5078 2640 5129 est.
2685 5070 2948 5129 Obscura
2979 5067 3446 5144 aliquantulum,
3477 5071 3543 5144 με

1876 5146 1993 5202 alia
2022 5139 2328 5218 quaedam,
2356 5144 2524 5200 dixit.
2572 5144 2652 5218 Eo
2684 5147 3019 5218 te__x_1_iunere
3070 5139 3223 5218 Deus
3266 5139 3537 5218 donavit,

1921 5208 2150 5273 uod'illi
2180 5233 2241 5272 re
2289 5208 2529 5283 ensum,
2561 5212 2710 5270 solet
2738 5212 2817 5269 illi
2846 5208 3103 5287 placere.
3141 5208 3307 5294 Novit
3334 5213 3538 5267 autem

1873 5233 1968 5344 ille
1998 5286 2184 5344 solus.
2215 5233 2284 5343 ei)
2312 5286 2480 5344 quod
2511 5284 2754 5342 tandem
2784 5284 2900 5341 hoc
2942 5294 3169 5340 munus
3198 5286 3292 5344 Sit,
3325 5286 3383 5336 et
3411 5288 3537 5344 quo

1938 5305 1968 5343 e
1998 5302 2184 5352 soms,
2215 5302 2272 5343 et
2312 5302 2480 5352 quoa
2511 5302 2754 5342 tandem

1873 5296 1968 5344 ille
1998 5296 2184 5352 solus,
2215 5296 2272 5343 et
2312 5296 2480 5413 rauca
2511 5296 2754 5342 tandem
2786 5296 2900 5341 noc
2942 5296 3169 5364 munus
3198 5296 3292 5351 su,
3325 5296 3383 5336 et
3411 5296 3536 5352 quo

1872 5366 2052 5432 pacto
2083 5359 2298 5432 eodem
2373 5357 2556 5432 enati,
2583 5356 2644 5432 in
2674 5356 2866 5432 ipsius
2900 5356 3265 5432 obsequium
3295 5356 3536 5423 gratum

1871 5427 2066 5487 eidem
2096 5435 2154 5486 et
2176 5429 2518 5500 jucundum
2547 5427 2902 5500 refundunt:
2924 5431 2998 5482 In.

1942 5504 1957 5543 ί
2000 5492 2344 5557 Trimbdum
2375 5498 2815 5570 illud._’l‘riplex
2837 5494 3085 5570 dicendi
3104 5508 3309 5570 genus
3339 5492 3539 5570 rhetp-

1868 5589 1964 5628 res
1994 5554 2491 5642 distinguuntLSu
2501 5554 2701 5636 blime:
2716 5562 3040 5642 mediocre,
3059 5554 3453 5642 et'iniimum.
3470 5554 3537 5642 in

147 5632 310 5719 Ξῖξξεξ,
340 5643 499 5719 quod
546 5632 771 5719 librum
804 5663 981 5702 suum
1013 5632 1348 5719 alloquens,
1396 5660 1519 5702 non
1548 5645 1759 5718 paucis
1864 5642 2027 5700 idem
2053 5632 2213 5719 pene
2259 5632 2534 5698 recidunt
2562 5632 2876 5708 Asianum,
2920 5636 3242 5704 Rhodium,
3303 5634 3360 5693 et
3387 5632 3536 5693 Attis

125 5700 1091 5806 vati-393.13praesagaque}?
1106 5700 1182 5775 iii.

240 5772 464 5842 Illabili
483 5772 846 5859 genuisse
860 5772 1180 5863 areas,
1191 5792 1252 5847 et
1266 5788 1436 5863 quod
1449 5788 1756 5847 tabescere

1866 5728 2239 5859 θ’ἴωιρἆἐεω
2250 5786 2421 5847 Levii
2431 5783 2715 5844 subditur
2731 5782 2949 5843 omnis.
2964 5779 3079 5839 Titi
3101 5780 3245 5839 Livii
3265 5779 3532 5856 plenam,
