3960 6396
402 298 511 353 738

1603 286 1662 343 S.
1703 281 1989 341 EULOGII
2027 280 2355 340 ARCHIEP.
2396 284 2640 344 TOLET.

3737 292 3844 345 736

399 418 684 475 subditur
706 416 904 485 an‘nis,
956 414 1067 470 tibi
1095 412 1291 468 dulcis
1338 411 1500 467 cedet
1552 410 1665 466 illa
1693 421 1718 449 ι
1748 408 2060 465 smcutaris
2091 409 2137 461 A
2175 423 2315 477 gas;
2350 415 2546 466 tamen
2574 412 2907 470 cavendum
2933 416 3017 467 est
3045 412 3286 481 iterum,
3318 424 3393 465 ne
3420 410 3561 465 dum
3596 410 3867 468 humiti-.

404 508 617 577 lingua
645 506 910 569 Catonis,
933 504 1172 572 fervens
1204 515 1437 571 quoque
1464 498 1874 556 Demosthenis
1904 498 2063 567 inge-

402 597 589 656 nium,
610 599 668 651 et
694 594 855 648 dives
880 591 1169 653 Ciceronis
1188 590 1331 644 olim
1354 588 1675 659 eloquium,
1690 587 2064 657 ﬂoridusque

403 684 832 753 Quintilianus.
865 680 892 720 ιι
915 681 994 735 Et
1026 678 1256 734 dudum
1279 681 1666 747 prwconatus
1694 676 1853 745 styto
1883 676 1948 731 in
1978 690 2063 730 re-

402 772 509 828 bus
528 770 783 841 perditis
812 775 867 825 et
897 767 1231 833 caducis,et
1262 766 1463 821 labilis
1485 766 1598 821 aevi
1625 769 1830 820 rotatu
1856 763 2065 819 decur-

396 862 499 932 sis,
529 859 835 929 omnisque
884 858 1054 913 mille
1095 854 1409 926 generibus
1457 855 1703 911 exculta
1759 853 2059 917 doctrina,

398 953 749 1019 comparata
775 947 1243 1004 luculentissima
1264 946 1452 1014 operi,
1468 944 1730 1000 obsoleta
1759 948 1864 1009 est,
1889 948 1941 999 et
1972 942 2065 996 in-

392 1039 578 1110 fecta.
600 1038 921 1096 Terrestris
933 1036 1155 1108 quippe
1173 1036 1337 1091 nitor
1352 1036 1772 1105 zquiparatur
1791 1048 1867 1089 ea:
1885 1033 2064 1088 nulla

387 1134 571 1199 parte
586 1128 827 1193 caelesti,
847 1132 902 1183 et
922 1126 1264 1182 immortale
1284 1125 1590 1195 ingenium
1616 1123 1949 1179 immortali
1967 1136 2064 1177 ex-

398 1218 643 1273 tollitur
686 1215 884 1272 laude.
943 1215 1145 1270 Nescit
1174 1228 1433 1283 namque
1458 1212 1629 1280 ﬁniri
1652 1227 1786 1267 cum
1816 1210 2059 1273 saeculo,

395 1307 558 1380 quod
587 1307 877 1362 collatum
908 1310 991 1361 est
1022 1305 1177 1359 dono
1204 1318 1485 1372 superno.
1536 1303 1741 1357 Bonus
1771 1303 1929 1357 enim
1963 1300 2064 1354 ho-

396 1411 493 1452 mo
516 1396 590 1453 de
620 1394 770 1451 bono
801 1394 1081 1451 thesauro
1122 1392 1364 1463 profert
1393 1406 1461 1448 ea
1491 1406 1623 1463 quae
1642 1392 1793 1447 bona
1818 1396 1980 1458 sunt,
2011 1395 2065 1445 et

397 1484 609 1541 doctus
633 1499 671 1540 a
699 1485 819 1539 Deo
843 1482 1041 1538 scriba
1060 1482 1134 1537 de
1171 1481 1453 1537 thesauro
1488 1481 1585 1536 Dei
1608 1479 1843 1549 profert
1875 1493 2052 1545 nova,

401 1579 455 1629 et
483 1577 706 1639 vetera,
729 1572 803 1627 de
827 1571 1038 1642 quibus
1061 1570 1280 1626 summi
1304 1569 1509 1624 Patris
1539 1575 1707 1636 regat
1726 1568 2050 1637 familiam.

473 1662 737 1727 Ornasti,
771 1663 859 1717 mi
907 1661 1292 1725 sanctissime,
1327 1664 1549 1714 nostrce
1602 1659 1794 1713 aetatis
1844 1657 2061 1711 ultima

402 1755 691 1820 tempora,
720 1756 775 1806 et
815 1751 1108 1806 secuturis
1139 1748 1622 1817 generationibus
1661 1747 1898 1801 odorem
1928 1759 2065 1801 nec-
2095 1761 2132 1814 Β

401 1845 637 1895 tareum
651 1840 1022 1909 propinasti:
1058 1843 1122 1892 ut
1154 1853 1190 1893 a
1219 1837 1605 1907 generatione
1636 1837 1699 1891 in
1730 1835 2066 1906 generatio-

398 1943 531 1985 nem
557 1935 765 1984 nostra
789 1932 933 1984 aetas
966 1927 1271 1996 laudetur,
1286 1932 1339 1982 et
1362 1941 1574 1982 nomen
1606 1931 1774 1981 tuum
1797 1925 2062 1980 redoleat

396 2020 460 2074 in
490 2018 782 2073 universis
833 2016 1054 2085 ﬁnibus
1086 2021 1282 2071 terrae.
1316 2016 1438 2070 Nec
1483 2015 1659 2085 vigor
1683 2014 1923 2069 divinus
1958 2012 2066 2067 hu-

400 2122 581 2164 mano
603 2107 907 2176 praeconio
935 2104 1198 2176 indiget:
1222 2109 1278 2160 et
1297 2104 1459 2175 quod
1486 2118 1595 2172 per
1618 2119 1679 2159 se
1702 2108 1897 2159 exstat
1934 2104 2063 2158 tau-

396 2196 620 2263 dabile,
654 2194 821 2251 haud
847 2194 1093 2249 dubium
1125 2193 1273 2263 quid
1302 2193 1366 2249 in
1404 2193 1610 2262 prima
1630 2193 1959 2263 gloriosum
1986 2191 2063 2245 sit

392 2284 844 2356 facie.Pulcher
875 2284 1054 2347 enim,
1082 2297 1227 2338 mox
1257 2287 1323 2338 ut
1348 2282 1610 2346 videtur,
1635 2282 1768 2337 licet
1801 2295 1838 2335 a
1890 2281 2067 2349 longe

396 2374 695 2437 videatur,
747 2378 1041 2443 amatur;
1095 2377 1147 2427 et
1179 2383 1203 2412 ο
1251 2371 1580 2440 ignicomus
1631 2369 1824 2425 centri
1869 2370 2067 2425 viator

397 2463 710 2533 confestim
727 2467 795 2517 ut
817 2462 1036 2530 oritur,
1068 2462 1205 2517 caeli
1229 2461 1438 2515 oculus
1460 2459 1886 2528 comprobatur
1910 2476 1923 2513 :
1956 2472 2065 2513 nec

395 2566 640 2622 operoso
679 2551 907 2620 inniget
941 2551 1090 2616 visu,
1132 2550 1239 2620 qui
1264 2563 1385 2604 non
1434 2547 1771 2604 videntibus
1811 2545 2057 2602 oriende

390 2640 620 2711 prabet
650 2645 979 2709 aspectum.
1893 2652 1897 2657 ’

472 2725 642 2791 Quod
671 2740 810 2781 vero
857 2724 1192 2780 humilitati
1216 2724 1544 2790 serviendo,
1573 2737 1700 2779 meo
1734 2723 1938 2777 subdis
1960 2724 2062 2791 ju-

397 2814 572 2881 dicio,
601 2813 765 2886 quod
791 2813 997 2869 divino
1021 2814 1341 2869 intruxisti
1367 2813 1614 2868 oraculo
1632 2828 1655 2881 ,'
1699 2813 1832 2867 licet
1858 2813 1929 2867 ob
1960 2827 2061 2866 n0-

396 2907 589 2959 stram
618 2902 1073 2971 aedificationem
1094 2901 1121 2941 ά
1148 2916 1254 2957 tua
1300 2902 1464 2957 dicta
1496 2903 1748 2969 inﬁcias,
1781 2907 1834 2956 et
1869 2901 2061 2957 satius

401 2992 711 3048 veritatem
746 3005 785 3046 a
826 3006 933 3047 suo
976 2992 1235 3047 tramitis
1253 3006 1463 3062 gressu
1486 2992 1548 3046 in
1572 2991 1877 3061 obliquum
1907 3005 2061 3045 mer-

401 3117 457 3169 et
475 3112 636 3185 dulci
653 3113 921 3183 quadam
934 3113 1344 3185 aequabilitate
1364 3114 1805 3170 redundantem
1828 3113 2061 3169 uberta-
2089 3118 2128 3173 C

400 3189 543 3246 tem.
567 3183 832 3257 lacteum
852 3183 1097 3257 primus
1110 3184 1326 3257 Fabius
1354 3185 1695 3257 appellavit.
1719 3185 1860 3239 Inde
1879 3186 2058 3239 Divus

398 3257 795 3383 idljierpnuymus
819 3255 1012 3312 lacteo
1043 3256 1212 3312 illum
1239 3255 1593 3329 eloquentiae
1626 3258 1785 3312 fonte
1810 3272 2057 3312 manare

464 3343 523 3382 ιι
554 3366 566 3379 .
649 3341 814 3383 01m.

448 3326 566 3383 ixit.
597 3326 814 3383 Manu.

470 3410 496 3438 ι
524 3395 845 3453 εωσυιαννὶδ
877 3397 1087 3466 lingua
1112 3396 1376 3452 Catonis.
1405 3402 1528 3453 Non
1551 3397 1728 3452 video
1750 3414 1857 3452 cur
1877 3414 2059 3453 saecu-

407 3465 595 3546 larem
628 3466 875 3548 Catenis.
911 3465 1179 3548 linguam
1210 3467 1620 3548 appellaverit.
1659 3468 1953 3548 Nisiiorte
1995 3469 2058 3548 in

404 3537 652 3611 nomine
673 3537 912 3611 Catonis
942 3537 1231 3611 mendum
1253 3537 1413 3603 insit,
1459 3544 1564 3595 aut
1589 3538 1652 3593 in
1681 3540 1962 3611 epitheto,
1995 3543 2060 3594 ut

397 3609 733 3678 singularis
757 3606 1084 3675 legendum
1119 3608 1210 3663 sit.
1248 3613 1325 3664 lo.

472 3683 498 3723 δ
529 3679 603 3759 ζει
634 3679 869 3759 dudum
886 3679 1488 3759 prmconatussHunc
1520 3684 1848 3759 auctorem,
1874 3696 2057 3759 quem

397 3749 660 3822 maxime
707 3749 981 3822 omnium
1040 3750 1419 3822 nominatum
1476 3750 1757 3821 Oportuit,
1817 3749 2057 3822 reliquit

400 3821 530 3877 sine
572 3821 818 3877 nomine
843 3838 859 3893 ;7
887 3836 998 3893 nec
1023 3820 1292 3893 divinare
1313 3821 1491 3876 datur
1506 3820 1691 3893 quem
1714 3820 1964 3893 innuat.“
1980 3823 2058 3876 Et

396 3892 742 3965 conjunctio
761 3892 1006 3965 quidem
1030 3891 1235 3965 deerat
1274 3892 1332 3965 in
1364 3891 1715 3963 exemplari,
1748 3892 2057 3965 fueratque

401 3962 801 4036 superaddita
840 3963 1448 4036 prisca_adm_odum,
1481 3962 1868 4036 et’Mozarabi
1914 3962 2057 4018 seri-

394 4033 594 4106 ptura,
629 4033 801 4089 sicuti
843 4033 901 4106 et
947 4033 1138 4106 multa
1185 4034 1311 4106 alia
1340 4050 1521 4106 saepe.
1558 4036 1632 4106 Et
1674 4033 2059 4106 manifestum

395 4103 602 4175 utique
626 4109 715 4177 est
743 4103 1231 4174 conjunctionem
1260 4103 1590 4177 abiA‘Ivaro
1619 4104 2053 4177 interpositam;

394 4173 607 4300 neq—pel
622 4173 781 4229 enim
804 4173 942 4245 quae
967 4178 1304 4245 sequuntur
1325 4174 1687 4240 Quintiliano
1712 4173 1892 4233 tribui
1922 4192 2057 4248 pos-

397 4260 514 4300 sun
543 4285 557 4299 .
610 4260 663 4298 ι).

397 4260 557 4300 sunt.
590 4260 663 4299 ID.

2176 500 2291 553 tati
2318 500 2565 556 nimium
2596 504 2800 568 servis,
2839 502 3143 570 infringas
3185 499 3477 569 iudicium
3526 502 3840 557 veritatis:

2172 587 2315 643 dum
2342 589 2634 657 infimum,
2667 597 2723 647 et
2748 606 2918 662 quem
2970 595 3035 644 tu
3062 589 3316 644 inscium
3346 590 3654 645 multoties
3693 605 3847 647 com-

2163 678 2458 747 probasti,
2483 685 2668 736 tanta?
2705 680 2975 736 materice
3012 680 3386 747 superponis,
3417 683 3474 734 et
3500 682 3842 748 pretiosum

2170 782 2207 822 a
2238 768 2347 822 vili
2369 783 2488 823 non
2518 770 2711 824 solum
2732 778 2859 824 non
2888 768 3165 835 secernis,
3207 766 3311 822 sed
3339 768 3499 837 quod
3528 770 3731 839 magis
3758 774 3840 825 est

2170 856 2493 912 verendum
2524 873 2689 914 caeno
2717 858 2974 928 limoque
3002 856 3278 912 involvas.
3318 856 3529 911 Verum
3559 858 3710 926 quia
3739 874 3843 913 no-

2169 950 2310 999 stra
2339 960 2500 1001 cura
2533 950 2688 1017 (quae
2711 946 2890 1001 nulla
2918 944 3021 1015 est)
3074 943 3235 999 hunc
3266 944 3610 1015 tacendum,
3640 944 3846 1015 publi-

2170 1034 2501 1089 candumve
2557 1035 2845 1105 injungis,
2901 1033 3203 1102 patienter
3261 1032 3472 1102 perfer
3561 1039 3844 1091 nostram

2170 1124 2546 1189 sententiam,
2596 1128 2650 1178 et
2697 1123 2891 1191 ipsum
2942 1121 3200 1177 codicem
3244 1121 3470 1176 sidereo
3515 1122 3846 1190 splendore

2172 1226 2481 1267 coruscum
2511 1212 2593 1267 ad
2647 1213 2976 1267 multorum
3001 1210 3327 1266 remedium
3372 1210 3589 1280 solida,
3615 1212 3671 1266 si
3720 1211 3849 1267 dici

2170 1301 2267 1368 las
2299 1301 2627 1365 est,titteris
2652 1302 2716 1354 in
2747 1298 3846 1368 aeternum.Egistiautem,beatissime

2171 1390 2375 1453 Pater,
2408 1404 2649 1445 carmen
2674 1404 2979 1456 sonorum,
3012 1403 3126 1459 quo
3156 1389 3362 1443 mortis
3394 1394 3584 1444 metus
3619 1404 3847 1445 excan-

2174 1484 2332 1533 tatus
2354 1478 2627 1547 effugiat.
2644 1483 2697 1533 et
2720 1478 2973 1547 antiqua
2988 1477 3184 1546 glacie
3204 1476 3458 1531 duratus
3476 1477 3699 1532 animm
3721 1484 3846 1532 stu-

2170 1582 2302 1636 por,
2334 1568 2650 1637 frigusque
2695 1566 3009 1636 pellatur:
3065 1581 3185 1636 qua
3217 1566 3388 1620 calor
3432 1567 3568 1621 vitae
3600 1572 3655 1621 et
3683 1567 3848 1638 ignis

2174 1654 2279 1708 ille
2308 1654 2571 1721 deiﬁcus,
2598 1670 2769 1725 quem
2798 1653 3078 1710 Christus
3111 1654 3273 1709 venit
3301 1655 3558 1723 mittere,
3601 1655 3848 1726 ardeat,

2171 1749 2223 1797 et
2248 1744 2531 1798 exstincti
2562 1743 2868 1813 carbones,
2920 1744 3011 1799 vel
3055 1757 3312 1811 corpora
3341 1748 3603 1813 mortua,
3650 1744 3851 1813 ﬂante

2173 1846 2247 1886 ex
2277 1838 2537 1901 quatuor
2554 1831 2833 1900 partibus
2862 1832 3076 1886 mundi
3112 1832 3352 1899 spiritu,
3392 1831 3624 1901 vivant,
3655 1838 3712 1887 et
3750 1834 3846 1887 lu-

2174 1936 2303 1976 men
2335 1920 2595 1975 Arabico
2613 1921 2750 1975 dolo
2778 1921 3139 1975 exstinctum
3163 1920 3477 1989 recipiant.
3497 1920 3700 1976 Macte
3728 1923 3849 1977 vir-

2173 2015 2317 2079 tute,
2348 2014 2538 2064 macte
2564 2010 2775 2079 gloriw
2819 2024 3050 2077 semper
3081 2008 3406 2073 habendus,
3462 2010 3569 2080 qui
3597 2025 3723 2065 non
3748 2025 3844 2065 so-

2174 2099 2298 2152 lum
2350 2099 2573 2167 lingua:
2624 2099 2685 2152 in
2714 2098 2995 2153 laudibus
3026 2099 3431 2167 confessorum
3470 2099 3711 2154 solvisti
3756 2101 3845 2169 of-

2169 2188 2437 2255 ficium,°
2470 2188 2857 2243 verumetiam
2889 2186 2958 2241 ob
2989 2188 3109 2242 oris
3134 2188 3395 2257 gratiam
3428 2188 3491 2243 in
3508 2189 3842 2257 premium

2172 2278 2577 2346 confessorum
2606 2291 2681 2332 ex
2717 2281 2897 2345 parte
2925 2277 3106 2331 sentis
3142 2276 3548 2347 supplicium;
3575 2282 3631 2333 et
3679 2278 3845 2334 inter

2170 2381 2328 2421 swva
2354 2367 2626 2421 claustra
2652 2371 2707 2420 et
2734 2370 2906 2421 arcta
2940 2365 3227 2421 custodite
3272 2364 3515 2421 verbum
3548 2367 3728 2437 regni
3756 2383 3842 2423 se-

2172 2471 2327 2517 rens,
2358 2455 2624 2524 feticiori
2646 2455 2838 2523 polles
2866 2455 3141 2509 victoria.
3175 2455 3625 2511 Praeconandus
3653 2470 3843 2512 siccu-

2173 2545 2244 2598 lis
2278 2544 2592 2602 universis.
2626 2544 2732 2614 qui
2760 2553 2813 2598 et
2845 2544 2907 2597 in
2937 2543 3251 2611 suppliciis
3288 2544 3519 2612 positus
3562 2545 3837 2614 linguam

2169 2648 2287 2687 non
2313 2632 2562 2699 cohibet,
2589 2637 2642 2687 et
2663 2648 2773 2700 pro
2797 2631 3066 2687 omnibus
3096 2632 3257 2686 solus
3283 2647 3403 2687 non
3427 2637 3605 2688 tacet.
3622 2634 3835 2702 Splen-

2169 2722 2355 2783 desce.
2389 2726 2443 2777 et
2491 2712 2773 2789 ampliori
2819 2721 3061 2785 lumine,
3106 2735 3220 2790 quo
3259 2720 3477 2790 fulges,
3529 2722 3831 2778 claresce:

2170 2811 2311 2880 quia
2341 2810 2599 2878 repnsita
2633 2814 2771 2863 sunt
2803 2810 3073 2879 praemia.
3102 2813 3156 2863 et
3186 2810 3597 2878 centuplicata
3614 2815 3669 2865 te
3701 2826 3834 2867 ma-

2170 2904 2265 2953 net
2294 2914 2534 2963 corona,
2566 2913 2789 2968 nosque
2833 2903 2932 2953 tuo
2971 2899 3285 2967 su/fragio,
3329 2914 3445 2969 quo
3484 2914 3717 2969 semper
3741 2902 3833 2970 fo-

2173 2988 2325 3055 visti,
2356 2992 2539 3042 tuere.

2242 3125 2265 3153 ο
2296 3112 2632 3181 Ignicomus
2679 3112 2871 3184 centri
2899 3112 3116 3184 viator.
3164 3111 3479 3180 Tragicum
3525 3111 3705 3184 plane
3740 3119 3835 3171 est

2170 3184 2492 3254 epitheton,
2523 3182 3044 3254 quemadmodum
3074 3186 3129 3238 et
3174 3185 3476 3254 poeticum
3509 3182 3688 3240 etiam
3715 3192 3827 3254 est,

2171 3253 2360 3329 salem
2386 3254 2518 3329 coeli
2540 3253 3134 3329 oculumappellaxe.
3179 3253 3385 3310 Mundi
3412 3254 3623 3310 oculus
3655 3256 3827 3329 apud

2170 3326 2338 3381 Ovid.
2372 3328 2423 3379 4.
2459 3324 2863 3395 Μθῐδωοιιριιξ
2894 3329 2965 3379 lo.

2238 3397 2277 3470 d_
2310 3398 2435 3470 Tua
2460 3396 2623 3470 dicta
2645 3396 2899 3470 inﬁcias.
2951 3398 3067 3450 Hoc
3098 3400 3221 3450 est:
3269 3396 3384 3451 hoc
3406 3395 3629 3470 colore,
3656 3397 3829 3470 quod

2166 3467 2338 3535 dicis,
2372 3467 2657 3535 intingas,
2704 3472 2760 3522 et
2807 3467 2919 3538 hoc
2944 3470 3239 3538 praetextu
3268 3467 3474 3523 utaris.
3524 3471 3590 3524 Et
3631 3467 3829 3525 satius

2166 3538 2520 3663 gdgerbium
2553 3554 2695 3593 mox
2726 3537 3001 3593 additum
3026 3554 3137 3611 pro
3159 3540 3393 3595 cautius
3416 3540 3679 3611 positum
3702 3556 3830 3596 cre-

2211 3626 2227 3663 l
2275 3626 2442 3663 enm.
2506 3626 2555 3663 ι).

2211 3609 2442 3664 iderim.
2482 3613 2555 3664 In.

2242 3691 2263 3714 °
2303 3681 2694 3735 Verumetiam
2738 3679 2814 3734 ab
2864 3681 2983 3735 oris
3020 3682 3305 3751 gratiam.
3335 3680 3557 3737 Subtile
3588 3688 3647 3737 et
3684 3682 3828 3738 inde

2166 3751 2515 3823 obscurum,
2572 3751 3143 3823 praeterquamquod
3200 3752 3331 3822 ipsa
3382 3753 3565 3808 verba
3620 3755 3828 3810 nescio

2165 3822 2312 3947 quid
2341 3822 2693 3892 perplexum
2720 3822 3280 3877 involvun’t.Sensus
3310 3827 3433 3878 est:
3465 3827 3592 3879 Non
3624 3824 3829 3881 solum

2210 3892 2368 3947 ebito
2388 3892 2586 3946 ofﬁcio
2616 3891 2834 3947 lingua:
2866 3893 3152 3947 iungeris.
3174 3892 3548 3947 confessores
3574 3895 3829 3947 laudan-

2210 3891 2368 3947 ebito
2388 3891 2586 3946 ofﬁcio
2616 3891 2834 3961 linguae
2866 3893 3152 3961 iungeris,
3174 3892 3548 3949 confessores
3574 3895 3829 3951 laudan-

2167 3962 2246 4017 do
2267 3980 2280 4029 ;
2313 3962 2418 4035 sed
2439 3963 2756 4035 praemium
2780 3964 2955 4019 etiam
2978 3963 3299 4035 laudabilis
3319 3965 3500 4035 hujus
3521 3965 3701 4022 ofﬁcii
3724 3983 3825 4022 as-

2167 4033 2459 4109 sequeris,
2492 4034 2852 4109 confessoris
2886 4036 3013 4105 jam
3037 4033 3414 4091 sustinendd
3434 4037 3822 4109 supplicium.

2164 4104 2576 4180 Ob’martyres
2623 4104 3006 4180 laudatos_eo_
3040 4122 3288 4180 munere
3321 4123 3358 4164 a
3399 4104 3823 4180 Deo-afﬁceris,

2166 4180 2231 4231 ut
2262 4192 2415 4248 pene
2441 4177 2571 4246 jam
2600 4181 2830 4248 martyr
2858 4177 3152 4234 efﬁciaris.
3189 4178 3264 4232 In.

2636 4396 2999 4409 οψ-οο-

394 4494 629 4575 DIVI
696 4462 1137 4575 EULOGII
1198 4495 1313 4576 1N
1378 4496 1829 4579 PRIMUM
1894 4497 2325 4579 LIBRUM
2382 4498 3082 4581 MEMORIALIS
3155 4500 3827 4585 SANCTORUM

1809 4630 2415 4715 ΡΡιλἘΕΑΤΙΟ.

461 4894 486 4922 ι
523 4879 790 4951 l.Ego'(l)
809 4880 1058 4952 quidem
1086 4878 1372 4935 volumen
1403 4877 1518 4934 hoc
1547 4879 1897 4937 Mt-moriale
1915 4897 2051 4939 san-
2090 4883 2136 4936 D
2164 4899 2277 4956 pra
2294 4883 2721 4941 solidissimam
2737 4889 2971 4959 petram
2988 4886 3252 4943 fundatis
3267 4887 3484 4945 dicavi:
3504 4893 3574 4946 ut
3592 4893 3825 4947 tantum

404 4973 636 5024 ciorum
665 4968 1000 5041 appellans,
1033 4968 1145 5024 illis
1170 4967 1593 5024 tantummodo
1622 4968 1695 5037 (2)
1725 4968 2065 5040 ascysteriis

394 5061 967 5123 commentaveram,
989 5073 1020 5111 e
1051 5057 1275 5128 quibus
1308 5056 1473 5127 prior
1496 5054 1593 5111 ille
1623 5058 2063 5113 monachorum

392 5142 610 5214 globus
636 5142 714 5197 ad
744 5143 1148 5198 resistendum
1188 5142 1656 5199 mendacissimo
1682 5146 1804 5201 vati
1830 5162 2062 5217 proces-

392 5236 570 5288 serat.
603 5230 715 5286 Sed
746 5234 1072 5303 postquam
1098 5247 1171 5286 ex
1201 5230 1473 5298 urbibus,
1499 5232 1728 5304 viculis,
1757 5233 2062 5290 obbidicu—

388 5320 481 5385 lis,
514 5323 572 5376 et
600 5318 857 5376 castellis
888 5319 1158 5375 certatim
1182 5336 1467 5392 proruere
1501 5321 1579 5377 ad
1608 5322 1724 5378 hoc
1756 5326 2058 5380 certamen

389 5410 554 5466 viros
598 5426 668 5466 ac
695 5408 977 5465 mulieres
1008 5409 1284 5478 cognovi,
1338 5426 1534 5483 neque
1560 5428 1934 5485 quemquam
1962 5429 2060 5469 ve-

387 5498 506 5557 reri
550 5498 825 5571 praesidis
872 5497 1132 5553 tribunal
1180 5500 1465 5571 comperi,
1516 5500 1621 5556 sed
1688 5517 1898 5558 omnes
1945 5519 2056 5576 pro

391 5589 833 5654 testamento,et
852 5585 1088 5654 legibus
1111 5587 1210 5643 Dei
1235 5589 1420 5645 nostri
1437 5595 1690 5646 mortem
1712 5591 2059 5648 incunctan-

392 5678 480 5730 ter
503 5672 757 5743 elegisse
788 5674 1077 5746 conspexi
1104 5693 1117 5731 :
1152 5675 1446 5733 universis
1492 5677 1640 5733 illud
1667 5679 1940 5735 Ecclesiis
1964 5697 2059 5735 su-

2171 4972 2461 5029 haberent
2491 4975 2687 5030 cuncti
2716 4974 2790 5030 de
2822 4975 3125 5047 triumpho
3152 4993 3362 5033 eorum
3394 4994 3517 5033 suae
3550 4978 3823 5036 consola-

2172 5062 2346 5117 tionis
2375 5068 2431 5118 et
2460 5063 2660 5131 gloriae
2691 5066 3035 5137 exemplum
3076 5071 3133 5121 et
3162 5067 3475 5137 gaudium,
3525 5073 3823 5140 quantum

2170 5149 2280 5207 fuit
2304 5151 2435 5208 illos
2466 5169 2537 5208 ex
2568 5153 2817 5208 diversis
2844 5154 2959 5209 loci
2999 5155 3258 5223 venisse,
3292 5161 3349 5210 et
3386 5156 3445 5211 in
3478 5158 3823 5230 exemplum

2170 5240 2347 5295 totius
2380 5241 2649 5297 Ecclesiae
2681 5242 3027 5298 discrimina
3056 5244 3413 5316 passionum
3439 5245 3715 5302 subiisse.

2236 5332 2290 5383 2.
2307 5329 2418 5384 Sed
2438 5346 2572 5385 reor
2591 5330 2759 5402 quod
2780 5331 2931 5386 inter
2950 5332 3114 5404 ipsos
3139 5332 3303 5388 haud
3324 5332 3507 5389 dubie
3528 5335 3828 5409 principa-

2168 5420 2292 5472 tum
2322 5418 2550 5473 obtinet
2572 5423 2812 5474 sanctus
2833 5422 3001 5476 Isaac
3031 5421 3387 5487 monachus,
3421 5422 3498 5490 (3)
3533 5423 3639 5495 qui
3664 5426 3832 5497 prior

2166 5506 2244 5575 (4)
2275 5521 2306 5560 e
2338 5505 2679 5562 Tabanensi
2710 5508 2978 5563 caenobio
2999 5509 3069 5564 in-
3090 5508 3288 5565 forum
3317 5509 3715 5577 descendens,
3735 5513 3832 5582 ju-

2167 5593 2360 5650 dicem
2397 5595 2746 5667 adiit,atque
2767 5598 2858 5651 his
2886 5597 3081 5652 verbis
3111 5614 3247 5653 eum
3273 5599 3680 5665 aggreditur.«
3704 5602 3834 5657 Vel-

2165 5681 2283 5737 lem
2315 5683 2552 5755 (inquit)
2588 5686 2799 5757 judex,
2854 5685 3211 5742 cultortidei
3260 5691 3541 5742 strenuus
3591 5688 3743 5758 ﬁeri,
3780 5692 3831 5748 si

463 5773 490 5802 ι
519 5759 662 5818 Vide
691 5761 929 5820 Scholia
959 5762 1259 5822 Ambrosii
1288 5765 1522 5824 Muralis
1553 5766 1729 5839 infra,
1752 5767 1832 5825 ad
1861 5768 2087 5827 calcem
2115 5785 2369 5843 operum
2395 5774 2461 5827 D.
2492 5771 2740 5843 Eulogii.
