3960 6414
124 283 227 337 737

1163 283 1567 339 MEMORALIS
1605 281 2052 344 SANCTORUM.
2074 318 2145 329 -
2165 290 2531 347 PREFATIO

3460 292 3570 346 738

123 402 310 459 modo
341 404 405 458 tu
435 416 559 457 non
610 401 880 458 differres
909 404 1183 461 ordinem
1214 406 1630 478 rationemque
1660 405 1790 486 ejus
1824 409 1873 462 Α
1902 408 2177 478 innotuit,
2210 412 2316 485 qui
2350 416 2529 469 tantae
2567 410 2969 469 accusationis
3021 413 3249 466 eventu‘
3296 409 3571 482 perterri-

123 490 273 546 mihi
294 505 619 562 exponere.
636 512 664 539 ››
687 492 790 546 Cui
814 508 952 547 cum
973 492 1420 566 libenter,quasi
1443 494 1571 563 jam
1590 496 1794 564 tyrun-

120 578 259 635 culo
289 577 431 634 ﬁdei
457 594 581 634 suae
604 579 1123 651 crediturojuveni
1161 581 1386 637 inflatis
1413 582 1640 650 buccis,
1674 586 1793 637 tur-

120 669 282 738 genti
313 672 574 739 gutture,
608 670 960 741 crepitantia
999 671 1153 726 infra
1201 687 1351 727 cava
1394 671 1576 744 palati
1608 670 1794 727 verba

115 757 511 814 institutionis
542 758 751 829 lingua
781 759 963 815 fallax
1002 762 1331 832 proferret;
1386 766 1556 816 sectae
1609 761 1791 831 hujus

117 852 433 904 auctorem
459 849 694 905 Mahom
715 848 839 903 fore
864 851 1159 921 praedixit,
1184 852 1288 923 qui
1330 851 1528 919 angeli
1557 849 1793 906 Gabrie-

114 936 190 993 lis
218 938 569 1007 magisterio
600 937 955 1001 illustratus,
985 940 1238 995 verbum
1296 940 1685 1012 prophetismi
1714 940 1792 995 ab

111 1026 426 1083 Altissimo
460 1027 809 1082 nationibus
841 1027 1136 1084 relaturus
1165 1030 1416 1101 accepit,
1448 1028 1644 1100 legem
1675 1028 1792 1084 insa

112 1116 296 1187 tituit,
335 1115 691 1189 paradisum
739 1116 1040 1187 disseruit,
1098 1134 1475 1191 regnumque
1504 1117 1793 1173 caelorum

110 1204 371 1278 plenum
402 1204 595 1277 epulis
626 1209 683 1261 et
710 1205 974 1261 ﬂuxibus
996 1206 1358 1264 feminarum
1389 1208 1642 1263 edocuit.
1680 1206 1794 1263 Sed

106 1297 171 1348 et
200 1292 327 1349 alia
366 1292 563 1366 plura,
586 1309 723 1364 quae
754 1294 848 1349 hic
878 1294 1122 1367 disponi
1162 1295 1523 1367 perlongum
1580 1300 1688 1360 est,
1721 1311 1794 1350 ex

104 1382 233 1439 ritu
275 1399 389 1455 pro
442 1398 596 1439 vano
629 1384 874 1439 arbitrio
928 1391 1353 1457 prosequente,
1413 1384 1687 1459 protinus
1714 1388 1792 1455 (5)

105 1474 394 1547 ephebus
410 1473 506 1529 ille
526 1475 884 1530 venerabilis
913 1477 1341 1541 monachus,ut
1364 1482 1491 1532 erat
1516 1475 1793 1549 apprime

101 1564 327 1621 litteris
355 1563 612 1619 arabicis
637 1564 930 1635 imbutus,
963 1566 1211 1622 Arabiae
1251 1565 1407 1622 dans
1434 1565 1517 1621 illi
1541 1581 1792 1638 respon-

103 1668 288 1707 sum:
329 1674 355 1699 ‹‹
390 1652 693 1721 Mentitus,
734 1653 960 1721 ait,.est
987 1653 1153 1709 vobis
1187 1655 1284 1726 ([6]
1311 1654 1393 1710 ita
1423 1653 1791 1710 maledictio-

1905 503 2022 569 tus,
2064 500 2222 557 illico
2268 501 2657 559 ferocioribus
2688 501 2906 558 animis
2947 499 3113 556 ferox
3169 499 3391 573 promit
3420 499 3571 556 edic-

1902 592 2054 659 tum,
2081 590 2287 647 dicens
2312 591 2490 647 morti
2529 605 2970 664 usquequaque
3014 589 3141 644 ﬁeri
3199 588 3419 645 debere
3472 588 3571 644 ob-

1902 678 2175 751 noxium,
2206 679 2386 737 talem
2431 681 2493 736 in
2540 684 2845 736 auctorem
2904 678 3046 734 ﬁdei
3105 693 3228 733 sure
3280 676 3570 734 ferentem

1904 767 2264 824 convicium.
2296 770 2446 826 Hinc
2483 769 2586 824 Dei
2634 784 2845 847 servus
2873 766 2953 823 ad
2983 782 3193 823 necem
3242 766 3570 823 damnatus

1903 857 2115 912 vertice
2165 857 2475 929 plectitur:
2532 857 2672 913 hinc
2728 856 2790 912 in
2841 856 3035 928 stipite
3075 856 3344 911 elevatus
3374 855 3570 929 capite

1901 943 2189 1001 deorsum
2213 946 2596 1019 appenditur,
2629 951 2809 1019 atque
2832 945 2990 1002 ultra
3016 960 3261 1001 amnem
3297 944 3359 1000 in
3397 959 3567 1018 spec-

1902 1027 2166 1091 taculum
2197 1034 2364 1092 urbis
2391 1035 2624 1092 locatur
2653 1036 2820 1092 tertio
2841 1038 3040 1092 Nonas
3057 1034 3287 1102 Junias,
3315 1033 3392 1106 (7)
3421 1033 3571 1089 feria

1901 1129 2136 1196 quarta,
2169 1140 2291 1180 aera
2309 1124 2807 1194 octingentesima
2831 1123 3243 1194 octuagesima
3263 1123 3568 1179 nona.Cu-

1895 1213 1999 1283 jus
2027 1229 2246 1286 corpus
2268 1218 2406 1286 post
2434 1213 2667 1286 aliquot
2694 1213 2821 1269 dies
2843 1229 2984 1269 cum
3015 1213 3261 1279 caeteris,
3293 1211 3399 1284 qui
3428 1227 3568 1267 eum

1898 1303 2194 1360 imitando
2220 1304 2512 1376 perempti
2537 1303 2840 1374 sunt,igne
2872 1307 3290 1369 crematum,et
3312 1302 3375 1357 in
3393 1300 3566 1358 favil-

1898 1391 2024 1449 lam
2053 1393 2726 1466 conversum,deinceps
2757 1393 2820 1448 in
2837 1407 3084 1448 amnem
3098 1392 3438 1465 projectum
3456 1394 3567 1446 est.

1970 1485 2025 1538 4.
2052 1482 2167 1539 Sed
2194 1498 2443 1538 necesse
2492 1486 2582 1538 est
2609 1497 2910 1554 exponere
2939 1480 3164 1553 quibus
3210 1478 3447 1535 indiciis
3478 1478 3571 1534 vel

1900 1570 2191 1644 prodigiis
2220 1571 2316 1628 hic
2337 1571 2551 1629 beatus
2584 1573 2757 1628 Isaac
2786 1569 3071 1627 exstiterit
3098 1569 3161 1625 in
3188 1567 3442 1625 infantia
3462 1567 3568 1623 de-

1902 1665 2179 1729 notatus;
2214 1666 2280 1717 ut
2307 1677 2380 1718 ex
2423 1676 2495 1717 eo
2525 1660 2812 1717 divinitus
2851 1659 2932 1716 ad
2976 1674 3267 1715 coronam
3298 1656 3568 1730 martyrii

97 1738 299 1796 nibus
320 1739 595 1795 tabescat
613 1740 880 1808 divinis),
913 1741 1020 1814 qui
1046 1746 1210 1797 tanto
1254 1741 1472 1797 scelere
1522 1734 1790 1813 implica-
1822 1765 1864 1818 Β
1901 1750 2069 1806 illum
2095 1750 2280 1807 fuisse
2311 1750 2633 1807 credamus
2660 1749 2938 1818 electum,
2963 1765 3036 1805 ex
3066 1764 3190 1822 quo
3250 1747 3312 1804 in
3360 1747 3569 1804 matris

98 1832 231 1893 tus,
257 1832 567 1885 tantorum
599 1829 845 1898 agmina
886 1831 1258 1903 perditorum
1311 1831 1533 1886 invasit
1561 1847 1792 1886 secum-

96 1935 230 1993 que
252 1919 585 1975 inferorum
609 1920 899 1976 barathro
920 1921 1303 1993 mancipavit.
1324 1920 1423 1977 Ille
1440 1922 1659 1977 etenim
1672 1919 1790 1976 dee-

93 2008 325 2065 monio
355 2008 592 2080 plenus,
628 2009 978 2065 daemonicis
993 2008 1201 2065 favens
1218 2009 1554 2082 praestigiis,
1573 2009 1790 2066 lethale

92 2096 412 2155 morbidis
444 2098 775 2170 propinans
825 2098 1134 2170 poculum,
1176 2104 1410 2154 aeternae
1440 2097 1791 2171 perditionis

92 2188 232 2244 luet
264 2188 804 2252 interitum.Quare
835 2203 945 2243 vos
976 2187 1224 2244 scientia
1253 2187 1486 2260 praediti
1508 2204 1544 2244 a
1568 2186 1790 2244 talibus

91 2294 232 2334 non
266 2275 571 2333 abdicatis
601 2275 880 2348 periculis
903 2277 931 2333 ?
962 2278 1156 2342 Quare
1202 2292 1347 2347 non,
1380 2276 1789 2333 renuntiantes

92 2368 283 2424 ulcus
315 2364 581 2438 pestiferi
613 2364 934 2436 dogmatis,
964 2381 1295 2438 perennem
1337 2365 1478 2422 ﬁdei
1506 2365 1787 2422 Christia-

88 2475 195 2515 nae
232 2454 657 2525 evangelicam
688 2455 1035 2528 sospitatem
1066 2456 1285 2529 optatis
1307 2456 1335 2511 ‘I
1365 2478 1391 2506 ›

169 2553 234 2605 3.
266 2549 408 2602 Haec
439 2548 496 2600 et
519 2543 611 2599 his
633 2543 849 2600 similia
868 2561 971 2600 ore
987 2544 1495 2618 pudico,summis
1515 2560 1789 2601 reveren-

92 2639 196 2696 tiae
229 2635 495 2692 ausibus
526 2634 898 2714 viribusque,
921 2634 1130 2705 lingua
1163 2640 1447 2708 peracuta
1465 2634 1644 2691 beato
1669 2633 1789 2690 dis-

92 2733 353 2786 serente
381 2726 568 2791 Isaac,
589 2729 833 2798 stupore
863 2725 1050 2781 nimio
1066 2725 1255 2797 judex
1273 2725 1570 2793 turbatus,
1597 2741 1669 2781 ac
1688 2740 1789 2780 ve-

85 2818 209 2875 luti
242 2830 464 2872 amens
496 2814 762 2883 effectus,
798 2814 1052 2870 ubertim
1094 2814 1465 2887 lacrymasse
1516 2814 1788 2888 perhibe-

86 2913 195 2964 tur
228 2923 245 2961 :
273 2909 337 2961 et
366 2903 638 2976 quadam
667 2904 884 2960 mentis
920 2904 1286 2961 hebetudine
1307 2908 1663 2977 occupatus,
1686 2904 1788 2960 vix

85 2996 387 3071 potuisse
416 2993 601 3049 fertur
621 2993 1011 3066 exprobranti
1042 3011 1102 3050 se
1134 2995 1437 3051 monacho
1462 2994 1787 3067 responde-

1901 1845 2070 1896 utero
2112 1840 2348 1914 positus
2378 1840 2702 1897 terribilem
2732 1839 2905 1896 valde
2959 1838 3314 1912 parentibus
3358 1843 3567 1910 stupo-

1900 1946 2028 1986 rem
2079 1929 2361 1986 intulerit.
2419 1929 2629 1986 Tribus
2676 1944 2945 2002 namque
2993 1927 3225 1984 vicibus
3272 1943 3398 1983 una
3448 1925 3566 1995 die,
3649 1997 3657 2006 .

1898 2018 2083 2092 paulo
2114 2023 2444 2090 antequam
2473 2021 2839 2081 nasceretur,
2871 2016 3037 2072 visus
3081 2020 3172 2072 est
3218 2014 3418 2088 loqui:
3469 2030 3569 2070 cu-

1895 2107 1996 2179 jus
2034 2106 2120 2163 rei
2149 2107 2412 2163 novitate
2434 2106 2744 2180 perterrita
2757 2105 2972 2162 mulier
3001 2120 3157 2179 pene
3184 2108 3425 2161 mortua
3442 2102 3568 2160 vim

1898 2195 2220 2252 verborum
2245 2211 2639 2269 nequaquam
2659 2194 2853 2268 potuit
2871 2193 3221 2264 intelligere.
3237 2192 3369 2249 Alio
3385 2191 3566 2249 etiam

1899 2289 2189 2358 tempore,
2238 2301 2379 2341 cum
2437 2284 2639 2340 adhuc
2693 2283 2998 2356 septennis
3056 2282 3351 2345 existeret,
3393 2281 3567 2351 virgo

1896 2373 2182 2447 quaedam
2202 2383 2230 2423 δ
2258 2373 2406 2429 vidit
2456 2388 2565 2446 per
2604 2372 2897 2430 visionem
2954 2370 3206 2442 globum
3257 2370 3503 2427 luminis
3532 2385 3567 2427 e

1897 2463 2049 2520 coelo
2070 2462 2459 2531 descendere,
2490 2466 2548 2519 et
2576 2462 2731 2518 inter
2759 2461 3036 2519 omnium
3088 2458 3566 2533 praestolantium

1896 2552 2140 2609 turbam
2170 2551 2335 2608 solus
2362 2551 2458 2607 hic
2491 2551 2665 2608 ulnas
2681 2549 3329 2621 extendens,manibus
3358 2548 3565 2606 lumen

1897 2640 2148 2713 excepit,
2182 2644 2492 2712 totamque
2522 2639 2654 2710 ejus
2679 2639 3011 2695 claritatem
3041 2637 3130 2694 ori
3142 2654 3253 2694 suo
3281 2637 3565 2709 injectam

1898 2730 2082 2786 ebibit
2107 2746 2121 2785 :
2161 2728 2403 2785 felicem
2426 2733 2568 2784 tunc
2597 2732 2656 2784 et
2691 2743 2829 2783 vere
2873 2727 3122 2784 beatum
3153 2726 3439 2783 omnibus
3464 2724 3568 2782 tali

1898 2818 2271 2888 condignum
2298 2832 2549 2874 munere
2594 2815 3118 2890 nuncupantibus.
3147 2816 3279 2872 Haec
3311 2819 3455 2871 sunt
3480 2814 3568 2870 in-

1898 2908 2096 2965 fantiae
2126 2908 2257 2980 ejus
2286 2907 2566 2980 prodigia
2595 2911 2653 2963 et
2682 2906 2876 2976 signa,
2908 2922 3045 2979 quae
3091 2905 3261 2962 illum
3306 2905 3563 2977 dignum

1897 2997 2186 3071 martyrio
2215 2996 2394 3066 longe
2420 3001 2598 3052 antea
2625 2995 3083 3068 portenderunt.

85 3104 153 3143 re
183 3104 198 3141 :
234 3084 451 3155 sicque
480 3097 671 3138 manu
726 3084 973 3139 extensa
1013 3083 1226 3140 faciem
1277 3084 1407 3154 ejus
1447 3082 1785 3140 verberanti
1818 3120 1860 3174 ο
1969 3092 2023 3144 5.
2057 3090 2207 3143 Nam
2229 3085 2481 3158 quidam
2504 3084 2787 3141 sacerdos
2803 3099 2877 3139 ex
2906 3082 3185 3140 cmnobio
3202 3081 3564 3146 Tabanensi,

89 3173 436 3234 confestim
466 3172 805 3229 monachus
832 3172 1017 3229 dixit:
1048 3195 1076 3222 «
1110 3172 1496 3230 Consimilem
1537 3172 1788 3243 imagini

86 3267 203 3324 Dei
240 3262 483 3319 vultum
504 3262 694 3319 audes
714 3262 887 3318 ferire
905 3264 934 3319 ‘I
963 3262 1104 3319 Vide
1133 3261 1375 3335 qualem
1400 3266 1646 3335 propter
1672 3262 1788 3318 hoc

86 3355 466 3414 redditurus
500 3352 581 3409 sis
611 3352 967 3409 rationem.»
993 3352 1217 3409 Idcirco
1258 3368 1295 3408 a
1318 3350 1787 3408 consedentibus

86 3458 324 3502 secum
382 3440 755 3514 sapientibus
808 3440 1220 3514 deprehensus
1285 3440 1576 3511 arguitur,
1621 3438 1790 3512 quod

86 3530 430 3607 gravitatis
446 3530 741 3585 ‘censoris
761 3529 1002 3597 oblitus,
1031 3529 1238 3586 leviter
1262 3546 1368 3603 per
1399 3528 1788 3602 semetipsum

86 3623 175 3679 ad
213 3618 589 3676 caedendum
621 3624 950 3691 martyrem
974 3619 1188 3687 egerit:
1213 3617 1616 3691 etpraesertim
1644 3617 1790 3689 quia

87 3708 458 3769 secundum
488 3707 690 3779 legum
721 3722 972 3764 suarum
1016 3706 1371 3763 sententiam
1430 3707 1479 3762 is
1524 3707 1626 3779 qui
1677 3722 1788 3779 pro

86 3801 367 3859 crimine
392 3798 613 3869 dignus
642 3802 729 3853 est
755 3798 929 3863 mori,
955 3796 1179 3852 nullius
1209 3813 1363 3870 pene
1394 3796 1676 3853 conviciis
1707 3795 1789 3852 la-

86 3889 301 3949 cerari
335 3888 535 3944 debet.
560 3891 722 3944 Tunc
758 3887 948 3960 judex
1003 3887 1078 3943 ad
1140 3893 1418 3943 sanctum
1451 3892 1616 3943 lsaac
1644 3902 1788 3942 con-

83 3996 322 4039 versus
354 3978 437 4034 ait
460 3994 474 4032 :
500 3998 528 4027 «
552 3978 722 4033 Forte
744 3976 1031 4032 madidus
1053 3976 1327 4043 vino,aut
1348 3975 1787 4049 phrenesicap-

86 4077 194 4128 tus
228 4067 317 4124 ad
346 4067 483 4136 ista,
515 4082 650 4139 quae
681 4066 939 4139 profers,
970 4081 1092 4121 non
1123 4065 1294 4121 facile
1342 4070 1539 4138 potest
1580 4065 1791 4121 adver-

85 4166 253 4218 tere.
288 4160 443 4214 Nam
472 4156 663 4229 ipsius
686 4158 840 4212 vatis
871 4155 1078 4219 nostri,
1107 4171 1289 4228 quem
1316 4160 1379 4211 tu
1410 4160 1633 4211 temere
1650 4170 1790 4210 con-

84 4249 280 4307 viciis
307 4246 576 4319 impetis,
629 4245 924 4302 sententia
953 4251 1159 4301 manet
1188 4244 1637 4315 irrefragabilis,
1665 4244 1790 4301 ani-

85 4336 412 4399 madverti
441 4336 661 4393 debere
685 4336 748 4392 in
779 4352 883 4392 eos
925 4336 1032 4409 qui
1075 4334 1215 4391 talia
1243 4335 1318 4390 de
1360 4334 1493 4407 ipso
1539 4350 1661 4390 non
1691 4349 1790 4390 ve-

84 4433 324 4490 rentur
344 4425 636 4500 proﬁteri.
657 4447 686 4475 »
711 4425 800 4482 Ad
826 4441 1010 4498 quem
1038 4422 1399 4484 venerabilis
1423 4424 1590 4479 Isaac
1617 4424 1788 4479 intre-

83 4520 259 4597 pida
279 4515 682 4589 responsione
710 4515 823 4571 ait:
857 4537 885 4565 «
945 4517 1065 4583 Ego
1116 4513 1386 4586 quidem,
1432 4513 1641 4582 judex,
1674 4529 1786 4568 nec

84 4612 259 4668 vino
298 4604 613 4672 madidus,
643 4621 756 4662 nec
785 4604 1054 4678 quolibet
1082 4602 1297 4659 morbo
1330 4603 1572 4658 saucius
1604 4619 1739 4660 sum
1759 4604 1787 4659 ?

88 4699 217 4759 sed
253 4696 388 4754 zelo
411 4694 655 4767 justitiae
681 4695 1087 4765 conﬂagrans,
1118 4710 1243 4767 qua
1272 4698 1468 4749 vatem
1496 4697 1786 4765 vestrum,

84 4801 353 4861 vosque
383 4789 661 4857 expertes
691 4785 942 4841 existere
971 4782 1258 4855 comperi,
1291 4782 1595 4839 veritatem
1614 4782 1787 4839 vobis

87 4873 411 4954 exposui:
445 4878 691 4948 propter
719 4888 910 4947 quam
950 4872 998 4928 si
1029 4888 1191 4928 mors
1224 4872 1555 4927 furibunda
1584 4887 1790 4927 occur-

86 4968 273 5033 rerit,
301 4963 503 5020 libens
550 4963 869 5037 excipiam,
908 4961 1168 5036 placitus
1218 4960 1496 5029 subeam,
1545 4975 1656 5017 nec
1707 4961 1788 5016 ab

86 5060 244 5132 ejus
276 5052 527 5110 casibus
560 5053 823 5109 cervices
870 5067 1041 5108 meas
1098 5055 1393 5107 avertam.
1437 5049 1583 5106 Novi
1626 5048 1788 5105 enim

83 5144 447 5209 Dominum
478 5142 747 5199 dixisse:
801 5143 980 5200 Beati
1008 5143 1117 5214 qui
1162 5142 1633 5211 persecutionem
1681 5154 1790 5209 pa-

86 5240 364 5297 tiuntur
397 5238 652 5303 propter
678 5233 1021 5303 justitiam:
1078 5231 1360 5303 quoniam
1398 5232 1666 5300 ipsorum
1705 5234 1788 5285 est

86 5339 376 5398 regnum
441 5322 728 5378 certorum
787 5322 1031 5389 (Matth.
1084 5337 1144 5388 v,
1211 5318 1318 5392 10).
1369 5336 1399 5372 »
1467 5319 1636 5374 Tunc
1695 5318 1789 5389 ju-

86 5420 230 5477 dex
257 5412 492 5471 carceri
522 5411 694 5468 illum
713 5411 983 5480 tradens,
1006 5410 1280 5484 protinus
1302 5409 1428 5481 regi
1458 5424 1645 5466 causa
1659 5409 1790 5481 ejus

176 5568 199 5589 '
232 5558 577 5614 Consorem
602 5560 785 5627 vocat
802 5555 918 5612 hoc
947 5552 1103 5627 loco,
1126 5570 1309 5627 quem
1333 5569 1412 5610 an
1422 5555 1511 5609 'zea
1531 5555 1590 5607 et
1607 5549 1791 5624 paulo

90 5636 259 5709 post
284 5627 561 5710 judicem
592 5626 890 5701 appellat:
952 5629 1009 5708 et
1051 5625 1207 5682 intra
1250 5625 1352 5708 lib.
1398 5641 1479 5689 ιιι,
1512 5638 1649 5751 cap.
1704 5627 1788 5678 t6.

95 5712 410 5751 Scant—
434 5700 518 5751 Ibi
545 5715 658 5751 nos
679 5699 759 5751 ad
787 5696 1025 5751 Scholia
1070 5697 1303 5751 Moralis
1331 5696 1406 5751 de
1446 5696 1562 5751 hoc
1609 5709 1788 5751 oaue-

95 5696 410 5762 ἓοηοὶκ-
431 5700 518 5757 lbi
545 5696 658 5757 nos
678 5696 759 5757 ad
787 5696 1025 5756 Scholia
1070 5697 1303 5755 Moralis
1331 5696 1406 5754 de
1446 5696 1562 5752 hoc
1586 5696 1793 5767 loque-

94 5789 283 5835 mur.

1897 3192 1971 3232 ex
1991 3191 2114 3248 quo
2142 3174 2305 3231 idem
2344 3173 2558 3230 beatus
2589 3172 2669 3229 ad
2699 3187 2958 3243 agonem
3014 3174 3412 3244 processerat,
3461 3186 3564 3243 pe-

1897 3264 2076 3322 ractis
2113 3263 2438 3320 missarum
2471 3259 2782 3318 Dominico
2810 3259 2908 3318 die
2946 3258 3272 3325 solemniis,
3307 3259 3566 3332 septimo

1900 3354 2125 3411 scilicet
2149 3352 2367 3428 Iduum
2395 3351 2737 3415 Juniarum,
2769 3350 2874 3424 qui
2902 3354 3044 3423 post
3072 3348 3354 3422 quintum
3374 3354 3565 3405 °mar-

1898 3442 2036 3515 tyrii
2067 3441 2158 3497 sui
2187 3440 2349 3497 diem
2377 3443 2676 3510 evenerat,
2693 3440 2753 3494 in
2779 3436 3051 3512 quodam
3068 3436 3287 3493 lectulo
3312 3437 3565 3495 fratrum

1897 3530 2279 3599 recumbens,
2331 3528 2675 3586 obdormire
2705 3526 2959 3601 paulum
2981 3526 3197 3599 cmpit;
3229 3530 3288 3583 et
3310 3542 3448 3584 ecce
3464 3543 3563 3583 su-

1896 3620 2022 3677 bito
2055 3636 2163 3693 per
2192 3618 2497 3676 somnium
2526 3617 2677 3674 vidit
2718 3633 2976 3691 puerum
3018 3615 3253 3672 decoris
3295 3614 3571 3688 pulcher-

1899 3710 2033 3766 rimi
2064 3726 2100 3766 a
2121 3709 2396 3783 partibus
2427 3707 2680 3766 Orientis
2710 3708 2931 3775 venire,
2958 3705 3368 3777 schedamque
3396 3704 3565 3760 mira;

1897 3797 2361 3873 pulchritudidis
2390 3796 2675 3853 manibus
2720 3800 3049 3867 gestantem
3103 3793 3216 3848 sibi
3249 3793 3561 3849 adsistere.

1900 3889 2096 3954 Quam
2118 3887 2198 3944 ab
2230 3903 2302 3943 eo
2334 3885 2656 3958 accipiens,
2691 3885 3050 3956 scripturam
3076 3883 3206 3952 ejus
3226 3880 3422 3952 legere
3443 3896 3563 3937 coe-

1898 3978 1987 4052 pit
2019 3998 2031 4034 :
2063 3985 2191 4034 erat
2220 3976 2381 4033 enim
2411 3976 2504 4031 his
2556 3980 2802 4031 exarata
2846 3971 3266 4029 sermonibus:
3329 3994 3357 4022 «
3406 3972 3566 4029 Sicut

1896 4071 2068 4142 pater
2091 4071 2293 4123 noster
2322 4064 2632 4120 Abraham
2662 4064 2831 4120 Isaac
2860 4061 3051 4117 tilium
3084 4062 3201 4117 Deo
3233 4059 3292 4115 in
3344 4053 3566 4115 sacriﬁ—

1899 4156 2061 4212 cium
2090 4153 2325 4219 obtulit,
2357 4153 2440 4210 ita
2468 4156 2525 4209 et
2551 4168 2714 4209 nunc
2738 4154 2981 4208 sanctus
3002 4154 3166 4205 Isaac
3190 4149 3251 4204 in
3280 4163 3563 4220 conspec-

1899 4250 1962 4302 tu
1991 4243 2229 4301 Domini
2275 4241 2638 4299 sacriﬁcium
2681 4257 2794 4315 pro
2824 4239 3111 4296 fratribus
3138 4236 3500 4294 immolavit.
3532 4258 3562 4286 ››

1899 4338 1966 4391 Et
1986 4333 2271 4391 continuo
2300 4331 2554 4404 quidam
2594 4346 2626 4387 e
2672 4330 2905 4387 civitate
2934 4328 3240 4386 venientes
3286 4326 3569 4383 dixerunt

1896 4424 2146 4481 beatum
2172 4422 2247 4494 (3)
2308 4421 2629 4478 Jeremiam
2670 4419 2961 4493 martyrio
3018 4435 3159 4475 cum
3208 4416 3340 4474 aliis
3381 4415 3566 4472 fuisse

1898 4517 2257 4571 coronatum
2298 4527 2407 4585 per
2449 4511 2771 4568 Dominum
2799 4512 3076 4566 nostrum
3117 4509 3322 4563 Jesum
3371 4504 3565 4562 Chris-

1899 4607 2047 4671 tum,
2080 4602 2256 4674 cujus
2299 4600 2579 4673 exemplo
2634 4597 2911 4657 nonnulli
2964 4596 3045 4654 ad
3087 4593 3403 4669 publicum
3450 4592 3565 4649 sub

1896 4692 2111 4750 eadem
2140 4689 2513 4763 professione
2537 4686 2835 4761 perempti
2864 4688 3024 4742 sunt.

1968 4785 2020 4837 6.
2065 4778 2179 4836 Sed
2225 4776 2460 4850 dudum
2512 4774 2780 4847 anticeps
2839 4772 2955 4829 illis
3001 4771 3195 4827 beatae
3255 4766 3563 4850 memoria:

1894 4867 2194 4926 Perfectus
2224 4846 2539 4939 presbyter
2568 4846 2810 4931 exstitit,
2840 4860 2946 4934 qui
2974 4858 3055 4915 ob
3095 4855 3399 4929 ejusmodi
3414 4846 3564 4929 ’pro-

1894 4956 2218 5014 fessionem
2246 4969 2372 5028 qua
2404 4958 2460 5010 et
2487 4952 2587 5009 isti
2616 4949 2922 5017 occubuit,
2982 4945 3091 5003 sed
3145 4961 3271 5002 non
3328 4961 3400 5002 eo
3432 4960 3563 5001 mo-

1895 5047 1977 5104 do
2000 5062 2124 5120 quo
2150 5045 2267 5118 ipsi
2311 5042 2686 5101 deciderunt.
2714 5039 3044 5097 Praedictus
3092 5052 3361 5111 namque
3389 5051 3563 5110 pres-

1895 5137 2070 5209 byter
2111 5139 2317 5192 coacte
2358 5133 2437 5190 ad
2467 5131 2815 5207 passionem
2858 5132 3103 5192 tractus,
3149 5125 3396 5184 viriliter
3422 5141 3568 5183 con-

1899 5224 2223 5282 summavit
2279 5222 2476 5279 sancti
2544 5218 2886 5277 certaminis
2953 5234 3219 5275 cursum.
3285 5215 3357 5271 Hi
3418 5229 3563 5271 vero

1900 5320 2113 5389 sponte
2142 5329 2253 5370 sua
2305 5311 2627 5374 venientes,
2662 5308 2873 5366 acriter
2927 5306 3087 5364 hosti
3139 5304 3447 5370 resistunt,
3506 5305 3566 5359 et

1898 5402 2168 5477 quadam
2195 5400 2482 5458 violentia
2501 5413 2608 5472 per
2636 5397 2996 5456 effusionem
3024 5393 3254 5452 cruoris
3302 5403 3563 5461 regnum

1971 5565 2001 5606 ιι
2022 5546 2243 5613 Schot.,
2279 5544 2489 5602 cernit.

1973 5625 1991 5649 °
2022 5610 2341 5685 Inclusive,
2362 5616 2454 5672 uti
2480 5613 2680 5683 aiunt,
2709 5612 3037 5683 computat.
3069 5610 3292 5667 noun.
3353 5648 3361 5657 .
