3960 6448
410 297 518 354 7³0

1612 293 1670 355 8.
1702 290 1983 357 EULOGII
2020 288 2344 353 ARCHIEP.
2382 291 2626 355 TOLET.

3720 298 3824 361 740

413 420 546 477 caeli
568 423 912 495 capessunt.
941 422 1064 484 ouo
1090 420 1293 475 autem
1315 416 1527 477 ordine
1555 414 1914 478 venerabilis
1932 417 2062 473 Per-
2099 419 2147 475 Α
2174 413 2763 491 vituperationesque
2803 420 3152 477 sanctorum
3181 432 3278 475 me
3305 416 3696 486 discurrente,
3732 418 3821 479 in-

412 509 603 566 fectus
666 508 978 582 presbyter
1028 505 1328 580 passionis
1380 504 1662 563 bravium
1726 502 2060 571 emeruerit,

410 599 773 674 principium
820 595 954 653 libri
1010 594 1261 653 secundi
1298 598 1594 668 exponet;
1661 610 1732 653 ac
1776 592 2062 664 deinceps

412 695 762 747 oreterorum
823 685 1093 753 nomina,
1150 688 1374 754 aetates,
1427 688 1612 755 ortus,
1668 688 2064 754 temporaque

409 779 751 837 allislonum
803 774 1012 831 edicet.
1088 776 1463 846 Quapropter
1538 772 1696 832 hanc
1768 770 2064 844 praefatio.

406 883 546 927 nem
576 866 638 922 in
683 867 876 938 capite
921 861 1247 921 voluminis
1281 862 1482 936 posui,
1536 866 1602 921 ut
1645 860 1801 919 inter
1850 859 2062 917 laudes

2174 502 2408 563 terdum
2441 504 2620 562 etiam
2667 506 2897 563 auctori
2934 505 3188 578 profano
3217 505 3460 565 obviam
3491 507 3820 575 venientem

2172 590 2421 650 lectores
2444 595 2563 651 mei
2600 595 2834 653 facilius
2863 594 3278 665 intelligerent,
3310 595 3592 668 precibus
3623 596 3821 669 expia~

2171 686 2321 749 rent,
2353 683 2726 741 orationibus
2754 684 3143 756 adjuvarent:
3172 689 3229 744 et
3249 690 3371 741 tam
3396 683 3471 743 de
3500 683 3820 759 illis,quam

2171 769 2247 826 de
2278 787 2373 827 me
2397 772 2543 844 ipsis
2580 772 2840 841 favente,
2892 772 3186 844 judicium
3221 774 3535 846 proprium
3580 779 3639 835 et
3666 790 3821 835 nunc

2170 862 2229 915 et
2258 864 2394 919 ante
2415 862 2739 919 Dominum
2760 862 2998 921 ferrent.

1635 1045 1976 1132 LIBER
2068 1042 2493 1131 PRIMUS
2523 1026 2577 1132 ⁸.

475 1237 526 1289 1.
560 1219 1062 1288 Peritissimorum
1094 1225 1449 1299 (l)virorum
1478 1222 1798 1298 providum
1826 1236 2063 1293 semper

401 1339 532 1380 esse
560 1321 740 1379 debet
767 1318 1130 1384 consultum,
1154 1315 1480 1373 commoda
1506 1312 1777 1370 Ecclesiae
1809 1310 2059 1369 catholi-

402 1430 487 1471 cas
522 1428 645 1469 non
675 1408 1135 1486 parvipendere,
1160 1422 1272 1462 nec
1287 1405 1366 1463 ab
1386 1404 1651 1461 obventu
1681 1399 2058 1475 perfectionis

403 1504 536 1574 ejus
565 1500 851 1557 desistere
875 1517 889 1568 ;
920 1498 1036 1567 vel,
1077 1496 1125 1553 si
1154 1511 1278 1569 qua
1296 1494 1437 1550 vitio
1457 1493 1751 1565 cujusque
1803 1491 2053 1547 hebetu-

402 1590 559 1647 dinis
588 1605 717 1645 sese
750 1588 1109 1644 interserunt
1148 1588 1490 1640 commenta
1530 1581 1644 1655 pias
1693 1577 2059 1650 religiositati

403 1679 698 1750 adultera,
730 1677 1077 1734 nullatenus
1116 1673 1396 1747 improbo
1427 1670 1702 1741 neglectu
1735 1669 1948 1727 silentii
1995 1668 2059 1724 in

402 1769 696 1840 majorem
747 1765 1072 1840 perniciem
1130 1761 1450 1819 sinendum
1504 1775 1861 1815 accrescere.
1908 1756 2058 1823 Quia

400 1862 697 1932 quantum
749 1854 973 1911 meritis
1038 1852 1343 1926 praeclarae
1399 1847 1890 1917 conversationis,
1952 1862 2057 1901 seu

399 1950 621 2002 sanctae
644 1943 928 2000 doctrinas
961 1940 1269 2012 gradibus,
1302 1942 1512 1995 sancta
1544 1937 1804 1994 Ecclesia
1842 1936 1902 1995 in
1956 1952 2053 1991 su-

395 2050 584 2109 perna
605 2032 892 2099 evehitur,
920 2032 981 2087 in
1016 2029 1271 2086 sublime
1301 2028 1583 2092 elevatur,
1617 2026 1841 2098 ubique
1870 2025 2056 2081 incre-

396 2128 600 2181 mento
620 2121 1099 2187 ﬁdeidilatatur;
1132 2123 1369 2175 tantum
1418 2118 1617 2181 etiam,
1650 2120 1757 2172 aut
1806 2130 1878 2170 eo
1928 2129 2053 2173 am-

395 2213 555 2287 plius
598 2211 828 2269 incuria
868 2210 1300 2279 negligentium
1355 2205 1648 2277 dejicitur,
1690 2202 2052 2276 impulsibus

394 2304 612 2360 horum
640 2302 853 2359 misere
876 2299 1229 2365 concutitur,
1262 2301 1319 2352 et
1339 2294 1749 2369 quorumdam
1776 2291 2053 2349 socordia

396 2392 474 2448 ad
494 2392 619 2448 ima
643 2390 974 2464 projicitur.
1009 2388 1158 2443 Hinc
1187 2385 1484 2460 provenit,
1544 2388 1610 2440 ut
1663 2386 1853 2439 auctae
1892 2381 2048 2439 vires

393 2497 816 2555 perversorum
839 2478 1265 2535 detrimentum
1305 2489 1542 2545 semper
1571 2471 1851 2527 ﬁdelibus
1881 2470 2049 2538 inge-

392 2568 1064 2642 rant,dispendiumque
1094 2564 1262 2635 gregi
1286 2561 1526 2635 pusillo,
1553 2561 1647 2617 cui
1686 2557 2051 2631 complacuit

394 2658 549 2715 Patri
578 2659 721 2715 dare
741 2672 997 2728 regnum
1017 2656 1182 2726 (Luc.
1212 2669 1310 2708 xu.
1345 2651 1455 2722 32),
1492 2655 1879 2719 exaggerent:
1899 2647 2048 2704 dum

392 2747 722 2821 aliquando
753 2744 1009 2817 torpenti
1039 2741 1272 2798 silentio
1300 2740 1583 2796 omnibus
1604 2738 1919 2804 contentis,
1942 2752 2047 2795 seu

391 2835 659 2910 proniori
687 2835 867 2908 lapsu
895 2832 1107 2889 ultimo
1136 2830 1416 2886 vitiorum
1466 2828 1697 2900 abyssu
1728 2826 2042 2892 immersis,

392 2925 594 2982 nullus
615 2925 775 2981 adsit
803 2924 908 2997 qui
939 2921 1212 2989 redimat,
1237 2935 1433 2991 neque
1462 2919 1567 2990 qui
1593 2917 1825 2973 salvum
1869 2916 2048 2972 faciat

389 3015 582 3086 (Psal.
610 3020 718 3076 vn,
752 3016 824 3084 3),
859 3013 1090 3068 dicente
1136 3010 1458 3082 Propheta:
1515 3009 1651 3062 Non
1699 3006 2045 3062 ascendistis

2170 1224 2399 1295 vivum,
2431 1224 2479 1280 si
2507 1224 2793 1299 possibile
2825 1229 2930 1293 est,
2962 1225 3178 1299 quietis
3211 1230 3559 1285 sanctorum
3612 1224 3819 1298 impleo

2167 1314 2318 1371 dunt
2346 1316 2747 1389 supplicium:
2775 1332 2880 1373 seu
2907 1316 3104 1387 dignis
3134 1316 3456 1376 beatorum
3478 1315 3819 1375 satisfacere

2167 1407 2472 1463 memoriis
2498 1407 2812 1479 anhelans,
2842 1408 2948 1479 qui
2993 1407 3144 1464 coelo
3174 1412 3494 1478 regnantes
3522 1406 3821 1483 exempla-

2165 1497 2253 1553 ria
2283 1498 2667 1555 victoriarum
2692 1515 2939 1554 suarum
2957 1498 3312 1555 mortalibus
3335 1498 3700 1571 reliquerunt
3725 1497 3818 1567 ;li~

2163 1585 2294 1642 buit
2320 1587 2467 1643 mihi
2497 1604 2607 1661 pro
2634 1587 2881 1644 modulo
2905 1588 3102 1657 exigui
3139 1588 3364 1658 ingenii
3391 1588 3611 1644 talibus
3640 1587 3819 1647 rebus

2166 1676 2456 1744 insistere,
2486 1681 2815 1749 nostroque
2846 1677 2981 1733 licet
3005 1677 3311 1735 rusticano
3342 1677 3658 1733 sermoneb
3684 1692 3820 1750 par-

2165 1765 2524 1837 vipendulos
2553 1765 2898 1833 informare,
2934 1765 3164 1823 aemulis
3192 1767 3508 1836 contraire,
3557 1770 3614 1822 et
3668 1764 3817 1823 caelo

2166 1858 2338 1910 tenus
2366 1860 2499 1911 acta
2528 1860 2871 1911 sanctorum
2903 1854 3200 1910 extollere.

2235 1947 2288 2000 3.
2324 1944 2437 2001 Sed
2468 1945 2670 2000 nescio
2719 1960 2844 2017 quo
2874 1944 3115 2000 tendere
3145 1960 3248 1999 rea
3275 1960 3448 2001 mens
3472 1943 3686 2017 poterit
3715 1948 3815 2011 t2),

2164 2033 2258 2089 cui
2283 2032 2491 2104 legalis
2513 2035 2836 2091 auctoritas
2866 2050 2938 2090 ex
2963 2051 3105 2090 voce
3136 2033 3374 2090 Domini
3423 2034 3697 2101 occurrit,
3730 2032 3819 2090 di-

2162 2139 2304 2179 cens
2329 2142 2342 2180 :
2373 2125 2690 2181 Peccatori
2716 2130 2914 2181 autem
2939 2125 3097 2181 dixit
3119 2126 3293 2181 Deus:
3317 2126 3513 2192 Quare
3544 2130 3609 2181 tu
3639 2139 3817 2181 enar.

2162 2228 2262 2269 ras
2284 2215 2557 2283 justitias
2586 2229 2768 2283 meas,
2799 2220 2855 2270 et
2883 2215 3132 2270 assumis
3163 2219 3579 2271 testamentum
3621 2228 3815 2270 meum

2154 2317 2348 2371 peros
2376 2308 2544 2358 tuum
2566 2307 2594 2357 ?
2626 2304 2810 2373 (Psal.
2838 2318 2995 2370 xux,
3036 2302 3136 2374 16).
3172 2302 3317 2358 Hinc
3347 2302 3514 2359 silere
3543 2302 3818 2360 decrevev

2159 2406 2313 2454 ram,
2343 2391 2483 2446 hinc
2511 2391 2725 2446 melius
2756 2391 2835 2447 ab
2865 2391 3217 2463 hujusmodi
3246 2391 3571 2449 intentione
3617 2390 3813 2452 abduv

2159 2496 2291 2535 cere
2320 2497 2417 2535 me
2436 2479 2848 2551 judicaveram
2877 2497 2891 2532 :
2923 2480 3217 2552 quoniam
3273 2479 3445 2535 nefas
3488 2496 3619 2535 esse
3643 2485 3817 2552 puta-

2156 2568 2299 2624 bam
2333 2584 2401 2624 os
2422 2568 2588 2624 nulla
2619 2568 2944 2624 sanctitatis
2974 2584 3089 2641 ope
3116 2568 3463 2636 subnixum,
3484 2573 3702 2627 temere
3725 2585 3814 2627 ac-

2158 2662 2217 2713 ta
2241 2657 2595 2713 elucubrare
2618 2664 3000 2725 sanctorum;
3031 2657 3154 2712 sive
3203 2657 3373 2729 quod
3396 2657 3696 2728 majestati
3726 2657 3812 2714 rei

2157 2751 2336 2816 gestae
2390 2751 2664 2803 nostrum
2711 2746 3003 2806 imbecille
3065 2746 3375 2817 ingenium
3438 2746 3816 2809 consideravi

2155 2851 2332 2908 posse
2356 2836 2800 2895 succumbere'.
2859 2836 3008 2901 Quia
3040 2836 3192 2892 sicut
3242 2835 3448 2892 divina
3477 2852 3571 2893 res
3600 2836 3817 2895 huma-

2155 2939 2301 2979 num
2325 2925 2774 2996 supergreditur
2816 2929 3101 2980 conatum
3133 2942 3146 2979 :
3178 2923 3261 2981 sic
3315 2924 3525 2993 lingua
3563 2923 3813 2983 terrenis

2152 3012 2530 3079 incumbens,
2564 3014 2819 3070 aatherea
2846 3029 2969 3069 non
2997 3018 3192 3086 potest
3214 3012 3502 3085 mysteria
3522 3012 3709 3085 loqui.
3732 3013 3816 3072 Siv

388 3118 466 3159 ea:
508 3103 780 3171 adverso,
812 3115 1000 3173 neque
1043 3098 1402 3169 opposuistis
1446 3113 1686 3151 murum
1726 3111 1839 3165 pro
1872 3095 2042 3151 domo
2079 3168 2111 3176 _
2148 3107 2251 3157 cut
2281 3103 2605 3176 praedicare
2634 3102 2817 3159 libere
2848 3101 3055 3164 nescit,
3088 3100 3192 3168 qui
3221 3101 3424 3159 minus
3456 3101 3715 3174 peccatis
3739 3100 3812 3160 li-

386 3194 688 3260 Israel,ut
716 3168 957 3249 staret-is
982 3192 1045 3245 in
1070 3168 1283 3259 pretio
1324 3190 1385 3242 in
1410 3188 1506 3243 die
1534 3187 1776 3241 Domini
1803 3184 2037 3254 (Ezech.
2073 3168 2112 3223 (ἶ
2150 3190 2258 3246 her
2283 3168 2514 3259 existit;
2542 3191 2625 3246 sic
2656 3190 3051 3248 abnuendum
3101 3190 3360 3248 creditur
3399 3168 3625 3260 dogma
3654 3191 3817 3261 ejus.

384 3297 502 3352 xm,
542 3285 619 3347 5).
645 3281 803 3337 Illius
830 3280 1007 3336 etiam
1034 3293 1221 3351 quam
1239 3276 1503 3332 maxime
1532 3274 1881 3331 vaticinium
1904 3275 2042 3329 Pro-

385 3370 581 3442 pheta;
620 3369 972 3435 formidans,
1004 3382 1128 3440 quo
1147 3366 1486 3422 socordiam
1518 3363 1817 3437 inutilium
1838 3366 2041 3434 pasto~

385 3474 522 3515 rum
549 3459 837 3515 Dominus
868 3460 1251 3513 contestatur.
1282 3456 1459 3519 Ecce,
1491 3454 1789 3525 inquiens,
1824 3467 1921 3507 vos
1945 3453 2042 3509 lac

384 3549 737 3614 comedistis,
754 3554 804 3604 et
833 3548 988 3603 lanis
1010 3544 1440 3614 operiebamini
1461 3560 1474 3609 ;
1505 3558 1637 3598 oves
1659 3548 1856 3598 autem
1880 3555 2040 3597 meas

383 3640 518 3709 lupi
545 3640 895 3695 invaserunt
927 3635 1104 3708 (Ibid.
1150 3650 1349 3705 xxxxv,
1380 3632 1433 3701 3,
1466 3636 1549 3703 Si):
1607 3636 1666 3687 et
1724 3631 1871 3686 dum
1914 3645 2038 3685 non

380 3728 715 3803 procuratis
746 3740 975 3800 pascua
1015 3723 1302 3793 salubria,
1347 3721 1425 3777 ab
1469 3720 1724 3775 inimicis
1767 3720 1853 3777 eis
1900 3724 2041 3774 sunt

376 3818 580 3876 herbae
609 3815 902 3873 morbida:
926 3816 1282 3887 procurata).

448 3912 503 3964 2.
534 3909 908 3980 Quapropter
935 3919 1010 3959 ne
1032 3901 1199 3959 canis
1219 3905 1445 3966 mutus,
1470 3903 1529 3955 et
1556 3914 1680 3953 non
1708 3896 1910 3953 valens
1946 3895 2036 3952 la-

378 4000 533 4054 trare
566 3996 703 4067 (Isa.
730 4010 880 4062 xm,
917 3996 1004 4058 l0)
1029 3990 1366 4065 appellarer
1390 4005 1426 4045 a
1472 3988 1748 4055 Domino,
1796 3986 1918 4042 sive
1969 3989 2035 4042 ut

378 4084 702 4141 evaderem
732 4083 794 4139 in
834 4081 1104 4138 futurum
1129 4077 1559 4149 negligentium
1592 4076 1889 4148 judicium
1928 4091 2030 4131 co-

376 4177 556 4229 natus
579 4189 716 4228 sum
747 4188 819 4227 ex
847 4168 1240 4244 pauper-rimo
1274 4173 1497 4223 nostrae
1528 4165 1784 4222 scientiae
1815 4164 2031 4220 scrinio

374 4260 730 4336 depromere
760 4259 986 4332 aliqua,
1017 4262 1075 4314 et
1110 4273 1185 4313 ex
1232 4257 1464 4313 olerum
1521 4255 1776 4324 ferculis,
1826 4259 2029 4310 tamen

375 4349 670 4408 catholico
696 4348 895 4405 studio
921 4345 1248 4420 apparatis,
1298 4344 1567 4401 ﬁdelium
1600 4350 1867 4400 saturare
1896 4359 2030 4398 esu-

372 4441 545 4499 riem.
577 4443 795 4520 Eorum
823 4437 1063 4504 scilicet,
1087 4437 1192 4509 qui
1222 4438 1532 4492 veritatem
1574 4434 1714 4490 fidei
1759 4433 2028 4492 Christia-

2151 3279 2312 3347 dem,
2344 3280 2519 3351 cujus
2550 3280 2706 3336 vitiis
2763 3280 2983 3337 infecta
3030 3284 3118 3337 est
3172 3280 3311 3339 vita.
3368 3279 3483 3339 Sed
3529 3279 3814 3352 nunquid

2150 3368 2490 3424 mercedem
2518 3385 2694 3425 suam
2724 3385 2928 3425 coram
2952 3368 3205 3426 Domino
3231 3367 3440 3441 perdet
3467 3383 3642 3425 mens
3670 3367 3811 3428 tali-

2146 3456 2262 3512 bus
2284 3457 2581 3514 oblectata
2601 3457 2854 3517 studiis?
2899 3463 3005 3513 aut
3033 3462 3394 3517 aeternorum
3444 3456 3810 3519 vacuabitur

2147 3546 2334 3616 gratia
2355 3563 2678 3603 munerum
2698 3547 2725 3602 ?
2746 3546 2856 3612 Qui
2886 3546 2994 3603 init
3016 3546 3184 3619 quod
3216 3549 3333 3603 Deo
3357 3551 3447 3605 est
3491 3545 3807 3619 placitum,

2146 3635 2257 3690 etsi
2277 3652 2401 3692 non
2422 3636 2722 3703 effectum,
2756 3640 2910 3691 certe
2938 3636 3033 3692 vel
3079 3636 3250 3708 pium
3300 3639 3463 3705 geret
3499 3637 3805 3693 affectum.

2144 3729 2261 3779 Aut
2279 3740 2403 3780 non
2433 3728 2543 3780 erit
2570 3741 2774 3780 coram
2801 3724 3056 3780 Domino
3083 3723 3807 3796 compensandum,quod

2141 3812 2224 3882 hi,
2259 3813 2361 3885 qui
2381 3813 2505 3869 zelo
2546 3813 2647 3868 Dei
2676 3813 2891 3869 armati
2943 3818 3154 3870 contra
3190 3813 3430 3871 hostem
3485 3798 3807 3886 publicum

2143 3907 2539 3975 apertumque
2570 3903 2860 3972 gesserint
2884 3901 3133 3973 bellum,
3164 3902 3226 3963 in
3255 3917 3326 3959 eo
3370 3917 3483 3961 nos
3529 3900 3810 3965 inetiam.-

2140 3990 2290 4049 lium
2310 3990 2538 4047 attollat
2557 3990 2760 4048 laetitia
2790 3990 3156 4062 gaudiorum
3173 3993 3200 4049 ?
3232 3991 3395 4050 Sicut
3421 3990 3584 4049 enim
3632 3990 3809 4050 mihi~

2139 4085 2265 4138 met
2292 4080 2535 4137 nescius
2558 4096 2684 4139 non
2713 4097 2850 4137 sum
2893 4081 3154 4154 peccatis
3202 4080 3537 4141 obnoxium
3564 4080 3807 4139 sceleri-

2136 4168 2253 4225 bus
2277 4168 2653 4242 implicatum
2677 4185 2774 4229 me
2802 4169 3004 4243 ipsum
3027 4185 3181 4237 esse;
3207 4168 3292 4227 ita
3315 4184 3560 4242 quoque
3588 4168 3666 4227 de
3685 4169 3806 4227 cle-

2136 4258 2362 4315 mentia
2382 4259 2795 4331 Redemptoris
2816 4259 2936 4315 mei
2966 4258 3310 4318 nullatenus
3338 4275 3475 4317 sum
3512 4257 3805 4330 diffusus,

2134 4349 2240 4422 qui
2269 4347 2603 4421 reprobans
2657 4352 3004 4420 peccatores
3048 4349 3127 4405 ab
3172 4346 3372 4407 ofﬁcio
3418 4346 3805 4421 praedicandi

2132 4436 2300 4510 (quia
2327 4452 2452 4493 non
2493 4436 2632 4493 licet
2684 4436 3056 4494 committere
3103 4435 3241 4496 cani
3287 4440 3498 4497 sancta
3558 4436 3806 4498 Domini

372 4546 489 4600 nae,
523 4530 674 4586 sicut
703 4545 740 4587 a
768 4516 989 4585 sanctis
1007 4525 1277 4583 Patribus
1310 4529 1688 4597 acceperunt,
1723 4539 1872 4579 sana
1896 4538 2022 4579 cre-
2049 4516 2095 4570 D
2132 4527 2346 4598 [ΜατΙι.
2373 4542 2474 4597 vn,
2511 4526 2614 4597 6]),
2635 4541 2762 4582 non
2791 4526 3008 4583 refutat
3030 4530 3419 4598 peccatorum
3448 4524 3660 4583 utilem
3692 4542 3803 4583 vo-

370 4620 617 4678 dulitate
669 4621 1012 4676 retentant:
1072 4631 1148 4672 ne
1200 4614 1522 4671 desistente
1583 4612 2022 4687 procurationis

367 4715 592 4771 nostrae
623 4708 866 4767 salutari
888 4706 1109 4777 edulio,
1140 4705 1478 4763 lethiferum
1531 4703 1609 4760 ab
1640 4703 1894 4759 inimicis
1924 4719 2023 4759 su-

366 4805 597 4858 merent
628 4798 853 4855 cibum.
878 4797 1157 4869 ldeoque,
1199 4798 1447 4865 urgente
1471 4810 1569 4850 me
1612 4792 1832 4849 divinas
1880 4793 2021 4849 cha-

366 4889 554 4946 ritatis
585 4888 850 4959 stimulo,
882 4890 939 4943 et
967 4884 1310 4943 consultum
1332 4899 1545 4955 gerens
1572 4881 1880 4938 catholica
1905 4880 2019 4953 ple-

364 4976 482 5050 bis,
539 4993 724 5053 quam
772 4979 1087 5033 nutantem
1148 4974 1211 5029 in
1283 4971 1711 5029 certaminibus
1761 4970 2019 5027 militum

367 5065 582 5123 Christi
607 5065 878 5136 cognovi,
908 5080 1017 5120 seu
1036 5062 1253 5120 obvius
1283 5062 1395 5118 illis
1416 5060 1664 5118 studens
1685 5075 2016 5126 occurrere,

366 5171 508 5212 ense
536 5154 701 5218 verbi
732 5154 831 5210 Dei
859 5154 1184 5222 accinctus,
1232 5153 1339 5226 qui
1365 5168 1490 5209 non
1520 5151 1715 5208 solum
1745 5166 1850 5208 eos
1874 5150 2020 5207 reci-

362 5260 507 5319 pere
534 5244 687 5302 inter
704 5248 1001 5316 martyres
1020 5243 1253 5307 nolunt,
1274 5241 1671 5299 verumetiam
1700 5256 1802 5297 ore
1832 5240 2017 5297 sacri—

360 5333 498 5413 lego
523 5332 809 5391 conviciis
848 5336 1029 5405 atque
1056 5330 1842 5404 blasphemiisimpetentes,
1859 5329 2016 5386 redi-

430 5447 449 5472 '
469 5442 733 5512 Scriptus
771 5455 934 5512 anno
967 5442 1092 5503 851,
1120 5443 1262 5512 post
1285 5438 1555 5495 medium
1584 5436 1760 5501 Junii,
1793 5440 1853 5493 et
1878 5441 2016 5495 ante

357 5512 545 5568 ﬁnem
568 5511 942 5569 Novembris.

433 5587 460 5626 δ
486 5583 904 5664 llispanisxnus
928 5600 941 5639 :
958 5580 1328 5664 qu9_s__vu1go
1342 5596 1494 5656 paco
1510 5580 1940 5664 cqcsiderados,
1959 5582 2017 5664 et

364 5651 716 5733 purlagibres
741 5651 1016 5710 dicimus.
1052 5653 1245 5733 Utitur
1269 5651 1427 5733 sape
1459 5651 1696 5733 eodem.
1720 5651 1926 5733 verbo,
1959 5656 2016 5733 et

359 5720 424 5794 i_n
452 5721 667 5794 eodem
688 5739 870 5780 sensu
894 5739 1046 5794 voce
1060 5720 1507 5794 parvipen’dens
1522 5721 1659 5778 infr.
1680 5720 1745 5778 in
1760 5726 1911 5780 orat.
1934 5722 2013 5780 ad

357 5789 470 5853 ﬁn.
498 5791 603 5852 lib.
634 5807 703 5867 ιι,
732 5794 874 5853 etin
902 5789 1153 5867 Apolog.
1182 5789 1354 5852 num.
1385 5795 1442 5850 4.
1484 5793 1687 5851 Scao'r.

2127 4614 2421 4673 luntatem
2456 4615 2603 4671 inid
2653 4614 2822 4687 quod
2876 4614 2989 4672 sibi
3043 4614 3261 4688 placet.
3336 4613 3606 4687 Denique
3634 4630 3807 4677 exse-

2127 4704 2356 4762 cranda
2384 4710 2521 4762 sunt
2548 4720 2732 4778 opera
2754 4704 3315 4777 reproborum,non
3344 4705 3807 4769 contemnenda

2124 4798 2268 4850 vota
2293 4792 2634 4867 probabilia
2661 4793 3231 4865 peccatorum.Quia
3263 4793 3417 4853 sicut
3434 4809 3595 4868 Opus
3615 4793 3804 4853 sinis-

2127 4886 2287 4940 trum
2308 4898 2746 4956 usquequaque
2795 4899 2909 4940 nos
2937 4883 3161 4954 dejicit,
3186 4883 3270 4941 ita
3297 4882 3468 4956 pium
3496 4882 3796 4947 affectum

2125 4970 2188 5028 in
2217 4970 2395 5027 nobis
2443 4971 2732 5027 Dominus
2775 4987 2898 5028 non
2947 4972 3190 5045 spernit.
3224 4974 3603 5045 Quapropter
3630 4971 3803 5035 illico

2125 5076 2299 5117 mens
2325 5060 2560 5132 dejecta
2602 5060 2866 5131 erigitur,
2903 5062 3323 5134 Christumque
3369 5060 3796 5119 instituentem

2126 5168 2197 5208 ac
2234 5150 2679 5224 promittentem
2701 5150 2993 5221 recolens,
3018 5167 3127 5224 spe
3152 5149 3617 5224 quodammodo
3644 5167 3798 5224 pos.

2126 5240 2422 5297 sibilitatis
2450 5239 2772 5305 animatur,
2799 5241 2904 5314 qui
2924 5240 3032 5299 ait:
3063 5242 3254 5310 Aperi
3276 5256 3340 5299 os
3364 5246 3557 5313 tuum,
3591 5246 3647 5303 et
3680 5257 3799 5312 ego

2124 5331 2465 5401 adimplebo
2527 5330 2690 5389 illud
2749 5330 2940 5403 (Psal.
3010 5346 3186 5403 LXXX,
3252 5332 3361 5403 ll).
3432 5334 3501 5392 Et
3577 5330 3730 5393 alibi
3776 5349 3793 5388 :

2192 5443 2212 5470 ⁸
2242 5440 2411 5509 Hunc
2426 5436 2629 5494 locum
2653 5437 2736 5494 ita
2761 5437 3150 5509 restituimus,
3182 5454 3321 5495 eum
3342 5441 3401 5494 et
3427 5437 3489 5494 in
3521 5437 3795 5495 editione

2122 5508 2420 5569 Ambrosii
2444 5509 2696 5582 Moralis,
2711 5513 2766 5565 et
2792 5508 2957 5582 apud
2971 5508 3284 5582 Andream
3318 5509 3624 5582 Schotum,
3638 5525 3794 5567 eum

2123 5586 2475 5638 corruptum
2497 5580 2851 5638 credamqu
2872 5581 2981 5637 Ubi
3011 5582 3173 5638 enim
3199 5596 3312 5637 nos
3337 5582 3492 5638 sicut
3517 5580 3580 5637 in
3611 5586 3791 5638 utra-

2122 5667 2241 5725 que
2263 5652 2520 5737 periodo
2550 5652 2915 5738 apponimus
2941 5671 2954 5721 ;
2981 5653 3227 5738 Morales
3249 5654 3647 5738 sic,‘_Schotus
3675 5669 3791 5711 ve-

2120 5723 2192 5781 ro
2220 5723 2502 5796 sipriori,
2533 5723 2848 5782 sie—autem
2874 5724 3143 5783 secundo
3165 5723 3413 5799 aptavit.
