3960 6434
97 309 183 368 741

1180 301 1604 360 manemus
1643 298 2084 361 sacremus.
2125 335 2196 346 —
2234 292 2362 364 me.
2406 311 2448 364 ι.

3430 317 3545 372 742“

98 432 379 489 Dominus
408 429 581 487 dabit
613 427 859 486 verbum
883 427 1435 498 evangelizantibus
1468 429 1531 484 in
1567 429 1756 485 virtu-
1786 427 1836 481 A
1864 426 2084 484 bentur
2111 432 2391 489 testacea.
2418 430 2576 489 Solet
2612 430 2770 488 enim
2811 435 3092 506 peccator
3117 434 3261 491 sorti
3290 435 3393 493 Dei
3429 435 3541 495 im-

99 523 243 579 tilms
275 521 488 578 multis
515 521 641 588 (Ps.
689 534 866 588 vau,
907 516 1007 587 l2).
1044 516 1188 572 Inde
1219 516 1369 572 votis
1400 533 1651 590 compos
1681 514 1760 571 ef-

97 612 295 678 fectus,
318 610 505 667 credo
523 608 691 683 quod
713 608 873 664 idem
897 606 1184 676 magister
1214 622 1390 662 verus
1410 606 1760 678 dignabitur

97 702 263 759 nobis
292 700 570 757 conferre
596 696 997 771 praeconabile
1024 696 1279 752 verbum
1310 696 1388 752 ad
1428 696 1761 752 instructio-

94 808 225 848 nem
247 789 691 847 catholicorum
706 785 1134 853 honestam,ad
1153 785 1397 842 laudem
1410 790 1760 840 sanctorum

94 880 539 951 dignissimam,
563 882 621 935 et
640 877 720 934 ad
740 876 1254 950 expugnationem
1275 874 1759 932 adversariorum

95 969 596 1035 efﬁcacissimam,
656 966 762 1040 qui
813 965 1084 1039 praestitit
1130 963 1372 1021 animali
1430 963 1760 1020 irrationali

96 1059 290 1133 eloqui
329 1059 447 1115 ritu
496 1057 817 1113 hominum
854 1056 1052 1127 (Num.
1104 1071 1235 1119 χχιι,
1266 1058 1335 1111 28
1365 1059 1422 1111 et
1463 1059 1644 1127 seqq).
1693 1057 1760 1111 Et

97 1149 245 1206 sicut
269 1164 368 1206 me
399 1147 722 1218 indignum
756 1149 923 1202 tanto
953 1159 1134 1217 opere
1163 1143 1371 1211 fateor,
1402 1144 1485 1200 ita
1512 1159 1758 1217 quoque

96 1240 181 1296 sui
209 1237 576 1312 perfectione
602 1252 727 1295 non
757 1234 953 1290 solum
980 1235 1108 1290 erui
1140 1233 1332 1306 culpis
1363 1232 1623 1301 conﬁdo,
1654 1248 1757 1289 ve-

93 1327 416 1386 rumetiam
462 1325 660 1399 poenis
697 1324 1060 1393 abstractus,
1103 1323 1584 1396 praestantiorem
1622 1338 1757 1392 gra-

94 1418 233 1476 tiam
248 1418 585 1475 interventu
598 1415 728 1486 ejus
745 1413 909 1487 apud
924 1412 1247 1468 Dominum
1258 1412 1525 1468 invenire
1544 1427 1721 1485 spero
1741 1428 1755 1467 :

96 1512 157 1565 ut
174 1510 269 1564 est
288 1504 437 1564 illud
467 1503 957 1577 philosophicum
994 1519 1007 1557 :

198 1631 320 1686 Hoc
352 1647 497 1701 Opus
527 1628 636 1683 hoc
664 1627 801 1682 olim
831 1628 1030 1681 forsan
1060 1643 1148 1680 me
1180 1625 1476 1680 subtrahet
1506 1624 1649 1694 igni.

1865 516 2077 573 mistus
2116 519 2382 591 quotidie
2411 520 2471 576 in
2504 536 2680 577 aures
2722 522 2933 594 populi
2976 522 3104 578 ᾕρεε
3135 523 3333 581 dicere
3367 541 3381 581 :
3420 528 3532 581 Do-

1866 605 2070 662 minus
2116 608 2219 675 ait,
2264 609 2577 667 Proclama
2608 627 2621 665 :
2655 610 2731 666 de
2764 611 3343 682 transgressionibus
3383 629 3534 688 pras-

1867 699 2177 768 ceptorum
2207 697 2307 754 Dei
2328 699 2569 772 plebem
2601 714 2787 769 argue
2821 717 2835 755 :
2869 700 2944 757 de
2968 701 3280 758 severitate
3302 702 3534 779 judicii,

1865 800 2002 856 quin
2046 791 2400 859 pecatorum
2447 788 2702 846 debetur
2745 789 3112 857 excessibus,
3155 797 3487 850 contestare
3521 810 3536 851 :

1866 873 1940 929 de
1969 875 2207 932 redditu
2236 876 2445 944 veniae,
2478 882 2537 934 et
2580 893 2687 951 spe
2731 878 3149 951 promerendae
3200 880 3534 939 clementiae

1866 961 2129 1019 admone
2154 981 2168 1031 ;
2201 980 2341 1020 cum
2369 968 2575 1021 tamen
2597 964 2695 1022 ille
2718 965 2846 1039 ipse
2875 982 2987 1023 nec
3016 967 3270 1025 modum
3299 969 3540 1029 sibimet

1864 1050 1926 1106 in
1955 1052 2311 1108 criminibus
2342 1058 2552 1126 ponat,
2578 1071 2691 1111 nec
2720 1060 3005 1112 terrorem
3036 1055 3219 1113 futuri
3239 1059 3536 1115 examinis

1865 1145 2112 1206 metuat,
2146 1140 2399 1215 etquod
2425 1142 2555 1199 aliis
2602 1143 2911 1217 praedicat,
2956 1145 3229 1202 moribus
3271 1147 3400 1221 ipse
3429 1149 3540 1208 im.

1864 1234 2098 1302 pugnat
2130 1249 2143 1286 :
2178 1231 2366 1288 verbo
2405 1236 2608 1288 autem
2637 1233 2767 1306 ejus
2792 1233 3065 1290 nonnulli
3093 1234 3322 1304 intenti,
3356 1236 3435 1294 ab
3466 1236 3539 1297 il-

1863 1318 2037 1375 licitis
2084 1319 2407 1389 abstinent,
2459 1326 2516 1378 et
2565 1322 3023 1394 perfectioribus
3074 1323 3403 1382 adhaerent.
3456 1328 3536 1383 De

1867 1409 2089 1481 quibus
2127 1409 2189 1466 in
2236 1411 2561 1481 Evangelia
2606 1411 2822 1468 dicitur
2854 1430 2867 1468 :
2900 1413 3114 1469 Omnia
3157 1429 3541 1489 quaecumque

1868 1500 2135 1557 dixerint
2165 1500 2329 1556 vobis
2350 1501 2661 1558 observate
2676 1507 2733 1558 et
2751 1503 2983 1572 facite:
3006 1503 3332 1560 secundum
3357 1520 3541 1575 opera

1870 1604 2009 1645 vero
2046 1590 2294 1645 illorum
2330 1591 2521 1647 nolite
2563 1591 2808 1661 facere;
2835 1591 3046 1648 dicunt
3095 1592 3271 1661 enim,
3314 1600 3373 1650 et
3419 1609 3542 1650 non

1868 1679 2110 1748 faciunt
2137 1693 2161 1735 .’
2190 1672 2454 1750 alligant
2478 1694 2662 1735 onera
2688 1682 2906 1750 gravia
2936 1686 2990 1737 et
3020 1681 3456 1750 importabilia,
3487 1687 3543 1738 et

162 1761 217 1820 4.
259 1755 446 1827 Igitur
483 1754 559 1813 de
596 1752 905 1810 memoriis
932 1756 1270 1841 martyrum
1312 1750 1631 1841 quidpiam
1648 1767 1723 1841 Am

1977 1772 2191 1823 nouunt
2231 1782 2299 1824 ea
2326 1769 2591 1824 humeris
2623 1768 2952 1841 hominum,
2988 1769 3176 1840 digito
3206 1776 3404 1827 autem
3434 1786 3541 1827 suo

94 1847 389 1916 locuturo,
423 1843 788 1919 principium
817 1840 1104 1899 orationis
1136 1845 1358 1900 nostra:
1385 1840 1463 1897 ad
1490 1857 1600 1897 vos
1628 1839 1764 1897 diri-

98 1942 292 2007 gatur,
320 1953 358 1993 ο
385 1932 576 1990 sancti
609 1931 821 1989 fratres
848 1930 1054 1999 nostri,
1083 1934 1141 1986 et
1179 1945 1414 1987 sorores
1442 1929 1503 1985 in
1535 1929 1763 1986 Christo

95 2025 308 2088 beatas,
337 2039 411 2082 ex
431 2037 693 2094 quorum
725 2019 989 2088 collegiis
1011 2017 1417 2075 sacratissimo
1436 2018 1557 2075 Deo
1577 2017 1765 2076 libata

97 2121 183 2173 est
205 2114 426 2181 hostia,
458 2128 582 2175 non
604 2126 817 2169 verens
840 2110 1133 2184 pudorem
1155 2108 1359 2165 inculti
1376 2108 1617 2181 eloquii,
1640 2124 1766 2165 non

99 2209 476 2264 venustatem
505 2202 896 2276 leporemque
936 2200 1227 2255 atfectans
1268 2197 1532 2255 liberalis
1564 2197 1762 2261 studii,

98 2295 264 2369 quod
281 2290 879 2351 nulliusinstituentis
892 2288 1237 2359 magisterio
1252 2287 1533 2344 traditum
1547 2287 1762 2345 habui:

98 2384 430 2459 praesertim
471 2398 614 2441 cum
659 2384 717 2438 et
763 2380 824 2437 in
870 2376 1293 2449 hujuscemodi
1342 2376 1524 2433 rebus
1573 2376 1767 2447 magis

99 2473 369 2532 noverim
409 2470 747 2543 simplicem
782 2468 1092 2525 veritatem
1123 2483 1256 2523 esse
1294 2466 1764 2534 observandam,

99 2579 288 2637 quam
348 2565 661 2621 tonantem
717 2573 1033 2615 musarum
1092 2555 1396 2626 turgidam
1452 2571 1765 2628 pompam.

103 2656 343 2727 Loquar
368 2651 546 2711 etiam
581 2649 706 2714 tibi.
756 2665 792 2704 0
833 2645 1184 2703 universalis
1232 2644 1507 2703 Ecclesiae
1551 2650 1771 2701 sanctae

96 2745 454 2806 conventus,
487 2744 552 2796 ut
592 2738 844 2795 verbum
886 2735 1167 2801 veritatis,
1211 2734 1376 2808 quod
1421 2750 1523 2790 ore
1564 2738 1771 2791 nostro

96 2831 373 2893 edicitur,
400 2826 656 2901 placidis
677 2825 971 2883 mentium
999 2823 1153 2879 ulnis
1175 2822 1564 2896 amplectens,
1586 2822 1774 2880 nulla.

96 2926 272 2981 tenus
301 2916 746 2991 praedicationis
776 2919 995 2970 nostrae
1025 2912 1353 2971 arcendam
1382 2911 1527 2968 velis
1558 2911 1774 2969 doctri-

98 3027 263 3081 nam,
287 3025 446 3084 quae,
474 3005 808 3081 apostolica
830 3003 1169 3061 afﬁrmante
1191 3002 1562 3065 auctoritate.
1585 3001 1773 3058 libera

97 3102 174 3157 ad
203 3098 667 3159 instructionem
716 3095 989 3153 omnium
1047 3092 1352 3162 redditur;
1397 3109 1534 3149 cum
1593 3092 1773 3153 unius

94 3191 237 3250 ﬁdei
289 3190 595 3251 auditores
652 3186 818 3245 vario
887 3185 1175 3241 discretos
1238 3181 1479 3249 talento,
1540 3182 1774 3240 diverso

96 3285 544 3355 praeceptorum
598 3275 872 3334 accendit
923 3272 1169 3332 oraculo
1204 3290 1217 3328 :
1251 3276 1308 3328 et
1347 3271 1430 3328 ibi
1480 3272 1774 3330 acriorem

99 3371 309 3444 spiritu
359 3368 664 3444 patientiae
716 3366 993 3422 virtutem
1046 3361 1367 3425 demulcet,
1423 3361 1526 3417 ubi
1568 3361 1775 3419 mitem

103 3460 301 3518 vivido
327 3457 600 3533 jubentis
643 3456 895 3531 imperio
944 3451 1309 3527 perarmavit
1342 3470 1353 3509 :
1388 3451 1495 3507 uni
1522 3450 1728 3508 dicens
1759 3468 1772 3509 :

98 3553 329 3624 Argue,
362 3549 630 3617 obsecra,
665 3548 911 3616 increpa
950 3547 1012 3600 in
1042 3544 1207 3601 omni
1231 3543 1529 3611 patientia
1559 3546 1615 3598 et
1644 3542 1777 3599 doc-

101 3646 267 3705 trina
300 3642 407 3713 (II.
446 3642 594 3699 Tim.
618 3655 693 3694 iv.
728 3640 778 3709 2)
807 3655 820 3706 ;
861 3636 1030 3693 alteri
1059 3651 1202 3692 vero
1233 3632 1586 3707 praecipiens
1618 3651 1631 3689 :
1665 3635 1779 3688 Ar-

98 3749 215 3805 gue
232 3748 371 3791 cum
394 3731 561 3787 omni
583 3728 854 3797 imperio.
887 3728 1069 3783 Nemo
1096 3731 1152 3781 te
1181 3729 1522 3779 contem-nat
1545 3724 1684 3792 (Tit.
1715 3738 1774 3788 ιι,

105 3828 211 3883 15).
241 3821 414 3882 Unde
442 3819 639 3894 parati
664 3822 849 3875 estote
878 3815 1046 3873 omni
1070 3814 1300 3873 homini
1326 3813 1577 3870 reddere
1598 3814 1777 3871 ratio-

99 3928 262 3980 nem,
288 3915 495 3985 petere
517 3925 551 3965 a
573 3906 747 3964 vobis
766 3905 983 3963 volenti
1006 3903 1081 3961 de
1108 3902 1209 3960 illa
1232 3918 1367 3975 quae
1389 3901 1451 3957 in
1476 3917 1547 3957 eo
1578 3906 1783 3958 manet

102 4017 206 4074 spe
234 4002 297 4073 (Ι
318 4001 490 4057 Petr.
514 4013 603 4061 in,
636 3997 757 4067 15);
791 4011 866 4053 ne
892 3992 1077 4068 (quod
1105 3991 1282 4063 absit)
1305 3990 1545 4063 stupido
1572 3990 1784 4049 auditu

101 4105 266 4149 sanie
288 4086 581 4148 doctrinae
604 4089 891 4155 dogmata
908 4085 1277 4155 respuentes,
1297 4078 1452 4134 illius
1469 4095 1635 4151 quon
1665 4080 1785 4136 Iam

100 4177 460 4252 apostolicae
491 4173 905 4248 imputationis
941 4168 1250 4228 sententiae
1280 4168 1526 4224 obdoxii
1560 4167 1787 4240 judice-

98 4269 273 4337 mini,
304 4282 431 4341 qua
461 4265 678 4321 dicitur
706 4280 719 4319 :
746 4264 882 4320 Erit
916 4263 1073 4318 enim
1101 4266 1350 4328 tempus,
1385 4273 1519 4313 cum
1549 4273 1783 4324 sanam,

97 4358 449 4414 doctrinam
493 4370 612 4410 non
656 4352 1055 4421 sustinebunt,
1093 4349 1199 4406 sed
1237 4348 1318 4404 ad
1354 4362 1461 4403 sua
1493 4346 1789 4409 desideria

97 4446 557 4504 coacervabunt
604 4443 717 4500 sibi
757 4444 1077 4514 magistros
1101 4438 1448 4510 prurientes
1490 4436 1738 4492 auribus
1765 4446 1789 4488 .'

97 4543 153 4593 et
188 4552 228 4593 a
261 4536 519 4592 veritate
545 4532 781 4606 quidem
815 4531 1093 4587 auditum
1125 4530 1415 4593 avertent,
1440 4524 1521 4580 ad
1535 4523 1788 4595 fabulas

96 4632 309 4683 autem
343 4626 772 4680 convertentur
809 4620 900 4691 (II
931 4620 1079 4675 Tim.
1123 4633 1201 4685 Iv,
1235 4619 1290 4680 3,
1321 4616 1398 4686 4).
1449 4613 1601 4680 Quia
1640 4613 1792 4677 sicut

98 4716 287 4773 nobis
327 4711 626 4770 incumbit
655 4709 1000 4783 ofﬁciositas
1042 4702 1436 4781 praedicandi,
1488 4702 1569 4763 ita
1615 4702 1790 4764 vobis

100 4805 320 4861 subest
347 4800 678 4860 necessitas
705 4796 1008 4855 audiendi.
1050 4799 1165 4852 Nec
1194 4797 1441 4869 propter
1478 4792 1595 4848 hoc
1625 4790 1792 4867 quod

99 4910 218 4951 nos
258 4892 608 4950 inordinate
655 4888 952 4958 degimus,
1004 4885 1205 4958 turpiq
1254 4900 1285 4939 e
1336 4881 1792 4939 conversatione

103 4983 466 5055 dejicemur,
518 4978 932 5052 respuendum
984 4974 1149 5030 verbi
1206 4972 1305 5029 Dei
1357 4972 1793 5033 documentum

101 5069 484 5129 arbitremini
523 5087 535 5124 :
570 5067 864 5141 quoniam
890 5065 1247 5139 plerumque
1274 5062 1337 5118 in
1363 5075 1587 5131 magna
1608 5060 1794 5119 domo

100 5158 569 5236 patrisfamilias
591 5159 875 5212 novimus
891 5164 917 5191 ⁸
945 5153 1113 5211 haud
1137 5150 1421 5221 ambigue
1450 5146 1795 5205 conversari

100 5250 376 5310 asseclas
414 5248 744 5323 deploratae
771 5246 926 5315 vitae,
968 5259 1232 5318 quorum
1262 5239 1593 5299 ministerio
1625 5236 1796 5299 fami-

100 5340 290 5398 liares
314 5338 711 5396 dominarum
750 5334 1053 5393 interdum
1097 5329 1496 5407 expediuntur
1546 5325 1799 5387 necessi-

103 5435 287 5488 tates.
318 5432 472 5487 Nam
510 5432 571 5485 et
612 5424 1078 5499 imperatoribus
1108 5421 1321 5478 mundi
1362 5416 1663 5492 plumbeis
1695 5414 1797 5473 ad-

105 5520 355 5579 ducitur
374 5515 677 5577 cuniculis
696 5514 898 5581 unda;
926 5518 987 5571 et
999 5513 1152 5570 inter
1178 5525 1357 5567 saera
1378 5505 1622 5564 Domini
1646 5522 1798 5563 vasa

108 5625 264 5667 auro
296 5612 627 5679 argentove
658 5604 941 5674 conﬂata,
977 5602 1380 5676 pretiosorum
1405 5595 1679 5671 lapidum
1708 5610 1799 5651 or“

107 5699 418 5758 namentis
474 5698 852 5772 percompta,
907 5692 1088 5751 etiam
1140 5706 1265 5747 non
1309 5685 1653 5763 abjicienda
1679 5684 1791 5743 ha-

180 5816 210 5846 ⁸
240 5805 437 5867 Haud
458 5802 665 5873 dubie,
690 5801 921 5873 procul
945 5799 1151 5858 dubio.
1183 5798 1391 5855 Scuor.

1870 1857 2087 1911 nolunt
2117 1871 2185 1911 ea
2210 1871 2443 1914 movere
2459 1856 2872 1927 (Matth.xxm,
2893 1859 3026 1929 3,4).
3058 1856 3224 1913 Unde
3266 1858 3545 1928 congruit

1872 1949 1956 2013 ut,
1988 1961 2128 2000 cum
2169 1944 2428 2001 Ecclesia
2470 1944 2738 2019 possidet
2762 1950 3053 2002 rectorem
3103 1946 3240 2002 vitae
3271 1946 3543 2004 moribus

1872 2034 2193 2105 dejectum,
2212 2050 2335 2090 non
2352 2035 2860 2091 contemnendam
2883 2036 3013 2107 ejus
3048 2035 3541 2111 praedicationem

1874 2123 2186 2190 existimet,
2210 2122 2491 2196 quamvis
2520 2123 2679 2179 hanc
2708 2124 2835 2196 ipse
2856 2125 3061 2196 pravis
3085 2124 3322 2180 actibus
3347 2125 3545 2201 impu-

1876 2217 2033 2283 gnet.
2058 2212 2333 2268 Ofﬁcium
2353 2212 2554 2285 itaque
2580 2211 2747 2281 vulgi
2767 2217 2854 2268 est
2871 2211 3182 2269 intendere
3207 2213 3287 2270 ad
3308 2213 3546 2270 concio-

1873 2308 2146 2373 nantem,
2178 2306 2234 2358 et
2264 2301 2472 2357 audire
2509 2300 2829 2371 dicentem,
2869 2305 2927 2357 et
2973 2301 3233 2358 doctoris
3258 2301 3547 2375 praedica-

1875 2392 2100 2447 tionem
2148 2390 2458 2463 operando
2489 2391 2756 2463 exsequi,
2789 2395 2846 2446 et
2874 2405 2998 2446 non
3037 2391 3353 2467 proprium
3381 2391 3545 2465 judi-

1878 2482 2039 2537 cium
2076 2485 2151 2536 de
2204 2480 2665 2553 praepositorum
2710 2480 2936 2535 meritis
2992 2480 3164 2548 ferre,
3221 2496 3378 2556 quos
3435 2497 3546 2539 suo

1880 2568 2168 2625 Dominus
2190 2568 2638 2639 distringendos
2668 2569 2928 2624 examini
2950 2568 3296 2636 reservavit,
3318 2569 3543 2626 dicens:

1877 2660 2187 2729 Propheta
2232 2674 2491 2729 namque
2522 2664 2574 2714 et
2605 2659 2881 2715 sacerdos
2909 2660 3141 2729 polluti
3179 2666 3340 2729 sunt,
3381 2666 3435 2717 et
3482 2662 3546 2716 in

1880 2750 2053 2805 domo
2078 2763 2210 2804 mea
2238 2748 2443 2805 inveni
2467 2748 2697 2804 malum
2735 2763 2962 2819 eorum,
3007 2750 3095 2805 ait
3119 2751 3423 2806 Dominus.
3455 2750 3550 2808 ld-

1882 2843 2041 2896 circo
2072 2841 2171 2896 via
2200 2854 2403 2895 eorum
2432 2842 2543 2895 erit
2582 2841 2761 2911 quasi
2798 2840 3095 2896 lubricum
3141 2842 3206 2896 in
3251 2840 3506 2897 tenebris
3526 2854 3551 2899 .'

1881 2930 2271 3000 impellentur
2299 2930 2476 2997 enim,
2497 2935 2553 2985 et
2583 2936 2867 2986 corruent
2893 2931 2956 2985 in
2986 2945 3076 2986 ea.
3098 2930 3371 3000 Aﬁ‘eram
3392 2932 3551 2987 enim

1881 3036 2063 3090 super
2102 3036 2195 3076 eos
2242 3020 2432 3081 mala.
2478 3035 2707 3075 annum
2758 3020 3118 3075 visitationis
3167 3035 3367 3078 eorum
3405 3022 3552 3091 (Jer-

1880 3126 2045 3174 xxm,
2085 3114 2171 3179 Η,
2216 3109 2322 3179 12).
2369 3110 2435 3163 Et
2476 3108 2692 3163 iterum
2726 3124 2743 3163 :
2772 3109 2928 3164 Mihi
2966 3109 3318 3177 vindictam,
3361 3113 3420 3164 et
3445 3122 3551 3179 ego

1880 3199 2227 3265 retribuam,
2259 3198 2405 3252 dicit
2429 3198 2721 3253 Dominus
2744 3198 2934 3267 (Deut.
2972 3212 3147 3264 χχχιι,
3181 3196 3292 3269 35),
3322 3198 3387 3251 Et
3417 3194 3553 3253 licet

1879 3288 2029 3354 haec,
2076 3284 2502 3360 quamdudum
2554 3284 2775 3355 digessi
2815 3284 3158 3353 auctoritas,
3208 3283 3403 3340 meriti
3434 3283 3553 3340 mei

1880 3375 2292 3434 defensionem
2322 3374 2608 3448 inquirat,
2660 3378 2717 3430 et
2755 3374 2980 3447 quibus
3022 3373 3221 3430 modis
3246 3374 3553 3446 justorum

1880 3468 2076 3538 legem
2107 3465 2362 3522 evadere
2399 3480 2524 3521 non
2554 3464 2785 3543 possim
2828 3463 3143 3537 ostendat;
3180 3463 3316 3537 plus
3353 3467 3555 3523 tamen

1884 3557 2218 3631 simplicem
2244 3555 2662 3626 religiosorum
2695 3560 3059 3611 conventum
3092 3554 3420 3612 accendere
3451 3569 3556 3611 an-

1881 3648 2061 3713 helat,
2094 3663 2171 3703 ne
2202 3650 2409 3703 sancta
2441 3650 2813 3715 sanctorum,
2839 3644 3119 3718 quamvis
3145 3660 3247 3705 ore
3274 3643 3556 3721 improbo

1885 3737 2066 3806 edita,
2100 3740 2367 3808 respuat.

1957 3832 2008 3884 5.
2058 3830 2124 3882 In
2167 3827 2387 3881 horum
2434 3823 2614 3899 igitur
2661 3822 3092 3883 certaminibus
3136 3821 3557 3881 confessorum

1885 3922 2051 3975 tanto
2082 3914 2475 3973 alacrioribus
2508 3912 2726 3970 animis
2757 3917 2849 3969 est
2881 3911 3331 3982 exsultandum,
3358 3914 3556 3967 tanta-

1887 4023 2006 4082 que
2021 4005 2291 4062 libertate
2308 4002 2504 4061 cordis
2522 4007 2578 4059 et
2592 4002 2757 4059 vocis
2776 4001 3106 4073 gloriosum
3123 4003 3560 4065 consummata:

1888 4095 2150 4154 victoriae
2181 4109 2429 4150 cursum
2458 4092 2775 4148 ferendum
2802 4109 2816 4161 ;
2845 4096 3074 4167 quanto
3098 4090 3193 4147 his
3221 4088 3428 4146 divina
3445 4104 3563 4146 vox

1889 4183 2428 4257 indulgentissimae
2460 4182 2805 4256 sponsionis
2847 4197 3055 4241 verum
3098 4179 3309 4240 salutis
3337 4178 3566 4245 confert

1893 4274 2194 4344 solatium,
2216 4272 2424 4328 dicens
2457 4289 2472 4327 :
2499 4271 2614 4338 Qui
2634 4272 3040 4342 perseveravit
3061 4285 3247 4344 usque
3263 4270 3328 4325 in
3357 4269 3563 4339 ﬁnem,

1894 4364 1991 4421 hic
2021 4363 2226 4419 salvus
2256 4362 2372 4418 erit
2412 4360 2651 4433 (Matth.
2696 4377 2747 4427 x,
2793 4359 2903 4433 22).
2951 4358 3248 4426 Quoniam
3276 4356 3567 4414 veraciter

1895 4452 2218 4523 cognoVim
2227 4467 2295 4506 us
2309 4466 2434 4506 non
2450 4448 2878 4505 inchoantibus
2894 4448 3100 4507 deberi
3110 4444 3567 4521 praemium,sed

1895 4539 2437 4615 perseverantibus.
2457 4538 2622 4595 Adeo
2643 4537 2745 4595 illa
2763 4535 3170 4611 primordialis
3187 4533 3570 4611 abrenuntia-

1896 4635 1977 4688 tio
2005 4647 2230 4700 rerum,
2263 4628 2598 4700 mundique
2636 4630 3019 4700 contemptus
3057 4623 3381 4703 praecipuis
3410 4621 3568 4678 votis

1897 4726 1954 4778 et
1983 4719 2181 4776 studio
2212 4715 2539 4774 ardentiori
2569 4714 2648 4771 ab
2678 4716 2766 4771 eis
2796 4714 3153 4770 exercitatus
3184 4716 3296 4780 est;
3328 4714 3394 4765 ut
3422 4723 3567 4766 eon-

1896 4808 2105 4867 tuendi
2129 4804 2392 4863 velocius
2419 4806 2635 4874 Deum,
2682 4806 2740 4859 et
2780 4802 3096 4859 beatorum
3145 4797 3384 4857 fruendi
3429 4812 3572 4854 con-

1899 4896 2081 4955 sortio
2111 4892 2476 4954 desiderium
2499 4890 2814 4958 haberent,
2845 4893 2911 4945 ut
2938 4887 3119 4944 etiam
3149 4884 3408 4942 labentis
3433 4884 3569 4943 vitm

1899 4984 2119 5042 obnixe
2148 4997 2437 5039 occasum
2465 4980 2817 5053 appeterent
2844 4993 2857 5032 :
2886 4973 3101 5032 melius
3137 4976 3419 5046 putantes
3456 4970 3570 5029 sub

1900 5072 2080 5129 unius
2120 5068 2329 5145 puncti
2381 5066 2574 5141 spatio
2621 5064 2774 5122 ferre
2824 5060 3183 5121 sententiam
3228 5061 3570 5131 hominum,

1901 5178 2037 5236 quia
2054 5159 2231 5227 illico,
2249 5156 2417 5214 nulla
2431 5155 2833 5214 intercedente
2849 5151 3156 5221 dilatione,
3175 5167 3280 5209 eos
3300 5150 3480 5209 ferret
3493 5148 3573 5207 ad

1902 5250 2338 5321 coelum,quam
2362 5261 2472 5320 per
2492 5243 2662 5301 varia
2683 5246 2741 5300 et
2762 5242 2947 5314 longa
2974 5240 3324 5299 discrimina
3344 5244 3576 5313 tempo-

1901 5357 2040 5399 rum
2070 5355 2211 5396 cum
2236 5336 2405 5409 gravi
2426 5333 2702 5392 molestia
2716 5332 3008 5390 sustinere
3027 5329 3326 5388 versutias
3348 5328 3576 5389 daemo-

1902 5447 2075 5488 num.
2101 5433 2168 5486 Et
2187 5426 2479 5484 Dominus
2502 5424 2753 5499 quidem
2775 5422 2858 5480 ad
2882 5420 3152 5479 omcium
3177 5417 3575 5493 praedicandis

1903 5518 2163 5578 veritatis
2190 5515 2487 5589 discipulo
2517 5514 2820 5582 imbuens,
2852 5508 3169 5589 impavida
3188 5524 3294 5569 eos
3314 5505 3578 5571 audacia.

1900 5611 2074 5685 jubet
2113 5622 2243 5667 esse
2290 5609 2624 5671 contentos,
2670 5604 2876 5667 dicens
2905 5618 2919 5658 :
2948 5602 3176 5663 Euntes
3198 5615 3314 5673 per
3338 5598 3581 5661 univer-

1908 5717 2041 5761 sum
2076 5697 2376 5761 mundum
2412 5694 2742 5768 prwa
2778 5691 3187 5766 Evanaeiium
3210 5691 3383 5754 omni
3422 5703 3577 5755 area
