3960 6408
409 279 515 334 743

1608 278 1666 332 S.
1707 275 1988 332 EULOGII
2025 274 2345 332 ARCHIEP.
2386 277 2626 333 TOLET.

3740 281 3865 335 744

413 404 588 471 ιανςτ,
622 399 991 470 baptizantes
1020 414 1114 455 eos
1158 401 1222 455 in
1250 400 1487 455 nomine
1529 400 1754 462 Patris,
1802 404 1857 454 et
1900 398 2067 465 Filii,
2101 399 2150 451 Α
2182 403 2384 454 cantes
2426 400 2812 471 Evangelium
2851 399 2952 456 Dei
2980 398 3354 472 principibus
3392 402 3449 455 et
3488 400 3864 457 nationibus

412 491 493 545 Et
523 491 790 559 Spiritus
829 491 1041 555 sancti,
1096 489 1209 556 Qui
1254 490 1595 558 crediderit,
1637 495 1690 545 et
1737 488 2071 558 baptizatus

411 580 619 650 fuerit,
670 580 871 634 salvus
913 579 1072 634 erit:
1101 580 1205 649 qui
1236 593 1371 634 vero
1408 594 1526 633 non
1558 579 1900 646 crediderit,
1932 592 2071 633 con-

413 669 797 726 demnabitur
832 668 1068 737 (Matth.
1104 684 1271 733 xxut;
1313 669 1505 723 Marc.
1536 668 1677 740 xvn).
1712 671 1775 723 Et
1805 667 2021 722 iterum
2055 682 2069 720 :

412 758 612 814 Nolite
632 761 836 813 timere
855 771 948 811 eos
976 757 1083 827 qui
1102 757 1379 812 occidunt
1402 772 1638 827 corpus,
1662 758 1804 828 quia
1825 772 1946 811 non
1972 755 2073 811 ha-

416 847 551 902 bent
573 845 719 917 quid
747 846 1009 914 amplius
1031 846 1271 914 faciant
1288 859 1310 917 ;
1338 846 1440 902 sed
1461 847 1664 915 potius
1691 862 1823 902 eum
1856 847 2071 913 timete,

411 935 517 1005 qui
541 939 730 1003 potest
756 949 971 1003 corpus
1005 940 1059 989 et
1083 936 1348 990 animam
1374 935 1648 1003 perdere,
1676 940 1731 990 et
1752 935 1986 989 mittere
2009 933 2073 988 in

409 1017 743 1091 gehennam
760 1023 1001 1093 (Matth.
1026 1039 1084 1085 x.
1107 1024 1220 1094 28).
1262 1025 1369 1079 Vos
1392 1024 1527 1079 estis
1550 1025 1660 1078 tua:
1683 1022 1912 1078 mundi.
1937 1023 2074 1077 Non

405 1118 595 1181 potest
614 1114 825 1169 civitas
843 1113 1131 1168 abscondi
1148 1129 1330 1182 super
1347 1120 1599 1168 montem
1608 1114 1811 1181 posita
1845 1129 1857 1166 :
1886 1125 2076 1181 neque

413 1201 755 1257 accendunt
804 1202 1136 1270 lucernam,
1180 1207 1235 1257 et
1274 1207 1509 1270 ponunt
1556 1216 1684 1257 eam
1724 1200 1834 1255 sub
1881 1200 2074 1255 modio

416 1289 656 1361 (Matth.
685 1307 738 1357 v,
774 1293 859 1358 14,
884 1290 992 1362 15).
1044 1290 1214 1358 Quod
1236 1290 1369 1346 dico
1400 1291 1560 1346 vobis
1590 1291 1651 1345 in
1679 1290 1953 1355 tenebris,
1983 1289 2073 1343 di-

415 1380 528 1435 cite
554 1380 616 1434 in
654 1380 899 1449 lumine,
932 1385 985 1435 et
1014 1395 1146 1449 qum
1174 1381 1238 1435 in
1268 1395 1417 1435 aure
1445 1380 1717 1439 audistis,
1748 1378 2077 1447 praedicate

415 1482 597 1536 super
618 1472 772 1523 tecta
793 1467 1033 1536 (Matth.
1056 1484 1116 1537 x,
1140 1468 1250 1538 27).
1277 1467 1450 1533 Quod
1469 1470 1528 1522 in
1555 1467 1837 1539 mysterio
1859 1481 2077 1535 cogno-

415 1555 606 1620 vistis,
622 1556 885 1628 apertius
904 1562 1176 1612 enarrate
1193 1574 1208 1622 ;
1225 1555 1391 1628 quod
1407 1555 1693 1611 didicistis
1706 1554 2075 1621 abscondite,

417 1642 658 1717 publice
674 1642 994 1717 loquimini
1016 1662 1029 1712 ;
1054 1643 1219 1717 quod
1239 1660 1344 1699 vos
1365 1643 1588 1698 erudivi
1605 1644 1666 1698 in
1684 1658 1869 1715 parvo
1882 1642 2078 1712 judeae

2182 487 2413 543 mundi.
2459 492 2646 563 Super
2684 490 2982 544 Christum
3028 493 3296 544 montem
3347 488 3653 545 excelsum
3707 506 3868 546 con-

2181 577 2568 649 templatione
2609 578 2901 633 mentium
2942 577 3173 643 elevati,
3225 577 3565 634 didicerunt
3604 579 3868 635 confes-

2183 680 2348 720 sores
2377 666 2536 723 beati
2562 683 2635 723 ex
2659 667 2983 723 Psalmistae
3009 666 3267 723 oraculis
3283 667 3576 736 justitiam
3606 669 3870 724 Domini

2182 756 2243 811 in
2307 756 2573 813 Ecclesia
2635 772 2864 827 magna
2919 756 3043 812 fore
3108 756 3589 813 annuntiandam
3656 759 3863 829 (Psal.

2183 846 2460 915 xxxix,tO)
2490 864 2502 901 :
2528 851 2585 902 et
2612 846 2747 902 ideo
2777 846 3039 919 perfecto
3070 846 3208 902 odio
3232 850 3439 902 contra
3464 847 3867 904 adversarios

2184 937 2458 992 Ecclesiae
2489 937 2865 1003 insurgentes
2896 941 3159 1005 arguunt
3199 936 3418 1009 impios
3455 936 3530 992 de
3571 936 3868 993 falsidica

2183 1026 2334 1080 vatis
2362 1025 2550 1098 iniqui
2579 1025 2871 1093 doctrina,
2901 1025 3236 1098 praestigiis,
3269 1024 3611 1095 sacrilegiis,
3654 1030 3715 1082 et
3755 1042 3867 1081 va-

2182 1114 2468 1169 nitatibus
2522 1114 2723 1169 saeculi
2769 1114 2950 1187 plena
2995 1132 3009 1169 :
3055 1114 3427 1172 detestantur
3473 1131 3745 1188 quoque,
3802 1120 3869 1171 et.

2184 1203 2703 1260 maledictionibus
2732 1210 3038 1260 auctorem
3068 1209 3244 1260 tantae
3287 1205 3691 1277 perversitatis
3744 1205 3866 1260 im-

2184 1299 2477 1367 pugnant,
2501 1294 2907 1366 eumdemque
2929 1298 3148 1350 emtum
3180 1294 3398 1349 talibus
3427 1295 3865 1351 inservientem

2186 1382 2431 1439 culturis
2496 1383 2745 1455 perenni
2805 1384 3188 1438 anathemate
3227 1382 3523 1439 damnant
3575 1402 3588 1439 :
3651 1389 3710 1439 et
3776 1384 3869 1439 ita

2186 1473 2431 1529 interriti
2480 1477 2688 1529 contra
2738 1473 2973 1529 hostem
3028 1473 3341 1547 publicum
3386 1478 3662 1545 apertum
3703 1472 3871 1529 veri-

2190 1565 2322 1619 tatis
2352 1564 2642 1633 erigentes
2673 1563 2972 1626 vexillum,
2998 1568 3202 1636 utpote
3224 1568 3359 1619 ante
3386 1562 3541 1619 fores
3568 1563 3867 1636 praetorii,

2190 1658 2246 1709 et
2275 1654 2336 1709 in
2365 1654 2498 1726 ipso
2529 1669 2776 1710 accessu
2812 1653 3018 1726 palatii
3047 1654 3414 1725 proferentes
3443 1654 3871 1709 testimonium

416 1730 571 1799 Ῑοοον
604 1731 666 1787 in
706 1732 997 1787 uniVBI‘SiS
1027 1732 1298 1800 urbibus.
1332 1735 1389 1787 et
1425 1732 1485 1787 in
1531 1735 1654 1787 ῑοίο
1697 1730 1927 1786 mundo
1972 1746 2079 1786 δυ·-
2119 1749 2162 1804 Β
2189 1744 2250 1801 in
2296 1743 2514 1799 ducem
2560 1742 2932 1815 perditionis,
2973 1742 3342 1799 confusionis
3372 1747 3429 1798 et
3456 1742 3809 1813 ignominiae
3851 1758 3867 1802 :

417 1819 623 1876 dacter
647 1818 842 1876 dicite.
876 1821 1051 1876 Docet
1074 1820 1359 1876 fiduciam
1390 1820 1777 1893 praedicandi,
1803 1835 1877 1873 ne
1909 1835 2082 1891 apos-

418 1909 519 1966 toli
541 1908 992 1965 abscondantur
1007 1909 1086 1965 ob
1106 1919 1353 1978 metum,
1372 1914 1428 1964 et
1451 1909 1565 1964 sint
1582 1908 1801 1963 similes
1823 1908 2079 1963 lucernae

418 1996 535 2053 sub
575 1996 817 2065 modio;
850 1998 1142 2069 quoniam
1191 1998 1251 2052 hi
1299 1997 1403 2069 qui
1445 1997 1779 2052 libertatem
1825 1997 2076 2051 faciendi

417 2085 670 2142 verbum
680 2085 741 2141 in
754 2086 992 2159 populis
1005 2086 1289 2141 divinitus
1304 2091 2080 2158 acceperunt,nequaquam

415 2174 639 2231 resilire
688 2191 724 2231 a
776 2175 1200 2247 praedicatione
1245 2174 1527 2244 veritatis,
1570 2175 1747 2230 etiam
1800 2172 2080 2246 periculis

417 2262 897 2333 imminentibus,
920 2263 1160 2333 debent,
1187 2269 1250 2319 ut
1278 2279 1401 2319 non
1433 2263 1690 2318 lucernis
1718 2262 1832 2318 sub
1854 2262 2081 2327 modio,

420 2352 529 2408 sed
561 2368 744 2425 supra
765 2352 1200 2408 candelabrum
1230 2352 1437 2425 positis
1466 2356 1911 2423 comparentur.

490 2445 543 2497 6.
578 2444 644 2497 Et
668 2441 803 2498 licet
828 2441 1232 2498 formidolosis
1267 2441 1522 2497 facultas
1553 2441 1769 2496 collata
1800 2440 1873 2495 sit
1903 2438 2081 2495 decli-

418 2530 607 2587 nandi
623 2530 852 2586 rabiem
875 2530 1331 2602 persecutionis.
1354 2544 1478 2584 non
1503 2534 1703 2584 tamen
1724 2528 1951 2601 passim
1965 2527 2082 2582 hoc

420 2618 869 2675 observandum
891 2624 978 2675 est
1000 2628 1071 2674 aﬂ
1102 2615 1396 2691 perfectis,
1424 2617 1529 2689 qui
1553 2617 1680 2687 jam
1703 2616 1957 2689 praescia
1982 2618 2083 2671 Re-

422 2706 752 2779 demptoris
766 2707 1031 2779 potentia
1053 2706 1314 2762 denotati
1335 2710 1392 2761 et
1411 2704 1935 2777 conscripti,quasi
1953 2703 2031 2760 ab
2060 2704 2085 2743 δ

418 2795 730 2853 immensis
752 2795 1090 2864 legionibus
1124 2795 1201 2851 ad
1232 2794 1576 2850 exercitium
1608 2794 1955 2867 praeliorum
1979 2792 2086 2848 Dei

423 2884 593 2940 electi
615 2889 771 2939 sunt.
794 2887 862 2940 Ut
882 2884 930 2939 si
951 2888 1195 2957 propter
1217 2884 1522 2939 veritatem
1547 2899 1709 2939 mors
1736 2888 1982 2938 cruenta
2004 2883 2085 2936 eis

422 2977 716 3043 occurrat,
750 2988 873 3028 non
920 2973 1257 3029 curandum
1305 2978 1392 3028 est
1422 2972 1497 3027 de
1524 2972 1759 3042 jactura
1785 2970 2086 3026 membro-

2192 1850 2315 1890 non
2353 1838 2637 1899 verentes,
2680 1832 2847 1905 quod
2890 1832 3325 1905 suppliciorum
3364 1847 3474 1904 pro
3506 1832 3723 1887 eadem
3758 1847 3870 1887 ve-

2192 1924 2362 1980 ritate
2391 1922 2660 1978 subirent
2688 1927 3075 1991 tormentum,
3109 1926 3214 1977 aut
3250 1921 3534 1993 qualibus
3573 1921 3871 1994 periculis

2195 2014 2323 2069 vitae
2366 2012 2549 2082 hujus
2586 2011 2877 2067 haberent
2915 2026 3220 2067 occasum.
3268 2010 3499 2083 Quippe
3543 2026 3700 2084 quos
3742 2010 3867 2065 im-

2194 2119 2441 2157 mensus
2472 2099 2723 2171 urgebat
2751 2099 2932 2155 ardor
2962 2099 3261 2169 migrandi
3293 2098 3372 2154 ad
3403 2098 3647 2162 caelum,
3691 2098 3864 2155 festi-

2195 2195 2407 2246 nantes
2434 2190 2635 2245 videre
2665 2188 2879 2244 faciem
2920 2189 3071 2258 ejus,
3104 2189 3199 2244 cui
3240 2188 3589 2244 servierunt.
3636 2187 3866 2243 Stimu-

2194 2280 2350 2336 latur
2393 2278 2515 2335 zelo
2556 2278 2797 2334 ultionis
2845 2278 3061 2333 cohors
3106 2278 3313 2351 iniqua
3344 2277 3676 2347 gentilium,
3714 2276 3870 2333 cele-

2196 2370 2396 2441 risque
2471 2366 3015 2424 adimadversionis
3081 2368 3332 2437 emergit
3394 2366 3726 2423 Vindicium
3796 2366 3863 2421 in

2197 2459 2622 2513 obtrectatores
2667 2461 2839 2511 sectae
2886 2473 3029 2511 suae.
3082 2457 3417 2512 Nescientes
3458 2456 3605 2528 quia
3651 2454 3756 2525 illi,
3798 2461 3873 2513 ut

2199 2547 2396 2602 hunc°
2423 2562 2755 2618 praecocem
2794 2544 3026 2601 obitum
3068 2545 3428 2617 exciperent.
3466 2543 3666 2600 liberis
3703 2546 3871 2599 voci-

2200 2635 2315 2690 bus
2362 2635 2604 2691 inimico
2652 2635 2889 2706 justitiae
2948 2639 3003 2689 et
3045 2634 3388 2690 adversario
3440 2634 3712 2689 Ecclesiae
3762 2635 3870 2689 Dei

2200 2740 2525 2797 progressu
2568 2724 2839 2779 ultroneo
2883 2724 3258 2779 restiterunt:
3290 2723 3601 2796 loquentes
3631 2723 3704 2779 de
3753 2728 3869 2779 tes-

2201 2813 2462 2869 timoniis
2525 2812 2758 2868 Domini
2824 2814 2883 2867 in
2950 2818 3274 2884 conspectu
3358 2829 3570 2884 regum
3662 2814 3865 2880 (Psal.

2201 2920 2388 2966 cxvm,
2420 2906 2533 2972 46),
2567 2906 2624 2957 et
2650 2902 2795 2957 nihil
2826 2907 3116 2972 verentes,
3150 2902 3293 2973 quia
3327 2902 3473 2957 nihil
3502 2902 3665 2958 aliud
3700 2918 3865 2957 mor-

2201 2999 2319 3049 tem
2350 3009 2545 3061 suam,
2579 3008 2765 3064 quam
2806 2992 2991 3048 vitam
3030 2996 3382 3064 perpetuam
3423 2991 3858 3058 existimantes,

420 3078 579 3157 Γρων
610 3061 711 3157 Ub}
745 3062 871 3117 Sine
891 3061 1079 3157 ἀυῖξξο
1110 3061 1547 3157 δίὲῙίιίξυωΎίίίθ
1573 3060 1859 3157 Ρξθνθιξηίδ
1888 3060 2087 3157 ἒβίίυδ
2118 3101 2159 3157 C
2200 3089 2411 3156 sponte
2462 3060 2763 3138 interitum
2822 3060 3049 3137 carnis—
3083 3060 3388 3154 exoptant,
3449 3081 3859 3137 voluntarium

419 3150 568 3207 ritur
598 3150 961 3217 animarum,
981 3150 1213 3206 dicente
1244 3150 1493 3206 domino
1519 3167 1531 3204 :
1559 3150 1631 3206 Si
1647 3150 1779 3220 quis
1807 3150 1933 3205 vult
1953 3157 2084 3217 post

420 3255 513 3296 me
549 3240 770 3309 venire,
816 3240 1067 3309 abneget
1104 3244 1502 3307 semetipsum,
1541 3244 1595 3295 et
1636 3238 1813 3293 tollat
1851 3251 2085 3292 crucem

419 3344 613 3398 sucm,
632 3334 685 3383 et
709 3335 996 3400 sequatur
1010 3343 1121 3383 me.
1149 3328 1261 3395 Qui
1274 3329 1427 3384 enim
1458 3326 1790 3396 perdiderit
1820 3326 2088 3382 animam

420 3432 593 3472 suam
617 3422 867 3486 propter
894 3431 1005 3481 me,
1032 3417 1096 3471 in
1124 3420 1305 3472 vitam
1348 3422 1634 3471 aeternam
1674 3417 1933 3471 inveniet
1960 3430 2088 3470 eam

425 3505 666 3573 (Matth.
701 3521 813 3559 xvr.
846 3507 938 3570 24,
960 3504 1071 3573 25).
1107 3504 1248 3559 Inde
1281 3505 1467 3559 sancti
1490 3503 1602 3559 viri
1630 3503 1884 3575 placidis
1916 3502 2088 3558 audi-

424 3593 584 3650 tibus
601 3593 908 3650 veritatem
928 3592 1338 3663 evangelicam
1358 3592 1681 3664 capientes,
1700 3609 1834 3647 eam
1855 3593 1989 3647 totis
2005 3591 2091 3646 ni-

427 3683 600 3740 sibus
630 3682 959 3756 adimplere
986 3680 1357 3738 contendunt
1389 3700 1402 3736 :
1436 3681 1655 3736 scilicet
1681 3682 1841 3736 viam
1868 3685 2091 3735 sanctae

423 3772 824 3830 confessionis
856 3772 1132 3828 virtutem
1172 3771 1353 3841 hujus
1392 3770 1677 3841 prteconii
1706 3786 1834 3824 esse
1866 3769 2089 3825 solum-

423 3862 613 3919 modo
642 3861 1027 3918 arbitrantes.
1054 3858 1163 3926 Qui
1192 3858 1347 3914 illico
1374 3857 1589 3913 relictis
1614 3857 1888 3927 urbibus,
1916 3863 1971 3913 et
2000 3858 2093 3913 his

424 3968 563 4025 quae
613 3950 907 4007 mundani
954 3950 1183 4006 haerent
1228 3947 1563 4015 affectibus,
1606 3946 1783 4003 avida
1821 3946 2094 4019 rapiendi

424 4055 683 4109 regnum
712 4039 813 4096 Dei
843 4038 1124 4111 cupidine
1158 4037 1619 4105 conﬂagrantes.
1651 4036 2008 4091 circuierunt
2032 4037 2094 4091 in

426 4120 706 4195 mellotis,
730 4133 787 4184 et
808 4129 869 4184 in
899 4127 1157 4201 pellibus
1182 4126 1443 4198 caprinis
1472 4144 1483 4181 :
1518 4131 1777 4196 egentes,
1802 4124 2093 4196 angustiis

426 4216 649 4284 afﬂicti,
682 4216 903 4289 quibus
934 4217 1154 4286 dignus
1188 4233 1310 4272 non
1341 4221 1467 4272 erat
1491 4215 1759 4272 mundus
1803 4233 1817 4271 :
1859 4216 1919 4271 in
1961 4214 2097 4271 soli-

426 4304 739 4364 tudinibus
772 4311 1058 4376 errantes,
1086 4306 1149 4361 in
1177 4306 1504 4374 montibus,
1529 4311 1586 4362 et
1603 4306 1665 4361 in
1690 4305 2010 4377 speluncis,
2035 4308 2097 4360 et

424 4395 489 4451 in
519 4395 791 4451 cavernis
821 4399 990 4451 terrae
1020 4396 1227 4465 (Hebr.
1266 4412 1347 4460 xr,
1388 4399 1477 4464 37,
1510 4395 1595 4465 38)
1631 4413 1643 4450 :
1673 4396 2089 4465 exspectantes

428 4483 884 4556 Dominum,qui
912 4482 1167 4539 salvaret
1194 4499 1296 4538 eos
1316 4499 1351 4539 a
1365 4481 1853 4555 pusillanimitate
1880 4481 2088 4549 animi,

426 4575 484 4628 et
526 4576 878 4646 tempestate
920 4573 1112 4644 (Psal.
1162 4588 1271 4636 Liv,
1325 4576 1400 4639 9).
1456 4570 1569 4627 Sed
1607 4571 1720 4627 ista
1757 4586 1867 4643 pro
1906 4570 2093 4627 nihilo

425 4666 868 4735 computantes,
902 4662 1025 4719 imo
1055 4678 1198 4718 vero
1238 4660 1446 4717 contra
1490 4659 1771 4733 spiritalis
1813 4660 2092 4733 nequitiae

423 4751 662 4807 hostem
703 4749 961 4806 dubium
1007 4749 1274 4823 quotidie
1313 4765 1571 4819 agonem
1605 4753 1897 4818 gerentes,
1942 4753 2094 4803 nutu

425 4838 528 4894 Dei
575 4837 1032 4894 mortiﬁcatione
1077 4836 1277 4893 subita
1315 4835 1661 4909 temporalis
1708 4836 1841 4891 vitae
1885 4850 2093 4890 accen-

425 4925 672 4993 duntur,
706 4929 765 4981 et
780 4925 1129 4981 secundum
1159 4923 1513 4996 Apostolum
1542 4922 1789 4978 dissolvi
1822 4922 2089 4994 cupiunt,

426 5017 485 5069 et
529 5029 659 5069 esse
708 5030 847 5069 cum
892 5013 1123 5071 Christo
1166 5012 1439 5082 Philipp.
1479 5029 1517 5078 ι,
1568 5014 1660 5077 23)
1694 5030 1707 5066 :
1742 5011 1903 5067 viam
1934 5027 2095 5066 com-

425 5100 632 5174 pendii
659 5086 1045 5174 requirentes,
1092 5117 1217 5173 qua
1255 5101 1330 5157 de
1373 5116 1623 5173 corpore
1665 5100 1872 5155 mortis
1910 5098 2093 5169 hujus

427 5190 597 5259 eruti,
638 5206 893 5264 propere
935 5191 1014 5246 ad
1062 5189 1362 5246 ccelestem
1406 5190 1665 5262 patriam
1693 5188 2089 5261 pervenirent,

426 5284 483 5337 et
511 5279 613 5354 pia
642 5279 925 5336 violentia
951 5295 1205 5349 regnum
1226 5279 1328 5333 Dei
1350 5278 1700 5350 arriperent.
1729 5277 1819 5334 Sic
1845 5292 2090 5349 quoque

426 5370 644 5427 armati
671 5369 858 5427 lorica
878 5368 1144 5439 justitiae,
1187 5368 1249 5423 in
1288 5367 1487 5424 forum
1516 5367 1850 5439 prosiliunt,
1879 5365 2093 5439 praedi-

496 5484 523 5510 α
553 5476 637 5530 Ita
656 5473 777 5531 fere
807 5478 1017 5530 auctor
1042 5473 1290 5529 Indiculi
1317 5473 1621 5528 Luminosi
1655 5490 1667 5528 :
1701 5474 1967 5539 Fugiunt
1995 5472 2093 5527 de-

432 5544 574 5600 biles
606 5551 659 5601 et
691 5547 938 5614 inﬁrmi,
982 5550 1207 5601 certent
1247 5547 1434 5615 fortes
1482 5552 1535 5600 et
1566 5545 1754 5599 animi
1785 5543 2093 5600 honestate

428 5616 955 5698 praecincti'.“'l‘om.
989 5618 1088 5698 xl.
1124 5616 1302 5698 ilisp._
1323 5618 1484 5672 Sacr.
1514 5630 1660 5698 pag.
1685 5619 1808 5671 223.
1836 5617 1905 5671 Si
1922 5615 2093 5698 inﬁr-

431 5692 583 5755 mus,
614 5685 846 5755 debilis,
876 5687 1097 5754 inanis,
1130 5686 1372 5741 timidus
1409 5685 1532 5741 θεῷ
1553 5688 1873 5755 quiesce...
1907 5689 1958 5741 si
1987 5687 2094 5741 ha-

434 5752 591 5824 bilis,
610 5754 664 5808 si
686 5755 889 5823 fortis,
918 5756 973 5810 si
997 5752 1228 5827 audax,
1247 5758 1301 5811 si
1319 5752 1640 5812 constans”
1675 5798 1689 5811 .
1718 5761 1931 5813 contra
1960 5757 2089 5812 hos-

2197 3174 2317 3228 Deo
2379 3172 2721 3229 animarum
2784 3186 3030 3226 suarum
3098 3169 3457 3226 sacriﬁcium
3514 3170 3855 3227 offerentes.

2200 3264 2426 3330 Quibus
2454 3266 2608 3317 recte
2629 3261 2981 3334 prophetica
3004 3276 3149 3316 voce
3173 3265 3482 3317 cantatur:
3511 3260 3625 3327 Qui
3648 3267 3861 3331 sponte

2197 3354 2492 3409 obtulistis
2523 3352 2596 3407 de
2624 3352 2816 3406 Israel
2845 3351 3078 3406 animos
3109 3356 3333 3406 vestras
3375 3350 3455 3405 ad
3495 3352 3857 3419 periculum,

2200 3443 2521 3499 benedicite
2550 3442 2867 3495 Dominum
2899 3440 3119 3509 (Judic.
3148 3456 3207 3501 v,
3236 3444 3312 3507 2).
3340 3445 3419 3494 Ac
3448 3456 3555 3512 per
3582 3440 3695 3495 hoc
3733 3441 3860 3497 veri

2199 3532 2526 3587 imitatores
2556 3528 2720 3585 Pauli
2761 3527 3017 3600 apostoli
3060 3528 3207 3584 mihi
3245 3544 3373 3584 esse
3418 3528 3711 3597 videntur,
3753 3530 3861 3601 qui

2200 3621 2279 3676 ait
2308 3638 2320 3675 :
2355 3622 2425 3676 Si
2450 3620 2581 3690 quis
2613 3620 2773 3674 vobis
2800 3619 3298 3687 evangelisaverit
3327 3624 3551 3687 praeter
3581 3618 3739 3690 quod
3766 3634 3863 3674 ac-

2202 3710 2454 3779 cepistis,
2498 3708 2822 3765 anathema
2857 3710 2933 3764 sit
2963 3709 3121 3777 (Gal.
3155 3724 3195 3777 ι,
3225 3708 3301 3777 9).
3334 3708 3514 3777 Cujus
3542 3707 3861 3763 testimonii

2201 3797 2502 3856 informati
2532 3796 2811 3867 oraculis,
2854 3798 3171 3870 prosiliunt
3201 3801 3408 3852 contra
3443 3796 3724 3865 angelum
3762 3799 3863 3853 Sa-

2202 3893 2357 3944 tanae
2387 3891 2444 3942 et
2472 3887 2765 3959 praevium
2788 3886 3146 3951 Antichristi,
3174 3886 3376 3959 patqu
3399 3901 3469 3941 ea
3490 3902 3626 3958 quae
3654 3894 3860 3943 sancta

2204 3982 2346 4031 sunt
2375 3974 2745 4042 confitentes,
2778 3992 2910 4048 quae
2943 3990 3105 4031 nunc
3134 3975 3311 4030 etiam
3342 3972 3538 4029 omnis
3569 3975 3646 4045 (3)
3674 3974 3862 4030 Eccle-

2203 4066 2293 4121 sia
2314 4064 2630 4137 Hispaniaa,
2653 4079 3008 4137 quanquam
3031 4062 3437 4133 clandestinis,
3455 4066 3520 4118 ut
3548 4078 3858 4136 oppressa,

2201 4155 2490 4227 prasdicat
2517 4154 2786 4210 vocibus.

2275 4266 2326 4315 7.
2354 4264 2501 4317 Nam
2524 4259 2683 4315 idem
2705 4259 2965 4333 perversi
2992 4258 3292 4329 dogmatis
3314 4263 3541 4325 auctor,
3566 4263 3623 4315 et
3651 4259 3858 4317 multa-

2204 4366 2340 4407 rum
2375 4352 2718 4406 animarum
2749 4349 3119 4422 perniciosus
3152 4365 3407 4417 eversor,
3442 4349 3591 4404 inter
3622 4355 3859 4406 caeteros

2204 4445 2342 4514 post
2364 4439 2789 4496 Ascensionem
2815 4439 3047 4495 Domini
3071 4439 3363 4495 haeresum
3384 4437 3747 4495 institutores
3770 4456 3861 4496 so.

2202 4528 2296 4584 lus
2327 4544 2500 4584 novae
2518 4528 2909 4601 superstionis
2933 4533 3159 4583 sectam
3180 4526 3463 4582 instinctu
3483 4525 3707 4583 diaboli
3724 4544 3860 4583 con-

2203 4616 2592 4689 dens,procul
2603 4616 2681 4673 ab
2694 4617 2915 4673 unione
2930 4616 3234 4673 catholicae
3250 4614 3517 4670 Ecclesia:
3530 4621 3855 4687 separatur.

2202 4706 2637 4779 Prophetarum
2648 4705 2930 4763 vaticinia
2943 4710 3317 4777 respuens,et
3328 4702 3737 4777 apostolorum
3756 4704 3860 4761 do-

2202 4792 2957 4864 ctrinasinfamans,sancti
2979 4810 3221 4866 quoque
3241 4791 3543 4864 Evangelii
3560 4792 3859 4850 veritatem

2203 4881 2585 4949 conculcans,
2617 4881 2981 4956 piorumque
3006 4883 3323 4939 doctorum
3364 4882 3652 4952 dogmata
3684 4881 3860 4938 abne-

2202 4975 2435 5042 gans,et
2448 4970 2768 5027 ridiculum
2789 4973 2987 5044 potius
3008 4971 3519 5044 quiddam,quam
3541 4985 3739 5026 rerum
3761 4987 3857 5027 ne-

2202 5058 2598 5115 cessariarum
2620 5075 2834 5115 causas
2857 5076 2963 5133 per
2978 5059 3259 5116 eamdem
3284 5064 3507 5116 sectam
3528 5074 3702 5114 suam
3722 5058 3856 5113 insi-

2200 5165 2398 5205 nuans
2416 5167 2429 5216 ;
2449 5148 2653 5203 docuit
2668 5149 2964 5205 Christum
2984 5149 3083 5205 Dei
3101 5149 3365 5206 Verbum
3384 5151 3597 5217 esse,et
3613 5148 3856 5221 prophe-

2201 5244 2325 5295 tam
2346 5238 2593 5312 quidem
2617 5254 2933 5308 magnum,
2957 5239 3124 5295 nulla
3146 5243 3348 5295 tamen
3371 5237 3637 5311 potentia
3654 5237 3857 5293 divini-

2201 5329 2335 5385 tatis
2358 5327 2939 5394 subnixum,czeteris
2960 5329 3312 5385 hominibus
3333 5326 3718 5397 similem,sed
3739 5344 3853 5385 non

2202 5475 2283 5526 tes
2313 5476 2377 5526 ut
2398 5476 2696 5538 strenuus,
2728 5477 2784 5526 et
2813 5487 2933 5526 non
2973 5478 3040 5526 ut
3074 5474 3329 5543 ignavus
3360 5476 3575 5527 contra
3603 5478 3727 5527 tuos
3757 5475 3853 5542 ja-

2202 5544 2340 5597 cuta
2374 5547 2600 5611 torque.
2631 5545 2766 5609 Pag.
2801 5546 2924 5599 238.

2272 5614 2298 5653 b
2327 5616 2434 5668 Pro
2465 5615 2817 5669 numerosis.
2848 5617 3051 5670 Scuor.

2273 5694 2294 5719 π
2326 5684 2507 5749 Quasi
2530 5688 2665 5740 ante
2702 5686 3129 5758 temporarium
3164 5689 3623 5757 praematurum.
3656 5688 3849 5745 Scuor.
