3960 6420
111 286 213 342 745
267 296 269 298 ’
1180 280 1612 340 MEMORIALIS
1652 277 1844 335 SANG’.

1999 277 2090 334 1M.
2123 307 2191 318 --
2224 278 2352 334 LIB.
2395 281 2435 334 Ι.
3442 275 3546 328 746

108 411 217 464 Deo
250 405 415 463 Patri
444 404 747 479 aequalem
775 404 874 477 (4).
907 405 1391 463 Comessationes
1416 420 1663 479 quoque
1710 403 1774 459 in
1803 404 1853 458 Α
1883 401 2135 469 vestivit,
2166 401 2456 472 salvoque
2481 397 2714 472 pudore
2741 395 2945 470 ipsum
2976 395 3237 453 Verbum
3261 394 3342 452 ad
3392 393 3550 450 redi-

106 495 413 571 paradiso,
457 499 516 550 et
552 494 752 550 carnis
785 496 1101 567 proposuit
1152 495 1516 568 voluptates.
1581 496 1776 560 Quam
1884 490 2175 547 mendam
2204 491 2266 546 in
2321 492 2512 544 morte
2559 491 2899 544 creaturam
2928 485 3299 559 praecipitem
3343 483 3548 540 edidit.

106 585 506 659 quaastionem
521 583 613 640 vir
629 583 1075 649 disertissimus,
1091 599 1271 655 magn
1282 601 1382 640 um
1404 583 1778 657 temporibus
1887 582 2030 646 Quae
2061 579 2257 636 omnis
2288 581 2478 636 tactus
2508 581 2909 650 aspectusque
2925 591 3141 648 expers
3158 574 3344 630 virilis
3368 588 3552 647 expa-

108 675 329 732 nostris
359 673 641 730 Ecclesiae
665 673 874 729 lumen
902 683 950 738 ⁸,
980 674 1350 746 Speraindeo
1377 673 1606 741 Abbas,
1639 687 1779 728 cum
1885 670 1967 727 vit
1995 669 2419 726 salutationem
2447 666 2786 737 angelicam
2815 683 2829 733 ;
2853 668 2910 722 et
2937 664 3073 720 licet
3103 663 3231 720 sine
3259 663 3388 720 viro
3418 661 3554 718 nul-

110 768 320 820 contra
339 761 737 833 nugashujus
769 761 1015 817 nefandi
1044 761 1274 834 stylum
1323 761 1692 830 admoveret,
1726 763 1777 816 et
1885 760 2011 817 lam
2039 758 2210 816 fetari
2242 773 2421 832 posse
2447 759 2854 828 cognosceret,
2902 759 3106 812 tamen
3135 768 3398 828 superno
3428 767 3556 808 cre-

113 867 229 908 uno
257 849 561 924 opusculo
578 865 652 905 ex
681 849 811 920 ejus
834 848 1245 906 deliramentis
1265 849 1559 907 nonnulla
1574 849 1784 905 nitere—
1889 848 2035 905 dula
2049 847 2306 918 numini,
2336 846 2439 904 sed
2463 844 2543 902 ad
2554 843 3274 917 hujusmodiinusitatum
3298 857 3557 915 concep-

115 943 200 996 tur
229 953 514 1010 arguere,
545 937 608 993 in
643 941 810 994 sexto
844 936 1033 1010 ipsius
1063 937 1246 994 libelli
1298 937 1581 1011 capitulo,
1607 935 1784 1010 quasi
1889 942 2019 995 tum
2048 937 2300 994 electam
2329 938 2450 993 Deo
2472 934 2770 992 revelante
2800 933 3016 1002 sciens,
3049 932 3362 1004 consentit,
3383 935 3442 988 et
3465 930 3557 988 di-

1891 1026 2002 1083 cit:
2036 1027 2192 1082 Ecce
2216 1026 2450 1082 ancilla
2480 1024 2742 1095 Domini,
2772 1025 2881 1093 ﬁat
2910 1022 3062 1078 mihi
3085 1023 3413 1079 secundum
3433 1036 3557 1078 ver-

1895 1117 2032 1172 bum
2061 1122 2236 1172 tuum
2259 1117 2423 1187 (Luc.
2459 1131 2500 1181 1,
2532 1115 2640 1185 38).
2678 1116 2757 1169 De
2788 1113 2962 1184 cujus
2993 1112 3255 1185 gloriosa
3300 1111 3558 1186 parturi-

1893 1205 2051 1261 tione
2082 1203 2227 1260 olim
2259 1203 2550 1259 Dominus
2585 1217 2691 1275 per
2724 1200 3090 1258 Ezechielem
3119 1201 3450 1275 praedicare
3475 1199 3562 1256 di-

1894 1298 2115 1366 gnatus
2146 1297 2254 1362 est,
2279 1292 2490 1349 dicens
2519 1309 2532 1347 :
2596 1292 2882 1349 Converli
2907 1306 2999 1347 me
3028 1278 3109 1347 ad
3164 1293 3323 1347 viam
3366 1297 3562 1361 porta:

1894 1383 2254 1446 sanctuarii,
2300 1398 2433 1454 qum
2463 1381 2816 1451 respiciebat
2867 1380 2948 1437 ad
2978 1381 3298 1449 Orientem,
3349 1386 3403 1437 et
3433 1385 3564 1437 erat

115 1045 179 1085 ex
202 1043 354 1084 voce
400 1026 703 1083 cultorum
734 1027 864 1097 ejus
889 1025 1293 1098 objectionem
1340 1027 1656 1097 inducens,
1712 1041 1784 1082 ac

114 1117 404 1190 deinceps
421 1133 598 1173 suam
615 1131 963 1189 proponens
981 1117 1362 1186 sententiam,
1385 1117 1468 1173 ita
1483 1116 1782 1188 disseruit,

117 1207 325 1264 dicens
355 1224 370 1262 :
407 1208 649 1274 Futuro,
687 1204 876 1275 aiunt,
928 1206 991 1261 in
1043 1205 1264 1262 saeculo
1293 1206 1492 1263 cuncti
1539 1210 1786 1262 ovantes

115 1293 653 1368 asportabimurin
681 1293 1038 1367 paradisum
1065 1311 1078 1349 :
1109 1294 1194 1352 ibi
1244 1311 1511 1368 namque
1542 1293 1718 1351 nobis
1749 1309 1787 1350 a

115 1388 235 1441 Deo
282 1389 464 1440 erunt
521 1383 803 1440 mulieres
848 1399 1154 1441 concessae
1200 1384 1489 1457 pulchrae,
1518 1389 1577 1441 et
1603 1399 1788 1456 supra

113 1473 437 1529 hominum
463 1476 747 1528 naturam
778 1471 1260 1544 speciossisimae,
1314 1476 1496 1546 atque
1518 1472 1694 1530 nobis
1725 1472 1788 1528 in

1897 1474 2128 1530 clausa.
2175 1473 2257 1527 Et
2309 1471 2468 1528 dixit
2525 1470 2816 1526 Dominus
2855 1470 2936 1526 ad
2972 1484 3064 1525 me
3087 1483 3112 1525 .'
3160 1470 3353 1526 Porta
3413 1468 3563 1540 haec,

113 1561 492 1634 voluptatem
522 1552 897 1634 praeparatae.
927 1560 999 1616 R.
1021 1563 1417 1634 Nequaquam
1447 1577 1592 1633 ergo
1611 1560 1789 1618 vestri

1895 1577 2076 1636 quam
2103 1562 2265 1619 vides
2291 1563 2585 1627 clausam,
2604 1575 2726 1616 non
2751 1559 3048 1629 aperitur,
3071 1564 3126 1616 et
3147 1559 3243 1615 vir
3261 1574 3383 1615 non
3401 1564 3569 1615 tran-

113 1649 174 1706 in
200 1648 492 1723 paradiso
521 1649 912 1706 beatitudinis
934 1648 1294 1706 obtinebunt
1321 1655 1564 1720 statum,
1618 1650 1668 1706 si
1695 1665 1790 1706 eo-

1897 1653 1975 1709 sit
2023 1667 2140 1721 per
2209 1667 2360 1719 eam,
2437 1651 2722 1722 quoniam
2790 1649 3075 1704 Dominus
3147 1650 3305 1704 Deus
3375 1649 3571 1704 Israel

113 1756 252 1796 rum
275 1744 527 1812 uterque
552 1754 734 1794 sexus
757 1738 1064 1796 vacaverit
1092 1739 1371 1795 exercitio
1397 1739 1576 1796 fluxos
1597 1739 1792 1796 libidi-
1822 1766 1862 1820 Β
1899 1740 2237 1813 egredietur
2261 1755 2377 1810 per
2427 1754 2578 1807 eam,
2628 1744 2684 1796 et
2715 1738 2829 1794 erit
2855 1738 3067 1794 clausa
3115 1736 3355 1806 (Ezech.
3409 1753 3569 1808 xLiv,

115 1830 230 1887 nis.
262 1832 385 1886 Hoc
400 1844 526 1885 non
553 1829 663 1885 erit
681 1828 1029 1902 paradisus,
1063 1828 1171 1885 sed
1199 1829 1486 1904 lupanar,
1516 1834 1574 1886 et
1621 1829 1790 1886 locus

117 1916 630 1977 obscenissimus:
656 1932 796 1974 cum
835 1916 1148 1985 Dominus,
1176 1918 1620 1976 sciscitantibus
1655 1918 1796 1975 Pha-

119 2007 312 2065 risaeis
357 2007 533 2079 cujus
566 2006 628 2062 in
659 2006 1093 2063 resurrectione
1147 2006 1249 2065 illa
1302 2007 1519 2066 mulier
1574 2007 1797 2079 conjux

124 2097 424 2165 existeret,
475 2112 615 2169 quas
664 2100 894 2168 septem
931 2095 1167 2163 fratres,
1207 2097 1543 2154 secundum
1601 2097 1798 2168 legem

123 2185 338 2258 Moysi,
389 2188 708 2257 acceperat
739 2183 818 2241 ad
844 2184 1260 2241 suscitandum
1283 2185 1542 2258 proximi
1570 2201 1797 2254 semen,

121 2272 513 2346 responderit
530 2291 544 2328 :
573 2275 812 2330 Erratis
827 2274 1154 2330 nescientes
1164 2274 1535 2344 Scripturas,
1549 2290 1658 2331 nec
1687 2274 1804 2330 vir-

125 2371 315 2421 tutem
359 2363 724 2435 Dei(Matt/z.
745 2379 889 2433 xxn,
917 2366 1030 2432 29).
1052 2364 1201 2420 Filii
1228 2365 1412 2435 hujus
1449 2365 1657 2421 saeculi
1702 2380 1805 2420 nu-

127 2454 300 2524 bunt,
355 2457 409 2509 et
444 2452 782 2508 traduntur
811 2453 894 2508 ad
941 2454 1222 2522 nuptias:
1253 2454 1321 2510 in
1370 2453 1806 2510 resurrectione

123 2548 328 2600 autem
361 2557 470 2598 nec
497 2541 745 2613 nubent,
780 2556 889 2598 nec
932 2542 1280 2610 tradentur,
1312 2543 1416 2600 sed
1445 2547 1622 2599 erunt
1651 2543 1804 2599 sicut

124 2632 342 2703 angeli
367 2631 468 2688 Dei
496 2630 558 2686 in
616 2631 764 2687 ccelo
797 2630 966 2702 (Luc.
1002 2647 1096 2698 xx,
1143 2634 1233 2701 34,
1266 2635 1381 2699 35).
1417 2633 1673 2688 Taceam
1717 2647 1808 2688 sa-

125 2719 449 2792 crilegium
475 2719 647 2786 illud,
674 2724 733 2776 et
756 2719 893 2776 totis
914 2719 1350 2777 catholicorum
1381 2720 1808 2778 auditibusim-

126 2825 318 2867 mane
377 2808 617 2866 facinus
662 2809 1099 2882 respuendum,
1143 2809 1311 2883 quod
1353 2809 1428 2867 de
1457 2810 1810 2868 beatissima

127 2898 398 2970 Virgine,
416 2897 630 2954 mundi
645 2897 875 2968 regina,
908 2902 1118 2956 sancta
1145 2903 1202 2955 et
1220 2899 1549 2957 venerabili
1574 2899 1809 2957 Domini

133 2994 192 3046 et
219 2986 548 3044 Salvatoris
578 2987 770 3044 nostri
796 2987 1079 3058 genitrice
1129 2990 1310 3046 Maria
1340 2991 1509 3047 canis
1534 2989 1812 3063 impurus

1906 1835 2099 1903 κει.»

1974 1923 2028 1975 8.
2053 1917 2231 1976 Multa
2250 1917 2512 1990 denique
2523 1916 2648 1976 alia
2677 1915 2950 1974 inaudita
2977 1915 3258 1974 vanitatis
3279 1916 3574 1986 ﬁgmenta

1906 2007 2239 2064 scelerosus
2275 2006 2440 2062 idem
2469 2005 2759 2061 instinctu
2785 2004 3038 2076 maligni
3068 2005 3331 2077 spiritus,
3382 2022 3419 2062 a
3446 2020 3573 2079 quo

1906 2095 2322 2168 obsidebatur,
2355 2094 2848 2165 transfigurando
2880 2110 2942 2150 se
2967 2092 3050 2149 illi
3077 2093 3141 2150 in
3169 2094 3456 2164 angelum
3485 2094 3576 2151 lu-

1909 2188 1993 2245 cis
2014 2185 2354 2243 Gabrielem
2383 2200 2782 2253 componens,
2827 2183 3080 2240 delubra
3098 2183 3160 2240 in
3191 2185 3415 2257 quibus
3443 2200 3578 2258 pes-

1912 2277 2135 2334 simum
2158 2275 2388 2345 dogma
2415 2273 2730 2346 coleretur,
2764 2272 3072 2330 exstruxit.
3106 2273 3288 2346 Cujus
3327 2274 3579 2347 quidem

1912 2367 2128 2425 erroris
2184 2365 2508 2433 insaniam,
2560 2363 3007 2437 praedicationis
3065 2363 3482 2436 deliramenta,
3524 2369 3582 2422 et

1911 2455 2116 2529 impiae
2140 2454 2420 2512 novitatis
2446 2457 2751 2527 praecepta
2784 2453 2861 2526 (ὅ)
2907 2453 3180 2510 nonnulli
3232 2458 3582 2512 nostrorum

1912 2544 2421 2619 philosophorum
2470 2542 2595 2598 zelo
2654 2542 2758 2598 Dei
2814 2547 3054 2613 armati,
3109 2543 3580 2608 commentariis,

1916 2639 1973 2693 et
2003 2633 2413 2692 voluminibus
2437 2635 2826 2706 exponentes,
2876 2633 3118 2704 justitiaa
3150 2634 3437 2691 arietibus
3479 2633 3588 2690 illi-

1917 2727 2144 2781 serunt.
2178 2727 2249 2778 At
2272 2738 2412 2779 vero
2445 2721 2822 2778 confessores
2850 2721 3012 2779 beati
3032 2739 3154 2779 non
3181 2721 3388 2780 leviter
3417 2739 3588 2797 spur-

1917 2814 2121 2872 citiam
2143 2813 2275 2886 ejus
2285 2811 2566 2876 ferentes,
2585 2811 2970 2886 praestantius
2990 2811 3160 2870 illum
3181 2813 3434 2888 ejusque
3459 2829 3588 2871 sec-

1920 2909 2045 2962 tam
2094 2901 2317 2978 patulis
2370 2901 2772 2958 assertionum
2819 2903 3244 2973 congressibus
3286 2919 3594 2977 expugna-

1919 2997 2078 3050 runt.
2109 2992 2262 3060 Quia
2295 2990 2584 3047 nimirum
2612 2995 2908 3047 noverant
2935 2991 3103 3063 quod
3136 2996 3383 3066 propter
3432 3009 3596 3049 eam-

136 3078 338 3136 dicere
359 3094 547 3134 ausus
570 3081 682 3134 est.
707 3080 1070 3178 Protestatus
1101 3079 1262 3136 enim
1278 3084 1368 3137 est
1391 3079 1814 3154 (salvaloquor
1843 3121 1885 3178 Ο
1921 3083 2064 3141 dem
2137 3081 2470 3150 veritatem,
2539 3096 2729 3178 quam
2783 3080 2859 3135 de
2903 3079 3037 3152 ipso
3083 3097 3384 3138 caecorum
3438 3083 3594 3139 duce

139 3168 475 3226 reverentia
505 3172 684 3225 tantas
705 3167 981 3241 Virginis)
1009 3169 1178 3243 quod
1208 3170 1339 3242 ejus
1367 3170 1600 3228 foretin
1631 3187 1816 3227 saecu-

140 3259 198 3315 lo
226 3262 487 3315 venturo
508 3257 588 3315 ab
617 3272 681 3314 se
699 3256 985 3314 violanda
998 3257 1330 3329 virginitas.
1359 3261 1402 3317 0
1433 3276 1698 3316 vacuum
1723 3275 1814 3316 ce-

140 3348 318 3405 rebro
351 3351 556 3420 caput,
599 3351 657 3403 et
683 3347 710 3387 1³
731 3347 1042 3420 privilegio
1075 3349 1309 3405 Satanae
1340 3353 1637 3423 occupata
1663 3365 1815 3423 prse-

138 3435 352 3494 cordia
375 3435 389 3490 l
423 3437 466 3492 0
493 3451 602 3491 vas
623 3434 951 3508 perditum,
974 3439 1032 3492 et
1055 3436 1472 3494 habitaculum
1495 3437 1816 3510 spirituum

136 3522 644 3582 immundoruml
679 3525 723 3580 0
754 3521 1056 3582 frustatim
1103 3524 1632 3598 prmscindendam
1672 3541 1818 3582 ense

136 3614 374 3688 bicipiti
387 3612 662 3685 linguam
679 3613 692 3668 l
711 3615 755 3670 0
778 3629 1081 3684 organum
1094 3614 1556 3684 daemoniorum,
1587 3620 1647 3672 et
1661 3632 1820 3688 sym-

138 3704 443 3779 phoniam
491 3701 690 3759 zabuli
753 3703 766 3758 !
816 3703 958 3769 Quis
1033 3703 1221 3773 furor,
1304 3721 1516 3778 quaeve
1576 3704 1822 3762 demen-

141 3793 226 3850 tia
295 3791 480 3849 tantis
545 3795 602 3848 te
667 3790 1063 3864 blasphemiis
1141 3793 1446 3867 inquinari
1511 3793 1821 3868 compule-

141 3885 288 3939 runt
317 3881 348 3937 *ἲ
379 3879 524 3944 Quis
552 3882 631 3948 te,
675 3894 713 3936 ο
743 3879 1016 3937 sordium
1065 3880 1292 3950 cloaca,
1323 3882 1579 3956 laqueus
1620 3882 1822 3956 perdi-

144 3972 410 4042 tionum,
475 3983 697 4041 gurges
757 3968 1165 4045 iniquitatum,
1234 3975 1291 4029 et
1357 3972 1634 4028 omnium
1687 3971 1822 4028 viti-

145 4076 330 4116 orum
414 4057 670 4126 sentina,
727 4057 1006 4115 sensibus
1079 4059 1338 4132 privavit
1402 4060 1708 4125 humanis,
1760 4063 1827 4116 ut

146 4164 277 4206 non
336 4147 526 4204 modo
583 4145 688 4203 tibi
741 4150 835 4204 sat
871 4146 1049 4206 fuerit
1095 4151 1181 4205 tot
1207 4148 1554 4205 nationibus
1608 4148 1825 4205 inferre

147 4237 484 4302 interitum,
556 4234 781 4310 quibus
864 4235 1309 4309 praestigiosum
1389 4236 1826 4294 documentum

151 4324 424 4393 suasisti,
438 4328 496 4381 et
505 4324 640 4381 totis
657 4323 892 4380 nisibus
905 4340 1068 4380 nunc
1080 4329 1139 4381 et
1156 4325 1218 4380 in
1236 4324 1437 4382 futuro
1448 4324 1826 4382 luxuriarum

151 4413 632 4472 obscenitatibus
650 4413 965 4484 inservire;
1001 4414 1112 4470 sed
1128 4413 1310 4472 etiam
1329 4415 1393 4470 in
1415 4417 1687 4472 Creatore
1705 4431 1828 4472 sce-

151 4505 250 4562 lus
273 4504 516 4578 operari
541 4520 828 4574 agressus
843 4521 928 4574 es,
957 4505 1182 4579 impius
1199 4509 1520 4562 temerator
1548 4522 1830 4563 asserens

154 4595 406 4652 caeleste
427 4594 755 4667 hospitium
789 4598 846 4650 et
871 4593 1321 4668 receptaculum
1345 4594 1597 4668 Spiritus
1641 4595 1834 4653 sancti

153 4682 1834 4758 incontaminatum,incoiuquinatum,purum,sanctum,

158 4780 221 4831 et
244 4773 575 4837 mundum,
604 4773 931 4845 sacrilegiis
959 4774 1360 4831 immunditia!
1383 4779 1502 4832 tute
1549 4775 1612 4832 in
1636 4776 1837 4833 futuro

157 4862 388 4920 saeculo
401 4861 977 4920 contaminandum?
989 4865 1133 4930 Qum
1143 4867 1296 4921 nutu
1306 4865 1840 4938 supernoVerbum

163 4953 413 5011 Deitatis
439 4957 604 5009 utero
646 4968 757 5009 suo
779 4953 1103 5026 excipiens,
1128 4968 1308 5012 carne
1343 4971 1455 5012 sua
1502 4958 1842 5014 Creatorem

241 5107 270 5134 ⁸
296 5099 466 5152 Hunc
488 5096 686 5154 virum
701 5112 887 5170 quem
903 5095 1158 5170 Alvarus
1176 5095 1342 5170 initio
1356 5097 1498 5170 Vitae
1523 5100 1588 5154 D.
1613 5098 1844 5169 Eulogii

165 5173 636 5240 commemorat,
657 5167 1024 5240 et’Eulogius
1043 5169 1142 5224 hic
1172 5173 1229 5224 et
1251 5168 1315 5224 in
1339 5168 1458 5225 vita
1495 5167 1845 5226 sanctarum

166 5240 482 5313 virginum
507 5239 714 5313 _FlOras
757 5244 813 5313 et
830 5239 1043 5308 Mariae,
1067 5241 1252 5313 fuisse
1283 5240 1596 5313 utriusque
1619 5241 1845 5312 magis:

171 5311 336 5385 ἰωῇ)
357 5311 473 5385 ipsi
488 5311 718 5385 dicunt.
746 5311 886 5382 Ejus
907 5311 1192 5385 Opusculi
1217 5315 1424 5385 contra
1443 5311 1848 5370 mahomet’um

168 5382 324 5457 nihil
339 5382 604 5457 amplius
619 5383 920 5457 habemus
935 5382 1122 5457 quam
1143 5383 1327 5457 hocce
1342 5383 1747 5454 fragmentum
1769 5385 1848 5441 ab

176 5454 432 5528 Eulogio
447 5454 1107 5528 translatum.__S_crip_sit
1136 5455 1317 5528 etiam
1346 5460 1480 5528 acta
1509 5459 1848 5528 martyrum

178 5526 448 5599 Adulphi
474 5531 532 5599 et
551 5526 806 5599 Joannis
831 5525 1448 5599 Hispalensium,quae
1463 5525 1681 5599 laudat
1688 5527 1849 5584 idem

179 5596 468 5671 Eulogius
481 5597 542 5654 in
555 5596 846 5671 praedicta
859 5596 1015 5671 Vita;
1032 5597 1136 5653 sed
1150 5596 1398 5671 omnino
1412 5598 1656 5670 periere.
1675 5599 1852 5655 Aliud

180 5686 341 5751 opus
381 5668 800 5751 dogmaticum
843 5668 1134 5751 adversus
1189 5668 1497 5751 quosdam
1543 5671 1854 5751 haereticos

182 5741 816 5814 mysteriarTrinitatis
847 5744 904 5797 et
934 5741 1365 5814 lncarnationis
1422 5741 1853 5814 labefactantes

185 5812 554 5888 composuit,
586 5812 756 5886 quod
776 5813 1092 5885 hucusque
1113 5812 1490 5883 delitescens,
1520 5813 1583 5871 in
1602 5812 1802 5873 lucem
1837 5832 1875 5874 a

475 5902 734 5959 ΡΑτιιοι.
776 5916 885 5956 cxv

1922 3171 2277 3247 proferrent,
2339 3168 2543 3241 gladio
2570 3167 2806 3224 vindice
2836 3168 3110 3241 protinus
3137 3175 3309 3227 erant
3358 3171 3590 3227 ruituri.

1995 3267 2049 3320 9.
2100 3263 2169 3316 Et
2213 3259 2348 3316 licet
2404 3259 2602 3331 primo
2658 3262 2904 3314 sanctus
2925 3258 3222 3316 Perfectus
3283 3259 3598 3333 presbyter

1925 3350 2236 3425 exemplar
2309 3348 2648 3406 detestandi
2730 3348 2875 3405 ﬁdei
2972 3349 3210 3406 hostem
3306 3350 3596 3408 omnibus

1927 3440 2260 3499 exhibuerit
2315 3443 2671 3510 metumque
2727 3437 3026 3494 moriendi
3053 3455 3167 3513 pro
3223 3440 3469 3498 veritate
3497 3456 3596 3497 ro-

1925 3533 2044 3588 bur
2085 3527 2478 3587 confessionis
2507 3527 2639 3599 ejus
2695 3543 2733 3584 a
2780 3527 2983 3584 multis
3012 3529 3330 3587 excluserit
3355 3530 3453 3602 (de
3475 3546 3600 3604 quo

1927 3622 1992 3680 in
2018 3621 2174 3678 libro
2200 3618 2468 3677 secundo
2521 3633 2636 3675 nos
2681 3618 2921 3692 plenius
2957 3619 3285 3692 locuturos,
3340 3622 3600 3696 propitio

1929 3714 2073 3781 Deo,
2107 3708 2524 3784 spondemus),
2556 3723 2682 3764 non
2722 3712 2929 3765 tamen
2972 3710 3472 3783 parvipendenda
3517 3715 3605 3767 est

1932 3801 2008 3875 (6)
2059 3798 2426 3858 invictissimi
2483 3797 2644 3854 illius
2693 3798 2943 3856 Joannis
2996 3800 3334 3858 constantia
3377 3817 3606 3875 praeco-

1929 3889 2169 3958 nabilis,
2215 3888 2320 3962 qui
2371 3887 2524 3944 inter
2571 3903 2734 3944 steva
2812 3903 2882 3944 ac
2963 3888 3096 3946 dira
3170 3889 3412 3961 ﬂagella
3470 3890 3606 3948 forti

1933 3980 2140 4038 animo
2169 3978 2420 4048 durans,
2469 3977 2766 4049 plurimos
2791 3977 3158 4035 documento
3191 3995 3302 4035 suo
3325 3979 3406 4036 ad
3447 3996 3611 4042 mar.

1934 4068 2158 4142 tyrium
2186 4065 2536 4124 incitaverit.
2574 4068 2765 4139 Super
2788 4083 2973 4140 quem
3021 4066 3248 4123 inimici
3278 4068 3378 4125 Dei
3405 4068 3612 4125 viven-

1934 4158 2008 4215 tis
2028 4157 2257 4249 _falsum
2286 4171 2493 4249 coram
2535 4155 2741 4227 judice
2767 4156 3180 4249 testimonium
3213 4157 3611 4249 proferentes’

1933 4245 2360 4319 hujuscemodi
2384 4249 2594 4302 contra
2638 4261 2780 4302 eum
2810 4246 3035 4303 crimen
3071 4247 3402 4321 deponunt.
3439 4270 3467 4299 α
3501 4245 3626 4306 No—

1936 4336 2140 4392 vimus
2162 4335 2346 4406 hunc,
2375 4349 2412 4390 o
2433 4333 2637 4406 judex,
2676 4333 2738 4390 in
2784 4335 3328 4394 subsannationem
3352 4339 3616 4396 doctoris

1939 4423 2133 4481 nostri
2153 4437 2394 4496 semper
2422 4421 2714 4492 insistere,
2747 4438 3012 4497 eumque
3047 4425 3384 4483 maledictis
3412 4427 3614 4484 verbis

1942 4514 2334 4570 irreverenter
2352 4511 2659 4586 impetere.
2709 4514 2794 4569 Ita
2835 4517 2902 4569 ut
2935 4529 3074 4570 cum
3117 4514 3267 4572 forte
3304 4516 3617 4586 negotium
3721 4575 3742 4578 _

1943 4601 2320 4660 mercimonii
2332 4601 2425 4658 sui
2443 4602 2506 4657 in
2517 4601 2809 4658 nundinis
2824 4602 2988 4659 vellit
2997 4619 3290 4675 exercere,
3309 4620 3434 4660 non
3467 4604 3617 4660 alias

1943 4691 2162 4748 illicere
2188 4692 2384 4763 potest
2407 4694 2696 4760 ementes,
2717 4690 2832 4746 nisi
2863 4707 3003 4747 cum
3029 4695 3477 4748 sacramentum
3506 4706 3617 4746 no-

1948 4783 2140 4836 strum
2150 4778 2323 4834 dictis
2339 4779 2793 4851 parvipendulis
2806 4779 3234 4836 subtilissimus
3259 4779 3464 4836 irrisor
3483 4795 3620 4852 pro-

1949 4868 2235 4942 posuerit.
2281 4867 2464 4938 Cujus
2492 4868 2578 4923 rei
2602 4883 2716 4923 nos
2743 4871 2920 4924 testes
2949 4884 3181 4939 sumus,
3204 4872 3264 4924 et
3289 4868 3352 4924 in
3376 4868 3621 4926 veritate

1952 4957 2212 5029 dignum
2225 4957 2388 5013 hunc
2399 4961 2591 5014 morte
2610 4956 2989 5013 conﬁtemur.
3000 4959 3250 5013 »Verum
3260 4957 3406 5031 quia
3415 4957 3620 5015 minus

1952 5100 2131 5158 nobis
2155 5100 2498 5227 proferetur
2525 5100 2588 5156 in
2618 5099 3068 5174 Appendicibus
3100 5101 3259 5160 hanc
3290 5103 3482 5160 sancti
3511 5105 3623 5161 Eu-

1952 5171 2096 5227 logii
2120 5188 2150 5227 e
2197 5171 2444 5227 itionem
2476 5171 2904 5227 subsecuturis.

1951 5171 2096 5243 logii
2120 5171 2444 5227 editionem
2476 5171 2904 5228 subsecuturis.

2026 5246 2057 5318 ιζ
2103 5243 2484 5318 Privilegium
2512 5243 2610 5299 hic
2632 5259 2742 5318 pro
2767 5244 3024 5318 imperio
3048 5251 3302 5318 usurpat
3327 5247 3624 5315 Schottus;

1956 5313 2064 5372 sed
2083 5330 2194 5389 nos
2223 5313 2676 5370 considerantes
2696 5313 3089 5389 hancfvocem
3119 5313 3458 5386 Eulogium,
3493 5313 3632 5389 Spe-

1957 5385 2297 5456 raindeum,
2332 5392 2390 5442 et
2445 5393 2702 5460 cancros
2735 5388 2920 5460 medii
2963 5388 3075 5444 aevi
3127 5385 3447 5460 scriptores
3505 5385 3631 5445 non

1958 5473 2069 5532 pro
2095 5473 2463 5532 quocunque
2492 5457 2770 5532 imperio,
2804 5459 2911 5514 sed
2960 5475 3070 5532 pro
3090 5457 3420 5532 tyrannico
3451 5475 3632 5516 acce-

2002 5528 2145 5597 isse,
2174 5533 2239 5584 ut
2263 5528 2464 5602 vid—ere
2486 5528 2601 5602 est,
2616 5529 2718 5585 lib.
2743 5547 2784 5584 ll
2807 5528 3152 5592 Membriala
3172 5546 3307 5602 cap.
3342 5531 3389 5597 l,
3415 5535 3470 5587 et
3488 5536 3632 5589 tom.

1957 5546 2145 5656 pisse,
2174 5546 2239 5584 ut
2263 5546 2464 5584 Videre
2486 5546 2593 5600 est,
2616 5546 2718 5585 un.
2743 5547 2784 5584 ιι
2807 5546 3152 5592 memoriai.,
3172 5546 3307 5602 cap.
3344 5546 3389 5597 ι,
3415 5546 3470 5587 et
3488 5546 3632 5589 tom.

1992 5645 2005 5658 .
2045 5600 2656 5682 nostraz‘Collectionq
2694 5618 2834 5682 pag.
2869 5607 2959 5682 lt,
2982 5602 3230 5682 minimc
3265 5601 3640 5682 dubitamus:

1962 5671 2110 5753 quin
2139 5672 2254 5753 hoc
2283 5672 2418 5730 loco
2446 5671 2827 5746 privilegium
2866 5671 3100 5732 Satanae
3164 5673 3295 5746 ejus
3348 5674 3645 5746 signiticet

1966 5743 2375 5816 tyrannidem.

3301 5908 3371 5966 24
