3960 6394
418 272 522 326 Ἲι7

1601 271 1655 325 S.
1700 265 1978 323 EULOGII
2020 262 2350 319 ABCHIEP.
2394 267 2667 323 TOLET..

3740 267 3847 320 741

416 392 773 447 idoneorum
811 393 1189 447 accusatione
1216 395 1451 447 testium
1498 393 1920 466 impetebatur,
1960 405 2071 445 nec
2104 390 2151 443 Α
2184 387 2504 446 beatorum
2565 392 2848 447 laudibus
2902 394 3150 457 laboret,
3185 390 3478 462 repagula
3519 404 3846 462 opponens

415 481 779 554 poteratreis
816 487 1069 537 mortem
1090 481 1305 537 inferre
1337 483 1592 551 objectio
1622 481 1946 537 testationis
1977 496 2070 533 eo-

414 586 571 638 rum,
589 570 913 626 damnatur
936 570 1035 625 Dei
1056 586 1262 625 servus
1283 571 1611 626 acrioribus
1628 571 1854 641 ﬂagris,
1873 573 1931 624 et
1947 584 2075 622 cru-

413 658 532 715 deli
547 659 795 715 verbere
822 658 1122 715 laceratus
1146 659 1474 729 cogebatur
1500 661 1800 717 Christum
1829 672 2069 727 negare.

412 748 512 805 Ille
540 764 682 804 vero
703 763 828 804 non
862 763 927 803 se
952 748 1173 805 talibus
1202 749 1535 805 obnoxium
1554 746 2074 805 criminationibus

411 837 792 894 solummodo
807 837 1227 905 conﬁtebatur,
1256 837 1361 893 sed
1380 838 1559 894 etiam
1575 854 1773 910 neque
1785 852 1976 909 usque
1995 833 2073 890 ad

407 932 661 983 mortem
673 926 1022 996 religionem
1040 927 1316 982 Crucitixi
1339 928 1719 983 deserturum
1750 924 2070 981 clamabat.

408 1017 590 1088 Cujus
611 1016 1015 1073 obstinatione
1026 1017 1213 1087 judex
1232 1018 1571 1072 vehementi
1594 1017 1791 1072 furore
1806 1030 2072 1071 commo—

404 1110 523 1174 tus,
536 1106 880 1179 quingentis
895 1111 951 1165 et
964 1122 1037 1162 eo
1051 1107 1311 1179 amplius
1328 1108 1489 1163 hunc
1502 1106 1936 1162 macerandum
1953 1109 2073 1161 tra-

407 1197 559 1251 dens
606 1196 885 1266 ﬂagellis,
931 1196 1143 1251 tandiu
1202 1196 1556 1251 verberibus
1581 1195 1757 1265 jussit
1785 1195 2072 1257 insistere,

406 1301 729 1358 quousque
743 1284 1204 1341 exanimisinter
1228 1285 1587 1341 caedentium
1625 1301 1846 1341 manus
1885 1283 1946 1338 in
1977 1298 2073 1337 so-

403 1371 534 1429 lum
565 1377 896 1444 proruerat.
919 1373 1132 1445 Sicque
1159 1374 1510 1428 semivivum
1529 1374 1627 1428 vix
1648 1372 2063 1446 palpitantem,

404 1465 699 1518 retrorsus
715 1460 898 1518 asello
909 1461 1283 1533 impositum,
1304 1467 1491 1519 totam
1508 1463 1755 1517 circuire
1773 1461 1985 1517 urbem
1999 1477 2072 1515 ac

405 1549 671 1622 plateam
692 1549 845 1616 fecit,
868 1550 1241 1621 praecedente
1263 1551 1555 1619 sacrilega
1578 1550 1873 1624 praeconis
1903 1566 2067 1618 voce,

406 1638 694 1695 dicentis:
725 1638 863 1694 Haec
884 1640 1208 1696 merebitur
1244 1642 1640 1712 exprobrator
1669 1640 1819 1695 vatis
1855 1639 2067 1710 nostri,

2181 478 2590 536 ditiidentibus
2620 486 2675 537 et
2724 482 3159 545 dubitantibus,
3214 481 3319 551 qui
3351 496 3452 535 eos
3501 481 3635 536 loco
3684 496 3846 534 uiar-

2183 570 2381 637 tyrum
2409 575 2668 626 renuunt
2699 571 2813 626 coli
2843 571 3082 625 debere.

2257 659 2339 711 tt.
2372 658 2661 715 Caeterum
2694 659 3046 714 eorumdem
3070 661 3416 713 sanctorum
3442 672 3721 730 corpora,
3743 658 3851 729 qui

2179 746 2377 815 primo
2399 748 2679 803 conﬂictu
2700 748 2877 805 occisi
2936 753 3092 815 sunt,
3153 747 3425 819 equuleis
3449 747 3639 803 versis
3668 747 3849 802 vesti-

2183 833 2294 903 giis
2321 835 2633 904 aﬂigentes
2664 837 2930 905 gentiles,
2960 842 3099 909 post
3132 841 3369 892 sextum
3401 836 3563 891 diem
3593 834 3844 891 alllisio-

2182 923 2274 976 nis
2305 940 2534 991 eorum,
2560 925 2620 980 id
2649 929 2737 981 est
2765 925 2955 997 pridie
2977 925 3114 979 idus
3135 924 3359 995 junias,
3382 923 3695 996 inopinato
3726 939 3851 978 sce-

2182 1011 2301 1066 lere
2351 1014 2716 1069 crudelitatis
2773 1021 2988 1070 cuncta
3035 1014 3165 1084 jam
3213 1013 3528 1085 putredine
3579 1012 3850 1068 resoluta

2192 1101 2501 1156 atrocibus
2529 1104 2822 1158 incendiis
2852 1104 3164 1175 deputant.
3198 1103 3533 1167 Quinetiam
3553 1118 3630 1158 ne
3660 1102 3846 1156 virtu-

2185 1194 2313 1245 tum
2344 1191 2754 1248 emolumenta
2777 1197 3130 1264 praestarent
3153 1190 3847 1257 Christicolis,deformes

2187 1278 2416 1335 cineres
2461 1297 2615 1353 quos
2652 1281 2846 1351 legere
2871 1297 2901 1337 e
2927 1282 3166 1338 camino
3223 1281 3559 1353 quiverunt;
3588 1280 3847 1335 minacis

2178 1368 2329 1424 alvei
2359 1368 2570 1425 ultimo
2603 1372 2945 1426 conduntur
2973 1370 3216 1443 abysso.

2256 1458 2336 1513 12.
2373 1458 2639 1515 Instabat
2664 1476 2907 1532 quoque
2934 1459 3292 1515 universitas
3344 1460 3722 1514 ethnicorum
3751 1474 3845 1513 re-

2180 1546 2481 1615 sultando,
2510 1549 2742 1621 pietatis
2759 1549 3128 1622 exprobrans
3149 1548 3398 1617 cultum,
3428 1547 3596 1620 quod
3624 1548 3687 1603 in
3709 1562 3847 1602 suo-

2176 1651 2313 1690 rum
2347 1636 2568 1693 ultione
2600 1638 2833 1692 nullum
2865 1638 3220 1693 adversariis
3251 1637 3421 1693 daret
3443 1636 3846 1709 opprobrium

407 1727 724 1800 cultusque
739 1727 943 1785 irrisor
958 1730 1240 1802 perferre.
1264 1734 1587 1803 Postquam
1616 1746 1758 1786 vero
1782 1729 1861 1784 ad
1882 1728 2072 1784 vindi-
2098 1745 2138 1799 Β
2180 1726 2514 1781 [metabatur
2544 1741 2830 1798 namque,
2863 1726 3030 1799 quod
3060 1728 3119 1781 in
3152 1726 3481 1782 vindictam
3513 1726 3609 1784 sui
3641 1725 3848 1782 docto-

407 1821 567 1872 ctam
624 1816 713 1872 sui
745 1816 1004 1872 doctoris
1036 1818 1175 1873 talia
1202 1824 1610 1885 exercuerunt,
1659 1819 1737 1873 ad
1788 1818 2067 1872 ultimum

404 1905 771 1976 gravissima
799 1904 936 1962 ferri
961 1922 1142 1962 onere
1158 1912 1527 1963 coarctatum
1548 1906 1853 1977 ergastulo
1874 1906 2067 1977 depu-

403 1998 622 2052 tarunt.
657 1996 846 2060 Quem
878 2012 988 2051 nos
1024 1996 1249 2051 ibidem
1282 1997 1619 2063 religatum,
1655 1996 1853 2052 adhuc
1886 1997 2066 2050 dorso

401 2083 533 2154 ejus
548 2083 887 2153 vigentibus
903 2084 1098 2155 plagis
1118 2084 1479 2152 invenimus,
1512 2090 1840 2156 nostroque
1864 2100 1975 2140 con
1985 2090 2068 2139 tu-

398 2172 610 2231 bernio
638 2188 742 2244 per
764 2173 927 2229 idem
956 2179 1217 2246 tempus,
1249 2190 1371 2246 quo
1401 2174 1628 2230 detrusi
1648 2190 1881 2243 sumus,
1907 2174 2064 2229 acci-

401 2261 621 2319 vimus.
655 2266 803 2319 Nam
828 2263 1211 2319 beatissimus
1257 2264 1556 2319 Perfectus
1608 2263 1943 2335 presbyter,
1989 2262 2064 2317 de

407 2366 531 2422 quo
552 2367 737 2423 supra
766 2352 1153 2408 meminimus
1193 2351 1288 2407 cui
1337 2354 1601 2407 Joannes
1630 2352 1709 2407 ad
1737 2351 1979 2407 vincula
2010 2358 2065 2406 et

412 2439 609 2496 caades
643 2441 951 2509 successit,
997 2441 1285 2497 violenter
1314 2442 1392 2498 ad
1425 2441 1769 2513 passionem
1820 2446 2063 2509 tractus,

399 2532 803 2601 posteaquam
849 2545 1154 2586 carcerem
1184 2530 1350 2597 adiit,
1397 2530 1678 2585 divinitus
1704 2529 2057 2597 illustratus,

394 2617 481 2674 ad
501 2618 901 2689 praeliandum
921 2624 1190 2675 armatus
1222 2624 1329 2674 est.
1365 2623 1449 2674 ita
1471 2625 1535 2674 ut
1566 2620 1985 2674 necessitatem
2002 2618 2062 2674 in

401 2706 773 2765 voluntatem
804 2713 1181 2778 convertens,
1218 2708 1338 2762 vim
1370 2707 1533 2762 illam
1559 2707 1781 2762 caelesti
1795 2708 2063 2778 quodam

399 2798 676 2867 respectu
725 2812 853 2853 esse
885 2796 1297 2861 considerans,
1354 2813 1477 2869 quo
1527 2795 1811 2867 martyrio
1840 2796 2063 2865 dignus

399 2882 746 2954 haberetur,
812 2888 971 2942 totus
1030 2884 1094 2941 in
1142 2900 1408 2956 superna
1456 2885 1720 2953 erigitur,
1773 2885 2065 2941 alienatur

400 2971 821 3044 praesentibus,
854 2974 1191 3029 futurorum
1223 2974 1547 3028 commoda
1578 2972 1972 3044 praestolatur,
2008 2976 2065 3030 et

400 3060 582 3116 totius
609 3061 904 3118 mundani
934 3076 1145 3133 expers
1178 3063 1446 3120 allectus.
1498 3063 1573 3117 ad
1627 3078 1698 3117 ea
1749 3077 1885 3133 quas
1929 3062 2063 3119 diliv

402 3149 681 3220 gentibus
738 3154 925 3207 Deum
978 3151 1284 3223 promissa
1336 3156 1495 3211 sunt,
1557 3151 1791 3206 futurus
1836 3158 2065 3223 martyr

400 3244 660 3311 aptatur.
712 3240 860 3297 Hinc
921 3241 1141 3296 saeculo
1198 3246 1492 3306 mortuus,
1557 3248 1612 3296 ct
1657 3242 1777 3296 Deo
1831 3242 2063 3311 vivens,

399 3330 569 3402 quod
610 3330 806 3402 primo
847 3345 910 3387 se
934 3331 1155 3386 dixisse
1183 3336 1529 3401 negaverat.
1562 3331 1948 3403 postmodum
1978 3331 2065 3387 ul-

404 3420 645 3472 troneus
689 3417 1020 3481 confessor,
1065 3424 1120 3474 et
1170 3419 1390 3475 athleta
1450 3420 1807 3475 fortissimus
1860 3437 2066 3476 coram

394 3504 605 3576 judice
635 3506 961 3562 asserebat.
994 3508 1175 3576 Magis
1206 3508 1434 3576 eligens
1462 3509 1613 3563 mori
1654 3524 1766 3580 pro
1798 3510 2059 3576 veritate,

403 3592 719 3649 occasione
747 3594 888 3652 inde
918 3598 1162 3666 sumpta
1218 3595 1556 3667 proferendi
1611 3597 1907 3666 justitiam
1965 3597 2065 3653 Dei

402 3681 701 3753 gentibus,
743 3698 814 3739 ac
865 3682 1199 3739 detestandi
1242 3684 1657 3742 adversarium
1686 3686 1849 3755 ﬁdei,
1876 3702 2064 3758 quam

398 3771 682 3841 negando
766 3770 1076 3828 veritatem
1152 3775 1317 3829 tanto
1373 3788 1434 3829 se
1500 3774 1752 3845 praemio
1830 3774 2062 3833 abstra-

398 3857 561 3917 bere.

477 3946 560 4002 lO.
594 3950 818 4005 Horum
864 3948 1044 4019 igitur
1072 3949 1338 4007 duorum
1364 3953 1425 4009 et
1453 3954 1826 4022 spontaneus
1856 3956 1915 4008 et
1944 3952 2066 4012 vio-

399 4035 594 4093 lentus
618 4037 699 4095 ad
726 4038 1077 4111 passionem
1098 4056 1310 4095 cursus
1338 4046 1583 4099 caeteros
1608 4041 1671 4097 in
1690 4057 1882 4099 unum
1897 4058 2065 4101 eum-

401 4124 662 4198 demque
684 4142 1050 4183 consensum
1077 4127 1410 4187 dimicandi
1433 4129 1587 4187 ultro
1614 4131 1816 4189 venire
1846 4132 2061 4202 coegit,

400 4216 549 4282 Quia
572 4230 697 4272 non
737 4220 909 4272 erant
935 4215 1011 4272 de
1039 4232 1265 4275 corona
1289 4218 1578 4290 ambigui,
1609 4220 1713 4293 qui
1768 4225 2064 4280 noverant

399 4304 581 4363 etiam
609 4304 665 4360 vi
692 4309 1026 4378 protractos
1056 4306 1223 4377 regni
1247 4309 1521 4381 perpetui
1543 4325 1831 4367 coronam
1863 4327 2064 4384 perce-

397 4394 581 4467 pisse.
632 4395 1009 4467 Quapropter
1037 4396 1267 4467 ordine,
1311 4398 1525 4469 quoin
1556 4398 1905 4471 praefatione
1950 4416 2058 4457 vo-

396 4482 641 4541 luminis
665 4483 849 4554 hujus
872 4484 1172 4555 digestum
1199 4490 1307 4556 est,
1348 4487 1546 4545 omnis
1599 4488 1776 4545 turba
1819 4494 2058 4547 saneto-

394 4588 533 4630 rum
565 4573 643 4630 ad
672 4571 1017 4646 palaestram
1046 4575 1387 4632 certaminis
1419 4592 1685 4644 currens,
1718 4577 1826 4636 dat
1876 4596 2058 4652 repu-

395 4661 566 4719 dium
623 4662 971 4720 adversario
1000 4663 1124 4734 Dei,
1150 4668 1207 4721 et
1229 4664 1474 4722 inimico
1523 4666 1789 4738 justitiae.
1832 4670 2058 4726 Omnes

394 4768 634 4809 summo
661 4766 765 4807 ore
798 4750 1098 4809 Christum
1141 4751 1481 4822 laudantes,
1539 4756 1711 4827 cujus
1752 4761 1919 4813 tanta
1948 4758 2058 4813 vir-

392 4845 512 4897 tute
552 4840 795 4897 subnixi
821 4840 885 4897 in
915 4842 1240 4898 certamine
1291 4842 1654 4915 claruerunt,
1686 4845 1843 4902 utin
1887 4847 2056 4903 nullo

392 4930 631 5002 penitus
703 4933 1005 4987 terrenum
1064 4930 1458 4989 formidarent
1509 4933 1892 5005 supplicium,
1950 4935 2055 5007 qui

393 5018 612 5072 summi
672 5017 1082 5089 Redemptoris
1142 5020 1335 5088 gratia
1384 5020 1679 5087 illustrati,
1712 5022 1847 5094 plus
1878 5040 2054 5080 nove-

390 5109 527 5162 rant
554 5110 844 5161 aeternum
877 5112 1148 5164 mutuere
1180 5112 1567 5165 tormentum.
1605 5111 1776 5176 Quod
1808 5112 1945 5171 ideo
1989 5115 2051 5171 in

388 5194 683 5268 principio
705 5194 841 5251 libri
871 5196 1141 5268 exposui,
1164 5201 1231 5253 ut
1259 5212 1385 5255 non
1411 5198 1650 5257 deesset
1699 5202 2050 5271 cognitioni-

387 5284 503 5341 bus
547 5288 954 5358 posterorum,
1017 5301 1155 5357 quae
1198 5302 1293 5343 res
1338 5288 1783 5347 confessoribus
1832 5293 2050 5348 nostris

385 5375 663 5432 obtulerit
680 5375 911 5432 obitum
947 5392 958 5429 :
990 5379 1048 5431 et
1078 5377 1250 5445 cujus
1281 5376 1363 5432 rei
1409 5378 1548 5434 odio
1578 5379 1640 5434 in
1694 5381 2047 5438 molestissi-

384 5478 551 5519 mam
576 5463 957 5521 iracundiam
978 5463 1234 5521 excitata
1259 5465 1576 5537 gentilitas,
1612 5472 1803 5526 totum
1831 5470 2044 5528 imma-

385 5550 583 5605 nitatis
612 5551 874 5608 furorem
894 5552 973 5608 ad
992 5554 1319 5627 perniciem
1341 5554 1480 5612 talia
1499 5558 1910 5629 profitentium
1937 5560 2045 5617 ad-

384 5639 654 5695 moverit.
685 5640 827 5696 Inde
881 5641 1061 5697 etiam
1112 5643 1566 5713 prudentissimi
1586 5646 1841 5704 lectores
1872 5650 2043 5707 facile

384 5729 665 5797 poterunt
690 5729 1014 5797 advertere,
1046 5746 1234 5800 quam
1254 5732 1465 5791 merito
1477 5734 1593 5791 hoc
1603 5738 1965 5806 opusculum
1980 5741 2043 5797 in

2175 1814 2255 1869 ris
2288 1820 2371 1870 tot
2401 1820 2885 1888 contemptorum
2915 1832 3170 1888 corpora
3200 1816 3639 1887 prostravisset,
3673 1814 3849 1870 nulla

2176 1903 2434 1959 novitate
2489 1905 2903 1976 prodigiorum
2982 1906 3279 1976 obstante,
3336 1921 3474 1977 quas
3526 1906 3844 1960 horrorem

2175 1997 2377 2064 posset
2426 1994 2732 2049 seelerosis
2781 1995 3062 2050 incutere.
3097 1994 3457 2066 Dicebatque
3491 2011 3558 2048 :«
3594 1994 3655 2049 Si
3702 2009 3844 2049 vere

2175 2082 2329 2136 Deus
2385 2088 2491 2148 est,
2524 2083 2585 2137 in
2618 2084 2790 2153 cujus
2849 2084 3094 2138 nomine
3142 2087 3321 2139 tantae
3358 2099 3466 2138 vos
3515 2082 3844 2138 calamitati

2177 2170 2540 2238 submittitis,
2574 2178 2629 2227 et
2657 2188 2865 2227 verum
2892 2174 3007 2228 hoc
3029 2189 3158 2228 esse
3184 2172 3543 2243 martyrium
3573 2172 3841 2237 creditis,

2174 2259 2267 2313 vel
2289 2259 2335 2313 si
2369 2260 2535 2315 nulla
2556 2261 2802 2316 veritate
2830 2262 3159 2333 prophetiae
3185 2260 3280 2316 hic
3307 2265 3506 2316 noster
3522 2265 3689 2316 vates
3711 2276 3846 2316 suc-

2171 2347 2403 2403 cinctus
2426 2350 2557 2419 est(
2589 2349 2688 2419 [7],
2720 2349 2843 2421 qui,
2877 2354 2942 2405 ut
2963 2349 3124 2405 idem
3154 2349 3375 2413 docuit,
3410 2350 3625 2418 angelo
3670 2350 3840 2404 insti-

2170 2439 2369 2492 tuente
2402 2437 2667 2493 Gabriele
2699 2438 2995 2507 gentibus,
3023 2443 3248 2512 totique
3280 2438 3409 2494 orbi
3440 2439 3692 2494 verbum
3738 2442 3841 2496 Dei

2172 2525 2501 2597 praedicare
2532 2528 2860 2598 permissus
2891 2532 2997 2595 est,
3030 2528 3124 2582 lex
3154 2543 3341 2599 quam
3393 2528 3650 2583 cultores
3706 2528 3841 2598 ejus

2173 2614 2546 2682 meditarent,
2583 2616 2947 2671 documento
2978 2616 3169 2687 ipsius
3202 2617 3401 2687 angeli
3455 2617 3844 2689 promulgata

2169 2708 2276 2759 est.
2309 2705 2493 2771 Cujus
2521 2706 2886 2760 vocabulum
2909 2706 3078 2761 rudis
3110 2706 3540 2778 promplastus,
3573 2722 3712 2762 cum
3735 2707 3845 2762 ad-

2168 2792 2289 2847 huc
2310 2793 2453 2848 olim
2501 2794 2856 2865 paradisum
2904 2796 3208 2861 incoleret,
3269 2796 3623 2851 adnotatum
3658 2796 3718 2850 in
3748 2813 3840 2851 su~

2170 2881 2391 2953 pernis,
2468 2882 2770 2955 globoque
2833 2884 3110 2940 micantis
3183 2884 3463 2940 claritatis
3508 2884 3840 2941 immistum

2171 2971 2613 3043 contemplans,
2641 2989 2776 3045 quas
2799 2979 2952 3029 esset
2978 2973 3077 3029 illo
3104 2974 3208 3029 lux
3230 2974 3453 3030 caeteris
3464 2975 3843 3046 prasstantior

2094 3096 2136 3151 ο
2172 3060 2235 3115 in
2259 3065 2462 3117 centro
2482 3062 2738 3125 micans,
2771 3078 2906 3134 quas
2936 3061 3273 3131 fulgoribus
3296 3063 3615 3118 Dominum
3638 3064 3835 3136 expia~

2172 3155 2260 3205 ret
2312 3149 2493 3205 fertur
2525 3152 2865 3206 Creatorem
2898 3152 3041 3207 Adae
3073 3152 3499 3222 interrogasse,
3545 3152 3839 3226 illumque

2173 3240 2597 3311 respondisse:
2641 3242 2745 3295 Hic
2777 3258 2956 3297 verus
3014 3243 3311 3314 propheta
3356 3249 3443 3299 est
3489 3242 3725 3298 futurus
3773 3244 3840 3298 in

2172 3329 2422 3396 mundo,
2454 3330 2558 3402 qui
2589 3345 2661 3385 ex
2692 3331 2919 3385 semine
2962 3334 3065 3386 tuo
3094 3332 3313 3399 oriens,
3374 3332 3505 3403 ipso
3527 3348 3712 3405 quem
3742 3348 3838 3389 ra-

2172 3418 2334 3473 diare
2363 3419 2604 3473 nomine
2636 3420 3036 3491 obstupescis,
3066 3421 3385 3478 Mahomad
3414 3421 3835 3494 appellabitur,

2174 3508 2345 3577 cujus
2373 3524 2618 3579 quoque
2643 3510 2867 3563 meritis
2903 3514 2962 3563 tu
2992 3516 3225 3566 creatus
3252 3511 3570 3566 subsistere
3592 3511 3844 3566 meruis-

2177 3596 2271 3666 ti);
2332 3612 2518 3668 quare
2560 3613 2686 3655 non
2729 3598 3038 3654 satellibus
3066 3599 3489 3672 qualecunque
3536 3600 3840 3673 prodigio-

2171 3702 2307 3741 rum
2338 3686 2563 3741 infertis
2590 3691 2903 3753 terrorem,
2939 3688 3028 3743 vel
3052 3689 3422 3761 quibuslibet
3449 3690 3665 3746 astanti
3706 3689 3839 3745 vul-

2171 3791 2247 3845 go
2270 3775 2594 3844 signaculis
2614 3778 2941 3833 coruscatis
2968 3778 2996 3833 ?
3020 3778 3170 3849 quia
3228 3778 3378 3834 dum
3408 3796 3513 3836 vos
3555 3780 3842 3853 improvi-

2171 3880 2249 3918 sae
2274 3864 2452 3919 morti
2490 3865 2570 3921 ob
2602 3867 2936 3937 quamdam
2987 3868 3414 3924 asssertionem
3465 3870 3840 3942 superfluam

2168 3952 2499 4015 destinatis,
2552 3970 2748 4026 neque
2790 3955 2913 4012 ulla
2936 3955 3153 4012 virtute
3202 3957 3656 4031 miraculorum,
3696 3975 3839 4031 quae

2169 4044 2528 4099 sententiam
2566 4048 2842 4101 nostram
2888 4045 2951 4101 in
2998 4051 3264 4103 vestrum
3317 4047 3501 4105 latam
3533 4047 3840 4106 excidium

2168 4131 2492 4201 infringere
2523 4134 2731 4206 possit,
2763 4135 3100 4207 praecellitis
3125 4154 3137 4205 ;
3163 4152 3301 4192 cum
3322 4142 3555 4211 partem
3578 4143 3838 4194 vestram

2166 4221 2415 4278 minime
2448 4222 2767 4295 adjuvetis,
2798 4224 3036 4281 nullum
3085 4226 3267 4282 etiam
3297 4227 3477 4284 coetui
3501 4232 3711 4285 nostro
3741 4228 3839 4285 in-

2166 4310 2329 4367 fertis
2351 4310 2766 4383 dispendium.
2798 4335 2827 4363 »

2243 4401 2328 4456 l3.
2362 4403 2429 4456 Et
2453 4400 2535 4457 ob
2565 4401 2681 4457 hoc
2710 4402 2915 4474 ipsum
2969 4403 3269 4477 plerisque
3296 4410 3643 4463 nostrorum
3693 4423 3837 4480 par-

2164 4488 2506 4562 vipendulis
2548 4507 2761 4548 verum
2792 4508 2917 4549 non
2947 4509 3077 4549 esse
3101 4494 3421 4552 videbatur
3449 4497 3835 4570 martyrium,

2162 4579 2332 4651 quod
2359 4595 2484 4635 non
2515 4580 2593 4637 ad
2624 4581 3041 4639 confusionem
3095 4583 3565 4654 incredulorum,
3617 4586 3715 4642 vel
3743 4603 3839 4643 ro-

2159 4667 2537 4726 borationem
2566 4669 2838 4727 ﬁdelium
2886 4672 3135 4745 aliquod
3185 4678 3512 4731 ostentaret
3564 4675 3835 4733 miracu-

2160 4756 2309 4813 lum.
2342 4758 2682 4814 Nescientes
2710 4760 2855 4831 quia
2892 4760 2956 4816 in
3001 4760 3123 4817 ﬁne
3182 4763 3407 4835 saeculi,
3468 4767 3533 4819 ut
3583 4770 3835 4821 sanctus

2162 4845 2479 4916 Gregorius
2510 4847 2687 4904 refert
2710 4848 2865 4905 libro
2912 4850 3222 4907 Moralium
3276 4853 3456 4920 (Mor.
3486 4851 3590 4909 lib.
3625 4870 3833 4921 xxxxv,

2161 4951 2221 4990 n.
2256 4938 2332 5008 7),
2362 4937 2617 4993 aberunt
2644 4938 2720 4995 de
2760 4939 3021 4997 Ecclesia
3051 4941 3227 5011 signa
3278 4942 3586 5000 virtutum.
3616 4967 3645 4994 «
3693 4948 3834 5001 Ter-

2162 5025 2317 5081 ribili
2347 5028 2593 5101 quippe,
2641 5028 2740 5096 ait,
2793 5030 3001 5086 ordine
3063 5031 3480 5104 dispositionis
3549 5034 3827 5103 occultae,

2161 5116 2515 5190 priusquam
2564 5118 2888 5175 Leviathan
2964 5120 3027 5177 in
3077 5120 3178 5179 illo
3232 5121 3524 5181 damnato
3579 5123 3833 5181 homine

2156 5222 2344 5278 quem
2373 5212 2659 5276 assumet,
2694 5214 3004 5282 appareat,
3048 5226 3085 5267 a
3128 5216 3337 5268 sancta
3366 5212 3626 5269 Ecclesia
3654 5213 3835 5270 virtu-

2158 5299 2287 5351 tum
2317 5298 2487 5365 signa
2513 5298 2960 5355 subtrahentur.
3022 5303 3171 5357 Nam
3217 5302 3534 5375 prophetia
3564 5302 3832 5359 abscon-

2159 5384 2337 5453 ditur,
2373 5386 2755 5442 curationum
2779 5388 2969 5457 gratia
2995 5390 3283 5462 aufertur,
3314 5391 3654 5463 prolixioris
3687 5392 3831 5449 abs-

2158 5475 2416 5531 tinentiae
2448 5476 2634 5533 virtus
2691 5476 3087 5549 imminuitur,
3131 5480 3419 5537 doctrinas
3450 5482 3638 5539 verba
3690 5496 3833 5540 con-

2155 5564 2467 5632 ticescunt,
2526 5566 2953 5622 miraculorum
3003 5568 3281 5640 prodigia
3312 5570 3622 5627 tolluntur.
3682 5575 3832 5638 Quae

2152 5653 2401 5725 quidem
2433 5670 2822 5727 nequaquam
2854 5672 3118 5729 superna
3147 5659 3520 5733 dispensatio
3550 5659 3830 5717 funditus

2157 5742 2474 5816 subtrahit,
2505 5745 2610 5802 sed
2638 5760 2764 5837 non
2788 5746 2918 5803 haec
2940 5747 3089 5805 sicut
3113 5747 3417 5822 prioribUS
3452 5750 3833 5824 temporibus
