3960 6416
122 306 223 359 749

1187 307 1615 364 MEMORIALIS
1657 301 2096 363 SANCTORUM.
2143 334 2211 344 —
2241 306 2366 362 LIB.
2405 307 2445 359 Ι.

3451 302 3556 359 750

110 431 309 500 aperte
340 443 412 485 ac
468 428 875 502 multipliciter
924 429 1341 487 ostenduntur.
1378 432 1551 498 Quod
1582 436 1785 487 tamen
1815 431 1864 482 A
1895 427 2143 483 existere
2175 408 2382 497 dignm
2408 425 2776 501 percipiendi
2798 427 3210 497 evangelicam
3225 427 3559 495 veritatem,

109 518 257 574 mira
286 516 745 590 dispensatione
772 519 988 590 agitur,
1018 522 1084 575 ut
1113 535 1237 575 una
1267 535 1339 575 ex
1370 537 1433 576 re
1464 520 1669 576 divina
1713 518 1786 573 si-

110 606 231 662 mul
256 606 475 679 pietas,
506 611 565 663 et
587 607 816 678 justitia
847 606 1240 681 compleatur.
1277 609 1431 664 Dum
1456 607 1617 665 enim
1644 606 1787 663 sub-

110 695 308 752 tractis
338 695 660 765 signorum
704 696 1026 753 virtutibus
1075 701 1283 754 sancta
1323 697 1585 753 Ecclesia
1632 696 1791 753 velut

113 785 403 857 abjectior
433 790 724 858 apparet;
767 790 823 841 et
871 785 1176 842 bonorum
1207 787 1526 859 praemium
1558 786 1788 871 crescit,

109 875 211 947 qui
240 874 414 930 illam
444 890 557 947 pro
590 891 696 947 spe
723 874 1080 946 cmlestium,
1128 880 1184 931 et
1210 890 1333 930 non
1363 881 1608 948 propter
1637 891 1791 948 prae-

114 964 307 1019 sentia
336 962 512 1033 signa
545 969 943 1033 venerantur;
976 969 1032 1019 et
1054 963 1358 1021 malorum
1391 981 1563 1020 mens
1586 968 1794 1020 contra

114 1053 276 1109 illam
329 1055 502 1110 citius
532 1054 887 1119 ostenditur,
921 1054 1025 1127 qui
1078 1054 1252 1127 sequi
1284 1053 1606 1111 invisibilia
1656 1070 1793 1127 quae

113 1144 409 1217 promittit
462 1142 797 1213 negligunt,
852 1143 1002 1199 dum
1053 1142 1240 1213 signis
1295 1142 1632 1200 visibilibus
1671 1159 1795 1199 non

117 1236 414 1289 tenentur.
439 1252 469 1285 »
521 1233 705 1302 Signa
749 1247 1018 1305 namque
1049 1232 1334 1288 virtutum
1368 1248 1478 1288 nec
1509 1231 1794 1289 omnibus

114 1321 277 1389 data,
308 1337 423 1377 nec
452 1322 683 1394 passim
710 1336 1081 1394 quocunque
1115 1326 1389 1393 tempore
1444 1326 1585 1377 sunt
1633 1336 1797 1377 exer-

117 1410 335 1468 cenda.
354 1412 508 1477 Quia
537 1416 594 1466 et
623 1411 687 1466 hi
716 1410 822 1483 qui
851 1411 967 1467 hoc
1000 1426 1220 1466 munus
1251 1410 1536 1466 divinitus
1558 1426 1800 1483 accepe-

117 1504 277 1567 runt,
308 1500 431 1556 nisi
464 1514 573 1572 spe
606 1504 664 1555 et
690 1498 809 1554 ﬁde
863 1499 1132 1572 probatis
1174 1504 1485 1572 nequeunt
1528 1515 1797 1572 erogare,

121 1588 509 1659 Evangelista
534 1593 848 1644 narrante:
882 1590 958 1644 Et
998 1604 1118 1644 non
1147 1593 1387 1657 poterat
1416 1592 1589 1645 Jesus
1642 1590 1803 1645 inter

120 1694 216 1735 eos
245 1679 456 1748 facere
486 1678 736 1734 virtutes
751 1684 1005 1747 propter
1032 1679 1518 1734 incredulitatem
1553 1678 1802 1734 illorum

1896 532 2170 589 praesaga
2190 515 2515 573 divinitatis
2535 516 2885 574 auctoritate
2901 516 3229 591 discipulos
3250 516 3329 574 ab
3350 532 3561 573 eorum

1897 605 2088 661 salute
2118 605 2393 662 inhibuit.
2438 607 2646 679 Utpote
2676 607 2781 679 qui
2805 604 3057 662 verbum
3094 606 3228 663 vitae
3260 604 3565 678 arroganti

1900 695 2109 767 spiritu
2147 700 2315 752 erant
2368 696 2663 767 rejecturi,
2692 712 2887 769 neque
2939 695 3235 766 audirent,
3271 695 3564 769 quoniam

1901 789 2266 856 spernerent.

1978 878 2060 928 15.
2096 873 2375 929 Miracula
2390 873 2651 947 denique
2678 874 2827 930 dum
2858 877 2961 931 aut
2979 878 3223 948 propter
3238 872 3423 930 ﬁdem
3447 889 3569 931 cre-

1902 961 2195 1029 dentium,
2226 967 2331 1019 aut
2360 970 2604 1036 propter
2631 963 2897 1021 futuram
2927 963 3339 1020 credulitatem
3371 968 3569 1021 astan-

1904 1050 2052 1106 tium
2072 1051 2174 1106 Dei
2204 1052 2580 1123 providentia
2600 1057 2914 1125 operatur;
2943 1068 3067 1110 non
3098 1057 3221 1110 tam
3247 1070 3360 1109 nos
3385 1053 3448 1108 in
3475 1068 3570 1109 eo-

1902 1154 2041 1194 rum
2066 1128 2463 1197 admiratione
2493 1140 2789 1197 debemus
2819 1147 3078 1214 stupere,
3105 1157 3293 1215 quam
3313 1141 3571 1215 provida

1905 1229 2397 1301 compensatione
2432 1231 2668 1299 intueri,
2702 1231 2750 1287 si
2781 1232 3134 1288 eorumdem
3157 1232 3464 1289 effectores
3499 1232 3574 1291 si-

1907 1333 2166 1388 gnorum
2197 1319 2463 1392 expulsis
2502 1319 2660 1375 vitiis
2686 1336 2929 1377 morum
2972 1321 3286 1378 honestate
3325 1320 3572 1395 praecel-

1906 1407 2065 1475 lant;
2096 1408 2143 1462 si
2162 1408 2381 1464 szeculo
2408 1409 2629 1466 mortui
2658 1412 2777 1467 Deo
2798 1409 3032 1466 vivant:
3056 1410 3108 1466 si
3137 1415 3382 1484 propter
3409 1411 3575 1467 illam

1907 1511 2115 1553 veram
2145 1497 2674 1571 charitatem,quae
2708 1504 2924 1555 cuncta
2954 1499 3388 1557 charismatum
3413 1498 3580 1556 dona

1910 1591 2251 1659 exsuperat,
2310 1603 2522 1643 omnes
2585 1587 2929 1645 affectiones
2976 1589 3188 1645 mundi
3226 1605 3339 1663 pro
3391 1588 3579 1645 nihilo

1911 1682 2206 1750 pensant;
2243 1677 2290 1732 si
2319 1682 2634 1751 acceptam
2662 1679 2941 1736 virtutem
2971 1694 3097 1736 non
3135 1679 3215 1736 ad
3250 1696 3426 1736 suam
3457 1678 3580 1750 glo-

140 1767 371 1823 Matth.
402 1782 532 1833 xui,
550 1766 661 1837 38).
684 1768 748 1821 Et
770 1766 993 1823 Veritas
1020 1781 1127 1838 per
1164 1766 1557 1840 semetipsum
1584 1784 1596 1822 :
1622 1767 1807 1822 Multi
1836 1793 1881 1848 Β
1913 1766 2090 1831 riam,
2114 1767 2221 1822 sed
2251 1767 2329 1823 ad
2360 1766 2725 1825 beneﬁcium
2754 1769 3019 1826 referunt
3051 1770 3384 1839 collatoris;
3418 1771 3468 1825 si
3501 1772 3585 1826 at-

116 1856 339 1929 inquit,
378 1856 600 1926 teprosi
629 1861 803 1913 erant
839 1856 905 1912 in
935 1856 1128 1912 Israel
1156 1857 1264 1911 sub
1293 1856 1515 1913 Etisceo
1547 1856 1810 1925 prop/ie.

122 1951 221 2002 ta:
255 1950 310 2001 et
355 1959 528 2001 nemo
574 1959 783 2001 eorum
824 1945 1155 2001 mundatus
1207 1951 1312 2016 est,
1370 1946 1489 2000 nisi
1517 1945 1806 2001 Naaman

120 2036 322 2105 Syrus
351 2034 519 2105 (Luc.
556 2049 636 2099 Iv,
667 2034 780 2106 27).
827 2033 1152 2089 Desistente
1184 2033 1345 2089 enim
1383 2032 1503 2089 ﬁde
1532 2048 1807 2105 quaeren—

118 2123 302 2187 tium,
332 2121 582 2193 largitas
635 2122 1013 2193 erogantium
1063 2127 1406 2194 quassatur.
1472 2125 1620 2177 Nam
1670 2136 1808 2176 cum

121 2212 289 2269 idem
350 2212 642 2268 Dominus
690 2212 1123 2268 ardentissimis
1171 2226 1443 2284 persmpe
1476 2210 1811 2266 multorum

120 2304 283 2358 votis
311 2302 659 2359 consolator
690 2306 982 2372 occurrat,
1026 2302 1233 2357 dicens
1263 2319 1275 2357 :
1324 2305 1399 2357 lte
1450 2300 1511 2356 in
1541 2317 1712 2373 pace,
1745 2298 1811 2354 ﬁ-

120 2392 234 2447 des
266 2396 466 2448 vestra
496 2406 610 2447 vos
655 2391 855 2447 salvos
884 2391 1020 2447 fecit
1045 2410 1056 2459 ;
1092 2396 1299 2447 tamen
1323 2389 1637 2446 deﬁciente
1668 2388 1809 2458 ﬁde,

124 2481 321 2538 virtus
351 2481 502 2537 nihil
525 2481 983 2554 proﬁcit.Quam
1006 2480 1365 2553 plerumque
1397 2479 1667 2551 exigente
1692 2478 1811 2533 ﬁde

128 2571 577 2640 languentium,
624 2571 806 2627 etiam
857 2570 1135 2625 homines
1186 2570 1449 2641 reprobi,
1511 2575 1567 2625 et
1614 2571 1813 2623 mente

125 2660 402 2733 corrupti
429 2660 870 2734 impertiuntur.
908 2660 1088 2717 Sicuti
1118 2660 1194 2715 de
1227 2659 1341 2715 illis
1385 2658 1447 2715 in
1496 2658 1813 2729 Evangelio

128 2752 374 2819 legitur,
407 2750 512 2823 qui
554 2751 615 2805 in
641 2750 841 2806 futuro
888 2754 1025 2805 ante
1057 2749 1213 2805 fores
1256 2748 1491 2804 Domini
1530 2746 1815 2821 quaesturi

132 2843 303 2906 sunt,
356 2839 659 2895 dicentes:
720 2839 994 2909 Domine,
1046 2839 1316 2907 Domine,
1358 2852 1555 2894 nonne
1600 2839 1663 2894 in
1717 2843 1817 2893 tuo

132 2932 388 2987 nomine
411 2930 909 3000 prophetavimus
926 2929 953 2983 ?
979 2934 1032 2984 et
1061 2930 1122 2983 in
1145 2933 1245 2983 tuo
1268 2929 1506 2984 nomine
1525 2927 1820 2983 daemonia

136 3020 478 3091 ejeeimus‘?
525 3023 579 3075 et
627 3019 691 3073 in
724 3023 823 3074 tuo
857 3020 1096 3073 nomine
1137 3021 1389 3073 virtutes
1419 3019 1643 3073 multas
1678 3016 1820 3085 feci-

137 3125 277 3166 mus
324 3107 570 3177 (Matth.
594 3123 699 3172 v11,
745 3110 835 3173 22,
861 3108 991 3178 23)?
1029 3105 1258 3171 Quibus
1309 3105 1515 3178 utique
1554 3105 1824 3161 dicturus

139 3203 236 3255 est
262 3198 600 3254 Dominus:
634 3198 772 3252 Non
810 3197 954 3252 novi
990 3210 1091 3251 vos
1126 3210 1146 3251 .'
1177 3195 1459 3252 discedite
1497 3209 1534 3252 a
1574 3210 1667 3251 me
1694 3209 1825 3264 ope-

144 3289 314 3345 rarii
368 3288 710 3359 iniquitatis
777 3285 997 3358 (Ibid.).
1048 3288 1111 3341 Et
1167 3283 1414 3341 iterum:
1477 3286 1826 3355 Exsurgent

137 3376 613 3449 pseudochristi,
634 3381 688 3432 et
712 3375 1280 3445 pseudopropheth
1308 3379 1360 3429 et
1392 3374 1623 3430 dabunt
1654 3374 1830 3442 signa

144 3482 380 3537 magna
409 3471 464 3523 et
489 3466 796 3536 prodigia,
824 3466 912 3521 ita
946 3470 1010 3519 ut
1041 3465 1103 3520 in
1135 3478 1397 3520 errorem
1431 3463 1746 3530 inducant,
1779 3462 1831 3516 si

144 3559 290 3628 ﬁeri
333 3561 523 3627 potest
547 3556 762 3612 electos
785 3555 1028 3625 (Matth.
1062 3569 1227 3621 xxxv,
1258 3555 1370 3621 24).
1406 3555 1473 3607 Et
1498 3551 1559 3607 in
1587 3551 1827 3606 Exodo:

148 3648 457 3703 Fecerunt
504 3649 559 3701 et
609 3644 871 3711 maleﬁci
916 3658 1028 3712 per
1074 3643 1539 3711 incantationes,
1580 3643 1733 3696 sicut
1778 3652 1831 3701 et

150 3739 395 3808 Moyses
425 3734 645 3803 (Exod.
680 3750 759 3788 vn
779 3740 836 3789 et
864 3734 1008 3805 vni).

236 3829 321 3881 14.
350 3823 773 3882 Miraculorum
798 3838 941 3877 vero
972 3821 1145 3892 signa
1167 3821 1304 3876 ideo
1328 3819 1473 3876 olim
1494 3835 1602 3892 per
1629 3834 1836 3875 servos

154 3914 607 3973 suosDominus
624 3910 975 3982 congruenti
992 3915 1259 3984 tempore
1271 3907 1839 3982 praestabatmundo

155 4004 463 4080 quoniam
486 4002 741 4076 prmscia
766 4001 1074 4057 Divinitatc
1108 4000 1399 4072 prolicere
1444 3998 1836 4055 nihilominus

156 4093 655 4171 praestolantibus
685 4106 757 4147 ea
788 4090 1034 4161 sciebat,
1070 4106 1183 4145 nec
1226 4088 1289 4144 in
1334 4105 1556 4144 vanum
1601 4102 1839 4143 currere

156 4185 475 4258 operarios
492 4183 781 4239 virtutum
808 4185 1192 4251 cognoverat.
1218 4182 1286 4235 Ut
1308 4179 1521 4235 saltem
1540 4178 1840 4251 prodigio-

1915 1855 2089 1912 tentis
2135 1856 2382 1912 auribus
2434 1857 2654 1927 cordis,
2684 1858 2807 1914 veri
2854 1859 3126 1929 magistri
3172 1857 3582 1916 admonitione

1914 1951 2360 2019 percepta,non
2384 1948 2530 2019 quia
2551 1947 2855 2005 daemonia
2880 1949 2966 2004 eis
2999 1949 3394 2022 subjiciantur
3410 1949 3582 2017 (Luc.

1917 2052 1979 2107 x,
2015 2042 2099 2107 l7,
2131 2038 2243 2108 20),
2277 2037 2625 2109 tripudiant,
2655 2038 2760 2093 sed
2789 2038 2934 2112 quia
2973 2039 3225 2095 nomina
3255 2055 3365 2095 sua
3395 2037 3584 2111 scrip-

1923 2130 1980 2181 ta
2003 2125 2232 2180 suntin
2255 2125 2443 2199 caelis,
2476 2125 2767 2182 exultant.
2810 2129 2877 2183 Et
2894 2127 3115 2184 idcirco
3145 2128 3275 2184 haec
3308 2127 3586 2184 dinume-

1920 2216 2074 2271 ratio
2104 2215 2394 2271 virtutum
2424 2216 2487 2271 in
2515 2215 2626 2271 illis
2653 2215 3069 2289 prodigiorum
3099 2217 3447 2275 auctoribus
3477 2233 3591 2292 po-

1923 2305 2037 2362 tius
2068 2320 2258 2377 quam
2286 2306 2414 2377 ipse
2440 2307 2752 2377 signorum
2777 2306 3022 2365 effectus
3052 2312 3145 2366 est
3172 2308 3589 2376 admirandus,

1923 2399 1979 2449 at
2031 2392 2197 2465 quod
2232 2393 2303 2449 sit
2342 2395 2536 2463 magis
2567 2395 2861 2467 praevium
2912 2397 3222 2469 specimen
3280 2395 3464 2453 eundi
3513 2395 3594 2452 ad

1923 2499 2180 2553 regnum
2202 2484 2623 2555 quaerendum,
2642 2500 2763 2541 non
2790 2501 2931 2542 vero
2960 2487 3127 2560 quod
3146 2494 3163 2516 ⁸
3187 2486 3501 2559 signiferos
3525 2501 3597 2542 ac

1924 2573 2216 2628 notabiles
2242 2588 2354 2628 nos
2378 2573 2557 2643 vulgo
2581 2577 3013 2642 ostentet.Quia
3036 2578 3319 2633 sanctitas
3337 2581 3395 2633 et
3421 2575 3601 2632 timor

1928 2662 2165 2718 Domini
2212 2662 2530 2736 cultusque
2572 2664 2741 2734 regni
2794 2665 3050 2722 caelestis
3080 2667 3324 2723 nonnisi
3357 2666 3436 2722 ab
3464 2665 3599 2723 ido-

1928 2754 2054 2808 neis
2081 2758 2137 2809 et
2157 2752 2433 2826 perfectis
2473 2753 2830 2826 procedunt.
2864 2755 3046 2826 Signa
3086 2772 3231 2812 vero
3258 2760 3438 2830 atque
3466 2772 3603 2830 pro-

1928 2841 2091 2913 digia
2121 2847 2176 2899 et
2199 2842 2390 2898 sancti
2420 2846 2477 2898 et
2496 2843 2739 2916 reprobi
2780 2842 3032 2902 faciunt.
3066 2847 3209 2912 Quae
3252 2844 3401 2902 nihil
3440 2844 3605 2905 aliud

1929 2940 2117 3005 quam
2150 2931 2424 2988 notitiam
2456 2948 2680 2989 vanam
2709 2933 2889 2990 etiam
2920 2933 3254 3008 aliquando
3285 2935 3605 2992 hominum

1933 3020 2269 3080 conferunt.
2308 3020 2456 3076 Hinc
2483 3022 2779 3094 provenit,
2814 3027 2879 3079 ut
2904 3026 3011 3095 qui
3051 3022 3227 3080 fuerit
3255 3025 3606 3081 hominibus

1933 3114 2132 3181 notus,
2166 3109 2279 3164 nisi
2328 3110 2503 3165 fuerit
2537 3111 2755 3181 justus,
2786 3109 2867 3166 ad
2895 3116 3118 3167 aeterna
3149 3110 3447 3185 supplicia
3475 3129 3607 3185 per-

1933 3198 2136 3254 veniat
2173 3197 2699 3254 condemnandus.
2727 3197 2827 3254 Ille
2859 3202 3059 3255 autem
3090 3199 3195 3272 qui
3216 3200 3443 3256 caelesti
3468 3215 3605 3271 gra-

1937 3289 2017 3345 tia
2075 3287 2427 3358 illustratus,
2486 3286 2599 3343 sub
2645 3287 2856 3344 notitia
2900 3288 2991 3343 sui
3047 3289 3342 3346 Creatoris
3393 3288 3607 3347 vixerit

1905 3379 2202 3446 'sanctus,
2236 3377 2342 3432 etsi
2394 3375 2750 3432 mortalibus
2782 3378 2855 3433 sit
2897 3376 3157 3447 ignotus,
3187 3378 3249 3435 in
3279 3378 3495 3435 futuris
3526 3382 3609 3435 ta-

1941 3482 2081 3522 men
2113 3471 2459 3522 sanctorum
2493 3466 2729 3536 gaudiis
2759 3467 2866 3523 erit
2905 3468 3425 3525 annumerandus.

2017 3557 2100 3611 16.
2137 3560 2250 3611 Nec
2279 3572 2391 3610 nos
2422 3555 2503 3611 ita
2526 3560 2983 3629 prosequentes,
3034 3557 3469 3615 miraculorum
3511 3572 3613 3633 pe-

1944 3646 2103 3701 nitus
2131 3645 2486 3701 abdicamus
2503 3645 2781 3717 insignia,
2803 3646 3026 3703 caelesti
3043 3646 3206 3702 dono
3239 3647 3610 3721 quibusdam

1946 3730 2181 3799 collata,
2201 3736 2257 3785 et
2277 3731 2629 3800 congruenti
2657 3734 2925 3803 tempore
2952 3748 3059 3803 per
3088 3730 3189 3787 Dei
3214 3728 3611 3805 dispensatio-

1946 3837 2085 3876 nem
2107 3820 2455 3876 nationibus
2468 3819 2775 3888 ordinata;
2798 3820 2902 3875 sed
2918 3820 3232 3876 latratibus
3256 3820 3612 3877 rabidorum

1948 3926 2168 3965 canum
2195 3909 2438 3965 obviam
2468 3908 2757 3975 venimus,
2778 3910 2884 3982 qui
2909 3913 3246 3982 martyrum
3267 3914 3614 3966 nostrorum

1947 3999 2338 4055 intentionem
2390 3998 2695 4055 exinanire
2727 4002 3040 4069 attentant,
3073 3998 3222 4055 dum
3253 4015 3355 4056 eos
3395 3999 3470 4055 de
3505 3999 3619 4055 mia

1947 4088 2166 4145 raculis
2197 4090 2558 4159 redarguere
2590 4089 3009 4161 sperant.de
3043 4091 3245 4162 potius
3268 4088 3618 4160 generaliter

1951 4176 2330 4250 sequendum
2361 4178 2451 4247 sit,
2486 4179 2714 4235 cunctis
2747 4195 2820 4235 ex
2873 4180 3224 4237 auctoritate
3269 4179 3616 4237 divinorum

157 4294 300 4334 rum
314 4272 691 4332 novitatibus
715 4270 1013 4339 cederent,
1035 4269 1141 4343 qui
1163 4284 1347 4326 sacrae
1369 4268 1518 4339 legis
1540 4271 1843 4340 praecepta
1951 4267 2265 4339 librorum,
2299 4268 2395 4323 vel
2437 4267 2607 4323 dictis
2660 4273 3012 4325 sanctorum
3064 4272 3305 4327 Patrum
3359 4268 3620 4327 ostendi-

162 4364 460 4423 salutaria
472 4361 866 4435 respuebant.
885 4363 1144 4433 Eratque
1168 4359 1543 4432 temporibus
1562 4357 1678 4413 illis
1701 4357 1844 4413 satis
1953 4374 2109 4413 mus.
2142 4360 2269 4413 Non
2297 4357 2488 4430 (quod
2511 4356 2685 4429 absit)
2714 4357 2984 4415 funditus
3021 4359 3387 4419 charismata
3414 4358 3621 4418 cales-

163 4471 513 4527 congruum
531 4452 634 4509 Dei
655 4455 951 4524 martyres
969 4451 1155 4521 signis
1183 4464 1503 4507 coruscare
1532 4448 1842 4516 virtutum,

1954 4447 2104 4503 tium
2135 4462 2459 4503 munerum
2492 4446 2882 4519 extirpamus.

165 4516 465 4620 quoniam
480 4541 697 4598 rudem
722 4516 1012 4597 diffusum
1034 4539 1547 4596 christianismum
1574 4553 1737 4593 nunc
1763 4536 1849 4592 in-
1880 4516 1924 4571 Ῐ)
2033 4541 2117 4591 l7.
2148 4535 2339 4592 Radix
2368 4536 2570 4609 itaque
2601 4551 2670 4592 ac
2701 4536 3166 4593 fundamentum
3196 4537 3472 4593 omnium
3502 4536 3621 4593 vir-

164 4634 466 4693 tructione
495 4630 849 4703 verborum,
875 4645 1039 4686 nunc
1071 4628 1482 4685 exhortatione
1523 4628 1849 4701 Scriptura-

166 4741 332 4793 rum,
362 4736 529 4780 nunc
571 4720 913 4777 ostensione
963 4719 1295 4789 signorum,
1325 4735 1488 4774 nunc
1521 4718 1696 4774 etiam
1730 4723 1850 4774 tro-

170 4815 323 4889 paeis
354 4810 593 4886 inclytis
615 4809 970 4882 passionum
1002 4808 1381 4865 conabantur
1402 4806 1607 4864 solidis
1640 4805 1853 4863 radici-

171 4904 292 4960 bus
320 4901 453 4958 ﬁeri
485 4898 737 4954 ﬁrmum
784 4897 847 4953 in
879 4895 1161 4953 cordibus
1199 4895 1573 4953 credentium
1600 4894 1854 4970 populo-

172 5009 334 5050 rum.
360 4994 515 5048 Nam
545 4988 691 5061 quia
721 5001 845 5043 non
884 4986 1054 5044 omni
1081 4989 1350 5059 tempore
1382 4988 1469 5055 (ut
1500 5001 1683 5057 supra
1711 4983 1858 5040 rela-

175 5087 308 5140 tum
368 5084 478 5147 est)
529 5078 844 5149 signorum
888 5077 1236 5133 exercitium
1289 5079 1602 5145 congruat,
1659 5089 1858 5147 neque

178 5186 400 5230 omnes
442 5168 779 5226 caelestium
828 5165 1336 5238 contemplatione
1377 5165 1663 5221 virtutum
1693 5162 1860 5234 digni

178 5263 467 5331 existunt,
516 5256 692 5315 facile
750 5256 980 5314 adverti
1030 5259 1230 5329 potest
1280 5271 1354 5311 ex
1411 5252 1860 5327 comparatione

182 5366 396 5409 eorum
416 5362 557 5422 quae
574 5348 745 5417 gesta
761 5348 900 5402 sunt
924 5345 1004 5402 ab
1031 5342 1465 5417 apostolis.Qui
1483 5357 1622 5398 cum
1647 5340 1863 5397 vellent

183 5438 445 5497 bonum’
500 5435 786 5493 nuntium
851 5432 1086 5491 Asianis
1149 5432 1500 5505 praedicare,
1578 5427 1863 5503 prohibiti

188 5533 329 5586 sunt
356 5544 394 5585 a
431 5525 656 5601 Spiritu
705 5520 916 5580 sancto
959 5524 1116 5592 (Act.
1148 5538 1267 5591 xvr,
1291 5523 1344 5591 6,
1377 5521 1464 5593 7):
1496 5524 1551 5577 et
1597 5520 1702 5593 qui
1749 5519 1864 5591 pri-

188 5620 331 5677 dem
356 5614 719 5677 annuntiare
749 5612 1142 5684 Evangelium
1183 5612 1349 5669 omni
1397 5617 1683 5667 creaturae
1710 5625 1863 5682 prae-

1959 4629 2174 4693 tutum,
2206 4624 2567 4698 signumque
2611 4624 2865 4680 victoriae
2919 4625 3069 4680 ﬁdes
3124 4630 3230 4693 est,
3280 4640 3388 4697 per
3433 4640 3623 4697 quam

1956 4713 2101 4786 justi
2124 4713 2335 4769 vivunt
2364 4712 2617 4783 (Habac.
2642 4727 2703 4780 lt,
2732 4714 2811 4784 4),
2835 4728 2943 4784 per
2971 4728 3158 4784 quam
3185 4712 3377 4768 sancti
3407 4727 3621 4767 omnes

1962 4815 2149 4873 regna
2178 4802 2467 4868 vicerunt,
2496 4802 2732 4870 operati
2746 4805 2887 4856 sunt
2908 4801 3236 4871 justitiam,
3255 4801 3461 4870 adepti
3482 4805 3626 4856 sunt

1963 4891 2468 4961 repromissiones,
2501 4890 2934 4945 obturaverunt
2982 4904 3091 4944 ora
3141 4890 3399 4957 leonum,
3432 4890 3626 4946 extin-

1964 4986 2185 5037 xerunt
2216 4982 2500 5050 impetum
2532 4980 2709 5050 ignis,
2743 4978 3163 5048 effugaverunt
3195 4979 3382 5036 aciem
3411 4979 3626 5050 gladii,

1967 5070 2405 5127 convaluerunt
2446 5069 2520 5125 de
2549 5067 2925 5139 inﬁrmitate,
2959 5068 3148 5137 fortes
3186 5068 3345 5139 facti
3397 5075 3538 5125 sunt
3568 5070 3632 5124 in

1972 5159 2123 5215 bello
2156 5159 2357 5229 (Hebr.
2390 5176 2470 5224 xr,
2503 5161 2593 5226 33,
2623 5156 2732 5228 34).
2769 5158 3038 5222 Quorum
3068 5156 3317 5229 vestigia
3343 5159 3404 5215 hi
3445 5156 3635 5215 sancti

1967 5247 2252 5305 veraciter
2329 5250 2787 5321 prosequentes,
2866 5246 3167 5320 intrepida
3259 5246 3637 5304 confessione

1971 5341 2159 5395 Deum
2208 5341 2265 5392 et
2316 5337 2641 5393 Dominum
2692 5336 2899 5392 Jesum
2936 5337 3237 5393 Christum
3292 5337 3354 5393 in
3386 5334 3638 5393 concilio

1970 5426 2313 5501 principum
2371 5425 2737 5499 proﬁtentes,
2804 5441 3050 5481 omnem
3109 5441 3373 5499 quoque,
3452 5440 3642 5498 quam

1974 5516 2321 5587 evangelica
2370 5514 2693 5572 auctoritas
2741 5530 2861 5570 non
2914 5515 3123 5588 recipit
3150 5515 3528 5589 prOphetiam
3581 5520 3647 5573 ut

1974 5606 2175 5663 furum
2187 5611 2244 5663 et
2258 5606 2563 5663 latronum
2586 5605 2946 5661 detestantes
2961 5620 3031 5661 ac
3058 5603 3484 5662 maledicentes
3505 5605 3646 5663 abs-

192 5712 432 5782 ceperat
481 5706 705 5779 (Marc.
762 5719 882 5772 xw,
934 5704 1044 5775 l3),
1096 5703 1294 5759 sciens
1334 5702 1396 5758 in
1443 5699 1582 5756 Asia
1630 5697 1867 5755 nullum
1972 5698 2203 5770 jiciunt.
2257 5697 2346 5755 Ob
2374 5712 2564 5770 quam
2594 5710 2845 5752 causam
2889 5694 3177 5753 inauditis
3207 5696 3447 5754 saevitiae
3490 5695 3654 5754 furo-

267 5844 292 5872 ι
315 5832 745 5895 Miraculorum
766 5837 1074 5888 auctores.
1106 5831 1344 5888 Scuorr.
1380 5831 1522 5895 Quae
1547 5824 1713 5885 vocis
1738 5823 2139 5899 interpretatio
2149 5827 2357 5895 potest
2387 5821 2531 5881 addi
2558 5819 2860 5880 Glossario
2886 5820 3111 5893 Cangii.
