3960 6386
425 274 522 325 751

1631 262 1687 317 S.
1732 259 2013 316 EULOGII
2052 257 2370 315 ARCHIEP.
2411 259 2654 318 TOLET.

3778 266 3882 320 752

427 392 596 448 ribus
639 389 741 444 illa
771 385 1053 443 frendens
1103 384 1278 440 turba
1323 383 1650 453 gentiltium
1693 388 1940 440 cunctos
1966 383 2096 440 ani-
2130 385 2176 438 Α
2208 381 2471 451 fortium,
2499 384 2604 456 qui
2623 385 2754 456 jam
2787 399 2991 440 coram
3017 399 3156 453 rege
3187 399 3298 438 suo
3328 373 3494 440 h'aud
3533 384 3722 441 dubie
3780 402 3881 442 ex-

430 477 861 536 madversione
893 472 1077 545 gladii
1107 472 1413 546 priemittit
1459 472 1532 527 ad
1581 473 1819 540 coelum,
1851 472 2099 545 presby-

433 575 610 636 teros,
642 567 874 636 levitas,
907 562 1304 626 confessores,
1351 561 1730 636 virginesque
1759 562 1967 618 beatas
1996 562 2095 633 (8).

435 661 501 714 Et
526 667 924 730 quoscunque
954 650 1251 707 confessio
1282 650 1414 706 talis
1442 650 1709 718 haberet,
1753 655 1816 707 ut
1859 649 2098 723 publice

431 761 644 804 eorum
713 739 1158 799 subsannando
1224 739 1604 812 prophetam,
1677 739 1904 796 cultum
1966 739 2097 810 ejus

431 835 795 899 desiderent,
827 845 969 887 mox
1004 828 1330 901 amputatis
1360 827 1694 884 cervicibus
1722 831 1984 884 ruerent.
2013 829 2097 883 Ac

430 940 505 980 ne
537 922 650 979 sibi
679 919 996 994 quidpiam
1027 917 1226 972 inesse
1263 916 1656 973 humanitatis
1693 915 2094 983 ostenderent,

430 1010 757 1069 nonnullos
784 1024 941 1081 quos
975 1005 1176 1076 gladio
1225 1004 1458 1061 vindice
1507 1005 1689 1076 hujus
1737 1005 1870 1060 vitae
1911 1003 2094 1059 limen

430 1103 543 1158 sub
579 1097 922 1157 testimonio
969 1095 1232 1151 veritatis
1279 1094 1564 1150 excedere
1609 1099 1947 1164 coegerant,
1973 1109 2094 1166 pra

430 1193 660 1250 foribus
715 1188 920 1263 palatii
974 1187 1324 1241 inhumatos
1365 1184 1793 1256 relinquentes,
1840 1183 2094 1239 canibus

423 1285 733 1356 jusserunt
784 1276 1025 1351 exponi,
1069 1274 1351 1330 adhibitis
1409 1273 1591 1329 simul
1649 1273 1957 1342 custodiis,
2017 1288 2094 1328 ne

429 1373 567 1446 quis
616 1367 1051 1427 catholicorum
1113 1364 1328 1420 intuitu
1387 1362 1622 1436 pictatis
1674 1363 1752 1433 (9)
1809 1361 2092 1418 carnibus

431 1461 613 1517 etiam
645 1457 904 1530 spoliata
929 1455 1230 1511 cadavera
1275 1451 1565 1525 sepeliret.
1595 1450 1780 1516 Quasi
1811 1450 2094 1506 sentirent

429 1546 832 1623 persecutoris
867 1544 1252 1617 supplicium,
1286 1558 1547 1614 quorum
1574 1539 1790 1596 animae
1827 1539 2092 1613 paradisi

428 1637 633 1712 requie
682 1634 1070 1692 fruebantur:
1127 1635 1230 1688 aut
1285 1630 1521 1686 obesset
1571 1628 1894 1686 animabus
1941 1627 2090 1684 coelo

2209 471 2422 528 tollunt
2453 472 2710 529 victoria:
2747 489 2869 528 suae
2921 472 3228 528 vexillum.
3278 476 3392 528 Nec
3425 474 3688 529 contenti
3741 481 3882 531 sunt

2207 560 2542 632 Scripturas
2576 578 2725 617 sano
2759 579 2944 618 sensu
2972 561 3318 631 intelligere,
3352 561 3458 617 sed
3489 578 3596 618 eas
3621 579 3737 636 pro
3770 580 3881 619 suo

2205 648 2377 705 libitu
2434 656 2822 723 exponentes,
2876 650 3024 706 dum
3072 650 3135 705 in
3185 649 3498 723 superﬁcie
3540 650 3882 708 litterarum

2205 736 2380 809 quasi
2406 738 2837 796 concordantia
2868 755 2992 794 suae
3022 737 3278 795 vesaniae
3329 739 3663 812 repererint
3719 739 3881 795 testi-

2203 825 2430 894 monia,
2453 842 2577 883 non
2602 827 2787 884 modo
2820 826 3156 885 Christiano
3203 843 3371 883 more
3414 827 3769 900 simpliciter
3794 828 3880 885 eis

2204 918 2472 982 utuntur,
2501 915 2591 971 vel
2619 915 2698 971 ab
2730 915 3153 972 eruditioribus
3183 915 3460 972 virtutem
3510 932 3734 972 sensus
3784 932 3884 974 ea-

2202 1018 2338 1058 rum
2370 1003 2719 1076 explorant;
2775 1005 2879 1060 sed
2909 1004 3085 1077 quasi
3136 1004 3420 1060 inauditae
3449 1004 3534 1061 rei
3565 1006 3787 1076 nuntii,
3822 1010 3883 1062 et

2203 1091 2456 1163 alicujus
2486 1093 2765 1148 novitatis
2793 1093 2978 1160 scioli,
3011 1109 3118 1166 per
3173 1093 3398 1154 forum.
3447 1109 3555 1166 per
3613 1094 3877 1167 plateas,

2201 1196 2308 1252 per
2329 1180 2562 1251 vulgus,
2592 1197 2699 1254 per
2727 1181 3031 1237 nundinas
3056 1181 3356 1237 obdurata
3380 1181 3574 1238 fronte
3617 1183 3876 1239 easdem

2201 1267 2261 1324 in
2306 1269 2650 1326 summitate
2693 1270 3040 1341 linguarum
3073 1270 3431 1343 promendo,
3475 1273 3877 1341 recensendo,

2201 1362 2380 1430 atque
2411 1359 2714 1415 cantando
2766 1360 2995 1416 vehunt
3042 1360 3385 1416 sententias.
3420 1363 3487 1416 Et
3525 1365 3591 1416 ut
3632 1361 3877 1418 facilius

2202 1452 2609 1518 agnoscantur
2637 1449 2810 1519 cujus
2837 1448 3024 1521 partis
3074 1449 3190 1504 sint
3239 1448 3606 1517 defensores,
3631 1466 3748 1522 per
3777 1450 3880 1506 de-

2200 1536 2330 1592 vios
2357 1536 2754 1607 intelligentiae
2788 1554 2911 1593 suae
2955 1537 3136 1593 calles
3188 1537 3496 1594 veritatem
3549 1539 3880 1612 Scriptura:

2200 1629 2564 1699 torquentes,
2579 1627 2801 1684 lineam
2820 1643 2982 1683 sanae
2999 1627 3284 1683 doctrinae
3303 1627 3548 1700 proprio
3565 1627 3878 1686 electionis

427 1725 819 1798 regnantibus
850 1720 1272 1794 temporalium
1329 1734 1508 1791 poena
1557 1721 1992 1773 tormentorum
2029 1717 2091 1772 il-
2131 1742 2171 1795 Β
2195 1715 2422 1787 judicio
2442 1715 2886 1790 derelinquunt.
2909 1720 2977 1773 Ut
3005 1717 3375 1790 quandoque
3404 1717 3520 1772 illis
3549 1717 3632 1774 ad
3660 1718 3875 1776 interi-

426 1817 546 1872 lata
575 1813 932 1886 corporibus
954 1828 966 1865 :
992 1809 1085 1866 vel
1116 1809 1190 1864 de
1222 1807 1549 1863 inhumatis
1584 1822 1793 1862 curare
1815 1810 2092 1878 poterant

426 1903 715 1960 membris
763 1901 824 1956 hi
863 1900 968 1972 qui
1021 1914 1157 1953 vere
1211 1895 1482 1952 sciebant
1521 1895 1708 1968 quod,
1744 1894 1898 1951 sicut
1942 1894 2090 1950 nihil

424 1991 805 2050 commodius
851 1989 1001 2044 foret
1041 1987 1240 2060 impiis
1307 1984 1632 2058 sepultura,
1678 1984 1868 2040 auctis
1926 2000 2089 2040 reve-

422 2082 624 2138 rentia
675 2078 884 2136 studiis
935 2075 1278 2132 solemniter
1321 2077 1678 2146 praeparata,
1708 2074 1789 2129 ita
1819 2073 2008 2128 beatis
2034 2077 2092 2129 et

422 2170 644 2228 sanctis
674 2183 1066 2241 nequaquam
1099 2163 1336 2220 officere
1365 2167 1567 2234 posset
1597 2162 1799 2226 vilem,
1830 2165 1934 2218 aut
1959 2161 2088 2218 nul-

421 2262 546 2318 lam
575 2258 948 2332 sepulturam
979 2252 1256 2327 adipisci.
1293 2252 1474 2308 Licuit
1500 2251 1678 2308 etiam
1701 2251 1776 2307 de
1805 2252 1922 2308 hoc
1951 2267 2091 2324 poe-

422 2348 496 2404 tis
523 2347 919 2421 plausibiliter
947 2344 1152 2400 ludere
1177 2363 1188 2400 :

569 2481 582 2495 .
627 2480 639 2494 .
683 2479 698 2493 .
742 2435 900 2492 Coelo
933 2436 1171 2502 tegitur,
1202 2435 1298 2504 qui
1330 2449 1443 2486 non
1477 2434 1650 2486 habet
1679 2449 1880 2486 urnam
1897 2440 1942 2485 ⁸.

495 2529 580 2581 t8.
619 2527 768 2581 Sunt
811 2528 1014 2580 autem
1044 2521 1312 2594 plerique
1338 2519 1628 2587 fidelium,
1663 2523 1718 2575 et
1766 2519 1905 2591 (heu
1934 2519 2088 2591 proh

421 2615 595 2671 dolor
620 2614 659 2686 ἱ)
691 2614 871 2670 etiam
899 2611 1302 2676 sacerdotum,
1336 2613 1557 2664 temere
1595 2609 1815 2663 horum
1854 2608 2088 2664 confes-

428 2720 639 2759 sorum
670 2701 926 2772 gloriam
953 2698 1218 2755 adimere
1251 2713 1372 2752 non
1416 2701 1709 2766 verentes,
1743 2695 1848 2768 qui
1872 2695 2089 2766 jubent

423 2809 527 2849 eos
551 2808 675 2848 non
702 2789 887 2863 recipi
915 2790 976 2846 in
1029 2787 1303 2857 catalogo
1335 2793 1702 2853 sanctorum,
1734 2785 2084 2841 inusitatum

422 2881 644 2937 scilicet
659 2883 840 2952 atque
855 2877 1179 2952 profanum
1201 2881 1530 2932 asserentes
1555 2873 1907 2946 hujusmodi
1931 2891 2088 2930 mar-

421 2971 665 3043 tyrium.
720 2968 952 3041 Quippe
995 2982 1150 3040 quos
1207 2964 1372 3020 nulla
1431 2963 1708 3019 violentia
1753 2962 2082 3035 praesidalis

421 3059 606 3115 fidem
649 3074 825 3114 suam
868 3071 1092 3126 negare
1125 3053 1434 3148 compulit,
1466 3069 1576 3108 nec
1603 3069 1639 3148 a
1669 3051 1832 3108 cultu
1853 3057 2080 3148 sanctae
2112 3095 2152 3148 C

416 3149 652 3222 piaeque
683 3145 984 3216 religionis
1011 3145 1263 3213 amovit;
1287 3143 1392 3199 sed
1421 3141 1668 3216 propria
1696 3158 1757 3198 se
1771 3141 2080 3198 voluntate

413 3237 746 3295 discrimini
774 3235 1091 3292 offerentes
1137 3233 1217 3290 ob
1259 3232 1607 3306 superbiam
1656 3247 1832 3286 suam
1860 3231 1966 3299 (ita
1994 3231 2079 3286 di-

417 3329 582 3398 cunt)
611 3343 746 3399 quae
775 3325 1011 3381 initium
1035 3328 1125 3380 est
1147 3322 1344 3379 omnis
1374 3321 1600 3394 peccati
1635 3321 1841 3392 (Eccli.
1874 3338 1935 3390 x,
1970 3321 2079 3392 15),

415 3416 776 3487 interempti,
822 3430 1070 3470 suarum
1109 3411 1421 3485 parricidae
1467 3410 1658 3467 effecti
1688 3415 1824 3466 sunt
1852 3411 2084 3466 anima-

416 3521 576 3561 rum.
629 3503 948 3575 Praeceptis
995 3501 1175 3557 etiam
1207 3500 1563 3571 evangelicis
1593 3516 1695 3555 eos
1736 3499 2080 3569 arguendos

415 3609 547 3650 esse
597 3591 868 3660 credunt,
908 3590 1130 3664 quibus
1189 3588 1436 3645 dicitur:
1492 3589 1736 3658 Diligite
1786 3589 2078 3657 inimicos,

416 3689 661 3753 vestros,
697 3682 1026 3752 benefacite
1073 3679 1165 3734 his
1195 3679 1301 3750 qui
1344 3679 1599 3734 oderunt
1649 3693 1750 3733 vos
1774 3693 1798 3733 ,ο
1829 3684 1880 3733 et
1913 3684 2081 3734 orate

406 3789 524 3844 pro
574 3771 1089 3843 persequentibus,
1121 3774 1177 3826 et
1216 3765 1732 3825 calumniantibus
1763 3767 1968 3822 vobis:
2015 3772 2080 3821 ut

410 3863 538 3919 sitis
566 3861 685 3932 ﬁlii
705 3861 913 3918 Patris
963 3860 1166 3927 vestri,
1207 3857 1313 3929 qui
1338 3857 1403 3912 in
1433 3856 1596 3912 caelis
1634 3861 1718 3910 est
1750 3856 1984 3926 (Matth.
2020 3873 2076 3923 v,

407 3954 499 4018 H,
526 3952 637 4022 45).
660 3953 726 4006 Et
752 3949 999 4006 iterum:
1030 3947 1340 4005 Neminem
1370 3945 1747 4006 concutiatis,
1778 3959 1970 4014 neque
1986 3959 2083 4018 ca-

412 4041 706 4096 lumniam
749 4039 994 4109 faciatis
1015 4039 1184 4105 (Luc.
1217 4053 1301 4106 iu,
1330 4034 1434 4105 14).
1497 4036 1599 4089 Et:
1633 4033 1924 4089 Dominus
1955 4035 2082 4106 qui.

410 4129 542 4186 dem
565 4144 699 4184 cum
722 4127 1330 4191 malediceretur,non
1351 4121 1748 4178 maledicebat
1766 4135 1791 4194 ,'
1811 4139 1942 4179 cum
1965 4139 2078 4192 pa-

409 4222 658 4280 teretur,
689 4232 809 4271 non
833 4212 1342 4271 comminabatur:
1369 4211 1643 4267 tradebat
1667 4217 1869 4268 autem
1898 4227 1958 4268 se
1988 4214 2080 4281 iu-

409 4307 532 4361 dici
556 4307 778 4376 injuste
799 4303 1112 4374 judicanti
1165 4301 1223 4373 (Ι
1247 4302 1416 4357 Petr.
1438 4317 1500 4369 ιι,
1532 4300 1641 4370 23).
1689 4299 1840 4355 lllud
1870 4305 2078 4373 praete-

405 4411 508 4451 rea
527 4393 816 4464 objiciunt
835 4391 910 4447 de
926 4389 1242 4463 Apostolo:
1271 4391 1474 4462 Neque
1489 4389 1796 4446 maledicti
1820 4404 2072 4460 regnum

405 4485 517 4540 Dei
542 4481 930 4553 possidebunt
963 4480 1017 4552 (Ι
1040 4479 1173 4535 Cor.
1205 4495 1284 4548 v1,
1316 4482 1423 4546 t0).

480 4577 562 4628 t9.
597 4573 733 4627 Haec
777 4575 834 4627 et
869 4569 963 4626 his
994 4567 1209 4624 similia
1237 4582 1340 4623 ore
1389 4565 1669 4639 pestifero
1714 4569 1920 4621 contra
1964 4566 2067 4622 Dei

399 4663 613 4720 milites
643 4662 1027 4735 proferentes,
1080 4658 1408 4715 multorum
1457 4656 1642 4712 corda
1681 4660 2061 4729 pervertunt:

397 4755 542 4826 quia
563 4752 744 4810 verba
771 4751 1188 4808 haereticorum
1214 4752 1277 4804 ut
1293 4762 1506 4803 cancer
1528 4749 1774 4818 serpunt
1797 4745 1883 4815 (II
1911 4747 2060 4801 Tim.

397 4860 460 4911 ιι,
497 4845 582 4915 t7)
628 4842 690 4897 in
715 4846 945 4898 mentes
971 4837 1329 4906 humilium;
1361 4840 1416 4892 et
1466 4835 1709 4891 modico
1767 4834 2060 4890 fermento

365 4932 636 5000 .sceleris
667 4931 900 4986 facilius
946 4930 1159 4999 ingens
1191 4941 1394 4982 massa
1434 4924 1611 4996 panis
1658 4923 2061 4995 corrumpitur

392 5021 452 5091 (Ι
480 5021 618 5076 Cor.
649 5037 705 5085 v,
739 5022 814 5091 6),
847 5019 1243 5089 exturbatque
1277 5030 1721 5088 quampropere
1761 5013 1914 5069 ﬁlios
1955 5012 2058 5068 Dei

389 5108 624 5165 lethalis
655 5107 906 5162 assertio
937 5105 1149 5161 zabuli.
1197 5107 1274 5160 De
1304 5103 1526 5176 quibus
1556 5102 1770 5158 beatus
1801 5105 2054 5173 Aposto-

387 5197 482 5254 lus
510 5196 683 5252 dicit:
720 5196 972 5263 Quidam
1018 5196 1175 5250 enim
1208 5195 1580 5260 aberrantes,
1611 5192 1884 5247 conversi
1910 5196 2053 5246 sunt

387 5290 451 5343 in
482 5287 918 5357 vaniloqm’um,
960 5285 1219 5340 volentes
1250 5297 1370 5339 esse
1401 5282 1546 5350 legis
1578 5281 1845 5336 doctores
1871 5300 1885 5347 ;
1919 5295 2048 5336 nes-

387 5378 602 5433 cientes
631 5391 762 5447 quze
787 5376 1140 5447 loquuntur,
1173 5389 1362 5442 neque
1393 5372 1465 5427 de
1488 5371 1703 5442 quibus
1728 5370 2046 5438 afﬁrmant

382 5465 443 5535 (Ι
472 5467 618 5520 Tim.
664 5481 700 5532 ι,
748 5469 800 5532 6,
833 5465 909 5526 7).
950 5465 1014 5518 Et
1059 5463 1307 5517 iterum:
1367 5462 1714 5516 Docuerunt
1775 5460 2044 5529 linguam

382 5569 550 5607 suam
584 5555 746 5622 loqui
791 5553 1204 5607 mendacium:
1236 5555 1300 5603 ut
1330 5551 1534 5619 inique
1563 5554 1830 5617 agerent,
1879 5549 2044 5603 labo-

382 5648 673 5695 raverunt
696 5643 934 5711 (Jer.1x,
963 5645 1016 5712 Ei)
1043 5659 1054 5695 :
1090 5657 1212 5695 non
1233 5644 1500 5696 verentes
1521 5639 1812 5707 derogare
1841 5637 2040 5707 glorise

2199 1809 2329 1861 tum
2355 1806 2698 1862 animarum
2736 1823 2986 1862 suarum
3018 1807 3347 1879 proveniat,
3376 1807 3543 1879 quod
3573 1822 3702 1864 non
3746 1809 3877 1866 sine

2199 1893 2555 1964 gravissima
2588 1895 3000 1967 indignatione
3041 1895 3337 1968 prepheta
3386 1895 3581 1964 infert,
3613 1896 3873 1955 dicens:

2208 1985 2304 2039 Vw
2328 1986 2433 2055 qui
2459 1985 2656 2040 dicitis
2687 1987 2914 2041 malum
2948 1986 3184 2054 bonum,
3217 1990 3272 2042 et
3335 1985 3553 2042 bonum
3582 1988 3825 2044 malum
3859 2006 3872 2044 :

2190 2079 2479 2142 ponentes
2512 2075 2785 2131 tenebras
2837 2077 3047 2144 lucem,
3081 2080 3133 2131 et
3181 2076 3370 2131 lucem
3403 2076 3682 2132 tenebras
3703 2093 3727 2132 .°
3758 2093 3876 2147 po-

2196 2167 2400 2218 nentes
2441 2177 2718 2219 amarum
2777 2164 2970 2230 dulce,
3004 2169 3056 2219 et
3105 2164 3282 2220 dulce
3331 2179 3608 2221 amarum
3632 2166 3780 2236 (Isa.
3815 2183 3873 2234 v,

2196 2253 2287 2317 20)
2315 2269 2326 2306 :
2360 2250 2420 2306 id
2448 2255 2536 2307 est
2559 2251 2887 2308 claritatem
2915 2267 3097 2308 sacrae
3117 2252 3265 2322 legis
3286 2267 3480 2325 pravo
3507 2269 3712 2311 errore
3742 2271 3878 2311 nes-

2198 2338 2428 2395 cientiaa
2488 2339 2946 2413 interpolantes,
3011 2341 3262 2413 ejusque
3320 2341 3676 2398 suavitatem
3747 2359 3874 2400 non

2198 2434 2353 2484 recte
2409 2429 2807 2502 conjiciendo,
2836 2429 2897 2485 in
2943 2430 3092 2486 fellis
3123 2431 3588 2487 amaritudinem
3621 2449 3873 2490 conver-

2198 2522 2408 2574 tentes.
2430 2519 2602 2580 Quod
2633 2519 2866 2576 bonum
2894 2524 2951 2576 et
2972 2521 3138 2592 pium
3160 2525 3268 2591 est,
3299 2521 3599 2577 malivolis
3626 2525 3870 2596 conjec-

2197 2607 2342 2664 turis
2370 2608 2660 2676 inﬁciunt,
2691 2613 2961 2682 expertes
2985 2626 3095 2666 nos
3120 2610 3479 2667 arbitrantes
3507 2611 3584 2669 ab
3614 2613 3863 2671 illorum

2196 2696 2583 2768 intelligentia
2641 2699 3140 2763 testimoniorum,
3190 2700 3411 2772 quibus
3449 2701 3870 2760 victoriosissi-

2195 2803 2362 2841 mam
2393 2791 2714 2844 extenuare
2733 2788 3124 2845 intentionem
3149 2795 3496 2846 sanctorum
3520 2798 3868 2864 martyrum

2196 2875 2582 2946 arbitrantur,
2614 2877 2706 2933 vel
2753 2883 3025 2934 nostram
3056 2877 3132 2933 de
3184 2878 3268 2934 eis
3313 2880 3672 2936 sententiam
3704 2889 3868 2954 (qua:

2194 2980 2433 3037 semper
2471 2965 2531 3020 in
2561 2965 2742 3022 laude
2771 2967 3041 3039 ipsorum
3073 2967 3412 3039 exsultavit)
3445 2983 3739 3025 enervare
3771 2988 3868 3028 co-

2190 3058 2413 3109 nantur
2441 3054 2576 3125 (10).
2599 3055 2832 3128 Quippe
2860 3056 2964 3129 qui
2989 3056 3118 3127 jam
3139 3072 3252 3112 nos
3277 3057 3755 3114 evidentioribus
3779 3059 3868 3116 in-

2189 3142 2358 3199 diciis
2385 3158 2594 3199 eorum
2611 3145 2994 3217 passionibus
3036 3145 3483 3202 communicare
3519 3147 3868 3221 credamus,

2189 3230 2338 3287 dum
2351 3247 2536 3288 causa
2557 3233 2944 3305 professionis
2962 3238 3258 3305 corum,et
3275 3240 3629 3302 carceres,et
3651 3238 3862 3296 vincu-

2188 3319 2266 3389 la,
2295 3320 2545 3394 insuper
2570 3325 2628 3378 et
2654 3322 2883 3379 damna
2910 3339 3111 3379 rerum
3137 3323 3430 3396 perpessi,
3462 3324 3543 3380 ad
3573 3325 3862 3384 ultimum

2190 3410 2382 3481 gratia
2401 3411 2841 3468 intercessionis
2853 3429 3060 3468 eorum
3075 3413 3333 3485 propitio
3350 3414 3467 3470 Deo
3479 3416 3861 3473 evaserimus

2259 3502 2348 3555 20.
2375 3499 2492 3571 Ipsi
2509 3500 2769 3572 denique
2796 3501 3003 3569 sancti,
3028 3502 3132 3574 qui
3148 3501 3305 3557 hanc
3331 3503 3599 3575 corporis
3616 3503 3860 3562 cladem

2190 3587 2420 3643 caelitus
2452 3589 2796 3662 compuncti
2825 3595 3069 3664 propter
3103 3590 3366 3647 veritatis
3413 3591 3860 3663 professionem

2189 3675 2419 3746 agressi
2451 3681 2609 3745 sunt,
2659 3677 2721 3732 in
2775 3677 2941 3734 nullo
3007 3694 3043 3734 a
3094 3678 3520 3750 praedictorum
3574 3683 3858 3738 custodia

2189 3764 2619 3822 mandatorum
2649 3782 2712 3822 se
2756 3771 3048 3824 avertunt.
3081 3767 3230 3833 Quia
3259 3771 3315 3823 et
3371 3774 3616 3842 propter
3663 3770 3855 3828 Deum

2189 3853 2463 3909 inimicos
2494 3854 2828 3925 diligentes,
2859 3857 2935 3912 de
2963 3856 3154 3912 salute
3184 3873 3396 3913 eorum
3431 3858 3607 3915 valde
3640 3860 3856 3916 sollici-

2189 3941 2230 3999 ti
2257 3958 2334 3998 ne
2387 3942 2611 3999 diutius
2667 3943 3014 4017 labyrintho
3063 3946 3382 4018 impietatis
3423 3945 3854 4020 detinerentur,

2188 4046 2439 4102 arguere
2507 4048 2630 4088 non
2693 4033 3063 4102 destiterunt,
3138 4039 3196 4090 et
3255 4035 3701 4093 benefacientes
3759 4038 3855 4094 his

2187 4120 2293 4194 qui
2321 4121 2575 4178 oderant
2613 4122 2930 4193 Christum,
2975 4122 3191 4179 melius
3228 4123 3334 4179 visi
3381 4128 3524 4180 sunt
3551 4141 3661 4198 per
3704 4127 3850 4184 ellu-

2186 4211 2417 4267 sionem
2439 4211 2750 4282 sanguinis
2763 4213 3108 4269 vecordiam
3125 4230 3357 4279 eorum,
3372 4231 3559 4287 quam
3576 4231 3687 4288 per
3710 4217 3855 4275 doc-

2184 4299 2352 4356 trina:
2387 4301 2568 4357 verba
2595 4302 2922 4358 instruere:
2956 4308 3021 4359 ut
3050 4303 3255 4361 relicta
3277 4305 3536 4361 vanitate
3568 4309 3855 4380 supersti-

2185 4388 2378 4457 tionis,
2412 4406 2535 4446 non
2565 4390 2762 4447 solum
2793 4390 3091 4448 Christum
3132 4393 3392 4465 credere,
3431 4410 3634 4451 verum
3664 4397 3849 4456 etiam

2105 4456 2148 4510 D
2181 4493 2371 4550 usque
2402 4478 2482 4534 ad
2511 4483 2764 4534 mortem
2791 4483 3036 4552 propter
3057 4479 3228 4535 illum
3261 4456 3565 4538 decertare
3594 4489 3847 4539 conten-

2175 4563 2544 4624 derent.Sine
2557 4567 2742 4624 dubio
2759 4568 3038 4640 precibus
3051 4568 3640 4626 ctohsecrationibus
3659 4571 3845 4629 etiam

2173 4655 2339 4726 apud
2391 4655 2713 4712 Dominum
2745 4656 3087 4713 animarum
3133 4657 3525 4731 impetrantes
3581 4660 3843 4717 salutem

2170 4741 2431 4811 illorum,
2463 4745 2568 4817 qui
2593 4761 2751 4817 saepe
2775 4751 2833 4801 et
2855 4745 3223 4802 incessanter
3245 4747 3515 4804 Ecclesiae
3556 4749 3840 4806 membra

2169 4831 2631 4888 calumniantur.
2667 4836 3039 4908 Quapmpter
3071 4835 3348 4908 exemplo
3392 4837 3515 4892 veri
3563 4838 3840 4908 magistri

2167 4921 2423 4992 educati,
2460 4940 2600 4979 cum
2639 4924 2719 4980 ad
2747 4925 3096 4996 passionem
3125 4925 3517 4995 traherentur,
3547 4927 3837 4984 maledic-

2165 5011 2206 5067 ti
2235 5028 2358 5068 non
2411 5012 2937 5082 remaledicebant,
2986 5013 3289 5085 ﬂagellatii
3321 5032 3444 5072 non
3491 5033 3835 5074 murmura-

2160 5101 2328 5170 bant,
2347 5102 2694 5159 comminati
2711 5103 3008 5159 silentium
3032 5105 3457 5162 observabant:
3479 5106 3594 5162 hoc
3609 5107 3836 5166 solum-

2162 5191 2346 5248 modo
2395 5191 2854 5264 exprobrantes,
2887 5194 3054 5266 quod
3084 5196 3203 5250 Deo
3237 5195 3578 5251 convicium
3631 5195 3829 5266 infert,

2160 5285 2218 5336 et
2259 5280 2427 5353 quod
2458 5282 2833 5352 majestatem
2857 5284 3233 5340 tremendam
3259 5285 3609 5358 impugnat:
3649 5288 3832 5344 sacri-

2157 5368 2360 5438 legum
2382 5369 2604 5426 scilicet
2628 5370 2783 5427 illius
2807 5371 3122 5428 vanissimi
3143 5389 3214 5429 ac
3236 5373 3450 5446 perditi
3468 5373 3830 5432 homunculi

2154 5460 2770 5532 prophetismum,qui
2799 5476 2924 5516 non
2951 5462 3168 5518 veritus
3197 5467 3288 5518 est
3309 5463 3542 5536 spiritiu
3571 5463 3828 5522 diaboli—

2154 5563 2224 5601 co
2259 5553 2635 5619 perarmatus
2661 5566 2722 5605 se
2751 5549 2885 5606 loco
2902 5555 3336 5623 prophetarum
3356 5552 3829 5623 inserere,sanc-

2154 5638 2345 5708 lisque
2402 5637 2900 5708 praedicatoribus
2952 5645 3016 5695 ut
3067 5641 3318 5696 deiﬁcus
3376 5641 3824 5713 evangelizator

454 5772 476 5796 ³
497 5763 748 5817 Carmen
779 5763 894 5818 hoc
925 5762 1063 5820 citat
1094 5761 1353 5817 Isidorus
1382 5760 1509 5814 sine
1539 5758 1800 5814 auctoris
1828 5758 2095 5828 nomine,
2123 5774 2263 5814 cum
2287 5759 2360 5816 sit
2381 5759 2622 5827 Lucani,
2645 5760 2748 5818 lib.
2778 5779 2874 5818 vu.
2904 5763 3149 5820 Senorr.
