3960 6400
112 276 222 333 753

1205 278 1647 336 MEMORIALIS
1689 279 2131 339 SANCTORUM.
2164 313 2234 324 —
2278 283 2407 340 LIB.
2454 284 2494 339 Ι.

3477 291 3582 345 754

111 398 406 469 adjicere.
442 399 675 451 Etcum
706 399 829 452 toto
866 413 1020 470 pene
1057 400 1204 456 orbe
1258 401 1605 472 evangelica
1651 417 1801 474 prae-
1830 407 1876 458 Α
1913 404 2144 460 toribus
2174 406 2464 476 falsitatis,
2497 412 2554 463 et
2592 422 2714 463 non
2754 423 2857 463 eos
2913 407 3116 478 gladio
3168 409 3307 466 ﬁdei
3339 426 3459 466 suae
3486 411 3582 482 ju-

112 488 359 544 celleret
389 486 629 550 veritas,
661 501 783 542 non
809 487 1042 545 deesset
1076 489 1180 546 lux
1200 491 1339 546 fidei
1382 491 1728 548 Christiame
1763 508 1799 548 a

113 576 332 633 notitia
354 575 629 648 gentium
654 575 816 648 (quia
831 576 892 632 in
915 593 1164 635 omnem
1188 584 1406 636 terram
1434 595 1623 646 sonus
1669 581 1800 652 ejus

112 664 298 722 exivit
318 665 1142 738 (Psal.xvm,5),patentibus
1155 668 1285 739 jam
1327 668 1537 724 domui
1587 668 1798 740 David,

112 760 172 813 et
191 753 621 812 habitantibus
647 754 1015 812 Hierusalem
1038 756 1340 814 tinctionis
1380 757 1716 827 gurgitibus
1737 757 1800 814 in

111 844 500 902 ablutionem
512 845 869 916 peccatoris,
885 849 943 902 et
961 851 1348 903 menstruatse
1368 847 1574 916 (Zach.
1591 848 1796 920 xum),

111 933 392 990 maxime
423 933 486 988 in
521 933 776 1000 Oriente,
824 949 948 1006 quo
979 935 1332 1007 mysterium
1367 935 1799 992 incarnationis

114 1023 340 1080 Christi
363 1021 609 1095 speciali
633 1021 846 1078 effectu
868 1023 1327 1095 quodammodo
1348 1030 1663 1098 operatum
1687 1029 1793 1096 est,

112 1112 221 1168 ubi
237 1127 492 1184 quoque
507 1115 566 1167 et
576 1111 672 1167 hic
694 1111 1189 1169 sceleratissimus
1206 1130 1276 1170 ac
1297 1130 1614 1187 perversus
1631 1119 1796 1170 vates

111 1204 484 1257 exortus-et
519 1201 810 1256 enutritus
853 1203 968 1274 est)
1003 1219 1016 1270 ;
1071 1203 1273 1260 nescio
1303 1219 1428 1276 qua
1465 1205 1798 1276 prtereptus

109 1289 380 1358 insania,
418 1289 789 1346 elarentibus
805 1291 938 1362 jam
973 1291 1030 1347 in
1067 1292 1300 1349 mundo
1324 1292 1602 1363 lucernis,
1629 1295 1795 1349 tanto

112 1397 180 1437 se
205 1379 569 1452 perditionis
596 1378 817 1452 laqueo
871 1380 1017 1435 dare
1063 1382 1431 1455 praecipitem
1475 1397 1599 1438 non
1653 1381 1796 1438 exti-

109 1471 293 1539 muit,
320 1474 753 1543 tantarumque
779 1471 1126 1527 animarum
1141 1472 1526 1529 irreverenter
1551 1472 1793 1546 parrici-

107 1562 265 1618 dam
297 1577 362 1618 se
392 1560 521 1617 ﬁeri
546 1577 672 1617 non
702 1561 964 1634 expavit,
1014 1578 1154 1618 cum
1211 1563 1504 1636 scriptum
1534 1564 1608 1620 sit
1659 1580 1672 1619 :
1717 1564 1793 1620 Os

109 1651 278 1724 quod
295 1652 613 1719 mentitur,
642 1651 859 1707 occidit
889 1652 1157 1708 animam
1188 1652 1407 1724 (8019.1,
1432 1653 1539 1726 ll).
1565 1655 1646 1709 De
1667 1668 1792 1726 quo

1913 498 2221 567 gulaverit,
2253 497 2367 552 hoc
2398 497 2450 552 ei
2482 497 2713 552 evenire
2745 497 2911 569 quod
2969 499 3167 554 evenit
3220 499 3403 567 Sauli,
3445 500 3582 572 quis

1911 585 2181 656 ambigat
2211 586 2238 642 ?
2269 588 2386 643 Aut
2414 589 2516 660 qui
2548 587 3020 644 misericordiam
3054 605 3231 646 suam
3279 591 3583 663 putaverit

1911 673 2046 730 siin
2075 674 2282 731 haeresi
2312 675 2807 748 permanentibus
2857 676 3162 743 exhibere,
3215 678 3352 752 quis
3400 683 3580 752 neget

1911 762 2178 820 similiter
2204 780 2241 821 a
2268 780 2454 835 regno
2489 765 2588 821 Dei
2618 765 2876 836 excludi,
2909 766 3062 822 sicut
3117 767 3257 824 Saul
3299 784 3336 824 a
3390 784 3578 839 regno

1907 853 2179 909 humano
2197 854 2488 926 probatur
2513 854 2791 911 exclusus
2811 855 2866 926 (Ι
2885 857 3028 925 Reg.
3053 872 3144 925 xv,
3171 856 3190 910 l
3214 860 3272 912 et
3294 858 3522 930 seqq)?
3547 881 3575 908 ››

1909 941 2021 1006 Qui
2040 957 2202 999 vana
2230 943 2612 999 miseratione
2651 943 2988 999 Amalecitis
3036 960 3313 1017 parcens,
3377 945 3576 1002 subito

1907 1031 2296 1103 semetipsum
2323 1032 2424 1086 Dci
2455 1031 2890 1102 benedictione,
2923 1038 2977 1088 et
3003 1033 3170 1104 regni
3199 1039 3434 1106 sceptro
3461 1035 3577 1108 pri-

1905 1125 2110 1177 vatum
2149 1121 2458 1192 ingemuit.
2490 1127 2551 1176 Et
2578 1123 2627 1177 si
2657 1123 2770 1177 hoc
2800 1123 2869 1176 iis
2901 1122 3004 1196 qui
3032 1124 3573 1180 contradictoribus

1904 1209 2163 1265 veritatis
2183 1225 2307 1265 non
2332 1209 2633 1278 resistunt,
2655 1210 3051 1283 promittitur;
3085 1211 3251 1284 quod
3278 1212 3371 1267 vel
3395 1213 3574 1286 quale

1906 1299 2016 1355 erit
2045 1299 2286 1356 ultionis
2342 1299 2667 1355 discrimen
2714 1299 2784 1355 iis
2815 1299 2916 1372 qui
2965 1299 3260 1370 derogant
3314 1301 3512 1358 electis
3543 1303 3572 1357 ‘?

1904 1387 2048 1461 quia
2074 1403 2197 1444 non
2226 1388 2425 1444 solum
2467 1404 2814 1462 expugnare
2845 1389 3160 1444 haereticos
3213 1389 3448 1462 nolunt,
3480 1408 3573 1447 ve-

1901 1493 2039 1532 rum
2091 1478 2272 1534 etiam
2302 1477 2792 1550 expugnantibus
2834 1477 3329 1534 maledictionum
3385 1481 3572 1536 armis

1905 1567 2154 1622 accincti
2181 1572 2524 1623 occurrunt.

1974 1657 2066 1711 21.
2097 1656 2277 1711 Aiunt
2323 1659 2612 1729 praeterea
2639 1672 2765 1712 non
2813 1656 3033 1714 debere
3059 1673 3196 1714 esse
3250 1662 3569 1731 martyres,

107 1740 260 1798 olim
292 1739 614 1797 Zacharias
653 1741 952 1813 propheta
989 1740 1226 1797 locutus
1273 1747 1381 1809 est,
1429 1742 1638 1799 dicens
1671 1761 1685 1798 :
1718 1744 1790 1798 In
1819 1762 1866 1816 Β
1901 1749 2005 1802 aut
2028 1745 2253 1815 haberi,
2277 1746 2380 1819 qui
2407 1761 2532 1802 non
2553 1745 2841 1803 violenter
2868 1747 3039 1804 tracti
3066 1751 3208 1804 sunt
3231 1748 3311 1804 ad
3343 1755 3570 1822 marty-

106 1832 207 1888 die
253 1831 395 1902 illa,
427 1831 575 1886 dicit
619 1831 910 1886 Dominus
949 1833 1324 1888 exercituum
1365 1848 1386 1888 :
1431 1832 1791 1902 Disperdam

106 1921 365 1976 nomina
386 1920 688 1976 idolorum
728 1920 801 1976 de
834 1926 1020 1983 terra,
1045 1926 1100 1977 et
1149 1937 1270 1977 non
1296 1922 1792 1978 memorabuntur

108 2013 319 2067 ultra:
347 2016 404 2068 et
417 2011 998 2081 pseudoprophetas,
1025 2017 1080 2068 et
1108 2013 1384 2082 Spiritum
1414 2013 1790 2070 immundum

107 2101 395 2170 auferam
416 2100 491 2157 de
510 2106 700 2157 terra.
727 2100 807 2155 Et
827 2101 964 2167 erit,
989 2115 1122 2157 cum
1137 2103 1601 2171 pi‘ophetaverit
1632 2103 1790 2173 quis-

107 2193 284 2262 piam
305 2192 500 2259 ultra,
535 2191 734 2248 dicent
755 2192 810 2247 ei
822 2196 1000 2261 pater
1019 2194 1168 2262 ejus,
1191 2197 1248 2248 et
1267 2198 1460 2249 mater
1488 2195 1638 2263 ejus,
1679 2193 1786 2265 qui

105 2285 455 2352 genuerunt
470 2295 604 2338 eum
637 2296 650 2335 :
676 2280 816 2336 Non
836 2282 1015 2346 vives,
1041 2283 1186 2352 quia
1210 2282 1588 2338 mendacium
1631 2282 1791 2338 locu-

109 2376 204 2426 tus
231 2386 290 2428 es
312 2371 379 2426 in
401 2370 643 2426 nomine
665 2370 925 2426 Domini.
951 2371 1030 2425 Et
1053 2371 1441 2442 confringent
1464 2387 1594 2427 eum
1621 2371 1788 2442 geni-

109 2466 266 2516 tores
289 2463 587 2530 ejus,cum
601 2459 1058 2529 prophetaverit
1071 2459 1789 2532 (Zach.xxu,2,3).ldcirco

106 2549 247 2605 huic
268 2547 512 2622 perdito
535 2551 718 2621 atque
741 2547 1138 2621 spurcissimo
1159 2547 1278 2604 vati
1299 2548 1788 2617 resistere,virtus

105 2642 324 2694 mactae
356 2652 600 2694 coronae
631 2641 763 2703 est;
816 2652 1249 2710 summumque
1297 2641 1596 2710 tropaeum
1641 2637 1789 2694 tanti

105 2727 394 2784 derisoris
427 2726 657 2782 cultum
700 2731 1004 2782 evertere:
1034 2726 1187 2782 adeo
1242 2731 1305 2783 ut
1352 2727 1400 2782 si
1432 2726 1603 2783 illum
1646 2731 1789 2784 aetas

101 2821 316 2875 nostra
347 2815 729 2891 superstitem
767 2815 1038 2887 haberet,
1095 2833 1487 2890 nequaquam
1537 2815 1616 2873 ab
1654 2817 1786 2888 ejus

104 2907 524 2963 essetinteritu
548 2904 931 2962 Christocolis
952 2904 1342 2962 resiliendum
1367 2921 1382 2970 ;
1411 2909 1640 2979 quanto
1662 2921 1788 2962 ma-

105 2997 191 3068 gis
223 3012 356 3053 non
390 2995 467 3052 sit
496 2995 752 3068 dignum
781 2995 911 3067 ejus
939 2994 1116 3051 hodie
1138 2994 1366 3065 dogma
1403 3011 1785 3052 venenosum

103 3083 818 3156 infringere,meledicere
842 3083 1380 3147 sectam,detestari
1401 3084 1780 3151 sententiam,
1811 3121 1855 3177 ο

103 3177 208 3249 qui
236 3180 424 3232 tantae
455 3173 855 3231 multitudinis
881 3173 1282 3247 perditionem
1331 3173 1645 3244 inducens,
1677 3190 1782 3246 pe-

103 3265 273 3322 renni
319 3280 460 3321 eam
487 3263 782 3319 dedicarit
829 3263 1116 3319 barathro
1135 3263 1162 3318 ?
1194 3266 1483 3334 Foretque
1515 3267 1604 3329 (ut
1629 3262 1784 3333 reor)

104 3358 244 3411 tunc
275 3353 499 3411 melius
530 3351 970 3426 paenitudinem
1002 3352 1181 3407 unius
1213 3351 1396 3407 occisi
1429 3350 1785 3406 homunculi

105 3459 334 3515 gerere,
373 3458 564 3516 quam
598 3445 683 3498 tot
710 3441 1026 3498 nationum
1057 3441 1224 3497 luere
1251 3440 1580 3513 perniciem
1606 3456 1619 3495 :
1644 3454 1785 3496 con-

104 3549 250 3606 grue
305 3532 593 3589 universo
653 3531 818 3603 gregi
875 3530 1319 3587 consulendum
1398 3529 1781 3600 arbitrantes,

102 3623 253 3680 dum
280 3621 464 3678 unius
485 3619 733 3694 pecudis
755 3635 786 3676 e
809 3619 1010 3677 medio
1034 3619 1234 3676 conati
1261 3619 1512 3675 fuissent
1528 3617 1784 3675 avellere

103 3711 482 3782 contagium.
519 3709 823 3776 Quoniam
870 3708 1396 3782 quemadmodum
1427 3708 1554 3763 sine
1605 3707 1786 3780 culpa

101 3819 229 3859 non
259 3806 352 3858 est
383 3799 742 3856 maledicere
768 3799 983 3870 justos,
1022 3798 1155 3870 pios
1186 3797 1488 3870 persequi,
1520 3795 1783 3853 adversi-

101 3899 293 3951 tatem
323 3907 543 3966 parare
576 3890 775 3946 electis
801 3908 814 3958 ;
845 3889 927 3946 ita
955 3889 1166 3959 magni
1204 3889 1397 3946 meriti
1425 3905 1558 3944 esse
1603 3887 1782 3944 credo

103 3985 456 4041 subvertere
511 3981 751 4054 impios,
809 3980 1084 4037 Ecclesiae
1134 3980 1410 4036 hostibus
1463 3981 1780 4049 contraire,

102 4075 334 4132 bellum
368 4089 584 4148 parare
606 4071 953 4138 incredulis,
982 4075 1039 4128 et
1069 4071 1302 4127 framea
1316 4070 1484 4127 verbi
1516 4071 1614 4127 Dei
1637 4087 1782 4127 con-

103 4164 303 4222 cidere
328 4161 714 4218 adversarios
743 4160 906 4228 fidei,
933 4165 1018 4229 ut,
1047 4160 1384 4216 secundum
1405 4159 1783 4216 Psalmistam

106 4255 295 4326 (Psal.
327 4255 730 4321 cxxxvni,22),
763 4253 972 4306 contra
1003 4249 1121 4303 Deo
1150 4247 1487 4304 invidentes
1519 4247 1782 4320 perfecto

106 4343 322 4400 armati
351 4341 494 4398 odio
520 4345 929 4412 exsurgentes,
958 4353 1080 4394 non
1107 4354 1386 4394 curemus
1412 4338 1486 4393 de
1531 4336 1782 4393 inimici-

103 4435 186 4491 tia
212 4449 446 4502 eorum,
471 4431 696 4505 quibus
727 4435 814 4487 est
844 4428 1355 4501 amicaimpietas.
1394 4430 1597 4501 Neque
1621 4427 1780 4484 enim

108 4525 236 4580 sine
269 4521 453 4594 culpa
494 4521 721 4594 patitur
749 4519 878 4575 fieri
920 4522 1160 4574 Patrum
1191 4517 1465 4574 doctrina
1512 4533 1639 4580 eos,
1679 4516 1784 4590 qui

106 4611 395 4686 improbo
426 4609 663 4666 silentio
702 4625 847 4681 erga
877 4608 1169 4679 dogmata
1213 4612 1448 4680 torpent
1474 4607 1783 4663 haeretico-

108 4719 270 4772 rum,
303 4705 360 4756 et
401 4715 433 4755 e
486 4699 732 4770 regione
761 4697 1039 4754 hostibus
1094 4695 1235 4752 ﬁdei
1264 4711 1388 4752 non
1441 4699 1785 4763 occurrunt,
1835 4689 1842 4692 ’

111 4797 214 4849 aut
229 4789 357 4846 zelo
381 4787 678 4844 Creatoris
701 4786 1034 4843 vindictam
1059 4786 1119 4840 in
1142 4785 1455 4841 haereticos
1482 4801 1605 4841 non
1626 4799 1786 4840 exer-

112 4884 267 4937 cent.
303 4877 482 4944 Quod
513 4877 669 4932 bene
723 4875 1072 4932 Arnobiusb
1099 4873 1318 4942 rhetor,
1359 4875 1508 4930 dum
1539 4873 1786 4930 centesi-

113 4985 286 5028 mum
311 4967 683 5024 tricesimum
703 4981 934 5022 nonum
956 4963 1264 5037 psalmum
1279 4964 1786 5037 interpretaretur,

113 5058 256 5116 dicit
283 5075 296 5114 :
329 5078 359 5107 ‹‹
390 5056 501 5124 Qui
532 5053 866 5130 pepercerit
893 5053 1329 5117 haeresiarcliis,
1363 5058 1468 5111 aut
1498 5052 1789 5126 praedica-

184 5217 210 5245 ι
239 5205 430 5260 Nemo
460 5201 654 5256 nescit
673 5199 1078 5256 Mahometum
1131 5197 1194 5254 in
1222 5197 1401 5254 Felici
1441 5195 1665 5254 Arabia
1695 5209 1792 5266 ge-

117 5277 336 5334 nitum.
370 5275 596 5330 MORAL.

185 5349 215 5388 δ
243 5347 419 5401 Hunc
451 5341 794 5399 Arnobium
831 5339 1020 5397 alium
1050 5356 1180 5396 esse
1219 5340 1298 5396 ab
1338 5356 1410 5396 eo
1451 5339 1552 5412 qui
1594 5337 1796 5412 ﬂoruit

122 5425 391 5491 tempore
416 5413 786 5491 Diocletiani,
810 5416 970 5468 recte
1013 5412 1436 5491 animadvertit
1469 5411 1664 5491 Sixtus
1701 5411 1794 5465 Se-

123 5481 346 5554 nensis,
387 5502 575 5560 quem
620 5484 800 5560 h‘odie
841 5489 1178 5560 sequuntur
1218 5483 1458 5560 eruditi,
1502 5481 1797 5560 adversus

124 5553 538 5636 Trithemi'um,
559 5561 618 5612 et
631 5553 972 5636 Erasmuni,
1001 5555 1222 5636 quibus
1245 5553 1601 5636 astipulatur
1653 5554 1798 5633 Laut

127 5634 350 5688 rentius
399 5631 475 5686 de
524 5629 585 5684 la
631 5631 826 5694 Barre,
873 5624 1282 5682 existimantes
1327 5624 1655 5681 Xrnobiuin
1695 5625 1802 5694 qui

131 5703 401 5760 Psalmos
423 5702 874 5757 commentatus
896 5703 1005 5763 est,
1026 5714 1163 5754 eum
1187 5714 1316 5754 esse
1335 5697 1508 5768 cujus
1531 5693 1804 5768 meminit

135 5776 536 5850 Hieronymus
557 5771 622 5828 in
642 5769 796 5828 libro
829 5769 906 5828 de
942 5767 1341 5844 Scriptoribus
1362 5765 1800 5834 ecclesiasticis,

1899 1835 2078 1899 rium,
2121 1835 2228 1891 sed
2257 1839 2469 1908 sponte
2497 1851 2608 1891 sua
2636 1835 2966 1907 venientes,
2994 1836 3087 1891 his
3113 1837 3457 1894 convicium
3485 1838 3573 1894 in-

1899 1924 2179 1991 tulerunt,
2211 1925 2316 1996 qui
2345 1939 2448 1980 eos
2472 1924 2535 1979 in
2565 1923 2732 1980 nullo
2757 1924 3033 1981 molestia
3061 1924 3385 1982 affecerint.
3427 1926 3568 1986 Nul-

1900 2015 2021 2071 lam
2049 2015 2368 2087 opinantes
2397 2029 2525 2070 esse
2555 2013 2895 2071 molestiam
2937 2014 3313 2087 diruptiones
3362 2015 3568 2072 basili-

1899 2120 2128 2173 carum,
2162 2104 2492 2177 opprohria
2522 2103 2924 2170 sacerdotum,
2959 2108 3016 2160 et
3045 2104 3212 2178 quod
3241 2104 3351 2176 (ll)
3391 2105 3566 2162 luna-

1900 2195 2039 2251 riter
2068 2194 2357 2251 solvimus
2387 2210 2528 2250 cum
2554 2193 2722 2266 gravi
2751 2209 3007 2251 maerore
3037 2194 3330 2251 tributum
3365 2213 3378 2250 :
3413 2195 3566 2252 adeo

1898 2288 1964 2341 ut
2014 2283 2410 2356 expedibilius
2471 2283 2648 2339 nobis
2701 2282 2775 2339 sit
2845 2283 3280 2356 compendium
3333 2284 3564 2355 mortis,

1897 2389 2085 2446 quam
2109 2373 2513 2444 egentissimm
2542 2372 2678 2429 vitse
2707 2371 3083 2429 laboriosum
3123 2372 3470 2429 discrimen.
3508 2373 3565 2430 Si

1899 2479 2041 2533 ergo
2073 2478 2328 2519 exosum
2360 2464 2480 2519 Deo
2506 2466 2595 2518 est
2639 2461 2996 2518 maledicere
3054 2461 3299 2519 diabolo
3349 2467 3406 2519 et
3435 2463 3566 2534 ejus

1898 2553 2208 2620 ministro;
2254 2552 2474 2608 frustra
2504 2552 2710 2625 utique
2767 2551 3028 2608 Ecclesia
3071 2556 3281 2608 contra
3318 2568 3566 2608 omnem

1897 2641 2267 2698 diabolicum
2317 2641 2627 2697 incursum
2656 2639 2838 2696 utitur
2867 2641 3239 2696 exorcismis.
3300 2645 3389 2696 An
3420 2641 3567 2713 quia.

1897 2730 2244 2786 domesticis
2267 2729 2409 2785 fidei
2439 2729 2797 2785 maledicere
2827 2728 3151 2785 inhibitum
3171 2733 3280 2799 est,
3299 2729 3565 2785 nullum-

1896 2837 2015 2894 que
2045 2824 2280 2894 oportet
2335 2818 2782 2893 pusillanimem
2823 2818 2899 2875 de
2955 2818 3243 2874 membris
3290 2818 3565 2874 Ecclesiae

1898 2909 2336 2978 scandalizare;
2378 2908 2602 2964 idcirco
2631 2907 2936 2980 hospitem
2963 2907 3212 2980 diaboli,
3243 2911 3302 2964 et
3327 2907 3564 2964 habita-

1896 3000 2102 3056 culum
2133 3001 2367 3056 Satante
2396 3013 2520 3054 non
2550 3013 2795 3054 necesse
2826 3002 2914 3054 est
2943 2997 3331 3066 maledicere;
3365 3002 3422 3054 et
3457 2998 3563 3054 ubi

1895 3094 1987 3145 est
2033 3088 2199 3161 quod
2252 3087 2541 3158 scriptum
2590 3090 2679 3142 est
2707 3085 2872 3156 (Tob.
2904 3101 3026 3153 xm,
3061 3086 3562 3157 16)°:Maledicti

1894 3193 2114 3246 omnes,
2140 3177 2244 3249 qui
2270 3181 2565 3244 spernunt
2593 3181 2668 3244 te,
2699 3174 3102 3242 Hierusalem,
3145 3179 3200 3230 et
3231 3189 3431 3229 omnes
3459 3175 3568 3245 qui

1897 3266 2314 3336 blasphemant
2349 3270 2436 3331 te;
2470 3264 2778 3319 maledicti
2815 3277 3014 3318 omnes
3045 3263 3153 3333 qui
3178 3261 3436 3318 oderunt
3486 3267 3563 3330 te,

1894 3362 1950 3414 et
1974 3371 2172 3412 omnes
2198 3355 2303 3425 qui
2322 3354 2608 3410 dixerunt
2668 3353 2730 3407 in
2778 3357 2834 3407 te
2882 3357 3123 3407 verbum
3150 3352 3394 3420 durum,
3424 3354 3559 3418 etc.,

1892 3440 2061 3513 quod
2092 3439 2322 3495 dictum
2347 3454 2481 3494 esse
2524 3453 2637 3510 pro
2669 3435 2928 3492 Ecclesia
2956 3435 3158 3491 nullus
3186 3435 3458 3505 ambigit.
3496 3438 3560 3491 Et

1892 3529 2028 3602 quis
2066 3529 2219 3585 inter
2241 3531 2489 3583 cunctos
2516 3530 2927 3599 persecutores
2956 3523 3226 3580 ﬁdelium
3262 3523 3564 3579 cruentius

1892 3633 2083 3691 quam
2163 3616 2260 3673 hic
2336 3615 2624 3672 infandus
2677 3614 3000 3670 Ecclesiam
3052 3614 3358 3670 insecutus
3418 3614 3564 3669 est?

1893 3707 2037 3773 Quis
2091 3710 2256 3763 tanta
2306 3705 2368 3760 in
2414 3704 2719 3760 eversione
2796 3703 3250 3771 catholicorum,
3329 3705 3563 3773 quanta

1890 3798 2054 3854 idem
2079 3794 2780 3867 exaggeravitinfaustus
2804 3795 2831 3849 ?
2863 3792 3016 3858 Quia
3058 3795 3144 3863 (ut
3177 3792 3259 3848 ita
3283 3791 3558 3861 dixerim)

1891 3902 2071 3943 nemo
2104 3892 2379 3942 nostrum
2411 3885 2562 3940 inter
2591 3881 2694 3939 eos
2725 3898 2974 3938 securus
2998 3880 3350 3950 ingreditur,
3380 3894 3562 3934 nemo

1891 3976 2130 4049 quietus
2157 3977 2450 4047 permeat,
2486 3987 2664 4028 nemo
2699 3975 2937 4042 septum
2967 3985 3178 4026 eorum
3209 3967 3325 4023 nisi
3381 3967 3564 4023 deho-

1889 4068 2160 4121 nestatus
2182 4061 2520 4136 pertransit.
2549 4060 2777 4116 Etenim
2804 4075 2939 4114 cum
2969 4074 3083 4114 nos
3113 4056 3432 4128 cujuslibet
3477 4055 3562 4112 rei

1892 4153 2202 4210 familiaris
2249 4151 2573 4209 necessitas
2602 4151 2685 4206 ire
2742 4149 2804 4204 in
2833 4148 3149 4222 publicum
3189 4146 3468 4216 coegerit,
3505 4149 3564 4201 et

1891 4244 2151 4300 instante
2181 4241 2514 4297 domestica
2543 4240 2893 4296 necessitate
2945 4254 3018 4294 ex
3067 4236 3293 4307 angulo
3342 4233 3564 4305 tugurii

1891 4332 2082 4388 nostri
2109 4330 2170 4386 in
2199 4330 2396 4385 forum
2429 4328 2701 4401 prosilire
2727 4327 3059 4397 contigerit,
3084 4341 3228 4381 mox
3255 4324 3446 4398 ut(l2)
3469 4321 3565 4378 sti-

1897 4426 2102 4493 gmata
2129 4421 2192 4477 in
2217 4421 2393 4478 nobis
2423 4418 2652 4476 ordinis
2685 4417 2839 4474 sacri
2897 4417 3235 4483 advertunt,
3269 4413 3564 4470 acclama-

1897 4514 2055 4570 tione
2070 4511 2385 4569 derisionis
2407 4514 2473 4566 ut
2490 4513 2758 4566 amentes
2781 4512 2838 4565 et
2852 4507 3050 4564 fatuos
3072 4506 3394 4579 impetunt,
3412 4519 3563 4576 prae-

1897 4607 1984 4660 ter
2010 4602 2113 4658 illa
2141 4617 2469 4674 puerorum
2495 4597 2848 4671 quotidiana
2874 4595 3156 4665 ludibria,
3184 4593 3407 4666 quibus
3437 4607 3562 4647 non

1896 4691 2037 4748 satis
2063 4695 2152 4746 est
2180 4691 2394 4745 inferre
2423 4688 2645 4757 linguae
2676 4685 3026 4751 convitium,
3055 4684 3256 4754 turpia
3306 4693 3562 4747 exagge-

1895 4797 2028 4837 rare
2050 4779 2498 4843 scurrilitatum,
2525 4773 2918 4830 verumetiam
2939 4778 3106 4841 tergo
3125 4785 3236 4824 nos
3254 4765 3562 4839 lapidibus

1896 4869 2171 4926 insectari
2202 4883 2324 4924 non
2343 4865 2644 4921 desinunt.
2667 4862 2818 4928 Quid
2841 4861 2989 4915 illud
3019 4872 3371 4923 memorem,
3393 4853 3562 4926 quod

1896 4961 1959 5016 in
1986 4957 2416 5016 contumeliam
2455 4954 2610 5024 signi
2643 4949 3000 5008 venerabilis
3029 4946 3362 5021 proferunt,
3394 4942 3563 5016 quod

1899 5066 2039 5106 cum
2092 5049 2239 5106 forte
2288 5047 2638 5118 competens
2671 5047 2908 5112 tempus
2963 5034 3258 5112 psallendi
3318 5033 3563 5105 signum

1900 5207 2033 5256 cap.
2066 5195 2155 5249 79.
2185 5190 2301 5249 Sed
2331 5185 2664 5245 Arnobium
2693 5182 3039 5256 Hieronymi
3065 5182 3185 5239 fere
3201 5178 3444 5237 duobus
3459 5193 3564 5256 sa;-

1901 5209 1970 5252 ca
2021 5234 2033 5248 .
2066 5207 2155 5249 79.
2185 5207 2301 5249 Sea
2331 5207 2664 5245 Arnomum
2693 5207 3039 5256 nwruuyml
3065 5207 3185 5239 iere
3201 5207 3444 5237 uuuuus
3459 5207 3564 5232 acu-

1901 5207 2049 5322 culis
2082 5262 2334 5319 alterum
2359 5257 2743 5332 praecessisse
2772 5271 2985 5332 omnes
3015 5257 3270 5320 norunt;
3303 5265 3441 5330 cum
3467 5246 3565 5302 hic

1903 5337 2062 5393 circa
2110 5349 2340 5390 annum
2359 5328 3057 5454 quadringentesimum
3098 5328 3566 5406 sexagesimum

1905 5407 2229 5454 gnrinsm'il-
2260 5407 2393 5454 orta
2421 5416 2546 5454 iam
2575 5404 2631 5454 et
2699 5404 2947 5454 amnata
2983 5395 3303 5451 Euticbetis
3331 5391 3564 5454 haerest,

1905 5391 2230 5479 scripserit,
2260 5391 2631 5479 ortafjam‘et
2655 5391 2947 5479 damnata
2973 5391 3303 5479 ‘Euticbetis
3331 5391 3564 5457 haeresi,

1907 5468 2102 5534 senior
2134 5468 2275 5532 vero
2295 5468 2601 5529 desinente
2628 5469 2848 5526 saeculo
2881 5468 3068 5524 tertio.

1979 5532 2164 5622 t3llaec
2193 5546 2402 5622 ⁸Τοὺὶίεξ
2439 5542 2805 5622 νρψειηειιιδδ
2839 5535 3154 5622 {rustra‘in
3180 5532 3569 5622 Vulgata}?

1909 5601 2158 5694 quires,
2193 5601 2447 5694 leges_in
2481 5601 2792 5694 _l3revizu‘io
2846 5607 3232 5694 ltipzarabico,
3262 5601 3572 5694 iriAVigillja

1915 5672 2209 5773 Ιῖρἰἱιξιιιιίζ
2239 5672 3029 5773 ad.Canticninbnaudibus,
3041 5685 3273 5773 Βιριιὲ
3301 5679 3390 5737 8‘2,
3427 5672 3569 5734 edit.

1912 5753 2138 5822 noviss.
2171 5758 2392 5818 Cantic.
2428 5774 2522 5818 LII.
2557 5755 2699 5811 Vide
2733 5753 2928 5824 Schol.
2956 5753 3014 5808 in
3041 5755 3166 5808 not.
3194 5754 3283 5807 2t.
