3960 6378
364 245 468 297 755

363 361 644 419 ﬁdelibus
675 362 818 418 dare
847 362 1218 434 compulerit,
1256 367 1313 418 et
1341 364 1662 418 imminens
1709 361 1859 416 hora
1913 359 2018 414 ob-

369 453 716 510 secrationis
773 454 1061 509 indicium
1110 455 1350 526 populis
1417 457 1609 509 facere
1659 454 2018 507 consuetum

369 541 728 617 poposcerit,
761 557 900 598 mox
933 545 998 597 ut
1023 541 1287 598 illectum
1312 537 2022 615 superstitiouemendaci

377 631 588 702 vulgus
613 630 954 700 clangorem
986 631 1286 688 tinnientis
1329 631 1549 688 metalli
1585 646 1726 686 aure
1754 634 2024 702 captave-

375 721 467 788 rit,
499 720 560 777 in
611 735 856 778 omnem
886 720 1370 777 maledictionem
1423 727 1476 776 et
1536 720 1879 793 spurcitiam
1917 717 2024 772 lin-

377 825 562 882 guam
584 809 907 867 admovere
953 825 1076 866 non
1115 810 1328 866 differt.
1361 813 1512 880 Ergo
1543 825 1664 866 non
1697 810 2028 875 incongrue

377 900 834 968 maledicuntur,
853 900 959 973 qui
976 903 1140 956 tanto
1161 901 1300 956 odio
1341 901 1630 956 adversus
1671 899 1770 955 Dei
1809 902 2029 953 sortem

377 988 738 1063 sequipedas
755 1004 897 1043 suos
914 988 1258 1044 informant.
1281 991 1446 1060 Saepe
1468 990 1545 1044 ab
1563 990 1644 1043 eis
1661 993 1713 1043 et
1731 988 2030 1042 incessan-

377 1084 465 1138 ter
479 1077 943 1144 calumniamur,
967 1093 1277 1150 causaque
1293 1077 1594 1147 religionis
1627 1093 1836 1132 eorum
1873 1074 2036 1130 saevi-

379 1169 528 1226 tiam
547 1168 772 1240 ubique
792 1155 1180 1241 perpetimur,
1210 1167 1374 1224 Adeo
1403 1172 1468 1224 ut
1490 1167 1660 1223 multi
1679 1183 1752 1223 ex
1772 1165 1856 1220 cis
1877 1168 2040 1221 tactu

381 1259 878 1316 indumentorum
921 1274 1170 1314 suorum
1205 1274 1318 1314 nos
1367 1257 1646 1325 indignos
1688 1257 2039 1327 dijudicent,

379 1348 782 1422 propriusque
805 1347 1334 1404 sibimetaccedere
1352 1352 1747 1404 exsecrentur.
1763 1349 2040 1414 Magnam

384 1439 605 1496 scilicet
625 1437 1176 1511 coinquinationem
1197 1438 1624 1502 existimantes,
1674 1436 1804 1492 siin
1837 1436 2042 1507 aliquo

385 1543 588 1584 rerum
610 1543 859 1583 suarum
883 1527 1347 1584 admisceamur.
1381 1528 1531 1582 Cum
1579 1527 1781 1598 utique
1826 1524 2040 1580 milites

387 1617 490 1672 Dei
528 1616 839 1672 veritatem
882 1633 1088 1673 coram
1126 1616 1208 1673 eis
1257 1616 1453 1684 magis
1502 1615 1760 1671 confessi
1802 1613 2038 1679 fuerint,

386 1721 576 1779 quam
602 1705 920 1763 maledicta
941 1705 1270 1776 iniecerint,
1291 1703 1416 1760 veri
1454 1703 1720 1773 magistri
1743 1706 2044 1775 praecepta

385 1799 714 1864 servantes,
751 1794 974 1868 quibus
1009 1793 1152 1850 olim
1222 1793 1545 1866 discipulos
1591 1791 2040 1860 informaverat,

386 1883 594 1940 dicens
646 1885 854 1955 (Marc.
893 1899 1017 1953 Vlll,
1045 1883 1178 1951 38)ﬂ
1220 1900 1232 1939 :
1269 1883 1384 1949 Qui
1415 1883 1569 1938 enim
1611 1898 1702 1937 me
1740 1884 2043 1950 confessus

381 1973 589 2046 fuerit,
609 1979 661 2028 et
683 1972 862 2029 verba
889 1987 1019 2028 mea
1050 1973 1110 2027 in
1140 1973 1522 2043 generatione
1544 1973 1658 2026 ista
1677 1971 1961 2026 adultera
1986 1975 2040 2025 et

386 2063 902 2136 peccatrice,hunc
923 2069 978 2118 et
998 2063 1191 2118 Filius
1214 2063 1468 2118 hominis
1486 2062 1884 2130 conﬁtebitur,
1907 2075 2043 2115 cum

388 2155 614 2212 venerit
654 2154 716 2208 in
744 2153 944 2224 gloria
961 2152 1164 2207 Patris
1193 2153 1308 2221 sui,
1331 2158 1388 2208 et
1420 2158 1764 2208 sanctorum
1805 2150 2045 2219 angelo-

387 2261 544 2302 rum.
574 2242 717 2310 Quis
735 2241 830 2300 ille
853 2245 976 2298 tam
996 2256 1204 2296 vecors
1227 2245 1334 2304 est,
1359 2241 1464 2314 qui
1483 2239 1767 2296 laudibus
1800 2239 2046 2308 deroget

385 2335 704 2392 beatorum
723 2330 1098 2389 obviantium
1115 2345 1225 2402 pro
1241 2329 1587 2386 defensione
1599 2328 1841 2400 justitiae
1863 2327 2047 2383 culto-

387 2423 555 2482 ribus
569 2420 892 2494 tmpietatis
912 2420 938 2474 ‘I
968 2418 1203 2475 Dictum
1229 2434 1374 2474 sane
1403 2417 1594 2474 fuerat
1616 2417 1700 2472 eis
1723 2418 1907 2472 :Ecce
1941 2432 2045 2486 ego

389 2515 558 2572 mitto
584 2527 684 2570 vos
704 2512 856 2567 sicut
881 2525 1011 2566 oves
1035 2511 1096 2565 in
1140 2509 1330 2564 medio
1353 2509 1632 2577 luporum
1660 2524 1672 2561 :
1699 2513 1878 2563 estote
1906 2522 2046 2576 ergo

384 2603 712 2676 prudentes
729 2601 882 2656 sicut
897 2602 1220 2668 serpentes,
1244 2602 1298 2652 et
1329 2597 1625 2666 simplices
1644 2597 1798 2651 sicut
1826 2596 2050 2652 colum-

393 2692 482 2749 bae
501 2689 806 2762 (Matth.x,
829 2687 935 2754 l6).
959 2685 1142 2757 Cujus
1165 2684 1446 2758 praecepti
1465 2701 1710 2739 sensum
1737 2685 1897 2739 hunc
1919 2700 2047 2739 esse

394 2779 651 2837 arbitror
666 2775 834 2850 quod
854 2774 1118 2831 immista
1133 2773 1411 2844 gentibus
1428 2779 1668 2830 caterva
1679 2773 1860 2840 ﬁdeli,
1875 2773 2050 2845 quasi

393 2865 734 2926 innocentia
761 2863 1007 2938 praedita
1024 2863 1249 2930 ovium,
1270 2862 1688 2919 truculentiam
1707 2859 1858 2919 fer’re
1880 2877 2050 2931 coge-

393 2960 557 3015 retur
573 2955 879 3028 luporum.
902 2954 985 3009 Ac
1007 2969 1080 3008 ne
1098 2951 1362 3023 segnitiei
1382 2951 1562 3008 dediti
1586 2951 1818 3007 facilius
1849 2966 2052 3006 versu-

1565 241 1619 294 S.
1665 235 1941 294 EULOGII
1978 233 2300 292 ARCHIEP.
2345 239 2587 296 TOLET.

2085 1671 2122 1724 Β

395 3047 488 3105 tiis
522 3044 982 3101 succumberent
1036 3042 1281 3110 inimici,
1332 3057 1594 3110 congrue
1637 3040 1922 3096 divinitus
1952 3040 2054 3096 ad-
2084 3039 2124 3093 (ἶ

395 3140 733 3204 monentur,
747 3136 1019 3191 utessent
1033 3149 1172 3188 cum
1189 3131 1547 3189 adversariis
1560 3131 1695 3187 tidei
1712 3135 2055 3204 Opportuna

396 3241 634 3300 semper
659 3223 894 3283 cautela
923 3222 1184 3291 subnixi,
1209 3225 1266 3278 et
1281 3227 1488 3278 contra
1514 3221 1764 3276 astutias
1790 3219 2055 3275 hostium

395 3315 573 3374 erecti
593 3314 816 3386 ubique
844 3316 902 3369 et
925 3311 1177 3384 providi.
1204 3315 1282 3367 Ne
1311 3327 1512 3384 pravae
1543 3310 1828 3366 doctrinas
1858 3309 2054 3364 verbis

395 3404 575 3462 illecti
628 3403 903 3476 protinus
957 3404 1484 3472 corrumperentur
1541 3416 1756 3455 sensus
1823 3415 2055 3469 eorum,

399 3497 458 3551 et
484 3491 860 3550 discederent
915 3489 995 3546 ab
1041 3489 1337 3560 aequitate.
1399 3491 1578 3544 Porro
1631 3490 1812 3544 etiam
1871 3487 2059 3544 Chris-

401 3583 544 3642 tiani
570 3583 974 3640 admonentur
1005 3595 1018 3634 :
1049 3579 1460 3635 Confratribus
1487 3581 1695 3635 vestris
1729 3586 1786 3634 et
1813 3579 2057 3633 domes-

402 3673 533 3730 ticis
561 3670 702 3727 ﬁdei
729 3669 1001 3726 exhibete
1035 3667 1454 3740 vosmetipsos,
1489 3674 1552 3723 ut
1595 3669 1703 3724 Dei
1758 3669 2059 3723 ministros

401 3766 468 3822 in
487 3765 681 3821 multa
705 3762 1025 3834 patientia,
1057 3761 1117 3816 in
1163 3760 1640 3830 longanimitate,
1674 3761 1736 3814 in
1793 3759 2059 3828 benigni-

407 3861 549 3922 tate,
573 3855 637 3910 in
685 3853 923 3923 Spiritu
952 3857 1180 3918 sancto,
1225 3853 1288 3905 in
1329 3849 1630 3906 charitate
1657 3864 1776 3904 non
1806 3851 1969 3916 ﬁcta,
1999 3849 2061 3903 in

406 3944 583 4002 verba
609 3943 901 4008 veritatis,
935 3943 997 3996 in
1029 3941 1251 3998 virtute
1289 3940 1400 3996 Dei
1430 3955 1443 3994 :
1468 3954 1582 4008 per
1609 3953 1784 3994 arma
1804 3939 2063 4007 justitia’

405 4048 446 4092 α
473 4033 701 4090 dextris
731 4038 785 4088 et
815 4031 1096 4098 sinistris,
1115 4046 1228 4100 per
1247 4030 1504 4100 gloriam
1528 4034 1583 4084 et
1607 4028 2061 4098 ignobilitatem,

401 4135 518 4192 per
544 4121 862 4190 infamiam
893 4125 946 4175 et
973 4119 1185 4175 bonam
1229 4119 1460 4186 famam
1493 4134 1505 4171 ε
1554 4124 1614 4172 ut
1641 4118 1977 4173 seductores
2009 4121 2065 4173 et

409 4222 647 4268 veraces
676 4223 697 4264 .·
717 4209 870 4264 sicut
912 4207 1181 4278 ignorati
1221 4213 1276 4262 et
1305 4207 1530 4277 cogniti
1555 4223 1577 4263 .·
1605 4213 1892 4277 tanquam
1946 4222 2065 4262 mo-

411 4299 650 4368 rientes,
679 4303 735 4354 et
763 4311 892 4352 ecce
939 4297 1188 4352 vivimus
1227 4295 1318 4367 (II
1343 4296 1479 4352 Cor.
1511 4312 1586 4360 vr,
1613 4299 1646 4352 4
1679 4301 1735 4352 et
1765 4298 1956 4368 seqq.)
2002 4298 2068 4350 Et

3689 243 3796 296 750

2128 377 2386 431 quorum
2447 363 2804 432 constantia,
2863 363 3258 434 simplicitate,
3313 369 3370 420 et
3417 364 3793 433 fortitudine,

2131 453 2506 524 discretione,
2533 469 2590 510 et
2615 455 2934 528 prudentia
2956 455 3244 510 Eusebius
3269 456 3650 512 (laesariensis
3677 457 3802 527 epi-

2133 557 2352 613 scopus
2381 559 2581 598 rerum
2616 543 3155 600 ecclesiasticarum
3191 543 3502 600 historiam
3557 548 3791 612 texens,

2136 632 2217 687 ait
2251 651 2263 686 :
2299 657 2326 682 «
2358 637 2534 690 Erant
2583 651 2726 703 ergo
2779 639 3075 706 martyres
3131 635 3343 691 Christi
3391 634 3544 691 inter
3579 634 3796 691 fratres

2135 721 2410 786 humiles,
2433 725 2584 779 inter
2604 727 3016 796 persecutores
3041 723 3197 786 elati,
3223 724 3348 779 suis
3373 725 3566 793 mites,
3592 724 3802 780 adver-

2138 811 2307 866 sariis
2335 812 2643 877 terribiles,
2672 813 2900 870 Christo
2945 811 3218 883 subjecti,
3253 813 3500 870 diabolo
3531 814 3732 869 erecti.
3771 835 3799 864 ιι

2141 900 2256 957 Sed
2284 905 2340 956 et
2368 901 2662 956 Arnobius
2688 902 2783 972 (de
2812 918 2934 974 quo
2962 918 3145 974 supra
3169 903 3664 971 memoravimus)
3686 902 3792 958 ali-

2141 991 2286 1064 quid
2315 992 2449 1046 huic
2472 991 2662 1047 simile
2683 992 2738 1047 in
2752 992 2964 1047 eodem
2987 992 3222 1064 psalmo
3238 993 3541 1060 disseruit,
3560 993 3801 1049 dicens:

2146 1104 2173 1142 ει
2207 1086 2326 1150 Age
2354 1097 2515 1148 ergo,
2541 1087 2598 1137 et
2629 1098 2767 1138 cum
2792 1082 3208 1155 pugnantibus
3243 1098 3487 1155 pugna;
3517 1088 3576 1139 et
3601 1083 3651 1138 si
3703 1098 3812 1139 au-

2146 1170 2354 1226 xilium
2383 1171 2662 1243 poposcis
2683 1187 2720 1226 a
2751 1185 2913 1240 rege,
2962 1177 3402 1242 repugnantem
3449 1175 3506 1228 te
3531 1171 3805 1228 ostende.

2151 1261 2389 1325 Linguae
2411 1265 2620 1316 contra
2653 1265 2704 1317 te
2740 1265 3033 1333 pugnant,
3064 1277 3225 1333 quas
3262 1265 3487 1316 acuunt
3528 1261 3808 1327 haeretici,

2151 1350 2300 1406 sicut
2321 1355 2626 1421 serpentes
2651 1368 2664 1418 ;
2698 1350 2790 1406 his
2807 1357 2863 1406 et
2881 1355 2940 1406 tu
2961 1355 3092 1406 esto
3113 1350 3264 1406 sicut
3289 1366 3537 1423 serpens
3552 1355 3810 1416 astutus,

2150 1445 2207 1495 et
2227 1443 2279 1495 te
2309 1439 2643 1511 simplicem
2675 1444 2738 1496 ut
2779 1439 3127 1496 columbam
3155 1455 3287 1495 esse
3319 1439 3551 1495 civibus
3580 1439 3718 1508 tuis,
3750 1440 3813 1496 id

2151 1536 2237 1585 est
2267 1529 2570 1586 catholicis
2601 1529 2740 1586 solis
2763 1530 3034 1594 ostende,
3055 1530 3082 1570 δ
3097 1533 3387 1585 Caeterum
3409 1529 3724 1596 haereticis,
3757 1534 3817 1586 et

2153 1621 2379 1676 cunctis
2419 1625 2628 1677 contra
2673 1620 2981 1676 veritatem
3042 1619 3443 1690 venientibus,
3491 1619 3639 1692 ipsis
3693 1636 3817 1675 ser-

2153 1710 2432 1782 pentibus
2462 1714 2589 1766 esto
2619 1711 2890 1766 astutior.
2952 1710 3079 1766 Noli
3130 1709 3336 1766 timere
3371 1726 3383 1764 :
3414 1709 3653 1779 jussum
3711 1709 3816 1765 tibi

2153 1804 2242 1855 est
2272 1816 2308 1855 a
2341 1799 2592 1854 Domino
2652 1805 2770 1854 tuo.
2807 1800 2957 1854 Tam
3001 1800 3166 1855 bona
3202 1804 3289 1854 est
3335 1799 3554 1854 astutia
3607 1803 3818 1854 contra

2154 1890 2461 1955 malitiam,
2482 1905 2669 1961 quam
2693 1889 2954 1956 benigna
2969 1888 3314 1960 simplicitas
3333 1887 3488 1944 circa
3497 1888 3812 1958 justitiam.

2155 1978 2367 2034 Occide
2398 1978 2726 2046 haereticos,
2762 1982 2818 2032 et
2846 1977 3076 2032 Domini
3121 1976 3202 2033 tui
3261 1975 3556 2050 spirituali
3617 1975 3819 2044 gladio

2155 2067 2416 2122 interfice
2437 2066 2730 2121 inimicos.
2769 2089 2795 2115 ››

2224 2160 2312 2212 22.
2344 2155 2433 2211 Sic
2466 2155 2749 2210 nimirum
2782 2155 2940 2210 beati
2969 2160 3260 2227 martyres
3287 2155 3396 2224 (l3)
3426 2154 3819 2224 Emetherius,

2156 2252 2212 2304 et
2235 2245 2608 2312 Caledonius,
2641 2262 2781 2301 cum
2803 2245 3035 2302 tradere
3049 2261 3158 2317 pro
3182 2245 3435 2302 Domino
3456 2244 3694 2300 animas
3718 2259 3823 2300 an-

2156 2335 2442 2400 helarent,
2469 2334 2569 2390 tali
2609 2351 2738 2390 sese
2783 2335 3036 2390 invicem
3068 2333 3150 2391 ad
3178 2334 3524 2407 passionem
3556 2336 3823 2390 astantes

2159 2427 2394 2482 hortatu
2423 2425 2736 2496 impellunt
2770 2442 2780 2478 :
2817 2447 2844 2475 ‹‹
2882 2425 3066 2480 Feriat
3096 2437 3120 2465 ο
3152 2407 3642 2497 υὸὶᾳυθᾞοειθω
3673 2423 3820 2479 mis-

2159 2515 2365 2572 silibus
2394 2515 2519 2570 suis
2570 2514 2805 2570 vibrata
2857 2514 3176 2580 confessio,
3251 2518 3308 2569 et
3352 2512 3636 2570 latentem
3681 2511 3824 2568 ﬁdei

2158 2603 2849 2675 inimicum,'uhicunque
2868 2602 3062 2673 fuerit,
3077 2603 3476 2675 inquiramus.
3495 2623 3523 2651 υ
3537 2603 3582 2658 Ο
3597 2601 3825 2658 incom-

2160 2693 2445 2767 parabilis
2483 2694 2972 2763 magnanimitas,
3013 2697 3071 2749 et
3107 2691 3390 2749 fortitudo
3438 2690 3823 2760 admiranda,

2160 2783 2491 2849 laudanda,
2525 2787 2703 2854 atque
2725 2782 2999 2839 imitanta
3036 2781 3420 2838 sanctorum!
3456 2782 3604 2845 Qua,
3637 2779 3822 2836 etiam

2165 2868 2214 2923 si
2238 2871 2467 2940 torpeat
2498 2867 2796 2933 inimicus,
2833 2881 2903 2922 ac
2939 2867 3220 2938 persequi
3261 2864 3582 2922 Ecclesiam
3613 2863 3714 2920 Dei
3747 2863 3826 2919 si-

2163 2962 2285 3024 nat,
2313 2957 2643 3028 irrumpere
2684 2960 2884 3011 tamen
2939 2955 3234 3012 latebram
3267 2955 3416 3025 ejus,
3473 2958 3532 3010 et
3577 2952 3826 3010 incitare

2165 3049 2366 3120 ipsum
2400 3047 2476 3102 ad
2511 3045 2738 3101 bellum
2794 3047 3114 3116 juhemur;
3166 3049 3232 3102 ut
3259 3045 3494 3100 hostem
3539 3042 3827 3112 frigidum

2166 3142 2444 3193 strenuus
2472 3136 2833 3206 agonotheta
2863 3133 3172 3201 accendat,
3207 3133 3468 3206 proferat
3517 3131 3826 3196 latentem,

2166 3226 2472 3297 erigatque
2504 3225 2582 3280 ad
2613 3224 2987 3280 conserenda
3042 3222 3370 3279 certamina
3425 3220 3716 3277 desidem.
3761 3221 3828 3276 Et

2167 3330 2520 3387 quanquam
2569 3312 2760 3369 effuso
2815 3328 3024 3369 cruore
3081 3309 3474 3367 consternatis
3533 3307 3826 3364 membris

2169 3405 2545 3470 succumbat,
2577 3404 2723 3460 feret
2755 3408 2954 3460 tamen
2981 3401 3060 3459 ad
3102 3401 3308 3457 sedem
3357 3399 3544 3473 patris
3582 3405 3828 3470 captum

2169 3512 2240 3552 ex
2287 3497 2455 3552 hoste
2512 3494 2905 3567 triumphum,
2967 3493 3209 3566 spiritus
3265 3490 3513 3560 belliger
3567 3489 3829 3546 victoriis

2169 3585 2375 3641 laurea
2403 3583 2717 3656 petiturus.
2768 3583 2920 3648 Quia
2938 3583 2996 3638 in
3015 3598 3086 3638 eo
3135 3581 3289 3636 vires
3311 3579 3510 3636 militis
3546 3593 3826 3650 compro-

2170 3674 2389 3730 bantur
2403 3673 2678 3741 egregiae,
2692 3688 2816 3743 quo
2827 3687 2950 3727 non
2965 3669 3288 3744 requisitas
3309 3667 3458 3724 ultro
3473 3682 3534 3722 se
3551 3665 3832 3722 obtulerit

2170 3761 2460 3834 palaestris
2483 3761 2773 3834 martyrii,
2793 3764 3000 3816 sancta
3015 3758 3318 3830 Scriptura
3333 3760 3581 3813 testante
3603 3755 3828 3822 (Judic.

2174 3869 2228 3917 v,
2255 3855 2309 3917 2)
2328 3849 2354 3890 ἀ
2379 3867 2390 3905 :
2417 3851 2531 3917 Qui
2547 3851 2799 3918 propria
2833 3851 3146 3905 voluntate
3168 3845 3468 3904 obtulistis
3495 3860 3592 3901 vos
3623 3843 3831 3900 discri-

2173 3941 2339 4001 mini,
2371 3939 2692 3995 benerlicite
2709 3941 3047 3996 Dominum.
3075 3936 3132 3994 Si
3152 3951 3295 4007 ergo
3313 3935 3420 4009 qui
3434 3933 3558 3990 zelo
3578 3933 3832 3990 charita-

2176 4030 2246 4086 tis
2294 4034 2512 4085 nostra:
2544 4028 2906 4084 adversariis
2955 4025 3174 4083 nostris
3218 4023 3414 4080 ﬁdelis
3454 4026 3836 4096 expugnator

2175 4123 2528 4186 occurreret,
2574 4134 2744 4174 arma
2765 4121 3047 4186 sumeret,
3072 4114 3318 4172 ensibus
3353 4111 3684 4183 desaeviret,
3704 4111 3835 4168 ani-

2176 4225 2342 4266 mam
2364 4223 2586 4280 ponere
2609 4206 3012 4273 contenderet,
3031 4219 3422 4278 nequaquam
3455 4217 3596 4258 eum
3616 4201 3836 4256 immu-

2178 4313 2316 4353 nem
2339 4295 2654 4365 condignis
2677 4299 3020 4367 pateremur
3035 4291 3322 4360 donariis,
3346 4291 3596 4362 ejusque
3621 4287 3838 4344 libera-

409 4389 627 4444 iterum
659 4401 672 4440 :
703 4386 904 4442 Estote
931 4391 1131 4442 autem
1149 4386 1402 4441 invicem
1427 4385 1687 4455 benigni,
1737 4385 2068 4441 misericor-
2106 4407 2146 4460 ι)
2176 4387 2400 4443 litatem
2420 4385 2590 4454 largo
2611 4383 3087 4440 muniﬁcandam
3098 4380 3392 4438 beneﬁcio
3413 4393 3834 4447 censeremus;

411 4478 534 4546 des,
556 4476 846 4532 donantes
874 4475 1149 4534 invicem.
1175 4475 1327 4530 sicut
1347 4480 1404 4530 et
1432 4475 1588 4531 Deus
1618 4476 1684 4530 in
1713 4474 1951 4530 Christo
1969 4473 2070 4528 do-

412 4567 583 4624 navit
611 4566 776 4623 nabis
803 4565 1043 4638 (Ephes.
1077 4581 1158 4634 Iv,
1192 4565 1281 4636 32)
1316 4581 1329 4620 :
1364 4568 1429 4620 ut
1456 4579 1594 4619 vere
1647 4562 2070 4620 columbarum

413 4659 706 4715 sectantes
735 4655 1198 4730 simplicitatem,
1227 4653 1444 4711 eodem
1498 4652 1715 4709 intuitu
1770 4667 1894 4725 quo
1939 4668 2068 4708 ves-

410 4752 587 4819 tram,
615 4746 1029 4820 proximorum
1052 4761 1299 4819 quoque
1348 4743 1632 4801 affectetis
1681 4741 1953 4800 salutem.
1991 4745 2071 4799 De

481 4925 506 4954 ι
535 4913 783 4968 Textum
811 4909 1226 4980 evangelicum
1281 4906 1586 4964 credimus
1603 4905 1931 4980 Eulogium
1962 4905 2070 4980 ad-

411 4981 655 5050 duxisse
686 4976 1022 5038 secundum
1051 4983 1334 5050 Marcum,
1366 4976 1647 5050 quamvis
1693 4977 1923 5032 nullam
1980 4976 2070 5032 Bi-

411 5045 674 5106 bliorum
694 5053 1033 5106 versionem
1062 5065 1254 5121 usque
1275 5045 1424 5121 dum
1444 5048 1764 5118 legerimus
1793 5063 1928 5121 qua:
1947 5063 2071 5104 non

412 5063 674 5106 nuorum
694 5067 1033 5106 versionem
1062 5065 1254 5121 usque
1275 5063 1424 5104 dum
1444 5063 1764 5118 legerimus
1842 5063 1928 5102 ua:
1947 5063 2068 5104 non

411 5121 656 5191 habeat,
679 5123 1055 5191 confusus...
1087 5120 1645 5191 confundetur,1.ro
1675 5063 2068 5188 confessus...

414 5162 1030 5264 2355355555,?F‘é'éi
1043 5162 1220 5263 ἐιῖιίξί
1233 5162 1800 5264 ἕὲῗῗῂίίὲιίἐιῖεέἷιηῖινέί
1819 5162 2066 5264 illiti};

413 5261 810 5321 Nihilominus
837 5262 885 5317 si
913 5261 1048 5334 quis
1078 5261 1400 5334 asseruerit
1428 5261 1627 5317 locum
1657 5261 2069 5334 evangelicum

412 5352 486 5392 ex
513 5334 756 5391 duobus
787 5333 1052 5391 tribusve
1105 5333 1490 5400 evangelistis
1545 5333 1868 5388 conﬂatum
1916 5347 2066 5399 esse,

409 5422 536 5463 non
564 5405 1064 5479 repugnabimus,
1101 5405 1240 5461 Vide
1259 5405 1696 5460 Documentum
1719 5403 2068 5476 Martyriale,

410 5494 582 5534 num.
618 5480 702 5542 t4,
736 5482 858 5534 not.
892 5481 944 5534 3.

480 5549 510 5589 ι)
541 5549 838 5606 Craterum
895 5548 1261 5604 correximus
1293 5563 1364 5603 ex
1407 5548 1688 5608 Arnohio,
1723 5563 1860 5602 cum
1892 5551 2069 5600 antea

413 5625 515 5674 carl
521 5621 636 5675 eris
666 5621 978 5688 legeretur.

485 5694 679 5770 eree
709 5687 992 5770 amamus
1026 5690 1230 5770 Verbs,
1259 5707 1331 5770 ea
1362 5693 1500 5770 sent
1542 5706 1677 5770 ςῐιιεε
1723 5687 1970 5770 Μοεδιρε
2004 5687 2063 5768 in

413 5761 661 5820 Scholiis
688 5762 768 5820 ait
797 5761 1041 5834 reperiri
1064 5761 1126 5821 in
1155 5758 1368 5822 Cedice
1396 5758 1682 5821 Toletano
1705 5760 1784 5818 ab
1817 5758 2064 5829 Eulogio

2178 4480 2406 4548 quanto
2427 4473 2672 4546 potioris
2693 4472 2894 4542 gloria:
2910 4473 3138 4528 honore
3159 4467 3387 4526 ferendi
3408 4470 3566 4536 sunt,
3588 4465 3697 4538 qui
3726 4465 3837 4522 ob-

2179 4569 2344 4620 tentu
2364 4562 2721 4636 capessendi
2743 4562 2994 4632 gratiam
3011 4559 3186 4630 Regis
3208 4555 3432 4624 reterni,
3453 4555 3656 4626 vigore
3678 4553 3839 4612 aucti

2175 4653 2436 4724 justitiaa,
2492 4651 2572 4708 ad
2610 4651 2845 4707 obitum
2881 4665 3126 4723 quoque
3171 4647 3512 4705 resistentes
3563 4643 3835 4711 infensis,

2179 4740 2404 4798 crudeli
2432 4745 2622 4798 morte
2646 4740 2940 4813 perempti
2961 4742 3102 4795 sunt
3117 4736 3275 4806 ‘Igllle
3303 4734 3563 4807 denique
3585 4732 3838 4804 angelus

2180 4902 2499 4974 desumpta
2532 4915 2605 4974 ei;
2649 4899 2804 4974 Actis
2851 4896 3120 4974 martyrii
3143 4899 3488 4974 sanctorum
3536 4890 3839 4974 Ce'led‘opii

2181 4989 2250 5028 ac
2282 4963 2615 5036 Emétherii,
2635 4971 2900 5042 primum
2922 4963 3094 5042 editis
3117 4983 3153 5024 a
3172 4964 3660 5042 Joanne_'_l‘amaio
3677 4963 3837 5018 Sala-

2179 5059 2280 5100 zar
2308 5047 2369 5098 in
2396 5036 2824 5115 Martyrologio
2869 5040 3199 5115 ad__diem_3
3246 5036 3458 5094 martii.
3508 5041 3720 5115 postea
3742 5049 3840 5088 eo-

2179 5115 2317 5170 dem
2336 5106 3096 5186 dieabhntue'rpiensibus,
3117 5109 3484 5186 demumque
3502 5106 3587 5186 ab
3610 5108 3842 5186 Emma-

2178 5186 2352 5241 nuele
2381 5185 2575 5251 Risco,
2600 5189 2744 5240 tom.
2768 5174 2957 5238 sunt
2994 5174 3287 5252 HiSpania;
3332 5174 3536 5242 sacrae,
3563 5174 3837 5252 Append:

2178 5261 2231 5328 2,
2283 5257 2514 5338 quibus
2542 5244 2844 5338 omnibus
2881 5254 2944 5308 in
2977 5244 3127 5338 Locis
3159 5251 3420 5338 .videtur
3455 5244 3694 5338 ξωφὲὗὶ
3745 5244 3842 5328 vel

2180 5318 2455 5384 sectionis
2488 5331 2517 5382 3
2568 5326 2749 5380 verba
2787 5324 2888 5380 illa
2921 5343 2934 5378 :
2967 5325 3170 5379 Feriat
3201 5323 3418 5394 ubique
3446 5321 3670 5394 hostem
3702 5318 3840 5372 mis-

2177 5401 2386 5455 silibus
2413 5399 2534 5453 suis
2567 5399 2801 5452 vibrata
2829 5395 3138 5462 confessio,
3185 5389 3364 5448 unius
3395 5407 3525 5446 esse
3551 5389 3838 5462 duorum

2181 5477 2534 5541 martyrum,
2569 5473 2620 5541 et
2649 5469 2820 5541 juxta
2851 5459 3174 5541 nonnullos
3199 5459 3727 5541 mss.__Emetherii;
3759 5473 3842 5514 re-

2177 5534 2800 5616 liqua'voroalterius,
2831 5553 3050 5616 nempe
3082 5534 3398 5616 (leledonii.
3746 5600 3762 5616 ‘
3795 5601 3804 5610 _

2249 5600 2272 5653 'd
2307 5617 2382 5667 lix
2413 5613 2527 5666 hoc
2575 5611 2706 5664 loco
2755 5613 2947 5680 potest
2979 5600 3190 5680 repleri
3232 5606 3472 5680 lacuna,
3511 5617 3703 5680 quam
3746 5600 3844 5656 hic

2176 5685 2358 5742 habet
2389 5683 2636 5754 antiqua
2668 5674 2876 5736 Versio
2907 5674 3074 5752 apud
3103 5681 3335 5734 Petrum
3367 5674 3662 5734 Sabatier.
