3960 6380
151 253 246 304 757
1224 235 1658 298 ΜΕΜοΒιΑιιε
1698 233 1801 288 SM

1954 237 2140 294 DRUM.
2176 267 2244 280 -κ
2275 241 2409 296 LIB.
2451 241 2497 294 l.

3468 244 3574 296 758

151 369 402 428 veritatis
427 373 485 424 et
513 382 710 440 praeco
723 365 1416 437 justititeﬁedemptoris
1440 374 1798 436 praecursor,
1831 363 1879 416 Λ
1983 365 2070 419 24.
2105 364 2197 420 Sic
2223 380 2492 438 namque
2523 370 2579 422 et
2597 367 2709 436 (lii)
2742 364 3122 420 felicissimus
3143 364 3303 420 Felix
3331 379 3473 420 cum
3487 364 3578 423 ﬁ-

149 467 202 517 et
233 459 473 516 nuntius
500 457 688 529 pacis,
723 455 986 526 Baptista
1011 457 1449 522 Joannes,cum
1480 450 1803 519 regemini-

148 565 332 622 quum
355 547 431 602 de
461 553 670 617 stupro
700 543 1047 600 Herodiadis
1077 546 1505 600 commoueret.
1541 554 1800 610 cumque

148 637 476 694 adulterino
498 635 729 692 incestu
752 634 992 690 thorum
1023 633 1242 688 violare
1292 632 1622 687 fraternum
1645 627 1799 682 inhi-

146 730 326 796 beret,
359 723 664 795 ergastulo
697 727 940 796 propter
955 721 1218 778 veritatis
1245 720 1685 794 professionem
1702 716 1800 771 de-

145 816 416 883 truditur,
473 814 677 886 ibique
735 812 973 884 absque
1020 811 1142 868 ulla
1197 809 1339 867 ﬁdei
1387 807 1800 884 persecutione

144 910 447 963 truncatur
479 905 690 976 (Marc.
723 919 801 966 vr,
836 903 1063 973 17).Nec
1085 899 1190 958 tali
1215 898 1608 955 succumbere
1638 912 1803 952 recu-

143 996 288 1053 savit
311 993 661 1068 dispendio,
684 992 789 1065 qui
821 991 946 1046 sine
978 989 1166 1047 dubio
1195 993 1466 1055 noverat,
1489 987 1694 1043 divino
1715 1001 1801 1041 re-

141 1085 376 1142 velante
399 1083 640 1157 Spiritu,
663 1079 1040 1138 tantumdem
1071 1095 1203 1136 esse
1229 1082 1474 1152 propter
1509 1075 1802 1148 justitiam

137 1175 310 1245 mori,
337 1190 526 1248 quam
557 1188 668 1245 pro
693 1171 831 1228 fidei
861 1170 1236 1227 confessione
1265 1167 1582 1242 prosterni.
1641 1165 1802 1221 Unde

137 1269 192 1323 et
223 1263 521 1321 Dominus
549 1260 752 1318 vitalia
776 1259 1087 1333 discipulis
1136 1257 1424 1314 doctrina:
1455 1255 1804 1312 ministrans

135 1355 460 1426 praecepta,
483 1351 566 1407 sic
596 1366 700 1406 eos
720 1349 796 1406 de
834 1353 1040 1405 monte
1073 1347 1436 1420 alloquitur:
1485 1346 1667 1402 Beati
1700 1344 1806 1416 qui

131 1441 598 1513 persecutionem
633 1439 964 1508 patiuntur
986 1443 1244 1507 propter
1286 1435 1636 1506 justitiam:
1663 1447 1802 1505 quo-

136 1531 294 1587 niam
317 1529 586 1600 ipsorum
612 1534 698 1585 est
727 1542 983 1599 regnum
1010 1527 1296 1583 ctelorum
1326 1523 1571 1595 (Matth.
1599 1538 1658 1586 v,
1691 1521 1798 1592 10).

139 1623 200 1676 Et
227 1619 369 1692 quid
405 1617 569 1674 aliud
600 1617 679 1674 ad
697 1615 905 1674 omnia
917 1613 1306 1672 beatitudinis
1331 1612 1799 1686 praemia,quam

139 1709 422 1766 caelorum
452 1706 862 1764 at'fectandum
907 1709 994 1762 est
1030 1703 1333 1774 regnum?

204 1803 294 1856 23.
325 1797 792 1855 Calumniantur
838 1795 1016 1852 etiam
1072 1793 1298 1850 inimici
1343 1792 1690 1849 ultroneum
1719 1789 1801 1848 ad

137 1893 386 1944 mortem
405 1903 618 1942 eorum
640 1900 1223 1958 progressum,quos
1241 1890 1257 1911 ⁸
1285 1882 1516 1955 passim
1543 1878 1800 1936 liberali-

135 1983 223 2034 tas
251 1976 410 2046 regis
441 1991 619 2032 suum
635 1973 815 2030 incoli
837 1973 1100 2045 jusserat
1131 1968 1798 2029 Christianismum.Sed

135 2066 432 2140 praecessit
461 2065 576 2121 hoc
605 2079 742 2120 reor
764 2061 1110 2135 exemplum
1153 2063 1268 2134 (14)
1304 2061 1364 2116 in
1424 2059 1536 2116 illis
1567 2063 1796 2131 septem

135 2155 433 2219 fratribus,
463 2154 632 2228 quod
655 2158 822 2223 gesta
841 2151 1001 2208 beati
1031 2151 1250 2208 Juliani
1294 2151 1792 2206 commemorant.

137 2245 239 2310 Qui
265 2244 400 2300 ideo
425 2243 595 2317 quod
625 2240 1054 2312 Augustalibus
1095 2237 1535 2312 praepollebant
1582 2236 1794 2294 natali-

134 2333 262 2399 bus,
285 2350 358 2392 ex
390 2333 634 2388 decreto
665 2331 1010 2405 principum
1052 2329 1239 2386 libere
1279 2327 1639 2384 exercebant
1666 2325 1795 2381 reli-

135 2423 320 2491 gionis
349 2421 664 2479 catholica:
693 2420 943 2476 cultum.
976 2419 1092 2476 Sed
1141 2423 1344 2474 tamen
1376 2417 1436 2474 in
1479 2431 1674 2486 agone
1702 2431 1795 2470 su-

134 2511 370 2569 dantem
401 2511 655 2567 beatum
683 2509 988 2573 lulianum
1020 2512 1354 2574 cernentes,
1388 2506 1544 2562 illico
1577 2505 1656 2561 ad
1676 2503 1796 2560 bel-

133 2599 254 2660 lum
311 2600 656 2674 prosiliunt,
703 2604 759 2656 et
807 2615 1016 2656 amore
1059 2597 1332 2670 martyrii
1386 2594 1795 2653 voluntarium

135 2691 356 2748 obitum
383 2693 696 2763 expetunt.
733 2689 971 2759 Legitur
1005 2703 1250 2762 quoque
1295 2686 1370 2742 de
1425 2685 1678 2741 Domino
1735 2683 1796 2740 in

135 2780 494 2851 Evangeliis:
555 2779 910 2849 Obﬁrmavit
958 2780 1179 2849 faciem
1224 2792 1416 2842 satana,
1475 2781 1538 2830 ut
1591 2775 1702 2831 iret
1733 2776 1796 2831 in

131 2871 510 2927 Hierusalem
531 2869 700 2941 (Luc.
735 2885 812 2932 ix,
845 2869 956 2939 51).
991 2866 1165 2934 Quod
1217 2867 1298 2923 ita
1329 2869 1573 2921 sanctus
1620 2879 1796 2936 expO'

133 2958 211 3015 nit
234 2957 642 3031 Hieronymus
663 2959 906 3028 (Quwst.
941 2962 971 3012 ὅ
999 2957 1079 3013 ad
1115 2956 1452 3026 Algasiam)
1484 2971 1496 3006 τ
1550 2975 1580 3006 «ι
1608 2951 1797 3009 Obﬁr—

1913 450 2028 506 deli
2061 453 2740 528 relatupersecutionem
2764 453 3215 520 catholicorum,
3241 471 3384 527 quae
3411 455 3577 526 apud

1912 541 2253 598 Gerundam
2285 546 2583 616 Hispaniae
2617 544 2830 599 urbem
2851 542 3153 600 conﬁnem
3175 543 3377 599 Gallias
3407 559 3575 613 gere-

1910 629 2104 697 batur,
2139 634 2515 705 comperit-et,
2546 634 2981 706 crudeliterque
3004 633 3328 690 Ecclesiam
3343 633 3445 689 Dei
3460 632 3576 688 ibi-

1910 718 2048 774 dem
2082 736 2117 776 a
2139 723 2394 793 paganis
2424 722 2690 778 infestari
2720 727 3110 792 cognosceret
3129 722 3459 796 ;extemplo
3478 721 3576 779 lit-

1912 813 2184 866 teraturae
2211 811 2474 868 liberalis
2519 811 2787 868 studium
2835 811 3282 884 derelinquens,
3313 811 3482 884 quod
3511 811 3575 868 in

1913 900 2186 956 Caesarea
2227 901 2590 958 Mauritaniae
2649 902 2878 973 positus
2931 900 3263 972 excolebat,
3325 899 3574 974 praepeti

1909 988 2291 1057 navigatione
2317 1007 2559 1063 aequore
2599 990 2982 1059 transmisso,
3013 989 3367 1063 praedictum
3397 989 3574 1063 oppi-

1911 1077 2060 1134 dum
2085 1078 2248 1146 adiit,
2276 1079 2481 1152 ibique
2535 1080 2912 1152 martyrium,
2971 1078 3139 1152 quod
3187 1080 3394 1152 patrias
3445 1095 3574 1135 suae

1911 1167 2132 1232 deerat,
2161 1167 2414 1225 devotus
2439 1170 2613 1224 miles
2641 1169 2856 1226 Christi
2884 1169 3393 1243 triumphabiliter
3432 1184 3573 1226 con-

1911 1257 2236 1314 summavit
2263 1259 2398 1330 (l6).
2430 1258 2522 1314 Sic
2540 1263 2789 1315 sanctus
2821 1258 3325 1326 Sebastianus,sic
3353 1259 3575 1314 beatis-

1911 1347 2100 1404 simus
2130 1348 2414 1420 Thyrsus,
2439 1349 2525 1404 sic
2549 1348 2770 1404 electus
2810 1347 3132 1420 Adrianus,
3174 1349 3258 1404 sic
3286 1351 3487 1404 Justus
3517 1350 3576 1404 et

1913 1439 2118 1492 Pastor
2148 1437 2286 1510 (l7),
2319 1438 2404 1492 sic
2446 1437 2676 1494 Eulalia
2702 1437 2874 1508 virgo
2931 1436 3454 1504 Barchinonensis,
3487 1435 3572 1492 sic

1909 1527 2169 1600 Babylas
2200 1528 2490 1602 pontifex,
2518 1528 2813 1601 multique
2836 1527 2937 1584 alii
2961 1530 3176 1601 sponte
3221 1543 3286 1584 se
3343 1526 3574 1583 obtule-

1904 1622 2129 1688 runt,et
2155 1618 2426 1676 coronati
2455 1617 2952 1685 suntEtidcirco,
2979 1620 3045 1674 ut
3064 1616 3316 1690 quidam
3339 1615 3575 1690 sapien-

1835 1717 1875 1774 Β
1906 1707 2055 1763 tium
2077 1708 2368 1764 meminit:
2385 1730 2414 1757 ‹‹
2431 1707 2460 1748 ι’
2476 1711 2631 1765 lnter
2654 1707 2883 1780 primas
2897 1707 3218 1777 dignitates
3245 1720 3572 1778 regnorum

1905 1796 2238 1854 caelestium
2267 1800 2408 1852 sunt
2436 1797 2724 1868 ponendi,
2757 1796 2864 1869 qui
2888 1795 2970 1852 ad
2995 1795 3342 1868 passionem
3389 1809 3571 1850 vene-

1905 1889 2046 1942 runt
2071 1901 2197 1942 non
2227 1885 2492 1958 quaesiti:
2527 1891 2584 1942 et
2610 1885 2955 1942 excellentis
2985 1885 3109 1941 voti
3148 1889 3260 1951 est,
3282 1885 3435 1940 inter
3455 1889 3573 1941 tor-

1906 1979 2109 2033 menta
2139 1975 2432 2048 prosilire,
2465 1975 2567 2030 ubi
2593 1991 2718 2030 non
2747 1979 2839 2031 est
2869 1974 3136 2030 criminis
3166 1973 3431 2030 latuisse.
3468 1995 3498 2024 ››

1975 2069 2065 2121 25.
2091 2065 2206 2122 Sed
2222 2066 2281 2121 in
2314 2065 2556 2122 veritate
2578 2067 2693 2136 (18)
2723 2064 2950 2120 crimen
2980 2080 3111 2120 esse
3139 2063 3453 2120 fatendum
3481 2066 3572 2119 est

1903 2155 2156 2220 latitare,
2189 2156 2238 2209 si
2263 2155 2447 2210 virtus
2477 2153 2818 2210 excellentis
2841 2153 3034 2210 meriti
3059 2157 3150 2210 est
3187 2152 3343 2209 ultro
3362 2167 3571 2226 proce-

1903 2245 2066 2312 dere;
2083 2243 2333 2317 quando
2355 2244 2726 2300 tideinostras
2749 2243 3048 2300 confessio
3069 2240 3565 2316 prmdicationem

1904 2335 2104 2404 exigit,
2129 2339 2184 2389 et
2211 2335 2618 2389 testimonium
2647 2333 2930 2406 postulat.
2963 2336 3112 2390 Nam
3144 2332 3194 2388 si
3216 2331 3422 2388 audito
3441 2345 3569 2386 ver-

1905 2424 1984 2479 bo
2010 2424 2296 2491 veritatis,
2332 2423 2515 2478 fidem
2571 2424 2917 2479 incredulus
2967 2438 3094 2479 non
3123 2421 3565 2491 accommodet,

1902 2512 2224 2585 magisque
2255 2511 2574 2584 exprobret
2621 2511 3056 2584 evangelizanti
3100 2526 3288 2584 quam
3327 2509 3564 2576 credat;

1905 2617 2046 2658 cum
2096 2602 2171 2658 sit
2196 2606 2334 2658 ante
2363 2602 2670 2670 cognitam
2702 2601 3012 2657 veritatem
3068 2597 3468 2672 inculpabilis,
3499 2596 3570 2653 ﬁt

1904 2689 2296 2763 postmodum
2325 2695 2550 2745 sanctae
2590 2687 3004 2762 prtedicationi
3045 2688 3368 2745 obnoxius.
3415 2685 3568 2754 Quia

1905 2797 2029 2837 non
2060 2781 2277 2854 poterit
2299 2781 2372 2837 de
2399 2780 2740 2850 ignorantia
2785 2795 2848 2834 se
2879 2794 3188 2850 excusare,
3215 2777 3321 2834 ubi
3348 2776 3567 2834 veritas

1905 2870 2258 2928 elucubrata
2286 2869 2682 2942 responderit,
2711 2869 2968 2927 Domino
3009 2873 3067 2926 et
3111 2868 3404 2940 magistro
3446 2871 3567 2924 tes-

1905 2965 2097 3018 tante:
2128 2962 2479 3018 Mementote
2499 2961 2786 3016 sermonis
2817 2962 2951 3030 mei,
2981 2975 3152 3032 quem
3180 2975 3286 3030 ego
3316 2959 3451 3015 dixi
3473 2973 3568 3014 υοει

133 3049 387 3106 matione
404 3047 570 3104 enim
597 3052 653 3103 et
678 3045 1018 3102 fortitudine
1049 3061 1203 3118 Opus
1221 3050 1312 3100 est
1342 3043 1422 3100 ad
1443 3043 1793 3116 passionem
1832 3072 1874 3129 ο
1906 3052 1990 3106 δίε
2017 3069 2028 3106 ;
2060 3052 2201 3107 Νοη
2231 3056 2314 3107 εει
2341 3065 2546 3106 servus
2571 3052 2771 3118 major
2793 3049 3034 3106 domino
3061 3063 3188 3104 suo.
3227 3049 3299 3105 Si
3316 3063 3410 3105 me
3433 3063 3570 3118 per-

135 3144 334 3210 sponte
381 3135 760 3212 properanti.
819 3135 984 3192 Unde
1023 3139 1080 3191 et
1108 3133 1412 3205 Ezechieli,
1444 3132 1539 3188 cui
1567 3131 1794 3187 dixerat

139 3229 279 3284 Deus
306 3245 319 3282 :
376 3228 512 3284 Fili
541 3226 818 3294 hominis,
846 3227 909 3280 in
938 3225 1130 3281 medio
1160 3225 1542 3293 scorpionum
1573 3227 1638 3276 tu
1683 3220 1794 3277 ha-

138 3315 298 3383 bitas,
329 3334 406 3374 ne
432 3319 685 3384 timeas;
715 3315 967 3384 obﬁrma
1003 3314 1240 3385 (inquit)
1269 3313 1488 3384 faciem
1521 3311 1791 3366 tuam.Et

133 3407 263 3464 dedi
280 3410 506 3479 faciem
539 3413 705 3464 tuam
747 3421 1000 3470 teneam,
1039 3411 1094 3460 et
1135 3404 1398 3472 frontem
1455 3408 1619 3458 tuam
1672 3402 1792 3471 fcr-

135 3512 288 3553 ream
314 3496 561 3570 (Ezech.
594 3513 657 3565 ιι,
679 3511 769 3565 ιιι,
796 3495 896 3565 1v),
929 3497 995 3550 ut
1023 3493 1071 3548 si
1102 3491 1250 3549 forte
1282 3491 1636 3548 surrexisset
1655 3505 1794 3545 con-

135 3588 216 3641 tra
237 3602 374 3643 eum
406 3584 667 3642 malleus
691 3583 987 3640 universae
1014 3587 1198 3647 terrae,
1230 3581 1404 3654 quasi
1429 3579 1649 3636 incude
1679 3578 1790 3634 du-

132 3675 361 3734 rissima
391 3675 721 3744 resisteret,
739 3672 1150 3743 malleumque
1173 3672 1521 3727 contereret.
1557 3671 1637 3724 De
1668 3683 1792 3740 quo

133 3764 408 3838 scriptum
435 3765 530 3820 est
555 3781 568 3819 :
595 3761 894 3830 Quomodo
913 3763 1261 3830 confractus
1286 3764 1390 3828 cst,
1415 3763 1469 3814 et
1497 3757 1789 3812 contritus

133 3859 208 3908 est
235 3856 494 3912 malleus
537 3853 833 3909 universae
889 3857 1064 3907 terrae
1095 3851 1239 3917 (Jer.
1287 3865 1337 3917 1.,
1379 3847 1516 3919 23)?
1545 3869 1572 3896 ››
1627 3845 1790 3904 Idem

133 3958 366 4017 quoque
423 3944 640 4001 doctor
701 3941 760 3998 in
818 3939 1165 4014 supradicto
1221 3955 1401 4012 Opere
1453 3936 1790 4010 quamdam

137 4033 430 4104 Evangelii
461 4030 824 4088 sententiam
857 4044 1188 4101 exponens,
1230 4027 1310 4083 ait
1353 4027 1530 4098 (Ibid.
1571 4043 1658 4096 ix,
1685 4027 1740 4096 3)
1773 4042 1784 4079 :

135 4143 160 4170 ‹‹
193 4125 315 4178 Non
345 4127 433 4180 est
463 4120 724 4178 delicata
754 4120 815 4176 in
869 4121 1079 4182 Deum,
1113 4120 1170 4174 et
1200 4132 1414 4172 secura
1443 4115 1744 4173 confessio
1774 4133 1786 4170 :

132 4211 229 4281 qui
257 4211 316 4267 in
339 4228 436 4268 me
467 4209 679 4273 credit,
705 4207 882 4266 debet
913 4224 1094 4264 suum
1130 4205 1488 4277 sanguinem
1514 4204 1790 4260 fundere.

135 4299 237 4364 Qui
266 4301 424 4357 enim
437 4298 768 4374 perdiderit
787 4297 1059 4354 animam
1086 4312 1263 4352 suam
1290 4295 1351 4350 in
1381 4293 1682 4368 praesenti,
1705 4293 1792 4349 lu-

133 4387 382 4448 crifaciet
409 4406 548 4446 eam
580 4388 639 4444 in
671 4389 893 4444 futuro.
921 4408 948 4436 »
967 4385 1234 4459 Denique
1258 4383 1503 4453 Agabus
1529 4383 1792 4456 prophe-

133 4478 210 4544 ta,
249 4494 384 4535 cum
416 4478 681 4535 venisset
707 4475 788 4533 ad
813 4475 1120 4550 apostolos
1151 4473 1363 4532 tollens
1396 4487 1613 4529 zonam
1642 4475 1792 4528 Pau-

133 4562 192 4627 li.
221 4563 486 4639 alligavit
516 4567 631 4622 sibi
677 4565 864 4639 pedes
897 4570 954 4621 et
997 4581 1244 4634 manus,
1278 4566 1335 4620 et
1367 4562 1448 4618 ait
1475 4563 1630 4634 (Act.
1670 4577 1790 4628 xxx,

138 4655 197 4710 ιο
223 4659 279 4712 et
322 4661 542 4732 seqq.):
574 4657 725 4713 Htec
778 4656 928 4712 dicit
956 4654 1221 4725 Spiritus
1248 4657 1524 4710 sanctus:
1586 4652 1792 4708 Virum

133 4746 296 4814 cujus
323 4752 407 4804 est
436 4761 591 4804 zona
621 4745 768 4816 haec,
797 4747 885 4802 sic
933 4743 1274 4816 alligabunt
1304 4743 1366 4799 in
1409 4742 1791 4800 Hierusalem

131 4832 334 4900 Judaei,
365 4842 420 4893 et
448 4835 695 4894 tradent
724 4837 787 4892 in
828 4849 1044 4892 manus
1076 4833 1417 4905 gentilium.
1451 4831 1624 4898 Quod
1651 4847 1790 4888 cum

135 4923 431 4982 audissent
460 4923 741 4999 apostoli,
776 4928 832 4981 et
859 4923 966 4998 qui
1017 4922 1133 4980 loci
1175 4921 1332 4980 illius
1374 4925 1560 4990 erant,
1593 4936 1669 4978 ne
1699 4937 1793 4978 as-

135 5013 403 5073 cenderet
429 5014 938 5086 Hierosolymam,
972 5029 1111 5070 cum
1142 5011 1426 5085 lacrymis
1455 5009 1787 5086 precaban-

134 5103 240 5156 tur.
273 5105 434 5162 Tunc
465 5105 833 5175 respondens
862 5105 1120 5172 Paulus,
1157 5103 1316 5158 dixit
1344 5117 1356 5157 :
1388 5101 1544 5168 Quid
1577 5101 1788 5170 facitis

133 5191 349 5260 ﬂentes,
383 5200 437 5251 et
467 5195 808 5265 afﬂigentes
831 5208 935 5250 cor
955 5208 1147 5249 meum
1163 5195 1192 5246 ?
1215 5191 1344 5262 Ego
1373 5191 1529 5246 enim
1555 5205 1676 5246 non
1702 5206 1788 5245 so-

139 5279 252 5336 lum
282 5283 554 5355 alligari.
585 5283 688 5341 sed
716 5289 772 5340 et
800 5285 956 5339 mori
998 5283 1063 5338 in
1107 5282 1488 5338 Hierusalem
1525 5285 1785 5348 paratus

136 5382 255 5426 sum
277 5379 525 5442 propter
547 5388 760 5430 nomen
787 5373 1034 5428 Domini
1065 5372 1209 5428 Jesu
1241 5369 1490 5427 Christi.
1539 5371 1604 5424 Et
1647 5385 1785 5425 cum

137 5455 186 5511 ei
213 5461 459 5516 suadere.
492 5477 612 5517 non
639 5466 907 5534 possent,
949 5461 1309 5534 quieverunt
1347 5458 1642 5516 dicentes:
1674 5461 1786 5516 Do-

138 5548 276 5602 mini
299 5552 572 5608 voluntas
602 5555 731 5621 ﬁat.

204 5661 223 5682 '
244 5655 507 5727 Publice,
537 5663 767 5731 palam,
803 5660 1052 5730 Schott.,
1076 5658 1184 5716 sed
1212 5659 1415 5716 minus
1450 5661 1624 5716 recte.

1900 3142 2089 3198 secuti
2117 3145 2278 3210 sunt,
2306 3146 2358 3196 et
2383 3155 2482 3196 vos
2495 3143 2970 3209 persequentur:
2995 3138 3048 3194 si
3091 3151 3419 3195 sermonem
3447 3151 3568 3194 me-

1902 3245 2002 3285 um
2028 3233 2444 3297 servaverunt,
2477 3233 2532 3283 et
2565 3233 2826 3284 vestrum
2875 3226 3222 3283 servabunt.
3267 3225 3385 3282 Sed
3439 3225 3570 3282 hac

1901 3321 2104 3374 omnia
2130 3319 2359 3388 facient
2392 3319 2554 3374 vobis
2597 3321 2848 3386 propter
2893 3332 3108 3372 nomen
3163 3330 3392 3372 meum:
3424 3316 3570 3387 quia

1906 3408 2177 3463 nesciunt
2208 3422 2339 3462 eum
2402 3407 2509 3478 qui
2539 3407 2700 3462 misit
2743 3422 2854 3462 me.
2911 3405 2979 3460 Si
3004 3421 3123 3460 non
3155 3406 3461 3471 venissem,
3513 3409 3570 3460 et

1908 3498 2141 3552 locutus
2171 3497 2252 3553 eis
2276 3512 2396 3552 non
2426 3496 2700 3565 fuissem,
2733 3501 3044 3566 peccatum
3071 3510 3190 3550 non
3231 3495 3518 3550 haberent
3547 3507 3572 3548 .·

1902 3601 2064 3641 nunc
2080 3591 2278 3642 autem
2304 3587 2750 3643 excusationem
2782 3601 2903 3641 non
2954 3584 3176 3640 habent
3205 3585 3278 3641 de
3321 3589 3567 3654 peccato

1901 3691 2005 3731 suo
2039 3677 2232 3746 (Joan.
2260 3691 2350 3731 xv.
2386 3680 2498 3734 20).

1971 3769 2058 3821 26.
2094 3764 2394 3836 Objiciunt
2419 3766 2598 3822 etiam
2622 3765 2951 3822 adversarii
2984 3778 3308 3836 corporum
3331 3777 3570 3819 eorum-

1899 3855 2040 3912 dem
2069 3855 2538 3926 corruptionem.
2566 3854 2702 3920 Sed,
2727 3869 2962 3927 quaeso,
2990 3851 3401 3926 respondeant
3417 3851 3567 3924 quid

1900 3945 2071 4003 obest
2109 3943 2338 4000 cmlesti
2386 3945 2518 4015 jam
2576 3943 2828 4016 praemio
2893 3941 3218 4014 coronatis,
3260 3940 3435 4014 quasi
3483 3939 3566 3997 illi

1901 4033 2097 4091 carnis
2131 4033 2468 4090 atl'ectarint
2495 4033 2922 4106 honorem,qui
2949 4048 3090 4090 vere
3115 4034 3412 4088 noverant
3429 4045 3566 4103 per-

1898 4123 2084 4179 latam
2105 4122 2249 4180 olim
2267 4121 2620 4180 mortalibus
2650 4121 3028 4196 legem,quia
3053 4121 3280 4178 dictum
3310 4125 3400 4178 est
3421 4120 3564 4178 Adae

1902 4214 2065 4285 (Gen.
2097 4229 2176 4280 ιιι,
2212 4216 2338 4279 l0):
2373 4235 2401 4262 «
2433 4213 2646 4270 Pulvis
2703 4228 2782 4283 es,
2825 4219 2878 4270 et
2910 4215 2976 4270 in
3002 4214 3316 4284 pulverem
3340 4211 3568 4282 redige-

1899 4303 2004 4368 ris,
2028 4305 2132 4358 aut
2163 4317 2268 4374 per
2318 4301 2617 4374 supplicia
2645 4307 3070 4375 tyrannorum,
3098 4301 3323 4376 quibus
3351 4300 3563 4358 datum

1899 4396 1989 4448 est
2019 4406 2240 4463 corpus
2271 4391 2569 4458 occidere,
2620 4390 2993 4464 quandoque
3021 4389 3208 4448 ﬁnem
3237 4390 3509 4464 accipere
3535 4383 3564 4444 ‘t

1901 4479 2053 4546 Quia
2090 4481 2281 4537 omnis
2312 4495 2454 4538 caro
2478 4481 2712 4551 fenum,
2732 4487 2786 4540 et
2816 4482 3008 4538 omnis
3031 4481 3230 4552 gloria
3260 4483 3389 4551 ejus
3419 4493 3566 4551 qua-

1898 4571 1952 4627 si
1975 4572 2085 4640 llos
2111 4572 2250 4642 agri
2275 4571 2416 4642 (Isa.
2448 4587 2542 4633 XL,
2576 4575 2656 4638 6).
2683 4573 2915 4628 Etcum
2942 4585 3192 4626 omnem
3221 4569 3384 4636 dicit,
3425 4567 3561 4624 nul-

1897 4658 2014 4716 lius
2047 4675 2296 4718 carnem
2323 4676 2395 4715 ex
2421 4660 2692 4716 humano
2737 4660 2966 4717 semine
2990 4658 3281 4716 orientem
3324 4655 3564 4728 reliquit

1900 4753 1982 4818 (et
2008 4748 2142 4805 licet
2165 4748 2475 4815 audenter,
2507 4749 2709 4804 dicam
2739 4752 2966 4816 tamen)
3015 4763 3140 4804 non
3193 4745 3564 4819 patriarcha-

1897 4855 2058 4908 rum,
2081 4854 2204 4894 non
2223 4837 2811 4911 prophetarum,non
2826 4835 3390 4910 apostolorum,non
3405 4845 3563 4890 mar-

1899 4932 2122 5000 tyrum.
2170 4929 2396 4996 Legant
2433 4924 2849 4999 apostolorum
2879 4923 3214 4996 Actus,qui
3258 4923 3376 4980 ista
3403 4937 3563 4980 som-

1898 5017 2088 5086 niant,
2122 5021 2179 5072 et
2207 5015 2536 5084 invenient,
2569 5017 2824 5072 testante
2871 5016 3060 5082 Petro,
3095 5012 3286 5070 David
3310 5012 3482 5070 illum
3524 5029 3564 5072 a

1899 5107 2018 5162 Deo
2045 5105 2322 5168 electum,
2355 5108 2413 5161 et
2443 5103 2778 5160 secundum
2807 5118 2910 5161 cor
2929 5119 3110 5160 suum
3141 5103 3564 5162 ﬁdelissimum

1899 5210 2163 5262 servum,
2194 5193 2516 5266 sepulturae
2547 5191 2996 5264 corruptionem
3019 5207 3150 5250 esse
3179 5205 3560 5266 perpessum,

1895 5285 1966 5340 iis
1998 5283 2164 5340 verbi
2201 5282 2484 5356 Apostolo
2500 5282 2860 5340 disserente:
2887 5284 3014 5340 Viri
3029 5284 3278 5352 fratres,
3307 5283 3446 5339 licet
3457 5295 3567 5338 au-

1895 5374 2126 5440 denter,
2159 5373 2359 5430 dicam
2400 5373 2474 5429 de
2495 5372 2864 5442 patriarcha
2913 5371 3130 5439 David,
3171 5371 3318 5444 quia
3360 5377 3421 5428 et
3469 5371 3566 5428 de-

1892 5467 2143 5535 functus
2171 5470 2279 5531 est,
2297 5469 2354 5520 et
2379 5465 2650 5533 sepultus
2670 5468 2754 5520 est
2779 5481 2791 5520 :
2823 5468 2878 5521 et
2921 5463 3266 5533 sepulcrum
3321 5463 3451 5531 ejus
3479 5467 3566 5518 est

1897 5557 2066 5624 apud
2132 5572 2236 5611 nos
2285 5570 2470 5626 usque
2519 5557 2583 5610 in
2649 5553 3005 5610 hodiernum
3055 5553 3211 5610 diem
3251 5571 3262 5608 :
3321 5559 3376 5610 et
3423 5569 3566 5610 caro

1966 5663 1995 5720 ξ
2021 5661 2218 5719 Verba
2249 5664 2388 5718 sunt
2415 5675 2489 5718 ex
2512 5659 2730 5717 eadem
2758 5659 2859 5717 illa
2879 5659 3130 5717 historia
3160 5659 3477 5718 Emetherii
3506 5662 3569 5720 et

1899 5715 2585 5810 centimanum;
2600 5715 2824 5794 ιιυω.
