3960 6438
341 274 447 335 759

1524 267 1580 323 S.
1624 262 1904 322 EULOGII
1958 260 2288 320 ARCHIEP.
2341 262 2590 320 TOLET.

3682 266 3814 324 700

345 400 475 468 ejus
496 396 654 454 vidit
689 393 1138 464 corruptionem
1179 392 1246 462 (A
1261 399 1342 448 et.
1397 407 1460 462 ιι,
1490 391 1601 462 29).
1655 387 2097 444 ConsiderentA
2123 385 2392 456 seducat;
2415 389 2596 443 multi
2608 389 2764 444 enim
2789 388 3322 457 pseudoprophette
3339 391 3574 448 venient
3601 392 3675 447 in
3695 407 3820 448 no—

345 485 756 560 patriarcham
772 483 880 539 Job
899 482 1204 538 vermibus
1236 483 1561 536 scatentem
1587 481 1737 546 (Job.
1769 496 1826 540 ιι,
1855 485 1909 536 7.
1933 477 2010 555 8),

347 579 406 632 et
436 578 730 631 Lazarum
781 571 1193 641 evangelicum
1227 571 1572 631 ulcerosum
1600 585 1725 642 prie
1783 565 2014 622 foribus

346 663 660 739 purpurati
673 661 867 718 divitis
893 660 1337 717 mendicantem
1355 660 1644 730 (Luc.xv1,
1659 659 2016 714 20LPercur'

349 757 486 811 rant
517 756 868 809 casterorum
898 754 1266 816 sanctorum,
1301 749 1571 805 adinstar
1595 748 1861 803 siderum
1901 762 2016 801 coe-

349 843 410 911 li,
435 842 808 897 diversarum
825 837 1215 895 victoriarum
1243 837 1531 907 fulgentia
1549 840 1739 906 gesta,
1759 840 1816 892 et
1830 833 2015 890 insul-

350 934 449 998 tet,
476 929 526 985 si
547 929 750 996 audet,
779 927 1104 998 sacrilegus
1121 943 1333 983 eorum
1359 925 1600 999 putrida
1612 923 2017 994 membra,do-

349 1019 579 1076 loribus
609 1020 1066 1086 tormentorum,
1111 1016 1427 1090 poenisque
1475 1018 1854 1087 consumpta.
1903 1011 2017 1068 Sed

349 1109 476 1164 haec
506 1105 855 1180 temporalis
885 1105 1190 1178 corruptio
1219 1120 1543 1177 corporum
1566 1103 1628 1158 in
1655 1102 1824 1158 nullo
1844 1100 2020 1157 detri-

352 1201 626 1254 mentum
646 1196 826 1252 infert
855 1195 1181 1252 animabus
1216 1198 1606 1252 sanctorum:
1637 1209 1773 1266 quae
1819 1195 2020 1248 tamen

352 1285 672 1343 incolumis
703 1284 984 1341 materies
1017 1285 1219 1340 carnis
1251 1283 1539 1356 prodesse
1569 1297 1692 1338 non
1721 1281 1939 1354 poterit
1959 1281 2021 1336 in

353 1377 554 1432 futuro
574 1375 818 1446 iniquis,
849 1377 1000 1430 Nam
1030 1389 1137 1429 cur
1160 1389 1318 1430 vana
1362 1372 1762 1429 sollicitudine
1796 1371 1871 1428 de
1897 1387 2024 1427 cor-

355 1480 577 1538 porum
608 1462 944 1532 integritate
996 1462 1497 1525 distenderentur,
1529 1461 1791 1534 quivere
1841 1476 2022 1516 nove-

358 1557 494 1610 rant
522 1567 768 1608 omnem
797 1550 1197 1624 temporalem
1228 1551 1483 1606 salutem
1513 1550 1696 1606 etiam
1722 1566 1860 1606 cum
1888 1549 2022 1623 ipso

359 1642 592 1699 mundo
621 1641 834 1714 perire,
853 1645 910 1696 et
932 1639 1096 1698 illam
1108 1639 1483 1714 protoplasto
1501 1640 1640 1696 Adae
1667 1639 2022 1696 sententiam

2122 475 2280 530 mine
2308 481 2515 544 meo,et
2543 477 2821 533 seducent
2841 477 3058 532 multos
3084 477 3319 548 (Matth.
3347 495 3502 549 xxxv,
3520 483 3575 545 4,
3598 483 3660 548 5)
3693 497 3709 535 :
3748 485 3819 536 et

2123 579 2235 620 nos
2280 564 2596 621 formidine
2644 566 2954 622 amittendi
3019 567 3410 640 temporalem
3461 568 3812 638 honorem,

2123 669 2279 726 quos
2305 659 2602 726 martyres
2656 671 2777 711 non
2809 655 3082 726 colimus,
3117 657 3426 713 hareticos
3486 663 3815 731 protesta-

2124 741 2391 798 mur.Vae
2420 743 2532 799 illis
2561 744 2664 817 qui
2694 744 2810 800 ista
2838 749 3140 801 sectantur
3165 746 3290 802 ινδιξ
3319 746 3402 803 eis
3423 747 3528 821 qui
3545 747 3812 804 bonum

2124 836 2404 905 putantes
2437 833 2688 903 malum,
2719 838 2777 890 et
2805 834 3002 891 lucem
3054 840 3463 892 convertentes
3514 837 3577 894 in
3626 843 3814 895 tene—

2125 921 2267 978 bras
2292 923 2432 994 (Isa.
2461 939 2517 993 v,
2552 924 2660 995 20),
2693 923 2858 996 quod
2885 924 3104 997 patulis
3143 925 3479 983 refutarunt
3499 927 3814 1001 blasphe-

2126 1011 2280 1080 miis,
2299 1013 2544 1068 occultis
2573 1013 2753 1070 etiam
2779 1014 3048 1071 convitiis
3078 1016 3509 1088 insequuntur!
3534 1021 3616 1074 Ne
3634 1018 3814 1074 inter

2128 1106 2421 1174 martyres
2441 1102 2798 1176 habeantur,
2823 1120 2898 1161 ne
2927 1104 3127 1162 debita
3153 1105 3237 1161 eis
3263 1107 3598 1164 reverentia
3622 1107 3809 1163 exhi-

2128 1192 2357 1262 beatur,
2388 1191 2493 1264 qui
2514 1194 2949 1250 contumaciori
2993 1196 3205 1267 spiritu
3231 1199 3442 1252 contra
3470 1196 3809 1252 inimicum

2126 1282 2266 1338 ﬁdei
2297 1298 2398 1338 ore
2418 1282 2775 1356 blaspheme
2813 1285 3136 1356 venientes,
3163 1285 3350 1354 digna
3380 1285 3607 1342 ultione
3649 1303 3813 1342 con-

2130 1371 2356 1444 sumpti
2389 1375 2530 1427 sunt
2558 1373 2693 1444 (t9).
2723 1377 2802 1429 Ac
2834 1389 2910 1430 ne
2963 1374 3158 1430 caeteri
3189 1375 3268 1430 ad
3292 1375 3648 1446 hujusmodi
3685 1392 3808 1449 pa-

2128 1461 2392 1518 laastram
2414 1461 3081 1525 discurrant,schedulis
3109 1464 3563 1521 anathematum
3583 1481 3702 1539 per
3717 1465 3812 1521 lo-

2130 1566 2202 1606 ca
2226 1549 2391 1606 varia
2416 1549 2694 1607 damnari
2715 1551 3022 1622 jubentur.
3043 1552 3099 1607 Si
3120 1568 3263 1624 ergo
3289 1553 3367 1608 ab
3396 1553 3467 1609 iis
3501 1554 3810 1610 Dominus

2130 1638 2423 1696 abstrahit
2449 1640 2790 1712 praemium,
2821 1657 2893 1697 eo
2946 1641 3114 1714 quod
3156 1645 3429 1714 apertum
3461 1647 3519 1699 et
3547 1648 3813 1716 sponta-

360 1730 571 1788 mortis
594 1729 877 1787 collatam
898 1728 1249 1799 generaliter
1265 1729 1492 1786 cunctis
1511 1728 1864 1785 mortalibus
1884 1743 2022 1784 con-
2053 1754 2094 1807 Β
2129 1745 2314 1784 neum
2333 1727 2410 1784 ad
2420 1744 2619 1784 versus
2645 1729 2880 1786 hostem
2902 1729 3203 1800 religionis
3231 1731 3525 1801 gesserint
3540 1731 3805 1799 bellum,

363 1835 576 1890 gruere
601 1837 614 1875 :
639 1819 856 1875 Paleis
887 1833 967 1888 es,
998 1823 1054 1874 et
1083 1819 1146 1873 in
1164 1819 1475 1888 pulverem
1506 1818 1820 1874 reverteris
1849 1817 2018 1888 (Gen.

364 1925 446 1980 ιιι,
475 1907 596 1979 10)?
621 1907 820 1964 Sancti
850 1907 1091 1977 etenim,
1124 1906 1228 1980 qui
1257 1909 1530 1978 expertes
1558 1905 1689 1977 ejus
1719 1905 1868 1975 legis
1899 1920 2023 1961 non

363 2001 521 2060 sunt,
550 1996 718 2069 quod
737 1995 799 2052 in
831 2000 988 2053 terra
1014 2012 1145 2060 sua,
1165 1995 1227 2052 id
1252 2000 1346 2052 est
1381 1995 1751 2053 Hierusalem
1776 1995 2022 2063 caelesti,

361 2087 628 2162 duplicia
647 2087 905 2156 (nacturi
951 2091 1091 2144 sunt
1135 2087 1419 2161 praemia;
1478 2101 1603 2143 non
1658 2101 2026 2159 magnopere

363 2175 742 2250 corporalem
773 2179 1034 2250 pensant
1051 2176 1382 2248 jacturam,
1409 2191 1600 2249 quam
1649 2175 1938 2232 veraciter
1965 2175 2027 2231 in

364 2267 468 2324 illa
483 2265 748 2337 generali
773 2265 1092 2322 heminam
1107 2265 1538 2322 resurrectione
1557 2266 1634 2322 de
1655 2265 2028 2339 quibuscun-

366 2355 1092 2430 quelabefactationibus,
1121 2355 1290 2424 locis,
1346 2355 1552 2423 antris,
1602 2359 1660 2411 et
1701 2355 2028 2428 speluncis,

371 2462 477 2502 seu
507 2461 580 2501 ex
611 2444 869 2501 aliorum
899 2443 1334 2501 elementorum
1357 2444 1734 2500 abditissimo
1747 2445 2031 2517 sinu,quo

367 2534 606 2607 dilapsa
671 2533 969 2590 cadevera
1023 2533 1326 2606 perierint,
1366 2532 1430 2589 in
1483 2533 1768 2606 temporis
1806 2537 2032 2606 puncto

366 2621 703 2692 reddenda,
736 2626 794 2678 et
818 2622 1245 2692 reintegranda
1266 2637 1341 2677 ex
1354 2620 1532 2691 legali
1555 2622 1904 2678 auctoritate
1935 2637 2030 2678 co-

371 2713 675 2780 gnoscunt
703 2713 761 2766 et
780 2710 1064 2766 credunt:
1096 2714 1162 2767 ut
1189 2711 1308 2783 ipsi
1335 2710 1584 2783 quidem
1629 2710 1821 2766 sancti
1842 2711 2035 2784 dupli-

371 2799 427 2855 ci
453 2799 706 2872 praamio
753 2798 1225 2869 congaudentes,
1255 2798 1400 2856 bina
1451 2798 1802 2856 confusione
1833 2804 2033 2857 conte-

371 2892 509 2944 rant
535 2886 756 2960 impios
782 2903 852 2945 ac
881 2891 1248 2961 peccatores.

444 2978 536 3035 27.
570 2977 737 3034 Unde
759 2977 1012 3035 obsecro
1040 2995 1171 3050 vos,
1204 2995 1240 3036 ο
1262 2979 1452 3036 sancti
1477 2979 1690 3036 fratres
1738 2979 1945 3050 nostri,
1978 2984 2036 3038 et

375 3082 612 3124 sorores
639 3067 702 3124 in
727 3067 962 3124 Christo
987 3067 1202 3137 beatae,
1231 3084 1308 3124 ne
1337 3068 1658 3125 stultorum
1696 3070 2032 3127 assertioni-

373 3157 491 3214 bus
521 3155 941 3221 exturbemini,
972 3161 1076 3214 aut
1100 3159 1459 3231 conjecturis
1489 3158 1717 3216 creduli
1766 3161 2033 3217 nescien-

373 3248 528 3305 tium
557 3247 761 3320 aliquo
817 3247 1014 3305 saltim
1065 3249 1348 3322 scrupulo
1398 3249 1588 3324 (quod
1613 3249 1795 3322 absit)
1825 3255 2035 3308 contra

374 3335 478 3394 Dei
505 3335 723 3393 milites
743 3337 1132 3394 moveamini.
1159 3337 1227 3392 Hi
1261 3343 1403 3395 sunt
1431 3338 1593 3395 enim
1619 3338 1724 3412 qui
1754 3339 1870 3412 piae
1907 3339 2039 3395 reli-

377 3425 571 3494 gionis
604 3423 820 3481 ardore
843 3441 968 3482 non
1015 3431 1528 3499 compunguntur,
1559 3431 1617 3484 et
1663 3427 1885 3484 idcirco
1913 3444 2039 3485 non

377 3511 576 3568 solum
604 3511 838 3568 veritati
861 3512 1061 3570 favere
1087 3530 1212 3570 non
1243 3520 1520 3587 possunt,
1552 3516 1946 3574 verumetiam
1972 3517 2039 3572 ti-

377 3599 520 3655 dem
549 3603 842 3672 sanctam,
870 3616 1058 3672 quam
1085 3601 1291 3659 leviter
1317 3608 1513 3660 etnon
1539 3605 1658 3663 alto
1676 3605 2041 3662 credulitatis

379 3687 778 3745 fundamento
819 3689 1105 3746 cordibus
1160 3697 1394 3764 gerunt,
1445 3693 1766 3750 defendere
1815 3710 2040 3767 neque-

379 3781 509 3848 unt,
531 3777 728 3848 magis
755 3778 1116 3849 derogantes
1147 3781 1196 3837 si
1225 3785 1471 3855 propter
1503 3782 1669 3838 illam
1698 3783 1834 3856 quis
1863 3783 2044 3839 ultro-

376 3881 530 3923 neus
561 3867 874 3938 moriatur,
903 3885 1092 3942 quam
1119 3870 1390 3928 dolentes
1431 3871 1477 3927 si
1512 3872 1591 3928 ab
1614 3887 1687 3928 ea
1720 3871 1923 3944 plures
1954 3888 2042 3929 re-

382 3956 653 4013 cedendo
707 3957 997 4031 laqueum
1050 3961 1565 4034 praevaricationis
1600 3961 1926 4019 incurrant.
1978 3965 2044 4020 Et

379 4045 522 4102 hinc
546 4046 627 4102 ad
655 4047 1039 4118 sacrilegium
1067 4049 1393 4124 impietatis
1416 4051 1588 4108 facile
1619 4050 2041 4124 prolabuntur,

381 4133 532 4188 dum
561 4135 728 4206 quod
757 4151 794 4191 a
815 4139 955 4206 Deo,
979 4138 1375 4208 justiticatum
1403 4144 1511 4210 est,
1556 4140 1651 4196 isti
1679 4142 2045 4199 condemna-

380 4237 446 4278 re
474 4237 600 4277 non
627 4229 965 4281 vereantur.
998 4225 1168 4282 Plebs
1189 4227 1314 4284 sine
1343 4229 1684 4303 disciplina,
1713 4230 1788 4286 de
1817 4231 2042 4305 quibus

385 4309 677 4382 scriptum
701 4315 791 4368 est
814 4329 827 4367 :
852 4315 932 4369 Et
952 4315 1133 4384 impie
1160 4323 1338 4388 agent
1369 4320 1560 4392 impii,
1591 4335 1782 4392 neque
1821 4323 2044 4378 intelli-

383 4402 528 4469 gent
557 4414 756 4456 omnes
784 4401 956 4471 impii
971 4403 1153 4474 (Dan.
1176 4408 1398 4479 xn,tO):
1424 4407 1552 4480 qui,
1582 4413 1648 4464 ut
1677 4409 1767 4465 sal
1788 4409 2044 4465 infatua-

383 4492 501 4556 tus,
536 4504 572 4545 a
593 4493 752 4547 coetu
781 4492 1215 4551 catholicorum
1245 4474 1386 4552 foris
1429 4474 1804 4571 projiciendi,
1863 4502 1921 4555 et
1962 4500 2042 4556 ab
2073 4474 2118 4528 D

386 4577 674 4635 omnibus
699 4581 1116 4657 conculcandi,
1141 4600 1212 4642 ac
1241 4585 1404 4643 velut
1455 4603 1670 4644 nemus
1721 4589 2046 4646 infructuo-

385 4684 522 4723 sum
548 4670 739 4726 securi
770 4672 1113 4744 evangelica
1155 4676 1618 4754 praescindendi,
1669 4677 1795 4754 igni
1835 4694 2045 4755 perpe-

383 4761 487 4815 tuo
508 4757 841 4832 deputandi
871 4768 1026 4822 sunt.

454 4851 546 4937 28.
566 4851 954 4912 Pensandum
983 4859 1090 4927 est,
1110 4857 1340 4932 fratres,
1371 4861 1467 4919 cui
1496 4862 1818 4937 dispendio
1839 4863 2046 4934 subja-

385 4935 562 5008 cebit,
574 4938 680 5010 qui
709 4945 885 4998 tantae
905 4943 1166 5004 victoria
1195 4948 1440 5008 laudem
1464 4935 1761 5008 infamare
1790 4968 1915 5007 non
1928 4967 2049 5008 me-

383 5024 528 5112 tuit,_
559 5027 666 5097 qui
695 5031 780 5086 tot
831 5032 1101 5092 virorum
1155 5038 1452 5112 triumplis
1483 5040 1699 5096 obvius
1747 5041 1927 5097 venit.
1964 5041 2049 5098 illi

385 5110 635 5182 quidem
665 5117 1108 5186 praedicationis
1121 5110 1467 5198 apostolicae
1489 5145 1614 5185 non
1636 5129 2045 5201 immemores,

384 5213 510 5254 non
541 5201 912 5261 erubuerunt
946 5210 1353 5271 testimonium
1411 5217 1648 5274 Domini
1694 5220 1882 5275 nostri
1910 5223 2049 5276 Jesu

387 5289 620 5356 Christi,
648 5297 705 5350 et
751 5295 1062 5354 veritatem
1095 5304 1281 5360 sancti
1309 5308 1612 5378 Evangelii
1641 5309 1719 5366 ad
1744 5310 2047 5367 confusio-

382 5393 524 5472 nem
538 5380 708 5456 impii
725 5383 988 5442 doctoris
1005 5389 1365 5451 etcultorum
1388 5397 1518 5468 ejus
1534 5398 1737 5471 palam
1758 5399 2045 5472 proferre.

384 5470 572 5563 Quem
605 5489 815 5563 unum,
839 5480 896 5532 et
920 5493 1217 5549 magnum
1239 5498 1311 5539 ex
1351 5470 1918 5563 pseudoprophetis,
1944 5503 2048 5544 ore

382 5559 692 5620 Dominico
723 5564 864 5624 olim
898 5583 1008 5640 per
1027 5572 1410 5644 Evangelium
1445 5559 1763 5646 denotatis,
1782 5594 1915 5634 esse
1943 5594 2048 5634 co-

383 5657 735 5748 gnoverant,
767 5654 916 5748 dum
938 5664 1116 5718 cauta
1159 5663 1692 5741 circumspectione
1735 5667 2049 5748 apostolos

379 5736 638 5796 intentos
661 5739 786 5799 fore
827 5745 1084 5824 juberet,
1109 5751 1353 5815 dicens:
1394 5736 1594 5828 Videte
1632 5775 1706 5838 ne
1755 5736 1888 5854 riuis
1927 5772 2033 5820 υοε

2131 1821 2362 1891 quanto
2392 1817 2632 1888 longius
2662 1817 2918 1875 aberunt
2939 1818 3018 1875 ab
3047 1819 3250 1876 interni
3282 1819 3458 1889 Regis
3489 1821 3807 1877 consortio

2132 1907 2238 1980 qui
2266 1907 2328 1963 in
2354 1907 2600 1964 occultis
2624 1909 3205 1966 murmurationibus
3235 1909 3445 1966 timore
3474 1910 3678 1966 carnis
3700 1909 3809 1966 de-

2133 1997 2327 2070 pressi
2351 1996 2622 2070 quotidie
2665 2000 2900 2069 agunt?
2942 1998 3226 2072 Nunquid
3273 1999 3360 2054 ori
3410 2003 3618 2056 nostro
3668 2000 3805 2056 haec

2133 2085 2480 2160 praedicatio
2512 2086 2678 2144 deest
2699 2087 2726 2143 ‘I
2745 2086 3025 2160 Nunquid
3052 2103 3244 2144 vacua
3257 2092 3346 2144 est
3360 2086 3805 2145 catholicorum

2138 2173 2436 2247 professio
2464 2175 2564 2231 tali
2592 2175 2895 2249 praeconio
2912 2177 2940 2232 ‘I

2207 2267 2298 2319 29.
2335 2263 2748 2321 Resistendum
2783 2270 2874 2322 est
2924 2264 3104 2336 igitur
3142 2265 3390 2322 omnino
3411 2264 3656 2337 justitiaa
3689 2263 3804 2322 ad-

2137 2351 2436 2421 versariis,
2489 2357 2546 2409 et
2583 2353 2926 2410 nullatenus
2971 2370 3083 2427 pro
3135 2354 3484 2410 defensione
3535 2353 3804 2410 veritatis

2141 2441 2471 2514 corporalis
2517 2442 2792 2498 interitus
2840 2441 3228 2499 differendus.
3279 2443 3477 2500 Merito
3529 2458 3803 2516 namque

2141 2530 2254 2586 hoc
2279 2530 2358 2587 ab
2389 2530 2504 2588 illis
2530 2531 2908 2600 exercitatur,
2941 2531 3046 2605 qui
3097 2537 3275 2588 aucta
3305 2532 3520 2588 virtute
3550 2546 3808 2601 magna-

2139 2619 2428 2676 nimitatis
2477 2620 2760 2677 divinitus
2807 2621 3081 2678 illustrati
3125 2624 3285 2689 sunt,
3336 2620 3806 2694 uberioremque

2142 2714 2402 2782 pensant
2429 2709 2770 2767 certaminis
2803 2710 3083 2777 fructum,
3113 2725 3302 2783 quam
3325 2726 3550 2767 securae
3571 2709 3808 2766 confes-

2143 2797 2328 2853 sionis
2358 2797 2723 2871 profectum:
2756 2813 2879 2855 non
2909 2798 3144 2854 interim
3194 2798 3431 2874 penitus
3480 2797 3805 2854 imbecillia

2143 2891 2591 2945 contemnentes
2639 2888 2912 2944 Ecclesite
2944 2887 3258 2956 membra;
3312 2888 3458 2961 quia
3506 2887 3802 2961 scriptum

2141 2981 2255 3034 est:
2287 2977 2548 3047 Spiritus
2567 2978 2803 3049 quidem
2828 2984 3166 3054 promptus,
3197 2993 3339 3034 caro
3385 2982 3585 3034 autem
3626 2977 3803 3046 inﬁr-

2141 3083 2240 3125 ma
2261 3067 2509 3138 (Matth.
2535 3083 2697 3135 xxvx,
2721 3068 2813 3137 41)
2842 3068 2972 3139 (20).
2994 3071 3108 3124 Nec
3131 3067 3418 3124 violenter
3441 3066 3521 3124 ad
3549 3066 3666 3123 hoc
3686 3071 3803 3122 sta-

2142 3157 2310 3214 dium
2341 3156 2725 3230 pertrahcndi
2755 3162 2911 3222 sunt,
2933 3157 3038 3230 qui
3063 3156 3293 3213 caelitus
3322 3171 3446 3213 non
3477 3171 3804 3230 compunc-

2143 3247 2184 3303 ti
2215 3249 2386 3302 sunt:
2421 3245 2711 3318 scriptum
2741 3250 2830 3302 est
2857 3245 3054 3302 enim:
3089 3246 3204 3314 Qui
3225 3251 3417 3316 potest
3456 3260 3670 3316 capere
3707 3260 3803 3302 ca-

2141 3337 2273 3408 piat
2305 3335 2544 3408 (Matth.
2569 3352 2676 3404 xrx,
2713 3337 2820 3405 t2).
2842 3338 2908 3392 Et
2932 3336 3181 3391 iterum:
3209 3336 3614 3407 Etigentur,et
3643 3334 3803 3391 deat-

2147 3425 2473 3497 babuntur,
2503 3431 2560 3482 et
2584 3439 2756 3497 quasi
2789 3425 2928 3496 igne
2952 3423 3375 3494 probabuntur
3409 3425 3591 3481 multi
3619 3424 3800 3490 (Dan.

2145 3530 2245 3578 xu,
2281 3515 2404 3587 10):
2465 3529 2590 3570 non
2630 3530 2863 3571 omnes.
2913 3513 3322 3581 Quamobrem
3372 3513 3643 3570 terminis
3697 3513 3804 3568 do-

2146 3619 2387 3668 norum,
2432 3619 2569 3677 quae
2620 3605 2740 3660 Deo
2787 3603 3175 3676 dispensante
3223 3602 3642 3676 unusquisque
3690 3600 3802 3658 sibi

2147 3692 2342 3749 inesse
2362 3693 2693 3763 cognoscit,
2723 3696 3038 3749 contentus
3069 3692 3163 3765 sit,
3192 3707 3304 3749 nec
3340 3707 3527 3765 supra
3557 3706 3800 3747 mensu-

2148 3797 2281 3838 ram
2326 3781 2522 3838 collati
2552 3781 2819 3838 muneris
2870 3781 3199 3856 quisquam
3250 3785 3470 3838 temere
3519 3785 3800 3837 conatum

2150 3871 2448 3928 extendat.
2483 3871 2626 3927 Hinc
2647 3872 2944 3942 congruit,
2971 3875 3038 3928 ut
3066 3871 3171 3945 qui
3203 3886 3266 3927 se
3287 3871 3635 3928 destitutum
3663 3869 3798 3926 viri-

2149 3959 2266 4016 bus
2296 3961 2374 4017 ad
2401 3960 2804 4034 prteliandum
2841 3977 2966 4018 non
2995 3960 3250 4032 ignorat,
3298 3964 3354 4017 et
3381 3959 3584 4016 minus
3627 3974 3799 4032 posse

2149 4050 2396 4124 proprio
2424 4047 2650 4121 judicio
2677 4047 3092 4121 considerans,
3126 4050 3318 4106 aciem
3357 4048 3515 4105 hosti
3552 4064 3672 4104 non
3701 4064 3801 4120 pa-

2151 4145 2260 4204 ret,
2313 4157 2345 4196 e
2376 4140 2620 4212 regione
2651 4145 2862 4213 sponte
2883 4139 3366 4213 praeparantibus
3403 4154 3527 4194 non
3551 4135 3797 4210 resistat,

2153 4233 2222 4288 Ut
2249 4246 2433 4303 quem
2462 4247 2586 4286 non
2615 4230 2842 4286 habent
2869 4228 3574 4302 certaminaexpeditum,
3594 4243 3799 4300 pavor-

2152 4335 2271 4392 que
2295 4319 2564 4376 bellandi
2585 4318 2764 4375 efﬁcit
2791 4319 3092 4388 timidum,
3115 4318 3277 4374 hunc
3303 4318 3467 4388 justa
3493 4331 3616 4372 non
3646 4316 3798 4372 inve-

2153 4409 2279 4466 niat
2307 4409 2688 4466 detractionis
2716 4408 2859 4465 ultio
2875 4407 3275 4481 puniendum.
3301 4406 3598 4473 Quoniam
3623 4405 3799 4479 scrip-

2154 4503 2282 4555 tum
2308 4505 2397 4556 est
2422 4517 2435 4555 :
2471 4500 2654 4556 Omne
2681 4499 2924 4555 verbum
2955 4499 3205 4554 otiosum
3258 4497 3419 4569 quod
3467 4497 3651 4552 locuti
3672 4496 3799 4565 fue-

2155 4593 2278 4644 rint
2299 4588 2582 4646 homines.
2617 4587 2869 4644 reddent
2888 4587 2961 4643 de
2986 4603 3050 4643 eo
3072 4588 3364 4643 rationem
3397 4587 3462 4642 in
3481 4586 3575 4641 die
3588 4585 3803 4654 judicii

2155 4679 2396 4750 (Matth.
2426 4696 2527 4747 χιι,
2560 4678 2670 4750 36),
2701 4676 2874 4743 Quod
2913 4677 2962 4732 si
3019 4676 3218 4732 omnis
3268 4674 3632 4746 vaniloquus
3663 4688 3797 4729 con-

2155 4767 2542 4824 demnandus
2571 4766 2769 4823 veniet
2806 4768 2868 4821 in
2891 4765 3211 4837 judicium,
3234 4779 3359 4838 qua
3389 4761 3675 4819 sententia
3692 4777 3798 4834 pu-

2153 4857 2350 4914 nietur
2377 4857 2703 4914 infamator
2731 4857 3124 4913 sanctorum?
3179 4854 3290 4920 Qui
3347 4853 3509 4909 enim
3548 4851 3638 4908 sui
3682 4867 3798 4907 non

2153 4945 2468 5020 imperitus
2528 4945 2784 5018 grandia
2839 4959 2965 5001 non
3005 4943 3371 5016 exsequitur,
3403 4939 3797 5012 gradientibus

2155 5035 2234 5093 ad
2258 5035 2510 5092 celsiora
2549 5050 2675 5091 non
2731 5034 3112 5091 adversetur:
3158 5033 3501 5103 haereatque
3553 5028 3701 5097 imis,
3747 5031 3800 5085 et

2156 5124 2288 5182 solo
2317 5123 2707 5198 proclivibus,
2729 5122 2835 5195 qui
2855 5121 3066 5195 nequit
3094 5119 3370 5177 meditari
3416 5117 3706 5174 sublimia.
3735 5119 3801 5174 Ut

2157 5220 2245 5275 est
2270 5215 2415 5271 illud
2437 5213 2603 5288 apud
2631 5211 3053 5269 Salomonem:
3086 5211 3322 5267 Attiora
3352 5214 3406 5266 te
3432 5223 3553 5264 non
3576 5207 3798 5264 investi-

2158 5305 2416 5378 gaveris,
2450 5309 2505 5360 et
2527 5302 2942 5372 profundiora
2990 5314 3064 5356 ne
3093 5299 3443 5370 exquisieris
3473 5296 3677 5368 (Eccti.
3723 5311 3796 5350 ιιι.

2159 5400 2275 5463 2'2).
2327 5398 2394 5450 Et
2460 5395 2897 5465 consequenter
2954 5390 3065 5463 (2t)
3127 5389 3272 5445 Cato
3327 5387 3504 5445 infert
3555 5384 3798 5458 philoso-

2159 5487 2353 5558 phus:

2230 5584 2391 5647 Quod
2417 5587 2604 5653 potes,
2634 5582 2689 5633 id
2715 5584 2874 5635 tenta
2903 5581 3094 5647 operis
3123 5595 3138 5645 ς
3161 5596 3229 5632 ne
3251 5577 3754 5653 ponderepressus

2234 5647 2575 5710 Succuinbat
2589 5647 2782 5717 labor,
2816 5658 2874 5708 et
2903 5656 3127 5708 frustra
3154 5647 3378 5706 tentata
3418 5647 3702 5717 relinquas

2235 5753 2494 5809 30.Certe
2517 5751 2566 5808 si
2580 5750 2887 5829 quosdam
2904 5749 3111 5825 palam
3125 5764 3267 5832 qum
3283 5750 3496 5811 sancta
3518 5748 3653 5804 sunt
3676 5759 3796 5823 pro-
