3960 6392
125 277 236 329 761

1216 286 1641 344 ΜΕΜοιιιΑιιε
1693 287 2131 344 SANCTORUM.
2173 317 2243 328 —-
2282 289 2412 344 LIB.
2457 293 2498 344 Ι.

3493 302 3599 356 762

123 396 382 454 ﬁtentes
412 399 681 457 infernus
708 405 885 467 tenet,
910 405 1098 462 multo
1120 409 1317 478 magis
1335 411 1439 483 qui
1459 411 1522 467 in
1550 411 1808 468 abscon-
1843 425 1889 476 Α
1931 410 2016 466 ire
2049 413 2306 480 coegerit
2325 413 2354 468 ?
2383 414 2686 477 Quantum
2725 429 2880 481 reor,
2929 415 3132 470 nullus
3181 419 3592 501 responderet.

124 485 267 543 dito
287 489 604 547 veritatem
629 493 960 564 praedicant
974 495 1235 554 claustra
1257 500 1570 571 possident
1596 501 1813 557 infero-

123 592 299 632 rum.
325 579 476 644 Quia
507 581 553 635 si
587 583 779 638 oberit
803 583 1213 657 palesstricum
1240 588 1542 646 luctamen
1566 590 1813 662 justitite

124 669 565 738 assertoribus,
594 672 862 746 profecto
913 675 1061 731 nihil
1104 678 1372 750 proderit
1397 680 1555 737 clam
1594 681 1813 737 verita-

126 759 263 813 tem
301 757 648 817 fatentibus.
685 765 752 819 Et
779 780 915 837 quas
961 781 1134 822 mens
1163 767 1440 840 religiosa
1471 771 1628 828 hanc
1653 772 1814 827 insa-

126 847 313 903 niam
340 850 562 918 credat,
595 855 661 908 ut
701 868 774 908 ex
816 869 888 910 eo
918 854 980 910 in
1010 857 1406 929 opprobrium
1436 861 1640 917 veniat
1666 860 1818 917 veri-

127 939 254 999 tas,
286 939 626 1012 reprobans
669 942 922 1010 malum,
956 961 1029 1001 ex
1060 962 1184 1018 quo
1224 963 1349 1004 non
1378 949 1665 1007 violenter
1692 955 1813 1008 tra-

125 1025 350 1083 himur
380 1029 458 1084 ad
484 1030 842 1100 gentilitium
868 1035 1100 1090 malum
1121 1037 1150 1092 ‘I
1179 1039 1247 1093 Et
1267 1037 1407 1094 inde
1423 1039 1559 1112 ipsa
1583 1040 1814 1112 justitia

128 1117 493 1190 martyriale
539 1135 663 1176 non
697 1121 922 1180 habeat
962 1125 1302 1198 praemium,
1335 1143 1468 1201 quae
1512 1129 1575 1186 in
1604 1136 1812 1188 aucto-

125 1219 269 1260 rem
293 1207 533 1263 sceleris
547 1209 824 1280 patulum
847 1211 1022 1269 infert
1043 1214 1414 1274 convicium?
1430 1217 1597 1275 Unde
1622 1219 1809 1276 liben-

127 1296 223 1350 ter
264 1311 306 1351 a
335 1294 667 1353 cultoribus
693 1299 968 1370 ejusdem
1020 1304 1176 1360 vatis
1215 1303 1369 1361 inter
1398 1308 1568 1378 regni
1599 1324 1809 1365 eorum

127 1382 460 1454 privilegia
513 1384 654 1442 ﬁdei
696 1389 1042 1448 Christianas
1075 1392 1328 1450 sinimur
1364 1400 1596 1466 gestare
1629 1398 1810 1454 vexil-

123 1470 287 1559 lum.
319 1472 502 1538 Quasi
523 1489 735 1532 eorum
763 1478 1063 1551 patientiae
1086 1481 1159 1538 sit
1181 1481 1622 1556 deputandum,
1641 1486 1808 1559 quod

126 1558 293 1616 inter
316 1559 484 1634 ipsos
514 1563 641 1620 sine
670 1566 945 1625 molestia
965 1568 1105 1626 ﬁdei
1133 1569 1433 1642 degimus,
1466 1577 1524 1630 et
1551 1558 1679 1631 non
1699 1591 1809 1649 po-

127 1647 253 1705 tius
281 1649 501 1706 divinae
529 1652 966 1727 dispensationi
994 1658 1132 1714 sitre
1167 1658 1191 1714 f
1204 1661 1504 1732 :rendum,
1538 1680 1674 1738 quae
1703 1647 1809 1739 pa-

1926 501 2094 573 quod
2119 501 2335 558 intuitu
2381 503 2676 558 moriendi
2707 503 2940 560 obitum
2983 507 3334 577 expetierint
3381 512 3593 579 sancti,

1927 589 2034 644 sed
2080 594 2143 646 ut
2185 607 2291 662 per
2322 593 2718 663 temporalem
2772 592 3075 649 interitum
3102 595 3271 663 ignes
3305 598 3598 656 evitarent

1924 679 2196 751 perpetui
2225 679 2388 736 lethi.
2422 683 2800 754 Quapropter
2819 697 2922 738 eos
2943 682 3359 741 incunctanter
3378 688 3594 744 eadem

1923 769 2327 826 remuneratio
2372 769 2768 826 nihilominus
2832 778 3254 845 consequetur,
3299 792 3436 848 quae
3485 777 3596 835 fuit

1922 872 2109 914 causa
2155 858 2474 929 moriendi,
2521 874 2644 915 non
2695 877 2831 933 quae
2885 861 3103 917 exstitit
3151 863 3428 920 voluntas
3467 882 3592 923 mo-

1919 945 2132 1002 riendi.
2165 947 2588 1020 Unusquisque
2609 963 2753 1018 ergo
2789 965 2996 1005 eorum
3021 951 3186 1022 quod
3213 953 3340 1008 vult
3362 954 3587 1025 credat,

1919 1033 2097 1102 dicat,
2133 1035 2226 1095 vel
2258 1036 2474 1092 sentiat
2507 1054 2519 1092 :
2553 1053 2649 1092 me
2680 1042 2882 1093 tamen
2913 1055 2986 1094 ea
3005 1056 3147 1112 pars
3173 1040 3412 1097 ﬁrmum
3443 1042 3593 1099 obti-

1917 1129 2018 1180 net
2047 1123 2446 1191 defensorem,
2475 1141 2608 1198 quae
2649 1142 2788 1182 cum
2823 1144 3068 1183 summa
3110 1131 3440 1187 reverentia
3487 1148 3587 1187 eo-

1915 1229 2053 1270 rum
2081 1213 2311 1270 cultum
2339 1218 2684 1278 veneratur,
2702 1220 2759 1271 et
2777 1216 3002 1272 extollit
3025 1217 3320 1274 honorem
3342 1237 3355 1274 :
3381 1219 3588 1294 ibique

1915 1302 2156 1359 ﬁdelem
2189 1303 2303 1359 sub
2334 1303 2680 1360 testimonio
2715 1304 2950 1360 Domini
2981 1306 3169 1362 nostri
3201 1307 3345 1362 Jesu
3376 1310 3588 1366 Christi

1915 1391 2079 1448 dono
2109 1407 2452 1460 assensum,
2483 1391 2588 1448 ubi
2635 1407 2848 1448 eorum
2897 1393 3218 1466 praecipuis
3268 1395 3449 1450 titulis
3491 1415 3590 1452 su-

1915 1481 2202 1538 blimatur
2256 1486 2575 1554 tropaeum.
2643 1483 3022 1555 Quapropter
3082 1483 3144 1538 in
3202 1489 3588 1556 posterorum

1913 1571 2187 1628 notitiam
2213 1571 2375 1627 hunc
2406 1570 2641 1627 decrevi
2670 1587 2917 1627 manere
2959 1576 3298 1642 tractatum,
3345 1578 3410 1629 ut
3438 1590 3590 1646 qua-

1912 1659 2033 1716 lem
2063 1660 2139 1716 de
2160 1660 2551 1716 dominorum
2584 1676 2860 1716 meorum
2884 1660 3121 1717 tulerim
3151 1676 3413 1732 agonem
3429 1662 3592 1733 judi-

126 1737 450 1808 triarchas,
477 1743 822 1816 prophetas,
855 1750 912 1802 et
962 1753 1279 1820 apOstolos
1308 1767 1454 1808 suos
1502 1737 1658 1810 inter
1679 1737 1810 1811 feri-
1839 1784 1878 1838 Β
1915 1750 2096 1819 cium,
2117 1754 2174 1807 et
2203 1750 2394 1806 astatis
2425 1754 2645 1806 nostrae
2677 1750 2894 1820 vulgus
2921 1750 3178 1821 noverit,
3206 1756 3264 1807 et
3291 1751 3584 1808 futurum.

129 1833 286 1886 tates
305 1831 575 1900 gentium
596 1837 996 1907 conservavit,
1016 1839 1353 1896 honoribus
1373 1843 1601 1913 extulit,
1617 1844 1808 1915 digni-

130 1919 362 1976 tatibus
389 1921 758 1981 sublimavit.
795 1926 906 1992 Qui
952 1928 1131 1984 etiam
1182 1929 1286 2002 pia
1331 1932 1807 2004 promissionum

132 2025 244 2084 spe
274 2009 606 2085 discipulos
634 2015 978 2085 consolans,
1012 2017 1094 2077 ait
1126 2037 1139 2075 :
1172 2019 1328 2078 Ecce
1356 2036 1461 2093 ego
1506 2023 1804 2080 vobiscum

130 2116 268 2157 sum
311 2102 586 2160 omnibus
633 2105 839 2162 diebus
877 2122 1064 2179 usque
1109 2110 1192 2165 ad
1235 2114 1802 2173 consummationem

129 2191 346 2246 saeculi
391 2191 630 2262 (Matth.
659 2211 852 2266 xxvm,
876 2195 990 2267 20).
1021 2200 1401 2272 Quapropter
1445 2216 1572 2256 non
1619 2201 1805 2274 hujus

129 2278 336 2353 impiae
385 2281 580 2351 gentis
620 2282 934 2350 beneﬁcio,
986 2286 1050 2342 in
1099 2287 1274 2359 cujus
1322 2288 1546 2346 ditione
1594 2295 1804 2348 nostro

129 2368 531 2442 compellente
556 2371 822 2429 facinore
840 2379 1142 2448 sceptrum
1170 2376 1473 2450 Hispaniae
1496 2384 1633 2453 post
1652 2381 1806 2437 exci-

126 2457 302 2514 dium
334 2463 393 2516 et
420 2458 794 2518 evulsionem
842 2465 1013 2534 regni
1061 2465 1391 2523 Gothorum
1444 2469 1801 2526 translatum

127 2551 217 2604 est
247 2547 438 2621 (quod
465 2548 808 2608 felicissimo
836 2551 980 2609 ﬁdei
1001 2553 1350 2611 Christianae
1371 2556 1607 2630 pridem
1638 2559 1802 2615 cultu

125 2635 416 2710 pollebat,
449 2640 885 2698 venerabilium
920 2643 1303 2701 sacerdotum
1321 2645 1611 2717 dignitate
1631 2647 1802 2704 ﬂore-

123 2727 253 2799 bat,
271 2733 331 2785 et
359 2729 698 2787 admirabili
724 2732 1113 2790 basilicarum
1142 2736 1583 2794 constructione
1611 2737 1799 2810 fulge-

121 2816 292 2890 bat);
325 2817 434 2874 sed
463 2820 656 2890 gratia
701 2822 1116 2896 Redemptoris
1145 2824 1259 2895 sui,
1286 2830 1344 2882 et
1367 2826 1500 2897 ejus
1551 2827 1798 2884 assiduo

123 2906 436 2976 comitatu,
489 2908 748 2967 Ecclesia
791 2911 1080 2969 custodiri
1119 2917 1402 2984 meretur,
1447 2915 1550 2988 qui
1599 2915 1793 2972 dixit:

118 2996 293 3052 Sicut
325 2997 461 3053 lilia
487 2997 648 3055 inter
673 3000 902 3070 spinas,
932 3001 1019 3058 sic
1048 3003 1244 3058 amica
1272 3017 1405 3060 mea
1451 3005 1610 3060 inter
1633 3005 1797 3074 ﬁlias

123 3083 326 3154 (Cant.
357 3100 417 3154 ιι,
445 3085 524 3152 2).
563 3088 630 3141 Et
656 3085 873 3143 iterum
904 3104 918 3143 :
950 3090 1024 3144 In
1064 3090 1258 3146 medio
1287 3092 1550 3147 nationis
1579 3106 1796 3162 pravae

121 3178 180 3229 et
204 3188 507 3243 perversa:
538 3191 552 3230 :
582 3175 743 3233 inter
789 3193 936 3249 quos
988 3179 1222 3250 lucetis,
1253 3181 1410 3236 sicut
1461 3181 1796 3240 luminaria

121 3264 187 3318 in
210 3262 440 3320 mundo
469 3263 765 3336 (Philipp.
793 3282 856 3337 ιι,
884 3271 992 3336 15).

194 3352 286 3409 31.
329 3353 446 3410 Sed
474 3355 752 3412 noverint
779 3355 918 3429 ipsi,
949 3358 1054 3431 qui
1083 3358 1214 3416 haec
1257 3358 1564 3416 obstinata
1591 3366 1793 3418 mente

120 3441 198 3498 de
249 3442 623 3516 martyribus
667 3444 768 3501 Dei
826 3447 1107 3517 sentiunt,
1136 3447 1515 3522 impurisque
1572 3450 1794 3522 linguis

121 3531 379 3603 gloriam
425 3537 773 3590 sanctorum
803 3536 1080 3593 mutilare
1139 3553 1265 3593 non
1289 3543 1592 3608 verentur,
1624 3540 1794 3612 quod

119 3637 262 3678 cum
292 3621 524 3678 eisdem
543 3624 776 3680 sanctis
802 3641 1020 3683 causas
1040 3626 1102 3682 in
1123 3626 1324 3684 futuro
1353 3630 1630 3685 examine
1653 3635 1794 3685 sunt

119 3710 330 3781 acturi,
362 3715 439 3780 et,
491 3711 608 3768 nisi
664 3713 973 3771 fructuosa
1020 3717 1391 3788 praecesserit
1443 3718 1788 3787 satisfactio,

118 3801 415 3856 rationem
445 3806 583 3859 ante
605 3803 870 3860 tribunal
896 3805 1133 3861 Domini
1153 3805 1461 3862 reddituri.
1488 3811 1636 3863 Nam
1667 3823 1792 3880 qua

118 3889 310 3946 fronte
355 3889 749 3948 clariﬁcatum
803 3893 993 3963 gloria
1023 3895 1326 3968 passionis
1380 3900 1523 3953 tunc
1553 3897 1788 3954 vultum

120 3995 328 4036 eorum
378 3980 630 4053 aspiciet
671 3983 734 4038 in
787 3984 1184 4040 contubernio
1236 3985 1408 4055 Regis
1455 3987 1658 4043 aeterni
1707 3987 1788 4043 ob

119 4069 398 4126 meritum
429 4071 777 4128 constantiae
819 4073 1313 4142 glomeratorum,
1345 4091 1500 4148 quos
1528 4075 1624 4130 hic
1656 4080 1788 4132 tan-

118 4158 191 4214 tis
231 4157 486 4230 impetiit
535 4159 952 4233 blasphemiis,
994 4163 1176 4218 tantis
1224 4162 1509 4220 laceravit
1563 4180 1786 4237 oppro-

118 4245 282 4316 briis,
312 4247 619 4320 tantisque
658 4248 854 4306 aﬂ'ecit
895 4250 1175 4321 injuriis?
1209 4253 1372 4307 Tunc
1417 4252 1623 4324 utique
1651 4268 1787 4309 cum

109 4337 263 4406 gusti
292 4336 357 4391 in
382 4351 610 4407 magna
635 4341 977 4396 constantia
1007 4340 1324 4396 adversum
1349 4356 1443 4397 eos
1469 4341 1782 4409 astiterint,

118 4425 223 4497 qui
246 4439 306 4481 se
333 4428 858 4496 angustiaverunt,
893 4433 950 4484 et
975 4428 1228 4498 gloriam
1261 4430 1531 4502 martyrii
1571 4445 1784 4486 eorum

1986 1843 2074 1896 33.
2117 1842 2230 1895 Vos
2257 1843 2482 1911 autem,
2514 1838 2624 1894 viri
2655 1839 2889 1906 fratres,
2913 1839 3134 1895 credite
3165 1856 3427 1910 mecum,
3459 1841 3584 1898 imo

1914 1942 2055 1984 cum
2106 1926 2392 1984 omnibus
2448 1928 2546 2000 pie
2588 1927 2988 2000 religioseque
3036 1927 3356 1984 beatorum
3401 1934 3584 1986 certa-

1912 2017 2078 2074 mina
2107 2016 2533 2074 venerantibus
2579 2015 2803 2072 credite
2853 2016 3066 2073 beatos
3097 2032 3226 2072 esse
3285 2022 3583 2090 martyres

1913 2106 2054 2164 talia
2080 2111 2496 2179 exsequentes,
2521 2110 2577 2162 et
2606 2105 2901 2161 feliciores
2951 2105 3189 2162 animas
3221 2105 3337 2161 sub
3366 2122 3579 2163 eorum

1912 2194 2254 2252 testimonio
2307 2194 2654 2251 morientes.
2714 2197 2958 2250 Armate
3018 2193 3368 2250 credulitate
3433 2195 3574 2251 ﬁdei

1910 2289 2156 2357 pectora
2182 2289 2401 2353 vestra,
2433 2283 2640 2340 solvite
2688 2282 2906 2339 divinis
2935 2281 3220 2338 laudibus
3251 2298 3378 2351 ora,
3415 2299 3578 2339 sam-

1909 2373 2114 2446 mique
2144 2372 2557 2446 Redemptoris
2603 2371 2899 2428 beneﬁcia
2947 2371 3318 2439 extollentes,
3350 2387 3578 2444 praeco-

1909 2468 2048 2519 nate
2094 2466 2152 2519 et
2204 2462 2380 2519 dicite
2414 2478 2428 2517 :
2461 2460 2782 2518 Moriantur
2829 2460 3050 2517 animae
3106 2464 3326 2516 nostrae
3383 2465 3578 2518 morte

1908 2552 2182 2619 istorum,
2210 2557 2269 2607 et
2308 2551 2458 2606 ﬁant
2495 2549 2823 2606 novissima
2872 2552 3081 2605 nostra
3108 2550 3328 2605 horum
3360 2549 3579 2606 similia

1908 2641 2110 2714 (Num.
2161 2639 2465 2710 xxm,10).
2518 2638 2630 2704 Qui
2677 2637 2783 2694 dat
2821 2637 2998 2693 lassis
3051 2635 3350 2708 virtutem,
3382 2642 3439 2694 et
3482 2638 3577 2709 iis,

1907 2729 2131 2803 quibus
2176 2727 2355 2785 nullae
2388 2731 2719 2801 suppetunt
2760 2727 2940 2796 vires,
2973 2726 3303 2798 potentiam
3349 2728 3578 2800 potenti

1906 2819 2154 2874 dextera
2207 2817 2453 2874 roborat
2499 2816 2561 2872 in
2592 2815 2940 2879 certamine,
2975 2815 3076 2871 det
3104 2815 3252 2872 mihi
3291 2820 3356 2872 ut
3387 2832 3580 2889 usque

1907 2905 1988 2961 ad
2030 2910 2286 2962 mortem
2327 2921 2438 2978 pro
2487 2920 2558 2960 eo
2608 2903 2836 2961 fortiori
2863 2903 3068 2960 animo
3099 2920 3237 2960 cum
3286 2904 3382 2960 his
3421 2904 3580 2960 mili-

1908 2999 2048 3066 tem,
2079 2995 2185 3068 qui
2215 2993 2476 3068 perfecto
2507 2992 2808 3050 desiderio
2850 2992 2913 3048 in
2960 2993 3090 3063 ejus
3117 3009 3389 3049 amorem
3421 3009 3576 3050 exm-

1906 3087 2130 3139 stuant.
2173 3083 2325 3150 Quia
2368 3097 2492 3138 non
2549 3081 2658 3138 erit
2701 3081 2996 3137 immunis
3054 3097 3261 3137 coram
3320 3082 3576 3138 Domino

1904 3173 2175 3243 intentio,
2225 3187 2362 3244 quae
2411 3186 2523 3244 pro
2564 3170 2810 3226 veritate
2854 3169 3150 3225 exeritur:
3185 3185 3384 3242 neque
3434 3170 3579 3226 ulla-

1906 3266 2080 3318 tenus
2133 3259 2513 3333 repudianda
2565 3274 2752 3329 mors,
2805 3273 2943 3330 quae
2988 3273 3098 3330 pro
3140 3257 3371 3328 justitia
3423 3258 3576 3314 irro-

1905 3354 2098 3421 gatur.
2131 3353 2196 3405 1n
2244 3348 2344 3404 tali
2392 3347 2571 3417 igitur
2622 3347 2906 3403 conflictu
2947 3345 3233 3402 laudatur
3280 3346 3569 3415 Christus,

1902 3439 2230 3496 detestatus
2268 3441 2543 3494 remanet
2579 3436 2767 3492 hostis
2804 3435 3071 3508 iniquus,
3103 3439 3284 3507 atque
3325 3435 3439 3491 sub
3470 3452 3572 3492 ea-

1901 3527 2042 3583 dem
2076 3526 2450 3600 professione
2487 3541 2699 3582 necem
2730 3525 2950 3598 excipit
2977 3524 3372 3581 furibundam
3401 3523 3575 3581 miles

1902 3621 2205 3673 strenuus.

1973 3709 2060 3762 34.
2104 3705 2366 3778 Ideoque
2411 3719 2535 3759 non
2567 3702 2766 3759 solum
2794 3703 2832 3758 ii
2881 3703 2986 3776 qui
3033 3702 3178 3759 talia
3224 3703 3572 3759 conﬁtendo

1902 3796 2018 3852 sub
2069 3795 2188 3852 ictu
2232 3794 2418 3866 gladii
2459 3793 2821 3861 ceciderunt,
2851 3793 3036 3862 digno
3083 3792 3381 3864 praeconio
3424 3791 3573 3848 cele-

1899 3885 2118 3942 brandi
2146 3889 2308 3952 sunt,
2339 3899 2553 3940 verum
2583 3882 2766 3938 etiam
2795 3881 2879 3937 illi
2903 3881 3089 3951 digna
3110 3880 3293 3937 laude
3324 3880 3573 3936 efferen-

1899 3975 1981 4045 di,
2036 3973 2140 4048 qui
2196 3973 2406 4030 talium
2455 3971 2743 4028 laudibus
2795 3970 3191 4026 obiectantur.
3243 3969 3390 4036 Quia
3429 3986 3572 4025 cum

1899 4068 2234 4136 martyrum
2270 4062 2469 4131 gloriae
2501 4058 2891 4132 passionibus
2941 4058 3243 4130 acquisitae
3292 4057 3570 4114 recolun-

1898 4158 2015 4220 tur,
2043 4158 2099 4208 et
2127 4151 2446 4208 beatorum
2476 4148 2808 4205 certamina
2833 4147 2994 4204 edita
3018 4153 3377 4210 reserantur,
3403 4146 3571 4202 debi-

1899 4248 1993 4299 tus
2041 4242 2237 4298 honor
2282 4238 2651 4312 martyribus
2690 4238 2980 4306 redditur,
3033 4253 3104 4293 ac
3157 4238 3273 4310 pias
3334 4241 3568 4293 mentes

1898 4330 2313 4404 exemplorum
2343 4327 2655 4385 incentivis
2681 4332 3008 4384 armantur.
3040 4329 3106 4382 Et
3127 4325 3176 4382 si
3203 4326 3567 4398 martyrium

1898 4425 2205 4494 nequeant
2252 4417 2527 4493 adipisci,
2569 4417 2650 4491 ad
2696 4416 3081 4489 participium
3127 4421 3333 4474 tamen
3373 4433 3565 4472 mere-

115 4495 240 4568 non
270 4495 603 4585 coluerunt,
636 4525 690 4572 et
723 4517 828 4587 qui
851 4495 1236 4573 abstulerunt
1268 4495 1503 4574 labores
1533 4532 1739 4575 eorum
1765 4537 1780 4576 :
1811 4495 1871 4569 ΠΙ
1896 4510 2124 4566 buntur
2153 4508 2651 4566 hODOPaDdOI‘um
2673 4506 3063 4579 PMBmiorum
3091 4506 3437 4578 Promoveri
3462 4524 3474 4574 ἰ
3506 4510 3570 4562 ιη

116 4618 268 4675 reor,
312 4603 576 4660 videntes
634 4606 1050 4664 turbabuntur
1097 4613 1330 4664 terrore
1382 4608 1684 4679 horribili,
1727 4615 1783 4665 et

117 4693 505 4750 mirabuntur
551 4696 614 4751 in
663 4696 1027 4753 subitatione
1054 4697 1380 4766 insperatae
1425 4699 1662 4765 salutis,
1695 4699 1786 4753 di-

119 4787 364 4853 centque
423 4783 586 4840 inter
638 4799 719 4854 se,
769 4786 1193 4854 paenitentiam
1243 4791 1507 4856 agentes,
1557 4791 1614 4842 et
1652 4801 1786 4855 pre

118 4873 396 4942 angustia
423 4874 675 4942 spiritus
703 4880 1046 4946 gementes:
1069 4875 1156 4930 Hi
1182 4881 1344 4938 sunt,
1375 4890 1523 4946 quos
1569 4875 1783 4932 habui-

117 4977 244 5017 mus
298 4963 632 5034 aliquando
680 4965 744 5020 in
783 4965 1070 5031 derisum,
1118 4969 1174 5020 et
1222 4964 1286 5020 in
1326 4964 1784 5021 similitudinem

116 5052 482 5122 improperii.
509 5053 632 5110 Nos
681 5054 974 5110 insensali
1017 5054 1203 5110 vitam
1249 5054 1502 5109 illorum
1533 5055 1787 5110 aestima-

119 5141 321 5198 bamus
369 5142 694 5206 insaniam,
735 5149 792 5200 et
827 5145 1006 5212 ﬁnem
1053 5143 1303 5199 illorum
1349 5143 1480 5198 sine
1536 5142 1780 5198 honore.

117 5230 265 5288 Ecce
294 5231 587 5303 quomodo
631 5233 966 5302 computati
999 5237 1142 5288 sunt
1172 5233 1331 5288 inter
1365 5232 1525 5300 ﬁlios
1567 5231 1700 5298 Dei,
1728 5236 1783 5287 et

118 5320 271 5376 inter
297 5325 537 5377 sanctos
560 5321 666 5392 (22)
694 5337 822 5378 sors
870 5323 1120 5378 illorum
1164 5321 1410 5377 inventa
1460 5326 1564 5376 cst.
1615 5319 1778 5391 (Sap.

121 5425 172 5480 v,
205 5413 224 5464 t
257 5412 313 5465 et
333 5411 552 5483 seqq.).

187 5498 272 5553 32.
312 5497 532 5555 Vellem
577 5501 1014 5574 responderent
1061 5498 1209 5555 mihi
1263 5497 1476 5554 Christi
1521 5497 1779 5554 militum

121 5587 406 5645 derisores
436 5593 635 5646 utrum
669 5607 840 5647 amor
860 5589 1071 5646 mortis
1115 5605 1219 5645 eos
1251 5587 1331 5644 ad
1360 5592 1615 5644 mortem
1646 5603 1780 5660 per-

122 5679 366 5748 duxerit,
419 5696 500 5736 an
553 5697 678 5737 non
744 5681 941 5752 magis
994 5680 1315 5737 oblectatio
1365 5677 1654 5752 paradisi,
1713 5684 1781 5734 ut

123 5772 347 5828 aeternae
376 5769 590 5829 mortis
614 5771 938 5829 evaderent
963 5769 1262 5838 incendia,
1299 5769 1378 5827 ad
1408 5767 1772 5844 supplicium

1895 4616 2160 4672 quorum
2187 4599 2410 4655 ascribi
2436 4595 2754 4668 triumphis
2785 4595 3038 4667 cupiunt
3077 4595 3436 4650 conscentiae
3470 4610 3567 4649 vo-

1894 4688 2143 4759 luntate,
2174 4703 2300 4744 non
2329 4687 2630 4759 imparem
2660 4687 2906 4739 sumant
2941 4697 3015 4738 ex
3051 4681 3370 4738 devotione
3403 4697 3562 4736 mer-

1895 4777 2125 4834 cedem.
2159 4780 2307 4832 Nam
2331 4775 2382 4830 si
2410 4771 2691 4847 pessimis
2718 4771 2890 4827 factis
2910 4770 3186 4826 animum
3220 4784 3564 4825 accommo-

1894 4867 2042 4923 dare
2072 4864 2473 4939 perversitatis
2504 4865 2612 4928 est,
2642 4857 2956 4932 quomodo
2986 4857 3230 4929 optimis
3290 4873 3564 4914 commu-

1891 4957 2096 5012 nicare
2121 4970 2245 5010 non
2279 4956 2367 5010 est
2393 4949 2628 5008 virtutis
2647 4949 2675 5005 ‘I
2726 4951 2792 5004 Et
2821 4963 2962 5004 cum
2993 4950 3149 5002 Deus
3179 4945 3564 5019 omnipotens

1888 5046 2152 5118 judicem
2183 5060 2245 5100 se
2273 5059 2400 5100 non
2430 5039 2628 5098 solum
2659 5038 2978 5108 factorum,
3009 5036 3110 5093 sed
3160 5036 3340 5092 etiam
3391 5042 3562 5094 voto-

1891 5151 2029 5191 rum
2045 5134 2326 5198 insinuet,
2354 5148 2460 5187 cur
2484 5128 2826 5203 piissimum
2847 5127 2909 5182 in
2930 5126 3302 5198 martyribus
3325 5143 3565 5199 semper

1890 5230 2101 5282 votum
2130 5225 2425 5279 intentum
2454 5235 2578 5276 non
2608 5217 2882 5275 conciliet
2911 5217 3135 5288 gaudia
3181 5217 3501 5274 beatorum
3530 5218 3558 5271 ‘I

1893 5319 2101 5372 sancto
2133 5313 2323 5370 David
2350 5309 2728 5384 approbante
2761 5327 2773 5364 :
2811 5307 2968 5364 Mihi
2991 5314 3189 5365 autem
3238 5307 3416 5362 nimis
3449 5307 3550 5362 ho-

1893 5405 2201 5474 noriﬁcati
2226 5406 2370 5458 sunt
2393 5400 2577 5458 amici
2608 5399 2716 5462 tui,
2748 5399 2906 5454 Deus
2935 5397 3122 5468 (Psal.
3151 5411 3414 5462 cxxxvm,
3447 5395 3558 5467 17).

1893 5500 1957 5552 Et
1981 5497 2196 5551 iterum
2232 5511 2244 5548 :
2277 5491 2392 5559 Qui
2436 5505 2536 5545 vos
2581 5488 2805 5558 diligit,
2838 5501 2931 5541 me
2975 5485 3200 5555 diligit,
3235 5489 3288 5540 et
3329 5485 3436 5556 qui
3462 5500 3562 5541 vos

1887 5587 2120 5656 recipit,
2154 5600 2248 5639 me
2277 5581 2489 5650 recipit
2515 5579 2683 5650 (Luc.
2714 5583 2769 5633 et
2798 5574 3013 5631 Matth.
3051 5575 3125 5645 χ).

1958 5681 2045 5732 35.
2091 5673 2210 5747 Ipsi
2237 5672 2497 5743 denique
2523 5667 2711 5724 sancti
2739 5681 2995 5737 corpora
3036 5680 3146 5720 sua
3174 5664 3388 5734 gladiis
3415 5665 3557 5722 oﬂ‘e-

1887 5770 2106 5834 rentes,
2125 5777 2456 5837 perennem
2477 5758 2822 5817 animarum
2855 5753 3329 5812 incolumitatem
3349 5771 3560 5830 capes-
