3960 6378
392 272 496 324 703

1596 257 1649 311 S.
1694 250 1973 310 EULOGll
2011 247 2331 305 ARCHIEP.
2373 248 2615 303 TOLET.

3722 246 3838 300 764

392 395 564 456 sunt;
597 393 654 444 et
698 387 1070 460 acquirentes
1101 383 1214 438 sibi
1259 384 1322 437 in
1367 395 1554 447 regno
1584 375 1793 433 Christi
1832 374 2036 429 electo-
2070 374 2116 426 Α
2159 385 2337 439 grege
2369 369 2661 460 catholico
2709 383 2913 424 coram
2962 370 3232 460 Patreet
3263 365 3493 460 angelis
3538 366 3670 437 ejus
3703 382 3839 422 ma-

391 496 528 537 rum
556 476 945 545 consortium,
973 473 1317 544 relinquunt
1354 468 1743 525 nihilominus
1774 478 2043 536 persecu-

391 568 624 625 toribus
652 570 887 621 teternae
917 562 1282 636 poenalitatis
1311 558 1679 615 incendium.
1714 553 1865 619 Quia
1912 550 2047 605 licet

393 657 678 729 scriptum
712 655 784 709 sit
811 670 825 708 :
856 654 1198 708 Posuerunt
1227 648 1515 705 mortalia
1566 658 1873 701 servorum
1924 645 2047 694 tuo-

391 763 525 802 rum
583 760 775 801 escam
824 740 1167 799 volatilibus
1209 739 1388 795 coeli:
1439 751 1650 793 carnes
1702 736 2047 789 sanctorum

393 842 629 891 tuorum
659 833 854 889 bestiis
878 836 1072 887 terrae.
1088 829 1453 898 Eﬂ‘uderunt
1475 824 1827 893 sanguinem
1845 834 2047 874 eorum

390 925 553 979 velut
574 936 795 992 aquam
824 921 885 975 in
913 918 1174 975 circuitu
1202 915 1583 971 Hierusalem
1607 927 1629 967 .'
1658 916 1713 967 et
1760 924 1880 964 non.
1916 909 2045 961 erat

389 1011 495 1083 qui
516 1010 794 1080 sepeliret
820 1007 1009 1078 (Psal.
1044 1020 1278 1071 Lxxvm,
1311 1008 1364 1067 2,
1398 1005 1452 1068 3)
1481 1008 1534 1068 ‘;
1567 1003 1790 1055 tamem
1825 993 1904 1050 ad
1936 1008 2045 1065 pu-

387 1098 678 1155 niendum
708 1096 998 1153 smvitiam
1027 1109 1239 1151 eorum
1268 1092 1601 1156 occurrent,
1634 1085 1737 1159 qui
1761 1085 1877 1140 ista
1902 1083 2049 1138 fece-

388 1193 566 1255 runt;
598 1202 724 1242 non
774 1185 853 1241 ad
904 1182 1357 1251 derogationem
1402 1179 1685 1234 virtutum
1739 1170 2050 1247 proveniet

389 1291 601 1332 eorum
630 1275 736 1347 qui
764 1273 907 1330 talia
936 1272 1350 1327 sustinuerunt
1380 1286 1392 1323 :
1426 1271 1493 1323 ut
1520 1282 1592 1322 ea
1629 1265 1765 1336 ipsa
1794 1259 2046 1317 crudeli-

389 1369 481 1421 tas
513 1363 822 1420 cumulum
856 1358 1205 1434 perditionis
1233 1356 1537 1413 lictoribus
1562 1357 1800 1422 augeat,
1830 1353 2049 1421 marty-

389 1451 559 1507 ribus
590 1466 729 1507 vero
761 1449 983 1505 sanctis
1007 1447 1321 1521 praemium
1353 1444 1727 1516 sempiternae
1757 1438 2047 1495 felicitatis

393 1539 680 1613 acquirat.
715 1542 863 1595 Nam
912 1536 1191 1610 quamvis
1218 1536 1345 1591 haec
1394 1532 1704 1589 obtutibus
1730 1530 2047 1584 hominum

393 1627 527 1684 dira
573 1632 631 1684 et
684 1643 905 1700 aspera
946 1626 1284 1691 videantur,
1317 1627 1521 1679 tamen
1563 1618 1822 1693 pretiosa
1852 1620 1939 1673 est
1985 1616 2046 1670 in

394 1721 722 1789 conspectu
780 1714 1012 1772 Domini
1058 1729 1221 1769 mors
1262 1715 1608 1767 sanctorum
1664 1708 1794 1778 ejus
1855 1706 2044 1776 (Psal:
2077 1728 2118 1781 Β

360 1810 365 1815 ’
394 1823 526 1875 cxv,
567 1806 671 1877 15).
1252 1866 1263 1877 _

464 1899 553 1951 36.
593 1897 708 1949 Vos
727 1897 951 1962 autem,
972 1892 1200 1958 fratres,
1225 1894 1280 1945 et
1301 1892 1521 1944 sanctie
1541 1888 1602 1942 in
1634 1884 1887 1941 Domino
1908 1883 2048 1938 Jesu

393 1984 623 2039 Christo
651 1997 906 2051 sorores,
939 1981 1195 2052 gaudete
1230 1983 1284 2034 et
1311 1978 1620 2043 exsultate,
1652 1974 1818 2047 quod
1858 1972 2048 2028 mani-

389 2072 568 2145 pulos
620 2071 834 2127 messis
882 2076 1088 2126 vestraa
1137 2068 1199 2124 in
1246 2069 1530 2124 horreum
1579 2062 1814 2120 Domini
1834 2076 2044 2117 recon-

390 2163 623 2218 dendos
649 2162 777 2232 jam
806 2159 1199 2233 praemisistis.
1233 2159 1369 2214 Jam
1422 2158 1647 2213 fructus
1678 2154 1923 2210 seminis
1951 2169 2047 2208 ve-

394 2252 497 2307 stri
549 2253 685 2308 Sion
716 2251 819 2307 illa
846 2250 1025 2307 beata
1055 2249 1258 2305 civitas
1294 2247 1479 2304 habet
1505 2264 1519 2301 :
1548 2245 1649 2302 illa
1676 2246 1843 2317 pacis
1895 2243 2045 2299 visio

392 2341 760 2397 Hierusalem
815 2340 1070 2397 caelestis
1120 2336 1487 2394 domesticos
1524 2333 1896 2405 cognationis
1945 2347 2043 2387 ve-

392 2435 525 2485 strae
552 2430 615 2485 in
671 2446 821 2503 pace
869 2428 1151 2501 suscepit.
1184 2427 1409 2497 Pergite
1467 2424 1679 2486 securi,
1732 2426 2047 2496 properate

388 2518 777 2575 exsultantes.
831 2518 941 2574 Itui
997 2521 1199 2574 vestro
1257 2516 1460 2572 nullus
1494 2513 1798 2571 adversari
1831 2511 2044 2583 quibit,

386 2607 591 2663 nullus
642 2607 1043 2665 contradictor
1080 2607 1358 2663 assistat:
1392 2603 1921 2677 pervenientesque
1969 2600 2047 2657 ad

387 2699 667 2770 patriam,
699 2697 984 2769 procedet
1011 2697 1073 2752 in
1116 2711 1437 2751 occursum
1487 2700 1747 2748 vestrum
1796 2706 1920 2746 non
1950 2707 2045 2746 so-

386 2786 515 2842 lum
562 2785 666 2842 illa
714 2785 931 2841 cohors
981 2790 1349 2850 sanctorum,
1381 2783 1483 2855 qui
1535 2796 1729 2854 nuper
1781 2780 2047 2837 coronati

387 2879 547 2944 sunt,
564 2890 773 2930 verum
795 2874 975 2930 etiam
995 2878 1209 2930 austera
1232 2873 1409 2929 turba
1424 2871 1769 2937 electorum,
1783 2885 2046 2941 quorum

387 2963 685 3019 consortio
712 2963 807 3019 isti
836 2963 1050 3020 novitii
1083 2966 1377 3034 martyres
1401 2958 1781 3016 annumerati
1813 2962 1971 3014 sunt.

459 3057 545 3109 37.
588 3054 741 3122 Ergo
762 3052 904 3109 libet
925 3052 1339 3119 mihi,fratres,
1362 3049 1679 3123 paululum
1704 3046 2044 3119 jucun‘dan-
2074 3082 2115 3134 Ο

389 3140 459 3196 tis
488 3157 655 3197 more
685 3141 849 3215 loqui
880 3141 1197 3197 vobiscum
1228 3158 1241 3196 :
1276 3146 1332 3196 et
1351 3155 1462 3212 pro
1491 3137 1774 3194 charitate
1804 3136 2043 3193 suii'erte

385 3229 735 3297 verbosum,
761 3246 945 3302 quem
992 3246 1065 3285 ex
1112 3229 1426 3286 dilectione
1460 3226 1665 3283 tghristi
1713 3226 1951 3282 cernitis
1983 3225 2045 3281 in

384 3317 672 3374 laudibus
696 3320 923 3373 versari
956 3324 1323 3374 sanctorum.
1360 3315 1659 3383 Quoniam
1696 3319 1762 3371 ut
1801 3315 2044 3371 merito-

387 3420 525 3459 rum
568 3420 847 3460 meorum
893 3406 1213 3461 evaderem
1270 3404 1564 3471 debitum,
1614 3407 1671 3459 et
1725 3402 2046 3458 beatorum

388 3492 754 3564 adipiscerer
794 3494 1238 3550 intercessionis
1297 3494 1679 3563 suffragium,
1722 3495 1837 3549 hoc
1892 3509 2046 3566 opus

388 3580 648 3636 victoriis
690 3582 982 3638 dedicans
1044 3588 1402 3654 martyrum,
1453 3582 1688 3637 decrevi
1741 3582 2048 3654 appellare

386 3670 738 3727 Memoriale
773 3677 1163 3728 sanctorum:
1191 3675 1257 3727 ut
1286 3688 1358 3726 ex
1388 3687 1511 3743 quo
1541 3671 1754 3726 vinctis
1798 3685 2046 3742 compa-

387 3759 587 3828 timur,
622 3766 679 3817 et
705 3760 810 3817 Dei
866 3762 1094 3817 amicos
1148 3776 1527 3828 veneramur,
1585 3760 1782 3816 saltim
1837 3775 2049 3815 eorum

385 3849 733 3921 patrociniis
790 3849 1169 3921 adjuvemur.
1204 3850 1422 3905 Dicitur
1474 3848 1635 3906 enim
1663 3849 1725 3909 in
1756 3848 1999 3904 Psalmo
2031 3865 2043 3903 :

384 3938 543 3993 Mihi
567 3945 765 3996 autem
794 3939 1177 4009 honoriﬁcatz
1198 3946 1338 3995 sunt
1364 3939 1543 3995 amici
1571 3939 1679 4005 tui,
1710 3940 1886 4007 Deus,
1905 3940 2049 4009 quia

387 4025 565 4082 valde
612 4028 989 4096 confortatus
1043 4034 1127 4084 est
1167 4029 1553 4097 principatus
1601 4043 1804 4084 eorum
1853 4028 2043 4097 (Psal.

389 4130 665 4179 cxxxvm,
722 4116 828 4179 i7).
886 4116 1317 4181 Quamobrem,
1363 4116 1577 4172 fratres
1631 4116 1938 4182 carissimi,
1990 4120 2050 4173 et

390 4216 625 4257 sorores
651 4202 862 4271 beatae,
887 4204 1093 4273 jubete
1122 4220 1221 4260 me
1248 4205 1463 4261 vestris
1493 4204 1723 4261 admitti
1746 4204 2044 4277 tripudiis,

387 4305 570 4363 quem
603 4307 727 4347 non
756 4292 893 4348 sinit
913 4292 1127 4349 abesse
1157 4294 1377 4350 talibus
1406 4295 1642 4365 gaudiis
1670 4295 1853 4363 hujus
1908 4310 2046 4350 con-

387 4377 567 4435 fessio
618 4380 836 4452 operis.
888 4385 1002 4438 Nec
1059 4382 1261 4440 invida
1313 4384 1688 4439 affectatione
1746 4382 2045 4438 vobismet

390 4467 777 4525 solummodo
803 4470 1111 4528 vindicetis
1139 4479 1483 4529 sanctorum
1514 4471 1848 4544 patrocinia
1877 4487 2040 4526 mar-

385 4563 610 4631 tyrum,
640 4575 795 4632 quos
840 4562 1027 4618 nostis
1075 4579 1185 4636 pro
1218 4563 1393 4619 totius
1422 4562 1698 4618 Ecclesiae
1754 4560 2043 4616 membris

386 4649 646 4705 subiisse
689 4650 1035 4710 discrimina
1090 4653 1472 4726 passionum.
1532 4651 1647 4709 Sed
1691 4667 1878 4723 quare
1930 4666 2043 4720 ego

382 4738 607 4795 diutius
652 4740 746 4796 his
791 4741 1028 4812 gaudiis
1058 4742 1370 4799 immorari
1420 4742 1702 4807 delector,
1735 4739 1911 4812 quasi
1940 4755 2042 4795 ve-

384 4832 572 4884 strum
603 4830 677 4885 sit
698 4835 906 4888 nostro
938 4831 1286 4887 satisfacere
1327 4829 1601 4902 optatui?
1631 4832 1795 4885 Certe
1834 4832 1900 4883 ut
1925 4826 2041 4883 sal-

382 4917 490 4972 tim
538 4934 665 4974 non
720 4921 847 4977 sine
895 4921 1175 4977 consultu
1216 4924 1413 4975 vestro
1458 4916 1660 4974 adsint
1710 4916 1887 4971 nobis
1943 4917 2043 4972 Dei

384 5009 564 5060 testes
612 5006 674 5060 in
716 5008 1097 5065 tribulatione
1127 5007 1382 5080 qutesiti,
1418 5005 1523 5078 qui
1554 5003 1906 5074 generaliter
1932 5021 2044 5077 pro

455 5153 481 5179 ι
519 5147 710 5219 Quare
758 5147 921 5219 hunc
967 5146 1169 5203 locum
1212 5145 1735 5219 corruptissimum
1790 5146 2044 5204 dixerint

385 5217 631 5273 Morales
664 5220 721 5288 et
761 5217 1058 5284 Schottus,
1088 5233 1200 5273 nos
1249 5217 1411 5273 certe
1453 5217 1591 5274 latet
1617 5235 1631 5284 ;
1660 5217 1835 5288 plane
1881 5219 2043 5274 enim

385 5304 597 5361 sensus
626 5287 783 5361 illius
815 5292 1089 5361 apparet,
1112 5289 1159 5343 si
1191 5289 1454 5356 legatur:
1488 5287 1819 5346 Occurrent
1844 5298 2040 5346 tamen

387 5360 468 5416 ad
492 5360 863 5430 puniendum
889 5361 1175 5431 saevitiam
1209 5375 1411 5431 eorum
1441 5362 1547 5431 qui
1574 5362 1687 5416 ista
1715 5363 1987 5430 fecerunt
2024 5379 2038 5416 :

385 5431 561 5502 quasi
593 5431 840 5487 diceret:
866 5430 1171 5501 Quidquid
1200 5430 1522 5487 moliantur
1551 5438 1959 5503 persecutores
1980 5432 2041 5487 in

387 5506 731 5575 sanctorum
786 5507 1145 5575 martyrum,
1172 5518 1444 5574 corpora,
1478 5520 1599 5558 non
1626 5507 1932 5575 proveniet
1964 5504 2040 5557 ad

387 5588 595 5626 eorum
622 5572 1072 5646 derogationein
1096 5572 1399 5641 virtutum,
1449 5576 1555 5630 sed
1588 5572 1645 5629 in
1696 5581 2039 5646 persecuto-

384 5656 521 5695 rum
554 5644 938 5717 supplicium.
974 5644 1077 5717 Cui
1106 5646 1188 5700 rei
1218 5652 1532 5702 occurrent
1560 5647 1623 5701 in
1656 5644 1753 5702 die
1779 5647 1986 5717 judicii
2024 5662 2036 5700 :

389 5727 533 5769 nam
564 5716 804 5769 stabunt
836 5716 993 5783 justi
1022 5717 1081 5770 in
1125 5733 1343 5788 magna
1390 5720 1727 5777 constantia
1752 5716 2037 5775 adversus

2156 464 2299 514 nent
2351 459 2601 513 solliciti.
2650 459 2851 529 Itaque
2879 460 2933 510 et
2986 455 3162 511 vestri
3210 458 3264 511 et
3301 455 3489 510 nostri
3538 459 3698 511 sunt.
3748 458 3835 509 Ex

2156 548 2328 603 vobis
2350 563 2527 603 carne
2555 546 2925 619 prodierunt,
2955 545 3061 599 sed
3084 544 3406 599 nobiscum
3433 560 3555 599 uno
3584 543 3823 616 baptis-

2156 636 2333 692 matis
2377 635 2540 692 fonte
2570 636 2762 691 renati
2817 638 2974 689 sunt.
3009 632 3161 688 Nihil
3190 636 3278 688 est
3306 628 3474 705 quod
3498 631 3573 687 de
3606 647 3830 688 eorum

2159 728 2345 797 gloria
2374 727 2545 782 vobis
2608 726 2884 798 privatim
2942 723 3273 789 vindicetis,
3330 721 3473 796 quia
3521 739 3737 778 omnes
3768 723 3834 778 in

2157 817 2391 872 Christo
2428 833 2619 872 unum
2672 832 2902 870 sumus.
2948 818 3094 869 Nam
3142 818 3199 869 et
3246 829 3357 870 nos
3399 811 3712 885 quosdam
3757 828 3831 869 ex

2156 906 2269 962 illis
2313 905 2391 961 ad
2439 905 2715 978 praelium
2761 903 3139 959 incitavimus
3173 921 3185 958 :
3215 903 3350 959 etsi
3397 902 3515 975 ipsi
3551 918 3835 975 pugnare

2157 994 2499 1057 desivimus,
2534 1010 2705 1049 arma
2731 996 2937 1048 tamen
2967 991 3189 1065 quibus
3219 991 3543 1048 militarent
3573 1007 3833 1061 sugges-

2158 1084 2364 1138 simus.
2393 1081 2701 1149 Quosdam
2729 1097 2868 1137 vero
2890 1098 2963 1136 ex
2992 1080 3463 1151 consanguineis
3484 1078 3637 1137 inter
3660 1079 3834 1153 ipsos

2156 1177 2451 1244 martyres
2479 1172 2543 1226 in
2574 1170 2792 1226 coelum
2822 1168 3249 1243 praemisimus.
3303 1168 3557 1226 Paulum
3605 1167 3834 1242 loquor

2156 1260 2397 1317 levitam
2428 1259 2760 1329 egregium,
2793 1274 2971 1315 carne
2998 1247 3173 1314 nobis
3198 1274 3563 1323 connexum,
3594 1262 3653 1314 et
3680 1260 3831 1314 San-

2157 1354 2321 1406 ctum
2344 1349 2372 1389 δ
2399 1349 2745 1406 auditorum
2772 1353 3069 1416 nostrum,
3099 1344 3205 1420 qui
3238 1347 3508 1403 secundo
3532 1346 3829 1403 conﬂictu

2157 1442 2292 1510 post
2336 1436 2584 1492 beatum
2635 1440 2799 1492 lsaac
2852 1433 3112 1508 perrexit
3158 1431 3238 1490 ad
3288 1434 3585 1490 Christum
3612 1443 3658 1491 °.
3709 1432 3829 1490 Sed

2156 1522 2434 1597 nunquid
2485 1521 2594 1579 soli
2625 1522 2700 1578 de
2746 1522 3109 1595 perfectione
3140 1538 3350 1578 eorum
3404 1518 3827 1593 gloriabimur,

2156 1613 2303 1687 quia
2332 1630 2487 1686 quos
2518 1612 3002 1677 informavimus,
3031 1628 3186 1684 quos
3216 1609 3426 1667 fratres
3469 1610 3825 1679 habuimus,

2158 1702 2368 1760 vicisse
2423 1702 2757 1759 videmus?
2806 1700 2888 1757 Sit
2940 1717 3263 1757 commune
3322 1700 3606 1756 omnibus
3670 1715 3826 1771 gau-

2158 1793 2370 1848 dium:
2419 1792 2534 1848 sint
2591 1790 2819 1847 cunctis
2872 1786 3190 1846 indiscrete
3247 1787 3502 1847 fruenda
3559 1788 3827 1845 felicium

2157 1886 2553 1937 monumenta
2584 1880 2869 1935 virorum.
2909 1879 3259 1937 Misceamus
3292 1879 3527 1951 utrique
3571 1881 3739 1945 vota,
3773 1880 3832 1934 et

2157 1968 2407 2041 paribus
2448 1967 2659 2023 studiis
2701 1967 2955 2023 laudum
2990 1968 3111 2022 Deo
3140 1964 3560 2039 persolvamus
3587 1964 3831 2021 libami-

2156 2074 2255 2128 na,
2285 2056 2458 2127 cujus
2487 2057 2649 2112 dono
2679 2055 2911 2111 reddita
2940 2060 3080 2110 sunt
3106 2054 3281 2109 nobis
3311 2050 3502 2110 inoliti
3536 2052 3827 2126 temporis

2156 2144 2352 2203 felicia
2378 2144 2616 2201 saecula.
2648 2144 2875 2206 Quibus
2902 2143 3048 2200 olim
3071 2143 3525 2217 tempestatibus
3546 2158 3829 2215 persecu-

2158 2234 2389 2290 tionum
2452 2232 2844 2289 crebrissimis
2888 2230 3220 2288 Christiana
3278 2228 3537 2288 Ecclesia
3587 2230 3827 2303 lapides

2156 2324 2218 2379 in
2242 2316 2398 2377 illius
2425 2318 2682 2377 caelestis
2703 2320 3030 2377 Jerusalem
3048 2320 3373 2393 coeptabat
3393 2318 3650 2390 digniter
3673 2320 3825 2374 stru-

2158 2414 2389 2467 cturam
2434 2409 2514 2467 ad
2565 2406 2668 2466 Dei
2715 2406 2991 2481 gloriam,
3039 2410 3212 2481 cujus
3262 2424 3511 2465 munere
3541 2411 3825 2481 pugnant

2159 2496 2367 2565 sancti,
2411 2503 2467 2555 et
2500 2499 2775 2566 vincunt;
2825 2503 3121 2572 oppetunt
3149 2501 3428 2565 mortem,
3465 2500 3522 2553 et
3561 2496 3776 2553 vivunt
3806 2515 3818 2552 :

2159 2586 2330 2661 cujus
2352 2584 2545 2659 gratia
2559 2585 2878 2644 roboratur
2900 2586 3236 2643 constantia
3255 2591 3592 2658 martyrum
3612 2604 3624 2642 :
3647 2586 3822 2657 cujus

2156 2677 2371 2733 virtute
2414 2674 2711 2749 quidquid
2759 2670 2985 2732 saevitia
3026 2672 3272 2750 protulit
3311 2672 3640 2748 impiorum
3669 2671 3823 2729 virili

2160 2762 2364 2821 animo
2412 2764 2910 2837 praegrediuntur.
2947 2764 3099 2830 Quia
3144 2780 3267 2820 non
3315 2766 3454 2820 sunt
3500 2760 3821 2833 condignae

2160 2852 2480 2926 passiones
2522 2850 2704 2924 hujus
2743 2852 3029 2925 temporis
3058 2848 3138 2908 ad
3168 2854 3662 2925 superventuram
3693 2849 3819 2922 glo-

2155 2942 2342 3015 piam,
2373 2957 2511 3014 qua:
2555 2936 2919 2997 revelabitur
2960 2936 3023 2996 in
3069 2941 3152 2996 eis
3188 2940 3379 3009 (Rom.
3414 2954 3532 3011 vni,
3567 2937 3674 3011 18).
3706 2940 3819 2994 Nec

2156 3030 2449 3103 pendunt,
2482 3046 2604 3103 quo
2643 3030 2851 3085 mortis
2880 3045 3095 3101 genere
3118 3026 3277 3086 hanc
3306 3030 3493 3085 vitam
3521 3026 3815 3095 amittant,

2153 3118 2652 3194 quandoquidem
2686 3135 2791 3192 per
2816 3117 3000 3190 hujus
3028 3118 3328 3174 defectum
3350 3116 3629 3192 perennis
3650 3114 3817 3187 regni

2152 3209 2492 3266 felicitatem
2521 3210 2890 3280 exspectant.

2226 3319 2313 3375 38.
2358 3319 2573 3372 Verum
2603 3315 2748 3388 quia
2780 3331 3017 3389 semper
3034 3314 3355 3371 laudabilis
3386 3318 3475 3371 est
3502 3313 3817 3371 mediocri-

2154 3411 2268 3469 tas,
2316 3405 2671 3477 faciliusque
2716 3403 3002 3461 lectorem
3050 3404 3309 3460 oblectat
3347 3404 3653 3461 succincta
3683 3404 3819 3459 bre-

2155 3496 2306 3550 vitas
2351 3509 2539 3566 quam
2581 3492 2892 3549 fastidiOsa
2936 3492 3268 3565 prolixitas,
3300 3492 3436 3548 ideo
3467 3490 3633 3548 finali
3664 3491 3820 3548 clau-

2155 3580 2392 3640 dendus
2422 3588 2515 3640 est
2539 3583 2724 3640 limite
2753 3582 2920 3638 liber.
2953 3587 3031 3639 Ne
3062 3588 3276 3656 praeter
3319 3599 3527 3655 unam,
3572 3587 3630 3638 et
3659 3599 3819 3639 sum—

2158 3689 2324 3728 mam
2368 3671 2708 3727 incultionis
2759 3688 2882 3726 suae
2914 3671 3370 3740 absurditatem,
3403 3670 3588 3729 alium
3620 3676 3822 3744 partu-

2156 3761 2270 3818 riat
2307 3761 2738 3818 meditantibus
2784 3777 2857 3816 ex
2894 3760 3076 3831 longa
3118 3761 3472 3817 verbositate
3520 3758 3816 3817 laborem.

2158 3850 2301 3907 Hinc
2328 3866 2437 3905 vos
2467 3849 2708 3906 instanti
2724 3850 2852 3922 jam
2876 3851 3203 3906 voluminis
3231 3850 3503 3918 termino,
3528 3865 3564 3905 ο
3593 3867 3819 3907 corona

2160 3943 2529 4003 sanctorum,
2563 3955 2673 4007 ego
2699 3939 2829 4010 ipse
2855 3938 2991 3995 licet
3019 3939 3306 4009 indignus
3328 3939 3507 3996 vestri
3536 3938 3818 3996 laudator

2158 4027 2441 4096 Eulogius
2473 4028 2736 4099 postulo,
2762 4033 2827 4083 ut
2854 4027 2970 4083 hoc
3001 4044 3157 4100 opus
3208 4028 3657 4100 vobismetipsis
3682 4045 3817 4102 pro-

2154 4118 2367 4173 batum
2397 4116 2686 4185 efﬁciatis,
2715 4122 3032 4188 acceptum
3058 4117 3457 4187 sanctiﬁcetis,
3486 4119 3819 4175 sanctifica-

2156 4209 2284 4261 tum
2336 4202 2451 4260 Deo
2501 4203 2714 4273 libetis,
2758 4220 2955 4276 neque
2999 4198 3405 4261 inordinatam
3452 4205 3814 4262 narrationis

2156 4295 2286 4367 ejus
2316 4291 2529 4349 seriem
2553 4294 2850 4366 pensetis;
2883 4292 2990 4350 sed
3013 4294 3162 4350 velle
3182 4310 3388 4352 meum
3407 4294 3606 4367 potius
3628 4311 3815 4368 quam

2156 4399 2333 4456 posse
2374 4382 2848 4454 considerantes,
2893 4383 3218 4439 voluntatis
3271 4388 3499 4451 votum,
3536 4399 3663 4439 non
3707 4384 3815 4441 im-

2155 4471 2564 4546 possibilitatis
2614 4472 3081 4529 remuneremini
3130 4472 3449 4528 defectum.
3482 4472 3634 4538 Quia
3676 4473 3813 4530 ideo

2153 4562 2447 4635 primitias
2498 4561 2682 4631 hujus
2738 4561 3155 4618 commentarii
3196 4558 3306 4632 (24)
3350 4577 3474 4633 prae
3526 4562 3813 4619 omnibus

2151 4650 2526 4723 philosophis
2556 4650 2763 4722 patriae
2788 4655 3005 4706 nostrae
3045 4650 3218 4706 vobis
3251 4650 3461 4707 offerre
3489 4648 3719 4721 curavi,
3752 4656 3814 4707 ut

2152 4740 2284 4811 ejus
2316 4739 2563 4794 obtentu
2584 4744 2850 4795 vestrum
2870 4739 3132 4796 habeam
3153 4740 3576 4812 patrocinium,
3598 4744 3812 4799 vestro-

2151 4843 2271 4899 que
2315 4827 2651 4884 interventu
2693 4829 2861 4884 omni
2908 4844 3148 4885 caream
3177 4828 3319 4885 vitio
3353 4829 3561 4901 :quod
3610 4831 3809 4886 Domi-

2152 4932 2301 4973 num
2327 4920 2535 4974 contra
2564 4932 2660 4971 me
2691 4931 2801 4988 pro
2832 4917 3093 4989 peccatis
3144 4916 3447 4975 offensum
3477 4934 3712 4975 merear
3757 4922 3812 4975 et

2151 5020 2312 5062 nunc
2356 5009 2413 5062 et
2460 5005 2521 5061 in
2567 5009 2861 5062 aeternum
2902 5006 3164 5063 invenire
3207 5008 3559 5080 propitium.
3607 5010 3703 5081 (24
3748 5011 3812 5065 Et

2151 5162 2244 5204 eos
2269 5148 2374 5217 qui
2400 5163 2460 5204 se
2488 5148 3012 5218 angustiaverunt.

2220 5220 2247 5259 δ
2274 5221 2361 5274 De
2388 5219 2479 5274 his
2513 5221 2613 5275 lib.
2650 5234 2708 5285 ιι,
2736 5236 2868 5290 cap.
2901 5224 2936 5276 3
2962 5225 3017 5276 et
3045 5223 3100 5285 6,
3129 5220 3357 5277 scribit.
3388 5222 3609 5277 MonAL.

2222 5299 2243 5325 °
2285 5293 2437 5363 Bene
2465 5290 2562 5345 hic
2610 5296 2779 5347 notat
2822 5293 3099 5363 Schottus
3144 5298 3463 5363 propterea
3494 5293 3809 5362 Eulogium

2149 5360 2263 5415 hoc
2298 5361 2438 5432 loco
2484 5376 2610 5416 non
2657 5362 3005 5418 meminisse
3034 5360 3319 5419 Ludovici
3368 5363 3567 5420 fratris
3620 5360 3807 5432 Pauli,

2150 5431 2315 5503 quod
2346 5432 2492 5485 dum
2542 5432 2668 5487 haec
2714 5438 3241 5501 commentaretur,
3279 5435 3615 5490 Ludovicus
3659 5431 3810 5491 mar-

2152 5503 2369 5571 tyrium
2402 5504 2674 5558 nondum
2702 5522 2918 5575 passus
2948 5506 3158 5560 fuerat.
3204 5505 3300 5560 llic:
3339 5510 3497 5560 enim
3544 5507 3808 5562 interfec-

2150 5581 2243 5653 tus
2287 5579 2375 5628 est
2416 5575 2615 5653 pridie
2642 5576 2933 5653 kalendas
2968 5578 3107 5653 maii
3141 5578 3282 5632 anni
3313 5582 3441 5653 85ῐῆἶ
3468 5584 3530 5653 ut
3561 5584 3725 5649 patet
3750 5582 3807 5633 in

2280 5661 2361 5714 in,
2396 5645 2624 5725 ὀδμή-3
2651 5666 2665 5715 ;
2696 5654 2756 5725 et
2773 5648 3280 5725 librumprimum
3312 5645 3612 5707 scribebat
3638 5651 3805 5708 Eulo-

2150 5718 2284 5786 gius
2314 5732 2475 5775 anno
2505 5718 2631 5785 851,
2658 5719 2868 5789 utjam
2894 5718 3180 5779 dixiinus.
