3960 6396
172 293 281 345 765

1243 287 1667 349 MEMORIALlS
1713 287 2152 348 SANGTORUM.
2195 320 2266 334 --
2305 292 2433 350 LIB.
2481 294 2547 347 ll.

3523 293 3626 347 766

164 412 307 474 licet
336 412 477 469 inde
508 413 796 483 gravioris
826 414 1017 487 culpae
1048 431 1144 470 me
1173 414 1506 470 obnoxium
1533 411 1843 469 conseicn-
1873 413 1919 466 A
1959 410 2033 467 de
2058 412 2307 471 obtentu
2336 418 2542 486 gratiae
2570 416 2984 488 Redemptoris
3008 434 3023 483 ;
3064 416 3210 487 quia
3238 414 3375 487 plus
3418 430 3625 470 coram

167 501 255 557 tia
279 517 417 557 mea
442 502 804 561 remordeat.
831 503 975 576 quia
1020 520 1114 559 res
1156 502 1545 576 praeconabili
1579 501 1734 573 stylo
1764 500 1845 556 ad

164 596 550 665 posterorum
598 591 872 649 notitiam
916 592 1288 651 ordinandas
1327 596 1551 649 temere
1579 589 1846 647 infecerit

164 680 394 753 eloquii
424 681 543 737 mei
572 681 799 739 inculta
826 681 1141 739 barbaries
1166 700 1182 750 ;
1210 687 1415 738 tamen
1446 697 1519 738 ex
1545 696 1617 737 eo
1643 677 1793 735 tanti
1817 687 1843 715 ι

165 771 419 844 deliquii
449 772 785 829 remedium
813 772 1066 847 adipisci
1097 788 1295 846 spero,
1327 788 1401 829 ex
1433 787 1557 845 quo
1596 786 1841 825 omnem

164 860 297 916 vim
326 877 503 917 suam
548 861 809 918 brevitas
859 862 1085 931 ingenii
1135 862 1327 919 nostri
1372 862 1434 917 in
1471 860 1718 917 laudem
1747 875 1845 914 ve-

166 954 361 1007 stram
394 951 762 1023 expenderit.
801 952 913 1007 Sed
945 956 1002 1007 et
1045 951 1563 1008 susurrationibus
1593 947 1841 1006 maledi-

166 1055 385 1094 corum
430 1039 644 1096 obvius
686 1040 956 1112 veniens,
984 1041 1142 1097 acies
1176 1041 1548 1113 perﬁdorum
1584 1042 1842 1112 prostra-

167 1128 277 1199 vit,
294 1127 695 1186 fundamenta
715 1129 1024 1200 subvertit,
1041 1130 1197 1186 vires
1221 1129 1532 1199 confregit.
1560 1131 1644 1184 Ac
1665 1127 1844 1185 veluti

165 1232 376 1285 canes,
432 1217 539 1290 qui
588 1218 1007 1276 ardentissimo
1050 1219 1174 1276 zelo
1234 1235 1344 1292 pro
1403 1218 1666 1275 dominis
1718 1216 1842 1273 suis

163 1323 333 1377 saepe
359 1307 554 1364 rixare
578 1323 704 1364 non
727 1308 1033 1379 desinunt,
1064 1325 1135 1366 eo
1168 1308 1431 1383 amplius
1461 1309 1524 1366 in
1549 1308 1840 1381 importu-

162 1394 262 1450 nis
289 1394 607 1451 latratibus
633 1396 1089 1463 exacerbantur,
1121 1413 1245 1470 quo
1275 1396 1424 1453 forte
1453 1395 1839 1470 impugnatu-

165 1484 250 1540 ris
280 1483 501 1540 fuerint
519 1484 767 1541 verbere
786 1484 1030 1542 lacerati
1054 1504 1067 1555 ;
1099 1486 1184 1542 ita
1212 1503 1327 1542 nos
1351 1486 1488 1542 licet
1527 1484 1841 1558 asperrimi

166 1573 458 1645 temporis
515 1575 801 1643 angustia
845 1579 1237 1643 coarctemur,
1280 1579 1337 1630 et
1384 1574 1840 1631 imminentibus

163 1662 452 1735 periculis
484 1661 835 1730 obruamur,
869 1663 1212 1720 nullatenus
1237 1669 1441 1720 tamen
1460 1663 1732 1734 linguam
1762 1663 1838 1720 de

1956 501 2088 572 ipso
2114 505 2384 562 votivum
2431 507 2574 562 novi
2603 507 2799 563 valere
2822 506 3126 573 affectum,
3155 522 3343 578 quam
3375 520 3623 573 segnem

1954 590 2327 651 afﬂuentiam
2357 612 2702 652 munerum.
2731 598 3107 668 Quapropter
3148 595 3358 651 iterata
3393 595 3623 667 suppli-

1954 682 2188 739 catione
2214 701 2328 741 vos
2359 701 2589 757 quasso,
2616 686 2832 742 milites
2880 686 3002 754 Dei,
3027 685 3346 742 bellatores
3375 684 3622 763 egregii,

1952 777 2132 829 testes
2161 773 2386 847 idonei,
2406 780 2703 849 martyres
2732 776 2941 833 Christi
2972 781 3277 831 consortes
3298 775 3466 843 regni
3491 790 3622 847 per-

1951 864 2138 935 petui,
2170 869 2235 921 ut
2281 881 2378 921 me
2431 866 2528 922 hic
2565 846 2734 922 ﬁdeli
2765 866 3041 922 servitute
3084 868 3204 922 Deo
3243 846 3533 937 jungatis,
3564 868 3623 920 et
3702 846 3711 867 ’

1950 957 2092 1024 post
2119 952 2388 1010 debitam
2412 971 2522 1027 pro
2550 954 2874 1011 sceleribus
2904 954 2967 1010 in
2996 954 3196 1011 futuro
3227 953 3505 1010 examine
3534 952 3621 1009 ul-

1951 1041 2130 1099 tionis
2154 1043 2511 1100 sententiam
2552 1059 2589 1100 a
2618 1060 2716 1100 me
2746 1043 3050 1100 auferatis.
3086 1047 3154 1100 Ut
3191 1044 3297 1117 qui
3324 1043 3475 1099 liber
3502 1043 3622 1099 Me-

1952 1132 2205 1188 moriate
2232 1138 2581 1189 sanctorum
2613 1148 2650 1188 a
2676 1132 2853 1188 nobis
2886 1132 3247 1206 appellatus,
3281 1137 3619 1189 vestrorum

1951 1224 2199 1276 actuum
2257 1220 2582 1289 gloriosam
2634 1221 2991 1278 memoriam
3043 1224 3448 1294 pragconatur,
3493 1236 3619 1277 me-

1949 1309 2209 1366 moriam
2256 1327 2459 1367 meam
2509 1326 2716 1367 coram
2760 1310 3045 1367 tribunali
3075 1311 3258 1367 futuri
3281 1310 3502 1381 judicis
3530 1310 3617 1367 fa-

1949 1415 2091 1455 vore
2122 1416 2246 1455 suae
2279 1400 2644 1472 acceptionis
2673 1399 2734 1456 in
2769 1404 2993 1455 sortem
3014 1400 3219 1455 ovium
3245 1399 3615 1471 praescribat.

1950 1489 2080 1554 Quo
2132 1487 2349 1545 alaava
2397 1489 2461 1545 in
2508 1493 2742 1561 partem
2790 1489 3101 1546 dexteram
3139 1488 3505 1556 demutatus,
3537 1488 3618 1560 pii

1948 1576 2362 1650 Redemptoris
2417 1578 2761 1651 aspectibus
2814 1578 2941 1643 sine
2991 1577 3342 1634 confusione
3384 1591 3619 1632 merear

1947 1665 2209 1739 perfrui:
2268 1666 2557 1740 nulloque
2612 1667 3018 1741 praepediente
3067 1671 3256 1734 reatu,
3307 1665 3388 1721 illi
3440 1666 3618 1722 coatui

169 1749 381 1808 vestris
410 1749 694 1807 laudibus
749 1750 1176 1819 abstraximus,
1208 1756 1313 1809 aut
1353 1752 1429 1808 de
1468 1751 1838 1825 perﬁdorum
1868 1768 1909 1823 Β
1949 1757 2392 1812 communerari
2424 1772 2799 1830 promerear,
2832 1757 2929 1813 cui
2951 1756 3113 1812 idem
3138 1756 3495 1828 Redemptor
3514 1754 3616 1827 pia

164 1840 559 1896 insectatione
615 1841 1010 1897 cessavimus.
1064 1845 1197 1898 Haec
1250 1858 1363 1898 nos
1415 1842 1686 1915 quadam
1731 1857 1837 1915 spe

165 1933 395 1998 cogunt
416 1929 582 1985 laetos
617 1930 890 1998 existere,
920 1935 976 1985 et
1005 1931 1079 1986 de
1106 1930 1423 1986 clementia
1452 1930 1594 1986 boni
1622 1933 1837 1987 Paren-

166 2018 240 2073 tis
273 2017 540 2074 conﬁsos
572 2034 839 2075 manere.
876 2022 939 2075 Et
977 2019 1201 2075 idcirco
1228 2035 1352 2075 non
1386 2034 1485 2075 me
1515 2019 1835 2092 desperare

164 2106 350 2178 hujus
378 2106 556 2163 faciet
575 2108 767 2164 oratio
792 2108 1040 2176 inculta,
1069 2114 1126 2165 et
1156 2108 1289 2164 vilis
1314 2107 1541 2164 oblatio
1570 2107 1840 2164 muneris

233 2237 252 2261 '
282 2234 394 2289 Pro
420 2232 711 2290 criminis.
746 2233 954 2289 Senor.

1946 1858 2094 1899 voce
2134 1844 2404 1900 dicturus
2448 1848 2574 1900 est:
2628 1845 2849 1911 Venite,
2884 1845 3180 1901 benedicti
3227 1844 3435 1899 Patris
3479 1844 3613 1911 mei,

1944 1934 2234 2002 percz’pite
2260 1938 2549 2002 paratum
2594 1933 2756 1989 vobis
2809 1949 3062 2004 regnum
3114 1948 3151 1989 a
3190 1932 3617 1988 constitutione

1943 2022 2157 2077 mundi
2188 2022 2426 2094 (Matth.
2452 2038 2590 2094 xxv,
2618 2022 2732 2089 34).

1382 2469 1723 2557 LIBER
1810 2470 2400 2560 SECUNDUS.

1669 2623 1795 2631 *θ’
1810 2623 2011 2631 -φ-..μῌ
2025 2624 2094 2630 .-η-

807 2729 1189 2786 PREFATIO.

232 2816 529 2887 Contigua
556 2816 740 2887 hujus
794 2816 1042 2871 secundi
1074 2817 1270 2891 aperis
1320 2817 1579 2874 brevitas
1612 2821 1832 2890 marty-

152 2923 293 2964 rum
329 2905 752 2964 tantummodo
794 2905 1113 2962 beatorum
1160 2911 1327 2976 gesta
1357 2923 1688 2980 exponens,
1718 2923 1828 2963 no-

152 2995 348 3063 mina,
382 2994 604 3063 aetates,
633 3001 820 3066 ortus,
849 2995 1099 3069 diesque
1130 2995 1474 3052 allisionum
1505 2996 1663 3053 ﬁdeli
1697 3013 1831 3070 pro-

151 3083 304 3141 feret
325 3082 615 3139 relatione
645 3100 657 3138 :
706 3099 830 3156 quo
860 3084 1131 3156 prudens
1168 3083 1355 3140 lector
1379 3100 1486 3158 per
1514 3084 1830 3157 paululum

154 3172 377 3246 prioris
404 3171 586 3228 libelli
610 3172 827 3228 seriem
843 3172 1197 3244 protelatam
1220 3189 1646 3246 compensans,
1670 3189 1828 3246 quos

153 3259 466 3333 praeconio
496 3277 608 3317 suo
632 3260 925 3330 extulerit,
960 3260 1085 3316 sive
1116 3266 1362 3318 econtra
1388 3278 1544 3335 quos
1573 3260 1697 3316 zelo
1728 3260 1829 3318 Dei

155 3354 433 3407 armatus
464 3350 792 3418 incesserit,
824 3350 1058 3406 facilius
1100 3350 1294 3424 possit
1330 3351 1645 3423 conjicere.
1679 3355 1829 3407 Nam

153 3439 325 3512 quod
366 3438 463 3495 ille
512 3438 677 3497 vario
707 3439 1131 3513 disputationis
1173 3440 1405 3496 ambitu
1435 3440 1714 3497 obvolute
1744 3440 1829 3497 di-

155 3526 382 3602 sponit,
413 3528 523 3585 iste
554 3528 915 3585 enucleatim
966 3530 1400 3603 compendiosa
1428 3529 1663 3585 disserit
1692 3530 1826 3586 bre-

153 3618 359 3674 vitate.
416 3618 607 3683 Quem
664 3633 770 3689 per
819 3618 1083 3692 capitula
1133 3619 1270 3675 ideo
1329 3618 1712 3688 digessimus,
1764 3623 1830 3676 ut

154 3706 639 3780 uniuscujusque
662 3712 1003 3781 martyrum
1028 3708 1243 3779 agonis
1269 3707 1565 3781 principia
1584 3706 1828 3764 liberius

154 3812 222 3852 se
252 3795 688 3853 meditantibus
713 3797 1081 3854 exhiberem.

710 3939 936 3996 CAPUT
974 3940 1276 3997 PRIMUM.

213 4046 305 4101 De
332 4045 633 4116 Perfecto,
664 4044 1013 4116 presbytero
1044 4046 1437 4118 Cordubensi,
1470 4050 1760 4116 martyre.

225 4150 302 4206 In
356 4151 600 4207 nomine
664 4151 928 4207 Domini.
987 4153 1293 4220 Regnante
1345 4151 1405 4206 in
1465 4156 1824 4224 perpetuum

154 4238 414 4295 Domino
460 4244 669 4295 nostro
716 4241 855 4295 Jesu
903 4240 1152 4303 Christo,
1184 4255 1347 4296 anno
1392 4238 1825 4296 incarnationis

150 4330 283 4401 ejus
326 4328 829 4399 octingentesimo
885 4330 1418 4402 quinquagesimo,
1467 4344 1590 4385 aera
1633 4329 1821 4385 octin-

1941 2728 2273 2803 vapularet,
2298 2730 2661 2786 venerabilis
2693 2730 3001 2787 memoriae
3030 2731 3324 2787 Perfectus
3353 2730 3609 2803 presby-

1941 2821 2046 2886 ter,
2100 2818 2394 2877 Cordubse
2443 2821 2642 2887 natus,
2676 2823 2733 2875 et
2790 2819 2905 2876 sub
2949 2820 3302 2893 paedagogis
3347 2819 3609 2875 basilich

1942 2908 2130 2964 sancti
2159 2907 2373 2964 Aciscli
2402 2908 2565 2964 clara
2594 2908 2926 2964 eruditione
2952 2909 3233 2970 nutritus,
3259 2908 3609 2983 plenissime

1941 2996 2354 3053 ecclesiasticis
2393 2997 2723 3069 disciplinis
2771 2998 3062 3069 imbutus,
3096 3002 3152 3054 et
3179 2998 3367 3055 vivaci
3395 2998 3612 3054 educa-

1943 3086 2098 3142 tione
2124 3086 2409 3142 litteraria
2439 3091 2651 3158 captus
2683 3087 2779 3158 (ct),
2806 3103 3041 3143 necnon
3074 3103 3147 3143 ex
3177 3090 3345 3159 parte
3383 3086 3607 3155 linguae

1940 3175 2208 3231 Arabicae
2259 3175 2556 3244 cognitus,
2591 3180 2776 3231 totam
2833 3191 2989 3249 pene
3031 3176 3409 3247 juventutem
3442 3176 3515 3246 ὶ5)
3546 3176 3609 3230 in

1939 3264 2226 3337 praedicto
2253 3264 2542 3334 transegit
2571 3264 2868 3320 ccenobio.

2010 3357 2065 3408 2.
2093 3352 2368 3419 Quodam
2389 3368 2534 3409 vero
2559 3352 2655 3409 die
2681 3352 2831 3408 dum
2862 3353 2942 3409 ob
2962 3352 3047 3409 rei
3069 3350 3383 3409 familiaris
3405 3367 3609 3407 neces-

1941 3442 2174 3499 sitatem
2190 3443 2298 3498 iter
2312 3446 2644 3514 perageret,
2659 3448 2717 3497 et
2732 3459 2935 3498 rerum
2955 3442 3426 3498 domesticarum
3448 3457 3609 3497 com-

1939 3531 2136 3587 modis
2157 3532 2497 3602 consulens,
2516 3547 2621 3604 per
2636 3532 2849 3588 urbem
2869 3532 3299 3601 ingrederetur,
3319 3547 3609 3604 quorum-

1937 3616 2082 3672 dam
2113 3615 2425 3687 gentilium
2479 3615 2981 3673 sciscitationibus
3024 3616 3099 3672 de
3145 3616 3265 3672 ﬁde
3313 3615 3609 3672 catholica

1938 3705 2301 3779 exploratur,
2360 3722 2663 3778 suumque
2715 3722 2921 3762 coram
2972 3706 3058 3762 eis
3115 3705 3190 3760 de
3246 3705 3495 3772 Christo,
3550 3708 3609 3760 et

1938 3795 2234 3868 propheta
2262 3794 2565 3854 Mahomat
2594 3793 3001 3850 testimonium
3028 3793 3292 3866 proferre
3336 3792 3603 3864 jubetur.

1939 3884 2051 3950 Qui
2079 3885 2363 3941 continuo
2392 3883 2617 3940 diffuso
2660 3900 2763 3940 ore
2803 3882 3130 3940 divinitatis
3161 3881 3371 3940 Christi
3400 3885 3608 3954 poten-

1936 3974 2082 4030 tiam
2112 3975 2419 4047 proﬁtens,
2449 3977 2507 4031 et
2532 3989 2661 4029 esse
2691 3974 2881 4030 Deum
2920 3988 3103 4046 super
3129 3971 3336 4029 omnia
3363 3971 3607 4028 benedi-

1937 4068 2101 4120 ctum
2152 4064 2212 4120 in
2261 4061 2484 4119 saecula
2524 4078 2921 4136 praeconans:
2956 4084 2984 4113 ‹‹
3008 4064 3213 4118 Vatem
3243 4061 3480 4134 (inquit)
3509 4076 3603 4117 ve-

1937 4157 2127 4208 strum
2170 4153 2426 4226 qualiter
2457 4151 2624 4226 apud
2655 4150 2981 4208 catholicos
3014 4150 3309 4208 habeatur
3348 4165 3606 4223 expone-

1936 4257 1999 4298 re
2025 4258 2151 4297 non
2176 4242 2393 4311 audeo,
2421 4242 2567 4315 quia
2592 4240 2761 4311 gravi
2789 4240 3063 4298 molestia
3092 4245 3337 4314 propter
3354 4241 3470 4297 hoc
3498 4255 3605 4296 vos

1934 4330 2238 4387 vulnerari
2284 4346 2410 4387 non
2455 4330 2723 4401 ambigo.
2756 4333 2973 4387 Verum
3006 4330 3055 4386 si
3085 4329 3284 4387 foedus
3320 4329 3604 4386 interces-

151 4418 494 4490 gentesima
520 4418 933 4488 octuagesima
966 4423 1198 4486 octava,
1232 4419 1310 4491 (1)
1339 4417 1686 4474 consulatus
1717 4434 1820 4474 au-
1851 4411 1895 4466 D
1938 4421 2077 4476 serit
2124 4419 2462 4486 amicabile,
2496 4423 2552 4476 et
2599 4419 2918 4493 paciﬁcam
2963 4418 3103 4476 ﬁdei
3143 4420 3486 4493 pactionem
3516 4434 3607 4475 ac-

152 4512 273 4564 tem
306 4508 386 4578 (2)
434 4507 1017 4579 Habdarrahagman
1059 4507 1596 4578 vicesimognono:
1649 4507 1821 4578 cujus

152 4596 528 4669 temporibus
574 4597 756 4653 rebus
811 4601 868 4652 et
918 4596 1207 4668 dignitate
1252 4612 1400 4667 gens
1444 4596 1714 4652 Arabum
1758 4595 1821 4653 in

153 4685 461 4759 Hispaniis
494 4690 691 4753 aucta,
720 4691 950 4743 ‘totam
997 4702 1151 4760 pene
1198 4686 1497 4743 Hiberiam
1539 4685 1671 4743 diro
1699 4685 1821 4760 pri~

152 4774 373 4845 vilegio
402 4774 724 4848 occupavit
770 4776 848 4847 (3)
879 4793 892 4845 ;
935 4774 1282 4832 Cordubam
1320 4790 1481 4842 vero,
1514 4790 1649 4847 quae
1677 4770 1823 4832 olim

152 4863 412 4922 Patricia
453 4864 482 4905 ι)
525 4864 857 4932 dicebatur,
908 4880 1071 4921 nunc
1123 4864 1389 4921 sessione
1447 4881 1560 4921 sua
1605 4863 1822 4920 urbem

148 4954 382 5024 regiam
432 4952 825 5026 appellatam,
858 4969 1099 5010 summo
1155 4953 1326 5027 apice
1368 4953 1592 5023 extulit,
1633 4954 1822 5009 hono-

150 5043 318 5099 ribus
368 5041 741 5110 sublimavit,
773 5043 964 5114 gloria
1004 5042 1294 5109 dilatavit,
1343 5042 1563 5099 divitiis
1613 5057 1821 5098 cumu-

147 5132 315 5199 lavit,
345 5136 824 5205 cunctarumque
871 5131 1221 5188 deliciarum
1270 5130 1480 5188 mundi
1511 5128 1822 5187 afﬂuentia

150 5221 329 5294 (ultra
373 5237 565 5295 quam
614 5220 776 5278 credi
820 5221 912 5279 vel
955 5220 1071 5278 dici
1113 5221 1206 5278 fas
1254 5221 1358 5293 est)
1402 5219 1818 5276 vehementius

148 5309 467 5381 ampliavit
498 5328 510 5365 :
541 5314 610 5365 ut
629 5309 693 5367 in
722 5310 890 5366 omni
928 5326 1160 5383 pompa
1191 5308 1462 5365 saeculari
1491 5306 1820 5380 prmdeces~

150 5413 321 5455 sores
370 5397 607 5467 generis
653 5397 745 5453 sui
795 5412 966 5469 reges
1021 5397 1352 5468 excederet,
1397 5399 1721 5468 superaret,
1764 5398 1821 5453 et

146 5486 428 5543 vinceret.
478 5490 757 5559 Dumque
801 5487 914 5543 sub
961 5487 1090 5558 ejus
1138 5486 1493 5557 gravissimo
1527 5485 1676 5555 jugo
1721 5487 1819 5541 Ec-

149 5577 327 5634 clesia
359 5576 841 5633 orthodoxorum
872 5592 1140 5647 gemens,
1172 5593 1365 5649 usque
1404 5576 1478 5632 ad
1514 5575 1815 5630 interitum

215 5709 233 5731 ⁸
265 5701 504 5759 Videsis
532 5704 743 5760 notam
771 5701 874 5758 lib.
907 5718 946 5771 ι,
972 5714 1143 5759 num.
1176 5707 1227 5758 7.

1934 4507 2563 4579 commodatis,dicam
2582 4524 2707 4581 quo
2731 4507 3032 4579 Evangelii
3049 4508 3388 4579 testimonio
3422 4507 3606 4563 deno-

1934 4602 2105 4666 tetur,
2130 4597 2221 4653 vel
2249 4614 2373 4671 qua
2394 4598 2777 4655 veneratione
2799 4614 2836 4653 a
2856 4597 3206 4654 christicolis
3236 4596 3601 4653 excolatur.»

1933 4686 2093 4743 Illico
2125 4686 2535 4743 fraudulenter
2555 4685 2740 4741 ﬁdem
2771 4685 3091 4759 spondent,
3115 4690 3173 4742 et
3198 4683 3502 4757 quidquid
3526 4684 3603 4741 de

1932 4774 2033 4832 illo
2063 4775 2230 4849 apud
2252 4775 2568 4846 religiosos
2595 4780 2848 4842 tenetur,
2878 4774 3047 4831 omni
3076 4772 3254 4847 pulsa
3279 4770 3602 4830 formidine

1933 4879 2214 4922 enarrare
2267 4862 2658 4937 compellunt.
2689 4862 2781 4919 Ad
2826 4861 2953 4919 haec
2996 4861 3265 4934 prudens
3315 4859 3601 4915 sacerdos

1931 4953 2181 5010 Arabica
2234 4951 2367 5009 illos
2404 4952 2787 5026 reciprocans
2820 4950 3301 5024 pseudophetam
3346 4946 3513 5004 illum
3546 4951 3603 5005 et

1933 5041 2324 5098 falsissimum
2352 5041 2804 5112 dogmatistam,
2836 5040 2980 5112 quia
3021 5038 3221 5112 plures
3275 5036 3595 5106 seduxerit,

1931 5148 2006 5188 ex
2052 5130 2375 5200 Evangelio
2430 5127 2694 5205 protulit,
2748 5129 2990 5187 dicens:
3054 5129 3288 5187 «Multi
3344 5129 3599 5200 gseudo-

1929 5219 2238 5292 prophetae
2286 5220 2521 5277 venient
2566 5219 2629 5274 in
2682 5220 2921 5276 nomine
2961 5234 3108 5290 meo,
3159 5224 3214 5276 et
3268 5219 3488 5275 multos
3516 5232 3600 5274 se-

1931 5308 2150 5365 ducent
2173 5322 2196 5364 .'
2247 5314 2303 5365 et
2356 5306 2587 5364 dabunt
2640 5307 2816 5379 signa
2884 5323 3131 5379 magna,
3185 5313 3238 5364 et
3285 5306 3593 5377 prodigia,

1929 5398 2016 5454 ita
2044 5402 2111 5454 ut
2141 5397 2204 5452 in
2230 5412 2494 5454 errorem
2523 5394 2914 5465 inducantur,
2938 5400 2993 5452 si
3012 5396 3151 5465 ﬁeri
3169 5400 3381 5465 potest,
3416 5396 3595 5451 etiam

1929 5486 2105 5542 electi
2131 5485 2367 5555 (Matth.
2402 5502 2558 5556 xxxv,
2589 5489 2702 5549 24).
2735 5508 2762 5535 ››
2796 5508 2823 5535 ι(
2855 5488 2895 5541 Ε
2925 5484 3148 5558 quibus
3171 5484 3323 5539 inter
3349 5486 3596 5539 caeteros

1930 5590 2199 5630 summus
2228 5574 2323 5630 hic
2354 5573 2649 5647 propheta
2681 5578 2870 5630 vester
2890 5573 3075 5629 hostis
3106 5572 3336 5645 antiqui
3368 5573 3600 5646 praesti-

1999 5699 2033 5771 δέ
2059 5702 2136 5753 De
2164 5703 2417 5771 utroque
2434 5698 2606 5771 urbis
2637 5697 2883 5771 nomine
2918 5697 3134 5771 multa
3145 5698 3276 5769 jam
3305 5697 3591 5754 diximus.

1934 5769 2143 5828 Itidem
2168 5769 2245 5828 de
2275 5767 2446 5843 regni
2475 5770 2713 5830 Arabici
2742 5770 2883 5829 sede
2910 5770 2994 5829 ibi
3023 5767 3337 5829 collocata.
3372 5772 3592 5829 Ionas.
