  <div class='ocr_page' id='page_1' title='image "/cluster/home/n/w/nwhite01/storage/ocr_20150623/115-116/uc1.31175006916467/391.png"; bbox 0 0 3960 6388; ppageno 0'>
   <div class='ocr_carea' id='block_1_1' title="bbox 354 281 459 332">
    <p class='ocr_par' dir='ltr' id='par_1_1' title="bbox 354 281 459 332">
     <span class='ocr_line' id='line_1_1' title="bbox 354 281 459 332; baseline 0.019 -2"><span class='ocrx_word' id='word_1_1' title='bbox 354 281 459 332; x_wconf 86' lang='grc'>’767</span> 
     </span>
    </p>
   </div>
   <div class='ocr_carea' id='block_1_2' title="bbox 1562 262 2590 348">
    <p class='ocr_par' dir='ltr' id='par_1_2' title="bbox 1562 262 2590 348">
     <span class='ocr_line' id='line_1_2' title="bbox 1562 262 2590 348; baseline 0.003 -3"><span class='ocrx_word' id='word_1_2' title='bbox 1562 290 1618 345; x_wconf 92' lang='lat' dir='ltr'>s.</span> <span class='ocrx_word' id='word_1_3' title='bbox 1660 289 1941 346; x_wconf 85' lang='lat' dir='ltr'>EULOGII</span> <span class='ocrx_word' id='word_1_4' title='bbox 1979 287 2299 346; x_wconf 75' lang='lat' dir='ltr'>ARCHIEP.</span> <span class='ocrx_word' id='word_1_5' title='bbox 2343 262 2590 348; x_wconf 82' lang='lat' dir='ltr'>TOLET.</span> 
     </span>
    </p>
   </div>
   <div class='ocr_carea' id='block_1_3' title="bbox 3690 302 3799 355">
    <p class='ocr_par' dir='ltr' id='par_1_3' title="bbox 3690 302 3799 355">
     <span class='ocr_line' id='line_1_3' title="bbox 3690 302 3799 355; baseline 0.018 -2"><span class='ocrx_word' id='word_1_6' title='bbox 3690 302 3799 355; x_wconf 76' lang='lat'>768</span> 
     </span>
    </p>
   </div>
   <div class='ocr_carea' id='block_1_4' title="bbox 356 399 3800 488">
    <p class='ocr_par' dir='ltr' id='par_1_4' title="bbox 356 399 3800 488">
     <span class='ocr_line' id='line_1_4' title="bbox 356 399 3800 488; baseline 0.007 -33"><span class='ocrx_word' id='word_1_7' title='bbox 356 399 468 470; x_wconf 89' lang='lat' dir='ltr'>giis</span> <span class='ocrx_word' id='word_1_8' title='bbox 526 410 882 478; x_wconf 87' lang='lat' dir='ltr'>occupatus,</span> <span class='ocrx_word' id='word_1_9' title='bbox 913 407 1352 465; x_wconf 67' lang='lat' dir='ltr'>clasinoniorum</span> <span class='ocrx_word' id='word_1_10' title='bbox 1410 412 1710 481; x_wconf 78' lang='lat' dir='ltr'>figmentis</span> <span class='ocrx_word' id='word_1_11' title='bbox 1764 412 2015 480; x_wconf 87' lang='lat' dir='ltr'>illectus,</span> <span class='ocrx_word' id='word_1_12' title='bbox 2052 417 2096 467; x_wconf 81' lang='grc' dir='ltr'><strong>Α</strong></span> <span class='ocrx_word' id='word_1_13' title='bbox 2127 413 2393 486; x_wconf 92' lang='lat' dir='ltr'>pondere</span> <span class='ocrx_word' id='word_1_14' title='bbox 2420 416 2792 474; x_wconf 91' lang='lat' dir='ltr'>vinculorum</span> <span class='ocrx_word' id='word_1_15' title='bbox 2824 422 3160 488; x_wconf 88' lang='lat' dir='ltr'>coarctans,</span> <span class='ocrx_word' id='word_1_16' title='bbox 3183 419 3618 477; x_wconf 88' lang='lat' dir='ltr'>victimandum</span> <span class='ocrx_word' id='word_1_17' title='bbox 3639 422 3800 478; x_wconf 90' lang='lat' dir='ltr'>ineo</span> 
     </span>
    </p>
   </div>
   <div class='ocr_carea' id='block_1_5' title="bbox 358 490 2020 573">
    <p class='ocr_par' dir='ltr' id='par_1_5' title="bbox 358 490 2020 573">
     <span class='ocr_line' id='line_1_5' title="bbox 358 490 2020 573; baseline 0.008 -28"><span class='ocrx_word' id='word_1_18' title='bbox 358 490 795 549; x_wconf 86' lang='lat' dir='ltr'>maleﬁciorum</span> <span class='ocrx_word' id='word_1_19' title='bbox 827 495 1150 564; x_wconf 87' lang='lat' dir='ltr'>sacrilegiis</span> <span class='ocrx_word' id='word_1_20' title='bbox 1181 498 1436 567; x_wconf 92' lang='lat' dir='ltr'>deditus,</span> <span class='ocrx_word' id='word_1_21' title='bbox 1471 501 1798 557; x_wconf 88' lang='lat' dir='ltr'>multorum</span> <span class='ocrx_word' id='word_1_22' title='bbox 1828 501 2020 573; x_wconf 87' lang='lat' dir='ltr'>parvi-</span> 
     </span>
    </p>
   </div>
   <div class='ocr_carea' id='block_1_6' title="bbox 357 580 2018 664">
    <p class='ocr_par' dir='ltr' id='par_1_6' title="bbox 357 580 2018 664">
     <span class='ocr_line' id='line_1_6' title="bbox 357 580 2018 664; baseline 0.008 -30"><span class='ocrx_word' id='word_1_23' title='bbox 357 580 752 653; x_wconf 90' lang='lat' dir='ltr'>pendentium</span> <span class='ocrx_word' id='word_1_24' title='bbox 817 585 1002 640; x_wconf 89' lang='lat' dir='ltr'>corda</span> <span class='ocrx_word' id='word_1_25' title='bbox 1050 585 1252 642; x_wconf 86' lang='lat' dir='ltr'>lethali</span> <span class='ocrx_word' id='word_1_26' title='bbox 1309 605 1538 645; x_wconf 84' lang='lat' dir='ltr'>veneno</span> <span class='ocrx_word' id='word_1_27' title='bbox 1601 607 2018 664; x_wconf 89' lang='lat' dir='ltr'>corrumpens,</span> 
     </span>
    </p>
   </div>
   <div class='ocr_carea' id='block_1_7' title="bbox 357 672 2022 754">
    <p class='ocr_par' dir='ltr' id='par_1_7' title="bbox 357 672 2022 754">
     <span class='ocr_line' id='line_1_7' title="bbox 357 672 2022 754; baseline 0.007 -29"><span class='ocrx_word' id='word_1_28' title='bbox 357 674 596 726; x_wconf 69' lang='lat' dir='ltr'>aeternae</span> <span class='ocrx_word' id='word_1_29' title='bbox 649 672 996 744; x_wconf 81' lang='lat' dir='ltr'>perditionis</span> <span class='ocrx_word' id='word_1_30' title='bbox 1025 674 1256 748; x_wconf 83' lang='lat' dir='ltr'>laqueis</span> <span class='ocrx_word' id='word_1_31' title='bbox 1305 681 1690 754; x_wconf 90' lang='lat' dir='ltr'>mancipavit.</span> <span class='ocrx_word' id='word_1_32' title='bbox 1725 681 1817 738; x_wconf 91' lang='lat' dir='ltr'>Sic</span> <span class='ocrx_word' id='word_1_33' title='bbox 1855 680 2022 737; x_wconf 90' lang='lat' dir='ltr'>nulla</span> 
     </span>
    </p>
   </div>
   <div class='ocr_carea' id='block_1_8' title="bbox 360 761 2022 844">
    <p class='ocr_par' dir='ltr' id='par_1_8' title="bbox 360 761 2022 844">
     <span class='ocr_line' id='line_1_8' title="bbox 360 761 2022 844; baseline 0.007 -29"><span class='ocrx_word' id='word_1_34' title='bbox 360 761 606 833; x_wconf 82' lang='lat' dir='ltr'>spiritali</span> <span class='ocrx_word' id='word_1_35' title='bbox 649 761 939 820; x_wconf 90' lang='lat' dir='ltr'>discretus</span> <span class='ocrx_word' id='word_1_36' title='bbox 987 767 1326 840; x_wconf 82' lang='lat' dir='ltr'>prudentia,</span> <span class='ocrx_word' id='word_1_37' title='bbox 1358 770 1614 844; x_wconf 89' lang='lat' dir='ltr'>principi</span> <span class='ocrx_word' id='word_1_38' title='bbox 1665 773 1898 829; x_wconf 63' lang='lat' dir='ltr'>Satanae</span> <span class='ocrx_word' id='word_1_39' title='bbox 1928 787 2022 828; x_wconf 89' lang='lat' dir='ltr'>eo-</span> 
     </span>
    </p>
   </div>
   <div class='ocr_carea' id='block_1_9' title="bbox 361 851 2024 937">
    <p class='ocr_par' dir='ltr' id='par_1_9' title="bbox 361 851 2024 937">
     <span class='ocr_line' id='line_1_9' title="bbox 361 851 2024 937; baseline 0.009 -31"><span class='ocrx_word' id='word_1_40' title='bbox 361 866 495 908; x_wconf 87' lang='lat' dir='ltr'>rum</span> <span class='ocrx_word' id='word_1_41' title='bbox 524 851 706 909; x_wconf 86' lang='lat' dir='ltr'>ﬁdem</span> <span class='ocrx_word' id='word_1_42' title='bbox 733 858 1176 925; x_wconf 83' lang='lat' dir='ltr'>accommodat,</span> <span class='ocrx_word' id='word_1_43' title='bbox 1209 877 1345 916; x_wconf 93' lang='lat' dir='ltr'>cum</span> <span class='ocrx_word' id='word_1_44' title='bbox 1374 879 1496 935; x_wconf 92' lang='lat' dir='ltr'>quo</span> <span class='ocrx_word' id='word_1_45' title='bbox 1527 863 1656 936; x_wconf 91' lang='lat' dir='ltr'>ipse</span> <span class='ocrx_word' id='word_1_46' title='bbox 1687 864 2024 937; x_wconf 86' lang='lat' dir='ltr'>asperrima</span> 
     </span>
    </p>
   </div>
   <div class='ocr_carea' id='block_1_10' title="bbox 359 940 2024 1026">
    <p class='ocr_par' dir='ltr' id='par_1_10' title="bbox 359 940 2024 1026">
     <span class='ocr_line' id='line_1_10' title="bbox 359 940 2024 1026; baseline 0.008 -32"><span class='ocrx_word' id='word_1_47' title='bbox 359 940 688 997; x_wconf 86' lang='lat' dir='ltr'>inferorum</span> <span class='ocrx_word' id='word_1_48' title='bbox 717 943 972 1000; x_wconf 80' lang='lat' dir='ltr'>luiturus</span> <span class='ocrx_word' id='word_1_49' title='bbox 1003 950 1318 1016; x_wconf 87' lang='lat' dir='ltr'>tormenta,</span> <span class='ocrx_word' id='word_1_50' title='bbox 1338 967 1446 1006; x_wconf 91' lang='lat' dir='ltr'>vos</span> <span class='ocrx_word' id='word_1_51' title='bbox 1475 969 1718 1025; x_wconf 89' lang='lat' dir='ltr'>quoque</span> <span class='ocrx_word' id='word_1_52' title='bbox 1751 943 2024 1026; x_wconf 53' lang='lat' dir='ltr'>sequipe4</span> 
     </span>
    </p>
   </div>
   <div class='ocr_carea' id='block_1_11' title="bbox 360 1029 2026 1114">
    <p class='ocr_par' dir='ltr' id='par_1_11' title="bbox 360 1029 2026 1114">
     <span class='ocr_line' id='line_1_11' title="bbox 360 1029 2026 1114; baseline 0.008 -30"><span class='ocrx_word' id='word_1_53' title='bbox 360 1029 471 1085; x_wconf 91' lang='lat' dir='ltr'>das</span> <span class='ocrx_word' id='word_1_54' title='bbox 503 1047 704 1088; x_wconf 89' lang='lat' dir='ltr'>secum</span> <span class='ocrx_word' id='word_1_55' title='bbox 737 1049 1000 1105; x_wconf 88' lang='lat' dir='ltr'>arsuros,</span> <span class='ocrx_word' id='word_1_56' title='bbox 1033 1037 1532 1109; x_wconf 87' lang='lat' dir='ltr'>inexstinguibilis</span> <span class='ocrx_word' id='word_1_57' title='bbox 1590 1042 1808 1097; x_wconf 90' lang='lat' dir='ltr'>camini</span> <span class='ocrx_word' id='word_1_58' title='bbox 1839 1043 2026 1114; x_wconf 91' lang='lat' dir='ltr'>depu-</span> 
     </span>
    </p>
   </div>
   <div class='ocr_carea' id='block_1_12' title="bbox 359 1118 2026 1204">
    <p class='ocr_par' dir='ltr' id='par_1_12' title="bbox 359 1118 2026 1204">
     <span class='ocr_line' id='line_1_12' title="bbox 359 1118 2026 1204; baseline 0.009 -31"><span class='ocrx_word' id='word_1_59' title='bbox 359 1118 502 1174; x_wconf 89' lang='lat' dir='ltr'>tavit</span> <span class='ocrx_word' id='word_1_60' title='bbox 529 1119 843 1179; x_wconf 88' lang='lat' dir='ltr'>incendiis.</span> <span class='ocrx_word' id='word_1_61' title='bbox 879 1128 1025 1180; x_wconf 83' lang='lat' dir='ltr'>Nam</span> <span class='ocrx_word' id='word_1_62' title='bbox 1050 1142 1172 1198; x_wconf 88' lang='lat' dir='ltr'>quo</span> <span class='ocrx_word' id='word_1_63' title='bbox 1195 1135 1371 1200; x_wconf 90' lang='lat' dir='ltr'>pacto</span> <span class='ocrx_word' id='word_1_64' title='bbox 1404 1129 1555 1186; x_wconf 88' lang='lat' dir='ltr'>inter</span> <span class='ocrx_word' id='word_1_65' title='bbox 1583 1133 1909 1204; x_wconf 87' lang='lat' dir='ltr'>prophetas</span> <span class='ocrx_word' id='word_1_66' title='bbox 1939 1148 2026 1187; x_wconf 91' lang='lat' dir='ltr'>re-</span> 
     </span>
    </p>
   </div>
   <div class='ocr_carea' id='block_1_13' title="bbox 358 1207 2024 1293">
    <p class='ocr_par' dir='ltr' id='par_1_13' title="bbox 358 1207 2024 1293">
     <span class='ocr_line' id='line_1_13' title="bbox 358 1207 2024 1293; baseline 0.009 -32"><span class='ocrx_word' id='word_1_67' title='bbox 358 1207 686 1279; x_wconf 88' lang='lat' dir='ltr'>putabitur,</span> <span class='ocrx_word' id='word_1_68' title='bbox 711 1215 814 1268; x_wconf 88' lang='lat' dir='ltr'>aut</span> <span class='ocrx_word' id='word_1_69' title='bbox 842 1229 1029 1285; x_wconf 90' lang='lat' dir='ltr'>quare</span> <span class='ocrx_word' id='word_1_70' title='bbox 1058 1231 1182 1271; x_wconf 90' lang='lat' dir='ltr'>non</span> <span class='ocrx_word' id='word_1_71' title='bbox 1211 1217 1628 1275; x_wconf 89' lang='lat' dir='ltr'>maledictione</span> <span class='ocrx_word' id='word_1_72' title='bbox 1655 1221 1877 1276; x_wconf 65' lang='lat' dir='ltr'>coalesti</span> <span class='ocrx_word' id='word_1_73' title='bbox 1905 1220 2024 1293; x_wconf 90' lang='lat' dir='ltr'>ple-</span> 
     </span>
    </p>
   </div>
   <div class='ocr_carea' id='block_1_14' title="bbox 360 1301 2026 1371">
    <p class='ocr_par' dir='ltr' id='par_1_14' title="bbox 360 1301 2026 1371">
     <span class='ocr_line' id='line_1_14' title="bbox 360 1301 2026 1371; baseline 0.009 -20"><span class='ocrx_word' id='word_1_74' title='bbox 360 1301 568 1365; x_wconf 89' lang='lat' dir='ltr'>ctetur,</span> <span class='ocrx_word' id='word_1_75' title='bbox 627 1301 732 1371; x_wconf 88' lang='lat' dir='ltr'>qui</span> <span class='ocrx_word' id='word_1_76' title='bbox 781 1301 1015 1358; x_wconf 90' lang='lat' dir='ltr'>Zeinab</span> <span class='ocrx_word' id='word_1_77' title='bbox 1073 1321 1322 1363; x_wconf 89' lang='lat' dir='ltr'>uxorem</span> <span class='ocrx_word' id='word_1_78' title='bbox 1375 1309 1678 1365; x_wconf 88' lang='lat' dir='ltr'>vernaculi</span> <span class='ocrx_word' id='word_1_79' title='bbox 1737 1310 1827 1364; x_wconf 90' lang='lat' dir='ltr'>sui</span> <span class='ocrx_word' id='word_1_80' title='bbox 1883 1310 2026 1365; x_wconf 87' lang='lat' dir='ltr'>Zaid</span> 
     </span>
    </p>
   </div>
   <div class='ocr_carea' id='block_1_15' title="bbox 361 1386 2028 1468">
    <p class='ocr_par' dir='ltr' id='par_1_15' title="bbox 361 1386 2028 1468">
     <span class='ocr_line' id='line_1_15' title="bbox 361 1386 2028 1468; baseline 0.009 -28"><span class='ocrx_word' id='word_1_81' title='bbox 361 1386 560 1458; x_wconf 90' lang='lat' dir='ltr'>specie</span> <span class='ocrx_word' id='word_1_82' title='bbox 586 1387 819 1446; x_wconf 88' lang='lat' dir='ltr'>decoris</span> <span class='ocrx_word' id='word_1_83' title='bbox 859 1392 990 1462; x_wconf 90' lang='lat' dir='ltr'>ejus</span> <span class='ocrx_word' id='word_1_84' title='bbox 1030 1393 1390 1465; x_wconf 70' lang='lat' dir='ltr'>obczecatus,</span> <span class='ocrx_word' id='word_1_85' title='bbox 1419 1398 1550 1468; x_wconf 91' lang='lat' dir='ltr'>jure</span> <span class='ocrx_word' id='word_1_86' title='bbox 1582 1399 1898 1455; x_wconf 89' lang='lat' dir='ltr'>barbarico</span> <span class='ocrx_word' id='word_1_87' title='bbox 1925 1415 2028 1455; x_wconf 88' lang='lat' dir='ltr'>au-</span> 
     </span>
    </p>
   </div>
   <div class='ocr_carea' id='block_1_16' title="bbox 361 1473 2029 1558">
    <p class='ocr_par' dir='ltr' id='par_1_16' title="bbox 361 1473 2029 1558">
     <span class='ocr_line' id='line_1_16' title="bbox 361 1473 2029 1558; baseline 0.009 -30"><span class='ocrx_word' id='word_1_88' title='bbox 361 1473 582 1542; x_wconf 86' lang='lat' dir='ltr'>ferens,</span> <span class='ocrx_word' id='word_1_89' title='bbox 613 1475 766 1534; x_wconf 88' lang='lat' dir='ltr'>sicut</span> <span class='ocrx_word' id='word_1_90' title='bbox 812 1496 1004 1552; x_wconf 89' lang='lat' dir='ltr'>equus</span> <span class='ocrx_word' id='word_1_91' title='bbox 1056 1486 1112 1538; x_wconf 89' lang='lat' dir='ltr'>et</span> <span class='ocrx_word' id='word_1_92' title='bbox 1161 1483 1381 1554; x_wconf 90' lang='lat' dir='ltr'>mulus,</span> <span class='ocrx_word' id='word_1_93' title='bbox 1413 1485 1474 1540; x_wconf 90' lang='lat' dir='ltr'>in</span> <span class='ocrx_word' id='word_1_94' title='bbox 1517 1486 1740 1558; x_wconf 89' lang='lat' dir='ltr'>quibus</span> <span class='ocrx_word' id='word_1_95' title='bbox 1778 1503 1902 1542; x_wconf 92' lang='lat' dir='ltr'>non</span> <span class='ocrx_word' id='word_1_96' title='bbox 1939 1492 2029 1543; x_wconf 90' lang='lat' dir='ltr'>est</span> 
     </span>
    </p>
   </div>
   <div class='ocr_carea' id='block_1_17' title="bbox 360 1561 2029 1648">
    <p class='ocr_par' dir='ltr' id='par_1_17' title="bbox 360 1561 2029 1648">
     <span class='ocr_line' id='line_1_17' title="bbox 360 1561 2029 1648; baseline 0.009 -31"><span class='ocrx_word' id='word_1_97' title='bbox 360 1561 694 1620; x_wconf 88' lang='lat' dir='ltr'>intellectus</span> <span class='ocrx_word' id='word_1_98' title='bbox 736 1567 928 1637; x_wconf 75' lang='lat' dir='ltr'>(Psal.</span> <span class='ocrx_word' id='word_1_99' title='bbox 961 1586 1122 1639; x_wconf 78' lang='lat' dir='ltr'><strong>XXXI,</strong></span> <span class='ocrx_word' id='word_1_100' title='bbox 1153 1573 1227 1643; x_wconf 89' lang='grc'>9),</span> <span class='ocrx_word' id='word_1_101' title='bbox 1262 1573 1597 1631; x_wconf 89' lang='lat' dir='ltr'>adulterina</span> <span class='ocrx_word' id='word_1_102' title='bbox 1644 1575 1754 1631; x_wconf 88' lang='lat' dir='ltr'>sibi</span> <span class='ocrx_word' id='word_1_103' title='bbox 1810 1576 2029 1648; x_wconf 92' lang='lat' dir='ltr'>copula</span> 
     </span>
    </p>
   </div>
   <div class='ocr_carea' id='block_1_18' title="bbox 362 1652 2028 1738">
    <p class='ocr_par' dir='ltr' id='par_1_18' title="bbox 362 1652 2028 1738">
     <span class='ocr_line' id='line_1_18' title="bbox 362 1652 2028 1738; baseline 0.01 -33"><span class='ocrx_word' id='word_1_104' title='bbox 362 1652 586 1719; x_wconf 85' lang='lat' dir='ltr'>nexuit,</span> <span class='ocrx_word' id='word_1_105' title='bbox 621 1670 869 1727; x_wconf 89' lang='lat' dir='ltr'>seseque</span> <span class='ocrx_word' id='word_1_106' title='bbox 903 1674 974 1713; x_wconf 91' lang='lat' dir='ltr'>ex</span> <span class='ocrx_word' id='word_1_107' title='bbox 996 1659 1172 1728; x_wconf 91' lang='lat' dir='ltr'>jussu</span> <span class='ocrx_word' id='word_1_108' title='bbox 1198 1662 1395 1732; x_wconf 85' lang='lat' dir='ltr'>angeli</span> <span class='ocrx_word' id='word_1_109' title='bbox 1416 1663 1529 1719; x_wconf 91' lang='lat' dir='ltr'>hoc</span> <span class='ocrx_word' id='word_1_110' title='bbox 1556 1665 1629 1734; x_wconf 89' lang='lat'>(6)</span> <span class='ocrx_word' id='word_1_111' title='bbox 1659 1665 1851 1733; x_wconf 79' lang='lat' dir='ltr'>egisse</span> <span class='ocrx_word' id='word_1_112' title='bbox 1881 1681 2028 1738; x_wconf 62' lang='lat' dir='ltr'>pra;-</span> 
     </span>
    </p>
   </div>
   <div class='ocr_carea' id='block_1_19' title="bbox 2129 501 3797 582">
    <p class='ocr_par' dir='ltr' id='par_1_19' title="bbox 2129 501 3797 582">
     <span class='ocr_line' id='line_1_19' title="bbox 2129 501 3797 582; baseline 0.006 -25"><span class='ocrx_word' id='word_1_113' title='bbox 2129 501 2224 558; x_wconf 91' lang='lat' dir='ltr'>die</span> <span class='ocrx_word' id='word_1_114' title='bbox 2271 504 2486 572; x_wconf 80' lang='lat' dir='ltr'>differt,</span> <span class='ocrx_word' id='word_1_115' title='bbox 2521 523 2643 578; x_wconf 89' lang='lat' dir='ltr'>quo</span> <span class='ocrx_word' id='word_1_116' title='bbox 2680 507 2948 579; x_wconf 85' lang='lat' dir='ltr'>profanis</span> <span class='ocrx_word' id='word_1_117' title='bbox 2996 508 3206 564; x_wconf 89' lang='lat' dir='ltr'>ritibus</span> <span class='ocrx_word' id='word_1_118' title='bbox 3236 508 3514 565; x_wconf 89' lang='lat' dir='ltr'>festivum</span> <span class='ocrx_word' id='word_1_119' title='bbox 3543 512 3797 582; x_wconf 79' lang='lat' dir='ltr'>paschae</span> 
     </span>
    </p>
   </div>
   <div class='ocr_carea' id='block_1_20' title="bbox 2130 593 3802 669">
    <p class='ocr_par' dir='ltr' id='par_1_20' title="bbox 2130 593 3802 669">
     <span class='ocr_line' id='line_1_20' title="bbox 2130 593 3802 669; baseline 0.006 -23"><span class='ocrx_word' id='word_1_120' title='bbox 2130 593 2422 662; x_wconf 82' lang='lat' dir='ltr'>gaudium</span> <span class='ocrx_word' id='word_1_121' title='bbox 2469 597 2636 669; x_wconf 88' lang='lat' dir='ltr'>apud</span> <span class='ocrx_word' id='word_1_122' title='bbox 2679 614 2781 652; x_wconf 86' lang='lat' dir='ltr'>eos</span> <span class='ocrx_word' id='word_1_123' title='bbox 2825 597 3128 653; x_wconf 85' lang='lat' dir='ltr'>excolitur.</span> <span class='ocrx_word' id='word_1_124' title='bbox 3168 598 3340 654; x_wconf 88' lang='lat' dir='ltr'>Vadit</span> <span class='ocrx_word' id='word_1_125' title='bbox 3369 599 3538 654; x_wconf 88' lang='lat' dir='ltr'>miles</span> <span class='ocrx_word' id='word_1_126' title='bbox 3579 600 3802 657; x_wconf 86' lang='lat' dir='ltr'>Christi</span> 
     </span>
    </p>
   </div>
   <div class='ocr_carea' id='block_1_21' title="bbox 2130 681 3800 759">
    <p class='ocr_par' dir='ltr' id='par_1_21' title="bbox 2130 681 3800 759">
     <span class='ocr_line' id='line_1_21' title="bbox 2130 681 3800 759; baseline 0.003 -23"><span class='ocrx_word' id='word_1_127' title='bbox 2130 681 2570 739; x_wconf 81' lang='lat' dir='ltr'>exsultantibus</span> <span class='ocrx_word' id='word_1_128' title='bbox 2618 684 2836 740; x_wconf 88' lang='lat' dir='ltr'>animis</span> <span class='ocrx_word' id='word_1_129' title='bbox 2886 684 3092 740; x_wconf 86' lang='lat' dir='ltr'>abdita</span> <span class='ocrx_word' id='word_1_130' title='bbox 3143 685 3398 741; x_wconf 85' lang='lat' dir='ltr'>carceris</span> <span class='ocrx_word' id='word_1_131' title='bbox 3427 691 3664 759; x_wconf 90' lang='lat' dir='ltr'>petens,</span> <span class='ocrx_word' id='word_1_132' title='bbox 3696 687 3800 743; x_wconf 70' lang='grc' dir='ltr'>Ιω-</span> 
     </span>
    </p>
   </div>
   <div class='ocr_carea' id='block_1_22' title="bbox 2131 772 3799 848">
    <p class='ocr_par' dir='ltr' id='par_1_22' title="bbox 2131 772 3799 848">
     <span class='ocr_line' id='line_1_22' title="bbox 2131 772 3799 848; baseline 0.004 -25"><span class='ocrx_word' id='word_1_133' title='bbox 2131 773 2350 842; x_wconf 92' lang='lat' dir='ltr'>tusque</span> <span class='ocrx_word' id='word_1_134' title='bbox 2403 772 2570 828; x_wconf 90' lang='lat' dir='ltr'>illum</span> <span class='ocrx_word' id='word_1_135' title='bbox 2626 789 2870 829; x_wconf 91' lang='lat' dir='ltr'>reorum</span> <span class='ocrx_word' id='word_1_136' title='bbox 2920 790 3188 847; x_wconf 89' lang='lat' dir='ltr'>specum,</span> <span class='ocrx_word' id='word_1_137' title='bbox 3220 773 3395 846; x_wconf 89' lang='lat' dir='ltr'>quasi</span> <span class='ocrx_word' id='word_1_138' title='bbox 3453 775 3532 830; x_wconf 90' lang='lat' dir='ltr'>ad</span> <span class='ocrx_word' id='word_1_139' title='bbox 3581 775 3799 848; x_wconf 88' lang='lat' dir='ltr'>epulas</span> 
     </span>
    </p>
   </div>
   <div class='ocr_carea' id='block_1_23' title="bbox 2130 857 3799 932">
    <p class='ocr_par' dir='ltr' id='par_1_23' title="bbox 2130 857 3799 932">
     <span class='ocr_line' id='line_1_23' title="bbox 2130 857 3799 932; baseline 0.004 -19"><span class='ocrx_word' id='word_1_140' title='bbox 2130 857 2438 928; x_wconf 86' lang='lat' dir='ltr'>invitatus,</span> <span class='ocrx_word' id='word_1_141' title='bbox 2469 861 2818 932; x_wconf 87' lang='lat' dir='ltr'>ingreditur.</span> <span class='ocrx_word' id='word_1_142' title='bbox 2856 862 2964 918; x_wconf 92' lang='lat' dir='ltr'>Ubi</span> <span class='ocrx_word' id='word_1_143' title='bbox 3005 879 3248 919; x_wconf 90' lang='lat' dir='ltr'>summa</span> <span class='ocrx_word' id='word_1_144' title='bbox 3285 863 3514 919; x_wconf 86' lang='lat' dir='ltr'>timoris</span> <span class='ocrx_word' id='word_1_145' title='bbox 3563 868 3622 920; x_wconf 91' lang='lat' dir='ltr'>et</span> <span class='ocrx_word' id='word_1_146' title='bbox 3652 881 3799 920; x_wconf 88' lang='lat' dir='ltr'>san-</span> 
     </span>
    </p>
   </div>
   <div class='ocr_carea' id='block_1_24' title="bbox 2132 948 3798 1025">
    <p class='ocr_par' dir='ltr' id='par_1_24' title="bbox 2132 948 3798 1025">
     <span class='ocr_line' id='line_1_24' title="bbox 2132 948 3798 1025; baseline 0.004 -23"><span class='ocrx_word' id='word_1_147' title='bbox 2132 948 2429 1005; x_wconf 68' lang='lat' dir='ltr'>ctimoniae</span> <span class='ocrx_word' id='word_1_148' title='bbox 2450 951 2781 1007; x_wconf 89' lang='lat' dir='ltr'>reverentia</span> <span class='ocrx_word' id='word_1_149' title='bbox 2810 952 3116 1025; x_wconf 68' lang='lat' dir='ltr'>praeditus,</span> <span class='ocrx_word' id='word_1_150' title='bbox 3134 952 3368 1020; x_wconf 84' lang='lat' dir='ltr'>vigiliis,</span> <span class='ocrx_word' id='word_1_151' title='bbox 3394 953 3798 1023; x_wconf 89' lang='lat' dir='ltr'>orationibus,</span> 
     </span>
    </p>
   </div>
   <div class='ocr_carea' id='block_1_25' title="bbox 2133 1040 3796 1111">
    <p class='ocr_par' dir='ltr' id='par_1_25' title="bbox 2133 1040 3796 1111">
     <span class='ocr_line' id='line_1_25' title="bbox 2133 1040 3796 1111; baseline 0.004 -19"><span class='ocrx_word' id='word_1_152' title='bbox 2133 1042 2312 1108; x_wconf 90' lang='lat' dir='ltr'>atque</span> <span class='ocrx_word' id='word_1_153' title='bbox 2336 1040 2580 1111; x_wconf 87' lang='lat' dir='ltr'>jejuniis</span> <span class='ocrx_word' id='word_1_154' title='bbox 2613 1041 2960 1109; x_wconf 90' lang='lat' dir='ltr'>inserviens,</span> <span class='ocrx_word' id='word_1_155' title='bbox 2995 1043 3178 1097; x_wconf 84' lang='lat' dir='ltr'>fertur</span> <span class='ocrx_word' id='word_1_156' title='bbox 3203 1059 3377 1098; x_wconf 89' lang='lat' dir='ltr'>suam</span> <span class='ocrx_word' id='word_1_157' title='bbox 3411 1043 3796 1110; x_wconf 88' lang='lat' dir='ltr'>sententiam,</span> 
     </span>
    </p>
   </div>
   <div class='ocr_carea' id='block_1_26' title="bbox 2133 1129 3801 1203">
    <p class='ocr_par' dir='ltr' id='par_1_26' title="bbox 2133 1129 3801 1203">
     <span class='ocr_line' id='line_1_26' title="bbox 2133 1129 3801 1203; baseline 0.004 -21"><span class='ocrx_word' id='word_1_158' title='bbox 2133 1143 2317 1199; x_wconf 91' lang='lat' dir='ltr'>quam</span> <span class='ocrx_word' id='word_1_159' title='bbox 2344 1129 2578 1186; x_wconf 88' lang='lat' dir='ltr'>dudum</span> <span class='ocrx_word' id='word_1_160' title='bbox 2612 1137 2747 1188; x_wconf 91' lang='lat' dir='ltr'>ante</span> <span class='ocrx_word' id='word_1_161' title='bbox 2793 1132 3060 1203; x_wconf 87' lang='lat' dir='ltr'>judicem</span> <span class='ocrx_word' id='word_1_162' title='bbox 3108 1132 3425 1188; x_wconf 89' lang='lat' dir='ltr'>formidine</span> <span class='ocrx_word' id='word_1_163' title='bbox 3453 1133 3664 1189; x_wconf 91' lang='lat' dir='ltr'>mortis</span> <span class='ocrx_word' id='word_1_164' title='bbox 3696 1149 3801 1188; x_wconf 88' lang='lat' dir='ltr'>ne-</span> 
     </span>
    </p>
   </div>
   <div class='ocr_carea' id='block_1_27' title="bbox 2135 1218 3800 1293">
    <p class='ocr_par' dir='ltr' id='par_1_27' title="bbox 2135 1218 3800 1293">
     <span class='ocr_line' id='line_1_27' title="bbox 2135 1218 3800 1293; baseline 0.003 -22"><span class='ocrx_word' id='word_1_165' title='bbox 2135 1223 2395 1286; x_wconf 89' lang='lat' dir='ltr'>gaverat,</span> <span class='ocrx_word' id='word_1_166' title='bbox 2429 1218 2654 1277; x_wconf 91' lang='lat' dir='ltr'>fortiori</span> <span class='ocrx_word' id='word_1_167' title='bbox 2709 1226 2907 1277; x_wconf 89' lang='lat' dir='ltr'>mente</span> <span class='ocrx_word' id='word_1_168' title='bbox 2958 1221 3019 1276; x_wconf 90' lang='lat' dir='ltr'>in</span> <span class='ocrx_word' id='word_1_169' title='bbox 3063 1221 3276 1276; x_wconf 87' lang='lat' dir='ltr'>virtute</span> <span class='ocrx_word' id='word_1_170' title='bbox 3325 1221 3515 1277; x_wconf 91' lang='lat' dir='ltr'>sancti</span> <span class='ocrx_word' id='word_1_171' title='bbox 3546 1221 3800 1293; x_wconf 89' lang='lat' dir='ltr'>Spiritus</span> 
     </span>
    </p>
   </div>
   <div class='ocr_carea' id='block_1_28' title="bbox 2135 1306 3803 1384">
    <p class='ocr_par' dir='ltr' id='par_1_28' title="bbox 2135 1306 3803 1384">
     <span class='ocr_line' id='line_1_28' title="bbox 2135 1306 3803 1384; baseline 0.003 -23"><span class='ocrx_word' id='word_1_172' title='bbox 2135 1306 2548 1365; x_wconf 80' lang='lat' dir='ltr'>continuasse.</span> <span class='ocrx_word' id='word_1_173' title='bbox 2583 1313 2649 1365; x_wconf 89' lang='lat' dir='ltr'>Et</span> <span class='ocrx_word' id='word_1_174' title='bbox 2681 1311 3036 1384; x_wconf 89' lang='lat' dir='ltr'>priusquam</span> <span class='ocrx_word' id='word_1_175' title='bbox 3084 1309 3213 1366; x_wconf 93' lang='lat' dir='ltr'>foro</span> <span class='ocrx_word' id='word_1_176' title='bbox 3262 1309 3612 1382; x_wconf 90' lang='lat' dir='ltr'>plectendus</span> <span class='ocrx_word' id='word_1_177' title='bbox 3656 1310 3803 1366; x_wconf 92' lang='lat' dir='ltr'>edu-</span> 
     </span>
    </p>
   </div>
   <div class='ocr_carea' id='block_1_29' title="bbox 2137 1397 3800 1472">
    <p class='ocr_par' dir='ltr' id='par_1_29' title="bbox 2137 1397 3800 1472">
     <span class='ocr_line' id='line_1_29' title="bbox 2137 1397 3800 1472; baseline 0.002 -22"><span class='ocrx_word' id='word_1_178' title='bbox 2137 1400 2384 1466; x_wconf 86' lang='lat' dir='ltr'>ceretur,</span> <span class='ocrx_word' id='word_1_179' title='bbox 2418 1397 2662 1454; x_wconf 77' lang='lat' dir='ltr'>tradunt</span> <span class='ocrx_word' id='word_1_180' title='bbox 2690 1399 3041 1472; x_wconf 82' lang='lat' dir='ltr'>prophetico</span> <span class='ocrx_word' id='word_1_181' title='bbox 3083 1402 3427 1468; x_wconf 88' lang='lat' dir='ltr'>vegetatum</span> <span class='ocrx_word' id='word_1_182' title='bbox 3479 1398 3690 1472; x_wconf 85' lang='lat' dir='ltr'>spiritu</span> <span class='ocrx_word' id='word_1_183' title='bbox 3722 1398 3800 1454; x_wconf 92' lang='lat' dir='ltr'>de</span> 
     </span>
    </p>
   </div>
   <div class='ocr_carea' id='block_1_30' title="bbox 2135 1485 3800 1560">
    <p class='ocr_par' dir='ltr' id='par_1_30' title="bbox 2135 1485 3800 1560">
     <span class='ocr_line' id='line_1_30' title="bbox 2135 1485 3800 1560; baseline 0.002 -21"><span class='ocrx_word' id='word_1_184' title='bbox 2135 1485 2403 1557; x_wconf 86' lang='lat' dir='ltr'>quodam</span> <span class='ocrx_word' id='word_1_185' title='bbox 2457 1489 2736 1544; x_wconf 91' lang='lat' dir='ltr'>eunucho</span> <span class='ocrx_word' id='word_1_186' title='bbox 2786 1487 3087 1543; x_wconf 88' lang='lat' dir='ltr'>vocabulo</span> <span class='ocrx_word' id='word_1_187' title='bbox 3156 1491 3360 1560; x_wconf 85' lang='lat' dir='ltr'>Nazar,</span> <span class='ocrx_word' id='word_1_188' title='bbox 3413 1487 3800 1544; x_wconf 90' lang='lat' dir='ltr'>claviculario</span> 
     </span>
    </p>
   </div>
   <div class='ocr_carea' id='block_1_31' title="bbox 2135 1575 3800 1650">
    <p class='ocr_par' dir='ltr' id='par_1_31' title="bbox 2135 1575 3800 1650">
     <span class='ocr_line' id='line_1_31' title="bbox 2135 1575 3800 1650; baseline 0.002 -21"><span class='ocrx_word' id='word_1_189' title='bbox 2135 1575 2492 1646; x_wconf 86' lang='lat' dir='ltr'>proconsule</span> <span class='ocrx_word' id='word_1_190' title='bbox 2542 1577 2670 1649; x_wconf 89' lang='lat' dir='ltr'>(qui</span> <span class='ocrx_word' id='word_1_191' title='bbox 2719 1593 2790 1633; x_wconf 94' lang='lat' dir='ltr'>eo</span> <span class='ocrx_word' id='word_1_192' title='bbox 2829 1581 3098 1649; x_wconf 90' lang='lat' dir='ltr'>tempore</span> <span class='ocrx_word' id='word_1_193' title='bbox 3145 1577 3324 1633; x_wconf 88' lang='lat' dir='ltr'>totius</span> <span class='ocrx_word' id='word_1_194' title='bbox 3363 1577 3709 1650; x_wconf 66' lang='lat' dir='ltr'>reipublicae</span> <span class='ocrx_word' id='word_1_195' title='bbox 3736 1576 3800 1632; x_wconf 91' lang='lat' dir='ltr'>in</span> 
     </span>
    </p>
   </div>
   <div class='ocr_carea' id='block_1_32' title="bbox 2140 1662 3796 1737">
    <p class='ocr_par' dir='ltr' id='par_1_32' title="bbox 2140 1662 3796 1737">
     <span class='ocr_line' id='line_1_32' title="bbox 2140 1662 3796 1737; baseline 0.002 -21"><span class='ocrx_word' id='word_1_196' title='bbox 2140 1662 2436 1736; x_wconf 86' lang='lat' dir='ltr'>Hispaniis</span> <span class='ocrx_word' id='word_1_197' title='bbox 2502 1665 3080 1721; x_wconf 88' lang='lat' dir='ltr'>administrationem</span> <span class='ocrx_word' id='word_1_198' title='bbox 3153 1665 3452 1737; x_wconf 85' lang='lat' dir='ltr'>gerebat),</span> <span class='ocrx_word' id='word_1_199' title='bbox 3521 1665 3796 1721; x_wconf 82' lang='lat' dir='ltr'>dixisse:</span> 
     </span>
    </p>
   </div>
   <div class='ocr_carea' id='block_1_33' title="bbox 363 1740 3802 1827">
    <p class='ocr_par' dir='ltr' id='par_1_33' title="bbox 363 1740 3802 1827">
     <span class='ocr_line' id='line_1_33' title="bbox 363 1740 3802 1827; baseline 0.004 -33"><span class='ocrx_word' id='word_1_200' title='bbox 363 1740 607 1797; x_wconf 82' lang='lat' dir='ltr'>dixit?»</span> <span class='ocrx_word' id='word_1_201' title='bbox 637 1743 813 1800; x_wconf 76' lang='lat' dir='ltr'>Multa</span> <span class='ocrx_word' id='word_1_202' title='bbox 842 1745 1059 1803; x_wconf 89' lang='lat' dir='ltr'>deinde</span> <span class='ocrx_word' id='word_1_203' title='bbox 1087 1748 1300 1805; x_wconf 87' lang='lat' dir='ltr'>beatus</span> <span class='ocrx_word' id='word_1_204' title='bbox 1327 1751 1618 1808; x_wconf 83' lang='lat' dir='ltr'>Perfectus</span> <span class='ocrx_word' id='word_1_205' title='bbox 1648 1751 1722 1807; x_wconf 90' lang='lat' dir='ltr'>de</span> <span class='ocrx_word' id='word_1_206' title='bbox 1752 1753 2026 1809; x_wconf 83' lang='lat' dir='ltr'>foeditati-</span> <span class='ocrx_word' id='word_1_207' title='bbox 2065 1767 2108 1820; x_wconf 80' lang='grc' dir='ltr'>Β</span> <span class='ocrx_word' id='word_1_208' title='bbox 2139 1775 2166 1802; x_wconf 91' lang='grc'>‹‹</span> <span class='ocrx_word' id='word_1_209' title='bbox 2203 1757 2366 1808; x_wconf 85' lang='lat' dir='ltr'>Hunc</span> <span class='ocrx_word' id='word_1_210' title='bbox 2397 1769 2580 1826; x_wconf 88' lang='lat' dir='ltr'>quem</span> <span class='ocrx_word' id='word_1_211' title='bbox 2623 1754 2802 1810; x_wconf 86' lang='lat' dir='ltr'>hodie</span> <span class='ocrx_word' id='word_1_212' title='bbox 2846 1770 3029 1827; x_wconf 91' lang='lat' dir='ltr'>super</span> <span class='ocrx_word' id='word_1_213' title='bbox 3055 1770 3269 1810; x_wconf 89' lang='lat' dir='ltr'>omnes</span> <span class='ocrx_word' id='word_1_214' title='bbox 3299 1755 3548 1810; x_wconf 70' lang='lat' dir='ltr'>Hiberiae</span> <span class='ocrx_word' id='word_1_215' title='bbox 3577 1754 3802 1827; x_wconf 85' lang='lat' dir='ltr'>prima-</span> 
     </span>
    </p>
   </div>
   <div class='ocr_carea' id='block_1_34' title="bbox 363 1829 2027 1916">
    <p class='ocr_par' dir='ltr' id='par_1_34' title="bbox 363 1829 2027 1916">
     <span class='ocr_line' id='line_1_34' title="bbox 363 1829 2027 1916; baseline 0.009 -32"><span class='ocrx_word' id='word_1_216' title='bbox 363 1829 480 1885; x_wconf 90' lang='lat' dir='ltr'>bus</span> <span class='ocrx_word' id='word_1_217' title='bbox 527 1835 584 1887; x_wconf 90' lang='lat' dir='ltr'>et</span> <span class='ocrx_word' id='word_1_218' title='bbox 631 1831 982 1892; x_wconf 88' lang='lat' dir='ltr'>libidinibus</span> <span class='ocrx_word' id='word_1_219' title='bbox 1027 1854 1163 1910; x_wconf 64' lang='lat' dir='ltr'>quae</span> <span class='ocrx_word' id='word_1_220' title='bbox 1211 1839 1341 1910; x_wconf 87' lang='lat' dir='ltr'>lege</span> <span class='ocrx_word' id='word_1_221' title='bbox 1388 1841 1778 1898; x_wconf 87' lang='lat' dir='ltr'>Mahometica</span> <span class='ocrx_word' id='word_1_222' title='bbox 1822 1843 2027 1916; x_wconf 66' lang='lat' dir='ltr'>praeci-</span> 
     </span>
    </p>
   </div>
   <div class='ocr_carea' id='block_1_35' title="bbox 364 1919 2027 1996">
    <p class='ocr_par' dir='ltr' id='par_1_35' title="bbox 364 1919 2027 1996">
     <span class='ocr_line' id='line_1_35' title="bbox 364 1919 2027 1996; baseline 0.009 -23"><span class='ocrx_word' id='word_1_223' title='bbox 364 1919 630 1990; x_wconf 90' lang='lat' dir='ltr'>piuntur,</span> <span class='ocrx_word' id='word_1_224' title='bbox 699 1925 1150 1996; x_wconf 82' lang='lat' dir='ltr'>superaddidit;</span> <span class='ocrx_word' id='word_1_225' title='bbox 1214 1933 1272 1984; x_wconf 91' lang='lat' dir='ltr'>et</span> <span class='ocrx_word' id='word_1_226' title='bbox 1358 1931 1606 1987; x_wconf 90' lang='lat' dir='ltr'>tandem</span> <span class='ocrx_word' id='word_1_227' title='bbox 1685 1931 1868 1988; x_wconf 85' lang='lat' dir='ltr'>finem</span> <span class='ocrx_word' id='word_1_228' title='bbox 1935 1932 2027 1988; x_wconf 91' lang='lat' dir='ltr'>his</span> 
     </span>
    </p>
   </div>
   <div class='ocr_carea' id='block_1_36' title="bbox 365 2007 2027 2088">
    <p class='ocr_par' dir='ltr' id='par_1_36' title="bbox 365 2007 2027 2088">
     <span class='ocr_line' id='line_1_36' title="bbox 365 2007 2027 2088; baseline 0.009 -26"><span class='ocrx_word' id='word_1_229' title='bbox 365 2007 563 2064; x_wconf 88' lang='lat' dir='ltr'>verbis</span> <span class='ocrx_word' id='word_1_230' title='bbox 583 2008 755 2067; x_wconf 85' lang='lat' dir='ltr'>fecit:</span> <span class='ocrx_word' id='word_1_231' title='bbox 791 2035 818 2064; x_wconf 85' lang='lat'><strong>«</strong></span> <span class='ocrx_word' id='word_1_232' title='bbox 849 2015 940 2071; x_wconf 92' lang='lat' dir='ltr'>Sic</span> <span class='ocrx_word' id='word_1_233' title='bbox 958 2014 1157 2072; x_wconf 86' lang='lat' dir='ltr'>fautor</span> <span class='ocrx_word' id='word_1_234' title='bbox 1181 2017 1598 2088; x_wconf 79' lang='lat' dir='ltr'>immunditiae,</span> <span class='ocrx_word' id='word_1_235' title='bbox 1629 2025 1685 2076; x_wconf 91' lang='lat' dir='ltr'>et</span> <span class='ocrx_word' id='word_1_236' title='bbox 1707 2020 2027 2076; x_wconf 91' lang='lat' dir='ltr'>libidinum</span> 
     </span>
    </p>
   </div>
   <div class='ocr_carea' id='block_1_37' title="bbox 365 2096 2027 2182">
    <p class='ocr_par' dir='ltr' id='par_1_37' title="bbox 365 2096 2027 2182">
     <span class='ocr_line' id='line_1_37' title="bbox 365 2096 2027 2182; baseline 0.01 -31"><span class='ocrx_word' id='word_1_237' title='bbox 365 2096 684 2171; x_wconf 88' lang='lat' dir='ltr'>voluptatis</span> <span class='ocrx_word' id='word_1_238' title='bbox 742 2103 1021 2175; x_wconf 82' lang='lat' dir='ltr'>serviens,</span> <span class='ocrx_word' id='word_1_239' title='bbox 1055 2123 1266 2163; x_wconf 89' lang='lat' dir='ltr'>omnes</span> <span class='ocrx_word' id='word_1_240' title='bbox 1315 2125 1423 2164; x_wconf 85' lang='lat' dir='ltr'>vos</span> <span class='ocrx_word' id='word_1_241' title='bbox 1469 2110 1750 2182; x_wconf 90' lang='lat' dir='ltr'>perennis</span> <span class='ocrx_word' id='word_1_242' title='bbox 1777 2109 2027 2166; x_wconf 65' lang='lat' dir='ltr'>luxuriae</span> 
     </span>
    </p>
   </div>
   <div class='ocr_carea' id='block_1_38' title="bbox 366 2184 2030 2273">
    <p class='ocr_par' dir='ltr' id='par_1_38' title="bbox 366 2184 2030 2273">
     <span class='ocr_line' id='line_1_38' title="bbox 366 2184 2030 2273; baseline 0.01 -33"><span class='ocrx_word' id='word_1_243' title='bbox 366 2184 813 2258; x_wconf 88' lang='lat' dir='ltr'>impuritatibus</span> <span class='ocrx_word' id='word_1_244' title='bbox 858 2193 1172 2252; x_wconf 89' lang='lat' dir='ltr'>dedicavit.</span> <span class='ocrx_word' id='word_1_245' title='bbox 1198 2220 1225 2246; x_wconf 86' lang='grc'><strong>››</strong></span> <span class='ocrx_word' id='word_1_246' title='bbox 1259 2197 1385 2252; x_wconf 85' lang='lat' dir='ltr'>Alia</span> <span class='ocrx_word' id='word_1_247' title='bbox 1415 2199 1595 2254; x_wconf 88' lang='lat' dir='ltr'>etiam</span> <span class='ocrx_word' id='word_1_248' title='bbox 1625 2199 1820 2271; x_wconf 90' lang='lat' dir='ltr'>plura,</span> <span class='ocrx_word' id='word_1_249' title='bbox 1851 2205 2030 2273; x_wconf 90' lang='lat' dir='ltr'>prout</span> 
     </span>
    </p>
   </div>
   <div class='ocr_carea' id='block_1_39' title="bbox 367 2278 2030 2361">
    <p class='ocr_par' dir='ltr' id='par_1_39' title="bbox 367 2278 2030 2361">
     <span class='ocr_line' id='line_1_39' title="bbox 367 2278 2030 2361; baseline 0.01 -32"><span class='ocrx_word' id='word_1_250' title='bbox 367 2281 637 2346; x_wconf 90' lang='lat' dir='ltr'>noverat,</span> <span class='ocrx_word' id='word_1_251' title='bbox 660 2278 734 2334; x_wconf 89' lang='lat' dir='ltr'>de</span> <span class='ocrx_word' id='word_1_252' title='bbox 763 2280 951 2354; x_wconf 91' lang='lat' dir='ltr'>ipsius</span> <span class='ocrx_word' id='word_1_253' title='bbox 987 2285 1421 2342; x_wconf 86' lang='lat' dir='ltr'>nefandissima</span> <span class='ocrx_word' id='word_1_254' title='bbox 1448 2287 1721 2344; x_wconf 87' lang='lat' dir='ltr'>doctrina</span> <span class='ocrx_word' id='word_1_255' title='bbox 1740 2289 1824 2345; x_wconf 91' lang='lat' dir='ltr'>eis</span> <span class='ocrx_word' id='word_1_256' title='bbox 1849 2305 2030 2361; x_wconf 88' lang='lat' dir='ltr'>expo-</span> 
     </span>
    </p>
   </div>
   <div class='ocr_carea' id='block_1_40' title="bbox 367 2368 2030 2442">
    <p class='ocr_par' dir='ltr' id='par_1_40' title="bbox 367 2368 2030 2442">
     <span class='ocr_line' id='line_1_40' title="bbox 367 2368 2030 2442; baseline 0.01 -24"><span class='ocrx_word' id='word_1_257' title='bbox 367 2379 539 2436; x_wconf 91' lang='lat' dir='ltr'>nens,</span> <span class='ocrx_word' id='word_1_258' title='bbox 567 2368 876 2442; x_wconf 90' lang='lat' dir='ltr'>multaque</span> <span class='ocrx_word' id='word_1_259' title='bbox 906 2373 1136 2430; x_wconf 89' lang='lat' dir='ltr'>auditui</span> <span class='ocrx_word' id='word_1_260' title='bbox 1165 2390 1347 2431; x_wconf 83' lang='lat' dir='ltr'>exosa</span> <span class='ocrx_word' id='word_1_261' title='bbox 1385 2392 1591 2432; x_wconf 89' lang='lat' dir='ltr'>coram</span> <span class='ocrx_word' id='word_1_262' title='bbox 1620 2378 1905 2434; x_wconf 90' lang='lat' dir='ltr'>omnibus</span> <span class='ocrx_word' id='word_1_263' title='bbox 1931 2377 2030 2434; x_wconf 82' lang='lat' dir='ltr'>de-</span> 
     </span>
    </p>
   </div>
   <div class='ocr_carea' id='block_1_41' title="bbox 367 2454 2028 2538">
    <p class='ocr_par' dir='ltr' id='par_1_41' title="bbox 367 2454 2028 2538">
     <span class='ocr_line' id='line_1_41' title="bbox 367 2454 2028 2538; baseline 0.009 -31"><span class='ocrx_word' id='word_1_264' title='bbox 367 2454 675 2525; x_wconf 91' lang='lat' dir='ltr'>nuntians,</span> <span class='ocrx_word' id='word_1_265' title='bbox 735 2458 871 2516; x_wconf 88' lang='lat' dir='ltr'>licet</span> <span class='ocrx_word' id='word_1_266' title='bbox 926 2477 1050 2518; x_wconf 89' lang='lat' dir='ltr'>non</span> <span class='ocrx_word' id='word_1_267' title='bbox 1106 2467 1248 2519; x_wconf 90' lang='lat' dir='ltr'>tunc</span> <span class='ocrx_word' id='word_1_268' title='bbox 1301 2464 1469 2520; x_wconf 90' lang='lat' dir='ltr'>illum</span> <span class='ocrx_word' id='word_1_269' title='bbox 1527 2466 1788 2538; x_wconf 90' lang='lat' dir='ltr'>superbo</span> <span class='ocrx_word' id='word_1_270' title='bbox 1853 2467 2028 2522; x_wconf 92' lang='lat' dir='ltr'>oculo</span> 
     </span>
    </p>
   </div>
   <div class='ocr_carea' id='block_1_42' title="bbox 368 2541 2029 2615">
    <p class='ocr_par' dir='ltr' id='par_1_42' title="bbox 368 2541 2029 2615">
     <span class='ocr_line' id='line_1_42' title="bbox 368 2541 2029 2615; baseline 0.01 -20"><span class='ocrx_word' id='word_1_271' title='bbox 368 2541 748 2615; x_wconf 89' lang='lat' dir='ltr'>impetierint,</span> <span class='ocrx_word' id='word_1_272' title='bbox 796 2564 1118 2606; x_wconf 89' lang='lat' dir='ltr'>accensum</span> <span class='ocrx_word' id='word_1_273' title='bbox 1150 2557 1350 2607; x_wconf 87' lang='lat' dir='ltr'>tamen</span> <span class='ocrx_word' id='word_1_274' title='bbox 1391 2553 1632 2609; x_wconf 92' lang='lat' dir='ltr'>ultionis</span> <span class='ocrx_word' id='word_1_275' title='bbox 1676 2554 1941 2611; x_wconf 87' lang='lat' dir='ltr'>furorem</span> <span class='ocrx_word' id='word_1_276' title='bbox 1966 2555 2029 2611; x_wconf 90' lang='lat' dir='ltr'>in</span> 
     </span>
    </p>
   </div>
   <div class='ocr_carea' id='block_1_43' title="bbox 370 2631 1526 2713">
    <p class='ocr_par' dir='ltr' id='par_1_43' title="bbox 370 2631 1526 2713">
     <span class='ocr_line' id='line_1_43' title="bbox 370 2631 1526 2713; baseline 0.01 -28"><span class='ocrx_word' id='word_1_277' title='bbox 370 2631 549 2687; x_wconf 91' lang='lat' dir='ltr'>corde</span> <span class='ocrx_word' id='word_1_278' title='bbox 579 2633 658 2688; x_wconf 91' lang='lat' dir='ltr'>ad</span> <span class='ocrx_word' id='word_1_279' title='bbox 685 2638 1008 2706; x_wconf 86' lang='lat' dir='ltr'>perniciem</span> <span class='ocrx_word' id='word_1_280' title='bbox 1049 2640 1178 2709; x_wconf 90' lang='lat' dir='ltr'>ejus</span> <span class='ocrx_word' id='word_1_281' title='bbox 1207 2647 1526 2713; x_wconf 91' lang='lat' dir='ltr'>reponunt.</span> 
     </span>
    </p>
   </div>
   <div class='ocr_carea' id='block_1_44' title="bbox 441 2722 2028 2789">
    <p class='ocr_par' dir='ltr' id='par_1_44' title="bbox 441 2722 2028 2789">
     <span class='ocr_line' id='line_1_44' title="bbox 441 2722 2028 2789; baseline 0.009 -15"><span class='ocrx_word' id='word_1_282' title='bbox 441 2722 495 2775; x_wconf 88' lang='lat'>3.</span> <span class='ocrx_word' id='word_1_283' title='bbox 536 2723 766 2779; x_wconf 88' lang='lat' dir='ltr'>Perticit</span> <span class='ocrx_word' id='word_1_284' title='bbox 797 2725 894 2780; x_wconf 89' lang='lat' dir='ltr'>Dei</span> <span class='ocrx_word' id='word_1_285' title='bbox 941 2726 1202 2783; x_wconf 89' lang='lat' dir='ltr'>famulus</span> <span class='ocrx_word' id='word_1_286' title='bbox 1241 2729 1352 2784; x_wconf 91' lang='lat' dir='ltr'>sibi</span> <span class='ocrx_word' id='word_1_287' title='bbox 1398 2730 1535 2786; x_wconf 85' lang='lat' dir='ltr'>hinc</span> <span class='ocrx_word' id='word_1_288' title='bbox 1565 2732 1916 2788; x_wconf 61' lang='lat' dir='ltr'>necessarias</span> <span class='ocrx_word' id='word_1_289' title='bbox 1944 2734 2028 2789; x_wconf 92' lang='lat' dir='ltr'>rei</span> 
     </span>
    </p>
   </div>
   <div class='ocr_carea' id='block_1_45' title="bbox 369 2808 2027 2894">
    <p class='ocr_par' dir='ltr' id='par_1_45' title="bbox 369 2808 2027 2894">
     <span class='ocr_line' id='line_1_45' title="bbox 369 2808 2027 2894; baseline 0.009 -31"><span class='ocrx_word' id='word_1_290' title='bbox 369 2808 686 2866; x_wconf 89' lang='lat' dir='ltr'>utilitatem</span> <span class='ocrx_word' id='word_1_291' title='bbox 717 2831 729 2880; x_wconf 90' lang='lat'>;</span> <span class='ocrx_word' id='word_1_292' title='bbox 780 2821 837 2871; x_wconf 90' lang='lat' dir='ltr'>et</span> <span class='ocrx_word' id='word_1_293' title='bbox 859 2817 1093 2888; x_wconf 87' lang='lat' dir='ltr'>expleto</span> <span class='ocrx_word' id='word_1_294' title='bbox 1128 2819 1221 2873; x_wconf 88' lang='lat' dir='ltr'>sui</span> <span class='ocrx_word' id='word_1_295' title='bbox 1269 2819 1492 2875; x_wconf 88' lang='lat' dir='ltr'>itineris</span> <span class='ocrx_word' id='word_1_296' title='bbox 1536 2836 1738 2890; x_wconf 91' lang='lat' dir='ltr'>cursu,</span> <span class='ocrx_word' id='word_1_297' title='bbox 1770 2823 2027 2894; x_wconf 69' lang='lat' dir='ltr'>propriae</span> 
     </span>
    </p>
   </div>
   <div class='ocr_carea' id='block_1_46' title="bbox 371 2897 2029 2984">
    <p class='ocr_par' dir='ltr' id='par_1_46' title="bbox 371 2897 2029 2984">
     <span class='ocr_line' id='line_1_46' title="bbox 371 2897 2029 2984; baseline 0.01 -33"><span class='ocrx_word' id='word_1_298' title='bbox 371 2897 586 2964; x_wconf 86' lang='lat' dir='ltr'>quietis</span> <span class='ocrx_word' id='word_1_299' title='bbox 614 2901 889 2960; x_wconf 88' lang='lat' dir='ltr'>cellulam</span> <span class='ocrx_word' id='word_1_300' title='bbox 920 2912 1214 2978; x_wconf 90' lang='lat' dir='ltr'>repetens,</span> <span class='ocrx_word' id='word_1_301' title='bbox 1240 2924 1484 2964; x_wconf 89' lang='lat' dir='ltr'>securus</span> <span class='ocrx_word' id='word_1_302' title='bbox 1515 2909 1869 2982; x_wconf 89' lang='lat' dir='ltr'>aliquandiu</span> <span class='ocrx_word' id='word_1_303' title='bbox 1898 2927 2029 2984; x_wconf 91' lang='lat' dir='ltr'>per-</span> 
     </span>
    </p>
   </div>
   <div class='ocr_carea' id='block_1_47' title="bbox 369 2987 2026 3070">
    <p class='ocr_par' dir='ltr' id='par_1_47' title="bbox 369 2987 2026 3070">
     <span class='ocr_line' id='line_1_47' title="bbox 369 2987 2026 3070; baseline 0.01 -30"><span class='ocrx_word' id='word_1_304' title='bbox 369 2987 609 3044; x_wconf 87' lang='lat' dir='ltr'>mansit.</span> <span class='ocrx_word' id='word_1_305' title='bbox 639 2991 928 3048; x_wconf 72' lang='lat' dir='ltr'>Caeterum</span> <span class='ocrx_word' id='word_1_306' title='bbox 973 3001 1109 3068; x_wconf 92' lang='lat' dir='ltr'>post</span> <span class='ocrx_word' id='word_1_307' title='bbox 1151 3013 1274 3053; x_wconf 91' lang='lat' dir='ltr'>non</span> <span class='ocrx_word' id='word_1_308' title='bbox 1317 2997 1564 3067; x_wconf 89' lang='lat' dir='ltr'>longam</span> <span class='ocrx_word' id='word_1_309' title='bbox 1591 2998 2026 3070; x_wconf 88' lang='lat' dir='ltr'>digressionem</span> 
     </span>
    </p>
   </div>
   <div class='ocr_carea' id='block_1_48' title="bbox 368 3078 2098 3172">
    <p class='ocr_par' dir='ltr' id='par_1_48' title="bbox 368 3078 2098 3172">
     <span class='ocr_line' id='line_1_48' title="bbox 368 3078 2098 3172; baseline 0.01 -43"><span class='ocrx_word' id='word_1_310' title='bbox 368 3078 672 3172; x_wconf 79' lang='lat' dir='ltr'>temporis,</span> <span class='ocrx_word' id='word_1_311' title='bbox 705 3079 851 3137; x_wconf 91' lang='lat' dir='ltr'>dum</span> <span class='ocrx_word' id='word_1_312' title='bbox 883 3085 1120 3140; x_wconf 87' lang='lat' dir='ltr'>occasio</span> <span class='ocrx_word' id='word_1_313' title='bbox 1159 3086 1467 3142; x_wconf 87' lang='lat' dir='ltr'>familiaris</span> <span class='ocrx_word' id='word_1_314' title='bbox 1495 3089 1860 3144; x_wconf 87' lang='lat' dir='ltr'>necessitatis</span> <span class='ocrx_word' id='word_1_315' title='bbox 1887 3106 2026 3146; x_wconf 91' lang='lat' dir='ltr'>eum</span> <span class='ocrx_word' id='word_1_316' title='bbox 2057 3117 2098 3172; x_wconf 71' lang='grc' dir='ltr'><strong>ρ</strong></span> 
     </span>
    </p>
   </div>
   <div class='ocr_carea' id='block_1_49' title="bbox 366 3163 2027 3250">
    <p class='ocr_par' dir='ltr' id='par_1_49' title="bbox 366 3163 2027 3250">
     <span class='ocr_line' id='line_1_49' title="bbox 366 3163 2027 3250; baseline 0.01 -31"><span class='ocrx_word' id='word_1_317' title='bbox 366 3163 568 3238; x_wconf 87' lang='lat' dir='ltr'>aliquo</span> <span class='ocrx_word' id='word_1_318' title='bbox 614 3168 698 3225; x_wconf 91' lang='lat' dir='ltr'>ire</span> <span class='ocrx_word' id='word_1_319' title='bbox 754 3174 1154 3245; x_wconf 88' lang='lat' dir='ltr'>compelleret,</span> <span class='ocrx_word' id='word_1_320' title='bbox 1206 3193 1352 3232; x_wconf 93' lang='lat' dir='ltr'>casu</span> <span class='ocrx_word' id='word_1_321' title='bbox 1404 3193 1511 3250; x_wconf 91' lang='lat' dir='ltr'>per</span> <span class='ocrx_word' id='word_1_322' title='bbox 1566 3178 1835 3245; x_wconf 90' lang='lat' dir='ltr'>eosdem,</span> <span class='ocrx_word' id='word_1_323' title='bbox 1887 3195 2027 3234; x_wconf 91' lang='lat' dir='ltr'>cum</span> 
     </span>
    </p>
   </div>
   <div class='ocr_carea' id='block_1_50' title="bbox 364 3256 2028 3335">
    <p class='ocr_par' dir='ltr' id='par_1_50' title="bbox 364 3256 2028 3335">
     <span class='ocr_line' id='line_1_50' title="bbox 364 3256 2028 3335; baseline 0.009 -25"><span class='ocrx_word' id='word_1_324' title='bbox 364 3256 588 3326; x_wconf 89' lang='lat' dir='ltr'>quibus</span> <span class='ocrx_word' id='word_1_325' title='bbox 619 3259 851 3317; x_wconf 87' lang='lat' dir='ltr'>dudum</span> <span class='ocrx_word' id='word_1_326' title='bbox 902 3265 1246 3321; x_wconf 87' lang='lat' dir='ltr'>conﬂictum</span> <span class='ocrx_word' id='word_1_327' title='bbox 1289 3271 1576 3335; x_wconf 89' lang='lat' dir='ltr'>gesserat,</span> <span class='ocrx_word' id='word_1_328' title='bbox 1608 3267 1822 3324; x_wconf 88' lang='lat' dir='ltr'>habuit</span> <span class='ocrx_word' id='word_1_329' title='bbox 1865 3285 2028 3325; x_wconf 90' lang='lat' dir='ltr'>com-</span> 
     </span>
    </p>
   </div>
   <div class='ocr_carea' id='block_1_51' title="bbox 365 3350 2025 3414">
    <p class='ocr_par' dir='ltr' id='par_1_51' title="bbox 365 3350 2025 3414">
     <span class='ocr_line' id='line_1_51' title="bbox 365 3350 2025 3414; baseline 0.008 -15"><span class='ocrx_word' id='word_1_330' title='bbox 365 3350 654 3402; x_wconf 87' lang='lat' dir='ltr'>meatum.</span> <span class='ocrx_word' id='word_1_331' title='bbox 690 3351 878 3414; x_wconf 88' lang='lat' dir='ltr'>Quem</span> <span class='ocrx_word' id='word_1_332' title='bbox 905 3354 1104 3409; x_wconf 68' lang='lat' dir='ltr'>aemuli</span> <span class='ocrx_word' id='word_1_333' title='bbox 1134 3355 1464 3411; x_wconf 81' lang='lat' dir='ltr'>venientem</span> <span class='ocrx_word' id='word_1_334' title='bbox 1497 3357 1575 3413; x_wconf 91' lang='lat' dir='ltr'>ab</span> <span class='ocrx_word' id='word_1_335' title='bbox 1613 3357 1850 3413; x_wconf 91' lang='lat' dir='ltr'>eminus</span> <span class='ocrx_word' id='word_1_336' title='bbox 1882 3375 2025 3414; x_wconf 91' lang='lat' dir='ltr'>con-</span> 
     </span>
    </p>
   </div>
   <div class='ocr_carea' id='block_1_52' title="bbox 366 3439 2026 3518">
    <p class='ocr_par' dir='ltr' id='par_1_52' title="bbox 366 3439 2026 3518">
     <span class='ocr_line' id='line_1_52' title="bbox 366 3439 2026 3518; baseline 0.01 -30"><span class='ocrx_word' id='word_1_337' title='bbox 366 3439 621 3503; x_wconf 89' lang='lat' dir='ltr'>tuentes,</span> <span class='ocrx_word' id='word_1_338' title='bbox 651 3444 938 3496; x_wconf 66' lang='lat' dir='ltr'>teternum</span> <span class='ocrx_word' id='word_1_339' title='bbox 970 3443 1258 3499; x_wconf 82' lang='lat' dir='ltr'>adversus</span> <span class='ocrx_word' id='word_1_340' title='bbox 1303 3461 1442 3500; x_wconf 92' lang='lat' dir='ltr'>eum</span> <span class='ocrx_word' id='word_1_341' title='bbox 1489 3446 1601 3502; x_wconf 92' lang='lat' dir='ltr'>sub</span> <span class='ocrx_word' id='word_1_342' title='bbox 1625 3451 1865 3518; x_wconf 87' lang='lat' dir='ltr'>pectore</span> <span class='ocrx_word' id='word_1_343' title='bbox 1896 3447 2026 3504; x_wconf 88' lang='lat' dir='ltr'>vul-</span> 
     </span>
    </p>
   </div>
   <div class='ocr_carea' id='block_1_53' title="bbox 366 3530 2029 3607">
    <p class='ocr_par' dir='ltr' id='par_1_53' title="bbox 366 3530 2029 3607">
     <span class='ocr_line' id='line_1_53' title="bbox 366 3530 2029 3607; baseline 0.01 -30"><span class='ocrx_word' id='word_1_344' title='bbox 366 3538 482 3578; x_wconf 91' lang='lat' dir='ltr'>nus</span> <span class='ocrx_word' id='word_1_345' title='bbox 511 3533 835 3600; x_wconf 81' lang='lat' dir='ltr'>servatum,</span> <span class='ocrx_word' id='word_1_346' title='bbox 868 3530 928 3585; x_wconf 91' lang='lat' dir='ltr'>in</span> <span class='ocrx_word' id='word_1_347' title='bbox 958 3538 1232 3603; x_wconf 89' lang='lat' dir='ltr'>apertum</span> <span class='ocrx_word' id='word_1_348' title='bbox 1275 3534 1541 3606; x_wconf 91' lang='lat' dir='ltr'>produnt</span> <span class='ocrx_word' id='word_1_349' title='bbox 1571 3536 1939 3607; x_wconf 89' lang='lat' dir='ltr'>incendium,</span> <span class='ocrx_word' id='word_1_350' title='bbox 1973 3543 2029 3595; x_wconf 91' lang='lat' dir='ltr'>et</span> 
     </span>
    </p>
   </div>
   <div class='ocr_carea' id='block_1_54' title="bbox 366 3613 2028 3682">
    <p class='ocr_par' dir='ltr' id='par_1_54' title="bbox 366 3613 2028 3682">
     <span class='ocr_line' id='line_1_54' title="bbox 366 3613 2028 3682; baseline 0.009 -15"><span class='ocrx_word' id='word_1_351' title='bbox 366 3613 428 3668; x_wconf 90' lang='lat' dir='ltr'>in</span> <span class='ocrx_word' id='word_1_352' title='bbox 458 3613 781 3672; x_wconf 86' lang='lat' dir='ltr'>vindictam</span> <span class='ocrx_word' id='word_1_353' title='bbox 813 3618 904 3674; x_wconf 92' lang='lat' dir='ltr'>sui</span> <span class='ocrx_word' id='word_1_354' title='bbox 922 3621 1069 3676; x_wconf 87' lang='lat' dir='ltr'>vatis</span> <span class='ocrx_word' id='word_1_355' title='bbox 1099 3621 1667 3680; x_wconf 88' lang='lat' dir='ltr'>circumastantium</span> <span class='ocrx_word' id='word_1_356' title='bbox 1700 3627 1813 3681; x_wconf 90' lang='lat' dir='ltr'>hoc</span> <span class='ocrx_word' id='word_1_357' title='bbox 1841 3626 2028 3682; x_wconf 92' lang='lat' dir='ltr'>modo</span> 
     </span>
    </p>
   </div>
   <div class='ocr_carea' id='block_1_55' title="bbox 368 3703 2029 3788">
    <p class='ocr_par' dir='ltr' id='par_1_55' title="bbox 368 3703 2029 3788">
     <span class='ocr_line' id='line_1_55' title="bbox 368 3703 2029 3788; baseline 0.008 -31"><span class='ocrx_word' id='word_1_358' title='bbox 368 3703 682 3760; x_wconf 87' lang='lat' dir='ltr'>hortantur</span> <span class='ocrx_word' id='word_1_359' title='bbox 704 3713 1066 3764; x_wconf 90' lang='lat' dir='ltr'>conventum</span> <span class='ocrx_word' id='word_1_360' title='bbox 1093 3727 1105 3766; x_wconf 96' lang='lat'>:</span> <span class='ocrx_word' id='word_1_361' title='bbox 1140 3733 1168 3761; x_wconf 91' lang='grc'>‹‹</span> <span class='ocrx_word' id='word_1_362' title='bbox 1193 3714 1338 3767; x_wconf 89' lang='lat' dir='ltr'>Ecce</span> <span class='ocrx_word' id='word_1_363' title='bbox 1364 3729 1548 3784; x_wconf 91' lang='lat' dir='ltr'>quem</span> <span class='ocrx_word' id='word_1_364' title='bbox 1579 3715 1894 3771; x_wconf 90' lang='lat' dir='ltr'>temeraria</span> <span class='ocrx_word' id='word_1_365' title='bbox 1914 3716 2029 3788; x_wconf 89' lang='lat' dir='ltr'>pri-</span> 
     </span>
    </p>
   </div>
   <div class='ocr_carea' id='block_1_56' title="bbox 366 3791 2029 3869">
    <p class='ocr_par' dir='ltr' id='par_1_56' title="bbox 366 3791 2029 3869">
     <span class='ocr_line' id='line_1_56' title="bbox 366 3791 2029 3869; baseline 0.008 -22"><span class='ocrx_word' id='word_1_366' title='bbox 366 3791 503 3848; x_wconf 89' lang='lat' dir='ltr'>dem</span> <span class='ocrx_word' id='word_1_367' title='bbox 532 3794 872 3867; x_wconf 89' lang='lat' dir='ltr'>impellente</span> <span class='ocrx_word' id='word_1_368' title='bbox 912 3799 1167 3869; x_wconf 90' lang='lat' dir='ltr'>insania,</span> <span class='ocrx_word' id='word_1_369' title='bbox 1199 3797 1364 3857; x_wconf 81' lang='lat' dir='ltr'>tanta</span> <span class='ocrx_word' id='word_1_370' title='bbox 1397 3817 1602 3858; x_wconf 89' lang='lat' dir='ltr'>coram</span> <span class='ocrx_word' id='word_1_371' title='bbox 1630 3803 1804 3858; x_wconf 92' lang='lat' dir='ltr'>nobis</span> <span class='ocrx_word' id='word_1_372' title='bbox 1825 3804 2029 3860; x_wconf 91' lang='lat' dir='ltr'>adver-</span> 
     </span>
    </p>
   </div>
   <div class='ocr_carea' id='block_1_57' title="bbox 368 3887 2028 3963">
    <p class='ocr_par' dir='ltr' id='par_1_57' title="bbox 368 3887 2028 3963">
     <span class='ocr_line' id='line_1_57' title="bbox 368 3887 2028 3963; baseline 0.008 -27"><span class='ocrx_word' id='word_1_373' title='bbox 368 3898 469 3936; x_wconf 92' lang='lat' dir='ltr'>sus</span> <span class='ocrx_word' id='word_1_374' title='bbox 509 3887 706 3940; x_wconf 87' lang='lat' dir='ltr'>vatem</span> <span class='ocrx_word' id='word_1_375' title='bbox 737 3888 753 3955; x_wconf 95' lang='lat'>(</span> <span class='ocrx_word' id='word_1_376' title='bbox 783 3887 864 3958; x_wconf 88' lang='lat'>[7]</span> <span class='ocrx_word' id='word_1_377' title='bbox 891 3888 1108 3961; x_wconf 89' lang='lat' dir='ltr'>psallat</span> <span class='ocrx_word' id='word_1_378' title='bbox 1136 3892 1288 3945; x_wconf 89' lang='lat' dir='ltr'>Deus</span> <span class='ocrx_word' id='word_1_379' title='bbox 1331 3907 1514 3963; x_wconf 89' lang='lat' dir='ltr'>super</span> <span class='ocrx_word' id='word_1_380' title='bbox 1542 3907 1701 3960; x_wconf 85' lang='lat' dir='ltr'>eum,</span> <span class='ocrx_word' id='word_1_381' title='bbox 1743 3897 1798 3949; x_wconf 90' lang='lat' dir='ltr'>et</span> <span class='ocrx_word' id='word_1_382' title='bbox 1830 3893 2028 3950; x_wconf 87' lang='lat' dir='ltr'>salvet</span> 
     </span>
    </p>
   </div>
   <div class='ocr_carea' id='block_1_58' title="bbox 366 3974 2029 4053">
    <p class='ocr_par' dir='ltr' id='par_1_58' title="bbox 366 3974 2029 4053">
     <span class='ocr_line' id='line_1_58' title="bbox 366 3974 2029 4053; baseline 0.007 -27"><span class='ocrx_word' id='word_1_383' title='bbox 366 3974 526 4042; x_wconf 90' lang='lat' dir='ltr'>eum)</span> <span class='ocrx_word' id='word_1_384' title='bbox 558 3974 992 4032; x_wconf 85' lang='lat' dir='ltr'>maledictionis</span> <span class='ocrx_word' id='word_1_385' title='bbox 1042 3979 1229 4035; x_wconf 89' lang='lat' dir='ltr'>verba</span> <span class='ocrx_word' id='word_1_386' title='bbox 1277 3980 1538 4051; x_wconf 90' lang='lat' dir='ltr'>protulit,</span> <span class='ocrx_word' id='word_1_387' title='bbox 1573 3985 1802 4053; x_wconf 88' lang='lat' dir='ltr'>quanta</span> <span class='ocrx_word' id='word_1_388' title='bbox 1828 3981 2029 4038; x_wconf 91' lang='lat' dir='ltr'>nullus</span> 
     </span>
    </p>
   </div>
   <div class='ocr_carea' id='block_1_59' title="bbox 365 4065 2027 4139">
    <p class='ocr_par' dir='ltr' id='par_1_59' title="bbox 365 4065 2027 4139">
     <span class='ocr_line' id='line_1_59' title="bbox 365 4065 2027 4139; baseline 0.008 -26"><span class='ocrx_word' id='word_1_389' title='bbox 365 4065 699 4117; x_wconf 89' lang='lat' dir='ltr'>vestrorum</span> <span class='ocrx_word' id='word_1_390' title='bbox 750 4065 989 4120; x_wconf 88' lang='lat' dir='ltr'>auditus</span> <span class='ocrx_word' id='word_1_391' title='bbox 1037 4071 1236 4138; x_wconf 87' lang='lat' dir='ltr'>potest</span> <span class='ocrx_word' id='word_1_392' title='bbox 1277 4068 1614 4139; x_wconf 84' lang='lat' dir='ltr'>perferre.»</span> <span class='ocrx_word' id='word_1_393' title='bbox 1667 4073 1785 4126; x_wconf 87' lang='lat' dir='ltr'>Hoc</span> <span class='ocrx_word' id='word_1_394' title='bbox 1824 4075 2027 4128; x_wconf 88' lang='lat' dir='ltr'>autem</span> 
     </span>
    </p>
   </div>
   <div class='ocr_carea' id='block_1_60' title="bbox 369 4151 2030 4233">
    <p class='ocr_par' dir='ltr' id='par_1_60' title="bbox 369 4151 2030 4233">
     <span class='ocr_line' id='line_1_60' title="bbox 369 4151 2030 4233; baseline 0.01 -32"><span class='ocrx_word' id='word_1_395' title='bbox 369 4164 585 4218; x_wconf 85' lang='lat' dir='ltr'>genere</span> <span class='ocrx_word' id='word_1_396' title='bbox 631 4151 1060 4210; x_wconf 82' lang='lat' dir='ltr'>benedictionis</span> <span class='ocrx_word' id='word_1_397' title='bbox 1119 4172 1361 4229; x_wconf 87' lang='lat' dir='ltr'>semper</span> <span class='ocrx_word' id='word_1_398' title='bbox 1418 4157 1496 4213; x_wconf 91' lang='lat' dir='ltr'>ad</span> <span class='ocrx_word' id='word_1_399' title='bbox 1546 4159 1840 4216; x_wconf 89' lang='lat' dir='ltr'>honorem</span> <span class='ocrx_word' id='word_1_400' title='bbox 1899 4162 2030 4233; x_wconf 91' lang='lat' dir='ltr'>ejus</span> 
     </span>
    </p>
   </div>
   <div class='ocr_carea' id='block_1_61' title="bbox 369 4240 2032 4315">
    <p class='ocr_par' dir='ltr' id='par_1_61' title="bbox 369 4240 2032 4315">
     <span class='ocr_line' id='line_1_61' title="bbox 369 4240 2032 4315; baseline 0.009 -24"><span class='ocrx_word' id='word_1_401' title='bbox 369 4242 652 4294; x_wconf 90' lang='lat' dir='ltr'>utuntur:</span> <span class='ocrx_word' id='word_1_402' title='bbox 704 4240 882 4309; x_wconf 88' lang='lat' dir='ltr'>Zalla,</span> <span class='ocrx_word' id='word_1_403' title='bbox 933 4242 1125 4309; x_wconf 87' lang='lat' dir='ltr'>Aliah,</span> <span class='ocrx_word' id='word_1_404' title='bbox 1173 4245 1360 4315; x_wconf 86' lang='lat' dir='ltr'>Halla,</span> <span class='ocrx_word' id='word_1_405' title='bbox 1416 4247 1625 4304; x_wconf 81' lang='lat' dir='ltr'>Anabi.</span> <span class='ocrx_word' id='word_1_406' title='bbox 1671 4249 1740 4304; x_wconf 89' lang='lat' dir='ltr'>V.</span> <span class='ocrx_word' id='word_1_407' title='bbox 1786 4253 1857 4304; x_wconf 90' lang='lat' dir='ltr'>A.</span> <span class='ocrx_word' id='word_1_408' title='bbox 1903 4251 2032 4306; x_wconf 88' lang='lat' dir='ltr'>Zal-</span> 
     </span>
    </p>
   </div>
   <div class='ocr_carea' id='block_1_62' title="bbox 366 4325 2028 4412">
    <p class='ocr_par' dir='ltr' id='par_1_62' title="bbox 366 4325 2028 4412">
     <span class='ocr_line' id='line_1_62' title="bbox 366 4325 2028 4412; baseline 0.009 -31"><span class='ocrx_word' id='word_1_409' title='bbox 366 4325 484 4381; x_wconf 91' lang='lat' dir='ltr'>len.</span> <span class='ocrx_word' id='word_1_410' title='bbox 519 4327 690 4391; x_wconf 89' lang='lat' dir='ltr'>Quod</span> <span class='ocrx_word' id='word_1_411' title='bbox 723 4330 922 4386; x_wconf 87' lang='lat' dir='ltr'>Latine</span> <span class='ocrx_word' id='word_1_412' title='bbox 953 4331 1186 4404; x_wconf 91' lang='lat' dir='ltr'>dicitur,</span> <span class='ocrx_word' id='word_1_413' title='bbox 1217 4335 1437 4392; x_wconf 87' lang='lat' dir='ltr'>Psallat</span> <span class='ocrx_word' id='word_1_414' title='bbox 1490 4340 1642 4394; x_wconf 91' lang='lat' dir='ltr'>Deus</span> <span class='ocrx_word' id='word_1_415' title='bbox 1675 4356 1860 4412; x_wconf 88' lang='lat' dir='ltr'>super</span> <span class='ocrx_word' id='word_1_416' title='bbox 1887 4356 2028 4412; x_wconf 85' lang='lat' dir='ltr'>pro-</span> 
     </span>
    </p>
   </div>
   <div class='ocr_carea' id='block_1_63' title="bbox 366 4417 2028 4501">
    <p class='ocr_par' dir='ltr' id='par_1_63' title="bbox 366 4417 2028 4501">
     <span class='ocr_line' id='line_1_63' title="bbox 366 4417 2028 4501; baseline 0.009 -31"><span class='ocrx_word' id='word_1_417' title='bbox 366 4417 635 4489; x_wconf 89' lang='lat' dir='ltr'>phetam,</span> <span class='ocrx_word' id='word_1_418' title='bbox 670 4425 726 4474; x_wconf 93' lang='lat' dir='ltr'>et</span> <span class='ocrx_word' id='word_1_419' title='bbox 751 4420 937 4477; x_wconf 91' lang='lat' dir='ltr'>salvet</span> <span class='ocrx_word' id='word_1_420' title='bbox 965 4439 1123 4480; x_wconf 92' lang='lat' dir='ltr'>eum.</span> <span class='ocrx_word' id='word_1_421' title='bbox 1156 4428 1220 4480; x_wconf 86' lang='lat' dir='ltr'>Et</span> <span class='ocrx_word' id='word_1_422' title='bbox 1262 4426 1344 4482; x_wconf 89' lang='lat' dir='ltr'>ita</span> <span class='ocrx_word' id='word_1_423' title='bbox 1375 4429 1549 4499; x_wconf 91' lang='lat' dir='ltr'>quasi</span> <span class='ocrx_word' id='word_1_424' title='bbox 1576 4445 1722 4501; x_wconf 90' lang='lat' dir='ltr'>apes</span> <span class='ocrx_word' id='word_1_425' title='bbox 1756 4429 2028 4484; x_wconf 89' lang='lat' dir='ltr'>stimula-</span> 
     </span>
    </p>
   </div>
   <div class='ocr_carea' id='block_1_64' title="bbox 369 4508 2032 4585">
    <p class='ocr_par' dir='ltr' id='par_1_64' title="bbox 369 4508 2032 4585">
     <span class='ocr_line' id='line_1_64' title="bbox 369 4508 2032 4585; baseline 0.008 -25"><span class='ocrx_word' id='word_1_426' title='bbox 369 4508 462 4573; x_wconf 72' lang='grc' dir='ltr'>ιω,</span> <span class='ocrx_word' id='word_1_427' title='bbox 494 4509 615 4563; x_wconf 88' lang='lat' dir='ltr'>tota</span> <span class='ocrx_word' id='word_1_428' title='bbox 643 4508 745 4565; x_wconf 89' lang='lat' dir='ltr'>illa</span> <span class='ocrx_word' id='word_1_429' title='bbox 795 4511 1008 4566; x_wconf 88' lang='lat' dir='ltr'>cohors</span> <span class='ocrx_word' id='word_1_430' title='bbox 1036 4514 1384 4585; x_wconf 88' lang='lat' dir='ltr'>perditionis</span> <span class='ocrx_word' id='word_1_431' title='bbox 1430 4517 1491 4572; x_wconf 92' lang='lat' dir='ltr'>in</span> <span class='ocrx_word' id='word_1_432' title='bbox 1534 4534 1673 4573; x_wconf 92' lang='lat' dir='ltr'>eum</span> <span class='ocrx_word' id='word_1_433' title='bbox 1703 4517 2032 4574; x_wconf 88' lang='lat' dir='ltr'>furibunda</span> 
     </span>
    </p>
   </div>
   <div class='ocr_carea' id='block_1_65' title="bbox 369 4603 2034 4675">
    <p class='ocr_par' dir='ltr' id='par_1_65' title="bbox 369 4603 2034 4675">
     <span class='ocr_line' id='line_1_65' title="bbox 369 4603 2034 4675; baseline 0.008 -26"><span class='ocrx_word' id='word_1_434' title='bbox 369 4611 738 4667; x_wconf 83' lang='lat' dir='ltr'>consurgens</span> <span class='ocrx_word' id='word_1_435' title='bbox 811 4603 1255 4675; x_wconf 87' lang='lat' dir='ltr'>apprehensum</span> <span class='ocrx_word' id='word_1_436' title='bbox 1322 4606 1435 4662; x_wconf 92' lang='lat' dir='ltr'>sub</span> <span class='ocrx_word' id='word_1_437' title='bbox 1502 4606 1670 4662; x_wconf 89' lang='lat' dir='ltr'>omni</span> <span class='ocrx_word' id='word_1_438' title='bbox 1738 4607 2034 4663; x_wconf 87' lang='lat' dir='ltr'>celeritate</span> 
     </span>
    </p>
   </div>
   <div class='ocr_carea' id='block_1_66' title="bbox 361 4685 2030 4766">
    <p class='ocr_par' dir='ltr' id='par_1_66' title="bbox 361 4685 2030 4766">
     <span class='ocr_line' id='line_1_66' title="bbox 361 4685 2030 4766; baseline 0.007 -27"><span class='ocrx_word' id='word_1_439' title='bbox 361 4685 549 4757; x_wconf 92' lang='lat' dir='ltr'>judici</span> <span class='ocrx_word' id='word_1_440' title='bbox 618 4689 717 4745; x_wconf 88' lang='lat' dir='ltr'>vix</span> <span class='ocrx_word' id='word_1_441' title='bbox 782 4691 1001 4764; x_wconf 88' lang='lat' dir='ltr'>plantis</span> <span class='ocrx_word' id='word_1_442' title='bbox 1070 4693 1267 4749; x_wconf 89' lang='lat' dir='ltr'>solum</span> <span class='ocrx_word' id='word_1_443' title='bbox 1333 4699 1682 4766; x_wconf 86' lang='lat' dir='ltr'>tangentem</span> <span class='ocrx_word' id='word_1_444' title='bbox 1749 4695 2030 4764; x_wconf 64' lang='lat' dir='ltr'>otl‘erunt,</span> 
     </span>
    </p>
   </div>
   <div class='ocr_carea' id='block_1_67' title="bbox 368 4779 2029 4857">
    <p class='ocr_par' dir='ltr' id='par_1_67' title="bbox 368 4779 2029 4857">
     <span class='ocr_line' id='line_1_67' title="bbox 368 4779 2029 4857; baseline 0.005 -26"><span class='ocrx_word' id='word_1_445' title='bbox 368 4781 547 4850; x_wconf 90' lang='lat' dir='ltr'>atque</span> <span class='ocrx_word' id='word_1_446' title='bbox 594 4779 943 4851; x_wconf 88' lang='lat' dir='ltr'>hujusmodi</span> <span class='ocrx_word' id='word_1_447' title='bbox 989 4783 1063 4840; x_wconf 90' lang='lat' dir='ltr'>de</span> <span class='ocrx_word' id='word_1_448' title='bbox 1109 4799 1179 4840; x_wconf 92' lang='lat' dir='ltr'>eo</span> <span class='ocrx_word' id='word_1_449' title='bbox 1231 4784 1635 4840; x_wconf 89' lang='lat' dir='ltr'>testimonium</span> <span class='ocrx_word' id='word_1_450' title='bbox 1682 4783 2029 4857; x_wconf 87' lang='lat' dir='ltr'>proferunt:</span> 
     </span>
    </p>
   </div>
   <div class='ocr_carea' id='block_1_68' title="bbox 370 4867 2031 4942">
    <p class='ocr_par' dir='ltr' id='par_1_68' title="bbox 370 4867 2031 4942">
     <span class='ocr_line' id='line_1_68' title="bbox 370 4867 2031 4942; baseline 0.002 -21"><span class='ocrx_word' id='word_1_451' title='bbox 370 4888 396 4914; x_wconf 74' lang='grc' dir='ltr'>ι(</span> <span class='ocrx_word' id='word_1_452' title='bbox 431 4867 619 4936; x_wconf 89' lang='lat' dir='ltr'>Hunc,</span> <span class='ocrx_word' id='word_1_453' title='bbox 653 4886 836 4942; x_wconf 88' lang='lat' dir='ltr'>quem</span> <span class='ocrx_word' id='word_1_454' title='bbox 895 4873 1008 4927; x_wconf 91' lang='lat' dir='ltr'>tuis</span> <span class='ocrx_word' id='word_1_455' title='bbox 1059 4872 1553 4928; x_wconf 89' lang='lat' dir='ltr'>reverentissimis</span> <span class='ocrx_word' id='word_1_456' title='bbox 1601 4870 2031 4938; x_wconf 88' lang='lat' dir='ltr'>tribunalibus,</span> 
     </span>
    </p>
   </div>
   <div class='ocr_carea' id='block_1_69' title="bbox 362 4957 2037 5032">
    <p class='ocr_par' dir='ltr' id='par_1_69' title="bbox 362 4957 2037 5032">
     <span class='ocr_line' id='line_1_69' title="bbox 362 4957 2037 5032; baseline 0.002 -22"><span class='ocrx_word' id='word_1_457' title='bbox 362 4957 570 5026; x_wconf 85' lang='lat' dir='ltr'>judex,</span> <span class='ocrx_word' id='word_1_458' title='bbox 643 4961 1016 5028; x_wconf 86' lang='lat' dir='ltr'>attraximus,</span> <span class='ocrx_word' id='word_1_459' title='bbox 1065 4961 1446 5017; x_wconf 87' lang='lat' dir='ltr'>maledixisse</span> <span class='ocrx_word' id='word_1_460' title='bbox 1512 4959 1873 5032; x_wconf 89' lang='lat' dir='ltr'>pr0phetam</span> <span class='ocrx_word' id='word_1_461' title='bbox 1933 4973 2037 5014; x_wconf 90' lang='lat' dir='ltr'>no-</span> 
     </span>
    </p>
   </div>
   <div class='ocr_carea' id='block_1_70' title="bbox 372 5047 2036 5120">
    <p class='ocr_par' dir='ltr' id='par_1_70' title="bbox 372 5047 2036 5120">
     <span class='ocr_line' id='line_1_70' title="bbox 372 5047 2036 5120; baseline 0.002 -21"><span class='ocrx_word' id='word_1_462' title='bbox 372 5049 584 5112; x_wconf 86' lang='lat' dir='ltr'>strum,</span> <span class='ocrx_word' id='word_1_463' title='bbox 626 5047 880 5119; x_wconf 88' lang='lat' dir='ltr'>ejusque</span> <span class='ocrx_word' id='word_1_464' title='bbox 927 5049 1257 5106; x_wconf 89' lang='lat' dir='ltr'>cultoribus</span> <span class='ocrx_word' id='word_1_465' title='bbox 1302 5047 1702 5120; x_wconf 88' lang='lat' dir='ltr'>exprobrasse</span> <span class='ocrx_word' id='word_1_466' title='bbox 1746 5047 2036 5119; x_wconf 91' lang='lat' dir='ltr'>comperi-</span> 
     </span>
    </p>
   </div>
   <div class='ocr_carea' id='block_1_71' title="bbox 372 5135 2035 5207">
    <p class='ocr_par' dir='ltr' id='par_1_71' title="bbox 372 5135 2035 5207">
     <span class='ocr_line' id='line_1_71' title="bbox 372 5135 2035 5207; baseline 0.001 -19"><span class='ocrx_word' id='word_1_467' title='bbox 372 5148 531 5188; x_wconf 89' lang='lat' dir='ltr'>mus.</span> <span class='ocrx_word' id='word_1_468' title='bbox 546 5135 685 5197; x_wconf 68' lang='lat' dir='ltr'>Quaa</span> <span class='ocrx_word' id='word_1_469' title='bbox 707 5150 849 5189; x_wconf 90' lang='lat' dir='ltr'>vero</span> <span class='ocrx_word' id='word_1_470' title='bbox 873 5137 1162 5192; x_wconf 89' lang='lat' dir='ltr'>sententia</span> <span class='ocrx_word' id='word_1_471' title='bbox 1179 5136 1326 5192; x_wconf 89' lang='lat' dir='ltr'>tales</span> <span class='ocrx_word' id='word_1_472' title='bbox 1350 5152 1535 5192; x_wconf 91' lang='lat' dir='ltr'>ausus</span> <span class='ocrx_word' id='word_1_473' title='bbox 1557 5139 1923 5207; x_wconf 89' lang='lat' dir='ltr'>compescat,</span> <span class='ocrx_word' id='word_1_474' title='bbox 1946 5135 2035 5190; x_wconf 87' lang='lat' dir='ltr'>fu-</span> 
     </span>
    </p>
   </div>
   <div class='ocr_carea' id='block_1_72' title="bbox 371 5221 2037 5296">
    <p class='ocr_par' dir='ltr' id='par_1_72' title="bbox 371 5221 2037 5296">
     <span class='ocr_line' id='line_1_72' title="bbox 371 5221 2037 5296; baseline 0.002 -18"><span class='ocrx_word' id='word_1_475' title='bbox 371 5221 646 5294; x_wconf 86' lang='lat' dir='ltr'>riamque</span> <span class='ocrx_word' id='word_1_476' title='bbox 660 5223 959 5289; x_wconf 90' lang='lat' dir='ltr'>retundat,</span> <span class='ocrx_word' id='word_1_477' title='bbox 983 5223 1197 5279; x_wconf 90' lang='lat' dir='ltr'>melius</span> <span class='ocrx_word' id='word_1_478' title='bbox 1221 5228 1323 5279; x_wconf 92' lang='lat' dir='ltr'>tua</span> <span class='ocrx_word' id='word_1_479' title='bbox 1353 5223 1520 5279; x_wconf 88' lang='lat' dir='ltr'>novit</span> <span class='ocrx_word' id='word_1_480' title='bbox 1537 5223 1858 5296; x_wconf 90' lang='lat' dir='ltr'>prudentia</span> <span class='ocrx_word' id='word_1_481' title='bbox 1880 5224 2037 5296; x_wconf 90' lang='lat' dir='ltr'>cogi-</span> 
     </span>
    </p>
   </div>
   <div class='ocr_carea' id='block_1_73' title="bbox 372 5311 2035 5384">
    <p class='ocr_par' dir='ltr' id='par_1_73' title="bbox 372 5311 2035 5384">
     <span class='ocr_line' id='line_1_73' title="bbox 372 5311 2035 5384; baseline 0.001 -16"><span class='ocrx_word' id='word_1_482' title='bbox 372 5316 518 5368; x_wconf 90' lang='lat' dir='ltr'>tare.</span> <span class='ocrx_word' id='word_1_483' title='bbox 549 5335 575 5362; x_wconf 86' lang='lat'><em>»</em></span> <span class='ocrx_word' id='word_1_484' title='bbox 605 5313 773 5368; x_wconf 87' lang='lat' dir='ltr'>Tunc</span> <span class='ocrx_word' id='word_1_485' title='bbox 801 5311 988 5382; x_wconf 89' lang='lat' dir='ltr'>judex</span> <span class='ocrx_word' id='word_1_486' title='bbox 1035 5311 1360 5384; x_wconf 89' lang='lat' dir='ltr'>iniquitatis</span> <span class='ocrx_word' id='word_1_487' title='bbox 1400 5311 1716 5382; x_wconf 88' lang='lat' dir='ltr'>ergastulis</span> <span class='ocrx_word' id='word_1_488' title='bbox 1765 5312 2035 5370; x_wconf 88' lang='lat' dir='ltr'>futurum</span> 
     </span>
    </p>
   </div>
   <div class='ocr_carea' id='block_1_74' title="bbox 375 5399 2036 5474">
    <p class='ocr_par' dir='ltr' id='par_1_74' title="bbox 375 5399 2036 5474">
     <span class='ocr_line' id='line_1_74' title="bbox 375 5399 2036 5474; baseline 0.004 -22"><span class='ocrx_word' id='word_1_489' title='bbox 375 5400 477 5456; x_wconf 89' lang='lat' dir='ltr'>Dei</span> <span class='ocrx_word' id='word_1_490' title='bbox 503 5406 829 5474; x_wconf 87' lang='lat' dir='ltr'>martyrem</span> <span class='ocrx_word' id='word_1_491' title='bbox 861 5400 1054 5467; x_wconf 87' lang='lat' dir='ltr'>tradit,</span> <span class='ocrx_word' id='word_1_492' title='bbox 1075 5399 1349 5470; x_wconf 88' lang='lat' dir='ltr'>ferroque</span> <span class='ocrx_word' id='word_1_493' title='bbox 1378 5399 1644 5455; x_wconf 88' lang='lat' dir='ltr'>vinctum</span> <span class='ocrx_word' id='word_1_494' title='bbox 1669 5400 2036 5474; x_wconf 87' lang='lat' dir='ltr'>importabili</span> 
     </span>
    </p>
   </div>
   <div class='ocr_carea' id='block_1_75' title="bbox 442 5523 2034 5582">
    <p class='ocr_par' dir='ltr' id='par_1_75' title="bbox 442 5523 2034 5582">
     <span class='ocr_line' id='line_1_75' title="bbox 442 5523 2034 5582; baseline 0.001 -2"><span class='ocrx_word' id='word_1_495' title='bbox 442 5531 461 5554; x_wconf 82' lang='lat'><strong><em>‘</em></strong></span> <span class='ocrx_word' id='word_1_496' title='bbox 498 5527 625 5580; x_wconf 81' lang='lat' dir='ltr'>Haec</span> <span class='ocrx_word' id='word_1_497' title='bbox 652 5525 793 5580; x_wconf 87' lang='lat' dir='ltr'>inde</span> <span class='ocrx_word' id='word_1_498' title='bbox 823 5527 1091 5579; x_wconf 88' lang='lat' dir='ltr'>resecata</span> <span class='ocrx_word' id='word_1_499' title='bbox 1131 5523 1371 5578; x_wconf 87' lang='lat' dir='ltr'>fuerunt</span> <span class='ocrx_word' id='word_1_500' title='bbox 1400 5523 1479 5578; x_wconf 91' lang='lat' dir='ltr'>ab</span> <span class='ocrx_word' id='word_1_501' title='bbox 1508 5524 1822 5581; x_wconf 79' lang='lat' dir='ltr'>Ambrosio</span> <span class='ocrx_word' id='word_1_502' title='bbox 1852 5529 2034 5582; x_wconf 88' lang='lat' dir='ltr'>Mora-</span> 
     </span>
    </p>
   </div>
   <div class='ocr_carea' id='block_1_76' title="bbox 377 5594 2036 5668">
    <p class='ocr_par' dir='ltr' id='par_1_76' title="bbox 377 5594 2036 5668">
     <span class='ocr_line' id='line_1_76' title="bbox 377 5594 2036 5668; baseline 0.002 -20"><span class='ocrx_word' id='word_1_503' title='bbox 377 5594 559 5668; x_wconf 87' lang='lat' dir='ltr'>les_io_;</span> <span class='ocrx_word' id='word_1_504' title='bbox 615 5612 802 5668; x_wconf 79' lang='lat' dir='ltr'>quare</span> <span class='ocrx_word' id='word_1_505' title='bbox 846 5595 1014 5650; x_wconf 87' lang='lat' dir='ltr'>locus</span> <span class='ocrx_word' id='word_1_506' title='bbox 1059 5594 1488 5651; x_wconf 88' lang='lat' dir='ltr'>subobscurus.</span> <span class='ocrx_word' id='word_1_507' title='bbox 1543 5596 1746 5653; x_wconf 80' lang='lat' dir='ltr'>Schot.</span> <span class='ocrx_word' id='word_1_508' title='bbox 1807 5597 2036 5653; x_wconf 85' lang='lat' dir='ltr'>Videsis</span> 
     </span>
    </p>
   </div>
   <div class='ocr_carea' id='block_1_77' title="bbox 383 5665 1158 5734">
    <p class='ocr_par' dir='ltr' id='par_1_77' title="bbox 383 5665 1158 5734">
     <span class='ocr_line' id='line_1_77' title="bbox 383 5665 1158 5734; baseline -0.001 -13"><span class='ocrx_word' id='word_1_509' title='bbox 383 5665 576 5721; x_wconf 88' lang='lat' dir='ltr'>Schol.</span> <span class='ocrx_word' id='word_1_510' title='bbox 609 5665 670 5720; x_wconf 82' lang='lat' dir='ltr'>in</span> <span class='ocrx_word' id='word_1_511' title='bbox 699 5667 801 5722; x_wconf 88' lang='lat' dir='ltr'>lib.</span> <span class='ocrx_word' id='word_1_512' title='bbox 837 5683 874 5734; x_wconf 84' lang='grc' dir='ltr'>ι,</span> <span class='ocrx_word' id='word_1_513' title='bbox 902 5682 1070 5721; x_wconf 89' lang='lat' dir='ltr'>num.</span> <span class='ocrx_word' id='word_1_514' title='bbox 1103 5671 1158 5721; x_wconf 87' lang='lat'>7.</span> 
     </span>
    </p>
   </div>
   <div class='ocr_carea' id='block_1_78' title="bbox 452 5737 2032 5811">
    <p class='ocr_par' dir='ltr' id='par_1_78' title="bbox 452 5737 2032 5811">
     <span class='ocr_line' id='line_1_78' title="bbox 452 5737 2032 5811; baseline 0.002 -19"><span class='ocrx_word' id='word_1_515' title='bbox 452 5741 480 5776; x_wconf 71' lang='grc' dir='ltr'><strong>υ</strong></span> <span class='ocrx_word' id='word_1_516' title='bbox 510 5738 674 5792; x_wconf 85' lang='lat' dir='ltr'>Forte</span> <span class='ocrx_word' id='word_1_517' title='bbox 703 5738 1147 5807; x_wconf 67' lang='lat' dir='ltr'>dwmom&#39;osum,</span> <span class='ocrx_word' id='word_1_518' title='bbox 1178 5740 1245 5794; x_wconf 89' lang='lat' dir='ltr'>ut</span> <span class='ocrx_word' id='word_1_519' title='bbox 1283 5737 1346 5793; x_wconf 91' lang='lat' dir='ltr'>in</span> <span class='ocrx_word' id='word_1_520' title='bbox 1371 5738 1705 5811; x_wconf 82' lang='lat' dir='ltr'>Apologet.,</span> <span class='ocrx_word' id='word_1_521' title='bbox 1735 5753 1905 5796; x_wconf 89' lang='lat' dir='ltr'>num.</span> <span class='ocrx_word' id='word_1_522' title='bbox 1947 5742 2032 5808; x_wconf 81' lang='lat' dir='ltr'>t2,</span> 
     </span>
    </p>
   </div>
   <div class='ocr_carea' id='block_1_79' title="bbox 2138 1841 3800 1917">
    <p class='ocr_par' dir='ltr' id='par_1_79' title="bbox 2138 1841 3800 1917">
     <span class='ocr_line' id='line_1_79' title="bbox 2138 1841 3800 1917; baseline -0.001 -18"><span class='ocrx_word' id='word_1_523' title='bbox 2138 1847 2224 1899; x_wconf 92' lang='lat' dir='ltr'>tes</span> <span class='ocrx_word' id='word_1_524' title='bbox 2271 1843 2461 1899; x_wconf 78' lang='lat' dir='ltr'>fastus</span> <span class='ocrx_word' id='word_1_525' title='bbox 2508 1843 2879 1917; x_wconf 88' lang='lat' dir='ltr'>principatus</span> <span class='ocrx_word' id='word_1_526' title='bbox 2937 1843 3179 1909; x_wconf 84' lang='lat' dir='ltr'>extollit,</span> <span class='ocrx_word' id='word_1_527' title='bbox 3212 1847 3267 1900; x_wconf 92' lang='lat' dir='ltr'>et</span> <span class='ocrx_word' id='word_1_528' title='bbox 3305 1844 3635 1900; x_wconf 71' lang='lat' dir='ltr'>coelotenus</span> <span class='ocrx_word' id='word_1_529' title='bbox 3669 1841 3800 1912; x_wconf 88' lang='lat' dir='ltr'>glo-</span> 
     </span>
    </p>
   </div>
   <div class='ocr_carea' id='block_1_80' title="bbox 2137 1931 3797 2005">
    <p class='ocr_par' dir='ltr' id='par_1_80' title="bbox 2137 1931 3797 2005">
     <span class='ocr_line' id='line_1_80' title="bbox 2137 1931 3797 2005; baseline 0 -17"><span class='ocrx_word' id='word_1_530' title='bbox 2137 1932 2296 1988; x_wconf 88' lang='lat' dir='ltr'>riosa</span> <span class='ocrx_word' id='word_1_531' title='bbox 2344 1937 2608 2005; x_wconf 90' lang='lat' dir='ltr'>potestas</span> <span class='ocrx_word' id='word_1_532' title='bbox 2662 1933 2724 1987; x_wconf 90' lang='lat' dir='ltr'>in</span> <span class='ocrx_word' id='word_1_533' title='bbox 2756 1931 2871 1988; x_wconf 90' lang='lat' dir='ltr'>hac</span> <span class='ocrx_word' id='word_1_534' title='bbox 2923 1936 3093 2005; x_wconf 88' lang='lat' dir='ltr'>parte</span> <span class='ocrx_word' id='word_1_535' title='bbox 3131 1932 3385 1988; x_wconf 90' lang='lat' dir='ltr'>occidua</span> <span class='ocrx_word' id='word_1_536' title='bbox 3428 1931 3797 1997; x_wconf 87' lang='lat' dir='ltr'>sublimavit,</span> 
     </span>
    </p>
   </div>
   <div class='ocr_carea' id='block_1_81' title="bbox 2136 2020 3801 2093">
    <p class='ocr_par' dir='ltr' id='par_1_81' title="bbox 2136 2020 3801 2093">
     <span class='ocr_line' id='line_1_81' title="bbox 2136 2020 3801 2093; baseline 0 -16"><span class='ocrx_word' id='word_1_537' title='bbox 2136 2021 2406 2077; x_wconf 89' lang='lat' dir='ltr'>revoluto</span> <span class='ocrx_word' id='word_1_538' title='bbox 2455 2021 2690 2077; x_wconf 88' lang='lat' dir='ltr'>venturi</span> <span class='ocrx_word' id='word_1_539' title='bbox 2730 2020 2873 2076; x_wconf 90' lang='lat' dir='ltr'>anni</span> <span class='ocrx_word' id='word_1_540' title='bbox 2922 2020 3218 2077; x_wconf 89' lang='lat' dir='ltr'>curriculo</span> <span class='ocrx_word' id='word_1_541' title='bbox 3249 2021 3471 2093; x_wconf 90' lang='lat' dir='ltr'>ipsum,</span> <span class='ocrx_word' id='word_1_542' title='bbox 3504 2020 3673 2093; x_wconf 93' lang='lat' dir='ltr'>quod</span> <span class='ocrx_word' id='word_1_543' title='bbox 3702 2037 3801 2077; x_wconf 90' lang='lat' dir='ltr'>me</span> 
     </span>
    </p>
   </div>
   <div class='ocr_carea' id='block_1_82' title="bbox 2137 2110 3802 2184">
    <p class='ocr_par' dir='ltr' id='par_1_82' title="bbox 2137 2110 3802 2184">
     <span class='ocr_line' id='line_1_82' title="bbox 2137 2110 3802 2184; baseline -0.001 -17"><span class='ocrx_word' id='word_1_544' title='bbox 2137 2111 2431 2184; x_wconf 88' lang='lat' dir='ltr'>prosterni</span> <span class='ocrx_word' id='word_1_545' title='bbox 2479 2110 2573 2166; x_wconf 93' lang='lat' dir='ltr'>die</span> <span class='ocrx_word' id='word_1_546' title='bbox 2619 2110 2962 2180; x_wconf 86' lang='lat' dir='ltr'>decreverit,</span> <span class='ocrx_word' id='word_1_547' title='bbox 3014 2126 3137 2166; x_wconf 91' lang='lat' dir='ltr'>non</span> <span class='ocrx_word' id='word_1_548' title='bbox 3168 2111 3483 2182; x_wconf 81' lang='lat' dir='ltr'>attinget.»</span> <span class='ocrx_word' id='word_1_549' title='bbox 3515 2110 3689 2176; x_wconf 87' lang='lat' dir='ltr'>Quod</span> <span class='ocrx_word' id='word_1_550' title='bbox 3718 2111 3802 2166; x_wconf 91' lang='lat' dir='ltr'>ita</span> 
     </span>
    </p>
   </div>
   <div class='ocr_carea' id='block_1_83' title="bbox 2137 2199 3803 2272">
    <p class='ocr_par' dir='ltr' id='par_1_83' title="bbox 2137 2199 3803 2272">
     <span class='ocr_line' id='line_1_83' title="bbox 2137 2199 3803 2272; baseline -0.001 -16"><span class='ocrx_word' id='word_1_551' title='bbox 2137 2201 2341 2257; x_wconf 90' lang='lat' dir='ltr'>divina</span> <span class='ocrx_word' id='word_1_552' title='bbox 2385 2199 2590 2270; x_wconf 86' lang='lat' dir='ltr'>virtus,</span> <span class='ocrx_word' id='word_1_553' title='bbox 2624 2203 2688 2255; x_wconf 89' lang='lat' dir='ltr'>ut</span> <span class='ocrx_word' id='word_1_554' title='bbox 2717 2199 3045 2256; x_wconf 85' lang='lat' dir='ltr'>confessori</span> <span class='ocrx_word' id='word_1_555' title='bbox 3084 2216 3193 2256; x_wconf 91' lang='lat' dir='ltr'>suo</span> <span class='ocrx_word' id='word_1_556' title='bbox 3237 2199 3368 2271; x_wconf 89' lang='lat' dir='ltr'>jam</span> <span class='ocrx_word' id='word_1_557' title='bbox 3415 2199 3663 2272; x_wconf 90' lang='lat' dir='ltr'>quidem</span> <span class='ocrx_word' id='word_1_558' title='bbox 3693 2215 3803 2272; x_wconf 89' lang='lat' dir='ltr'>per</span> 
     </span>
    </p>
   </div>
   <div class='ocr_carea' id='block_1_84' title="bbox 2138 2287 3802 2362">
    <p class='ocr_par' dir='ltr' id='par_1_84' title="bbox 2138 2287 3802 2362">
     <span class='ocr_line' id='line_1_84' title="bbox 2138 2287 3802 2362; baseline -0.001 -17"><span class='ocrx_word' id='word_1_559' title='bbox 2138 2289 2447 2362; x_wconf 88' lang='lat' dir='ltr'>squalores</span> <span class='ocrx_word' id='word_1_560' title='bbox 2492 2289 2746 2346; x_wconf 90' lang='lat' dir='ltr'>carceris</span> <span class='ocrx_word' id='word_1_561' title='bbox 2811 2288 3054 2345; x_wconf 89' lang='lat' dir='ltr'>elimato</span> <span class='ocrx_word' id='word_1_562' title='bbox 3112 2287 3498 2359; x_wconf 83' lang='lat' dir='ltr'>revelaverat,</span> <span class='ocrx_word' id='word_1_563' title='bbox 3552 2287 3802 2362; x_wconf 88' lang='lat' dir='ltr'>implere</span> 
     </span>
    </p>
   </div>
   <div class='ocr_carea' id='block_1_85' title="bbox 2138 2377 2534 2434">
    <p class='ocr_par' dir='ltr' id='par_1_85' title="bbox 2138 2377 2534 2434">
     <span class='ocr_line' id='line_1_85' title="bbox 2138 2377 2534 2434; baseline 0 -1"><span class='ocrx_word' id='word_1_564' title='bbox 2138 2394 2261 2433; x_wconf 81' lang='lat' dir='ltr'>non</span> <span class='ocrx_word' id='word_1_565' title='bbox 2291 2377 2534 2434; x_wconf 90' lang='lat' dir='ltr'>distulit.</span> 
     </span>
    </p>
   </div>
   <div class='ocr_carea' id='block_1_86' title="bbox 2208 2466 3802 2537">
    <p class='ocr_par' dir='ltr' id='par_1_86' title="bbox 2208 2466 3802 2537">
     <span class='ocr_line' id='line_1_86' title="bbox 2208 2466 3802 2537; baseline 0 -15"><span class='ocrx_word' id='word_1_566' title='bbox 2208 2470 2261 2523; x_wconf 80' lang='grc'>4.</span> <span class='ocrx_word' id='word_1_567' title='bbox 2305 2467 2536 2524; x_wconf 86' lang='lat' dir='ltr'>Exactis</span> <span class='ocrx_word' id='word_1_568' title='bbox 2582 2467 2760 2537; x_wconf 83' lang='lat' dir='ltr'>igitur</span> <span class='ocrx_word' id='word_1_569' title='bbox 2815 2481 2939 2522; x_wconf 89' lang='lat' dir='ltr'>non</span> <span class='ocrx_word' id='word_1_570' title='bbox 2987 2466 3188 2522; x_wconf 90' lang='lat' dir='ltr'>multis</span> <span class='ocrx_word' id='word_1_571' title='bbox 3218 2466 3277 2522; x_wconf 89' lang='lat' dir='ltr'>in</span> <span class='ocrx_word' id='word_1_572' title='bbox 3310 2483 3547 2522; x_wconf 89' lang='lat' dir='ltr'>carcere</span> <span class='ocrx_word' id='word_1_573' title='bbox 3580 2466 3802 2522; x_wconf 91' lang='lat' dir='ltr'>mensi-</span> 
     </span>
    </p>
   </div>
   <div class='ocr_carea' id='block_1_87' title="bbox 2138 2555 3806 2630">
    <p class='ocr_par' dir='ltr' id='par_1_87' title="bbox 2138 2555 3806 2630">
     <span class='ocr_line' id='line_1_87' title="bbox 2138 2555 3806 2630; baseline -0.001 -18"><span class='ocrx_word' id='word_1_574' title='bbox 2138 2559 2272 2622; x_wconf 86' lang='lat' dir='ltr'>bus,</span> <span class='ocrx_word' id='word_1_575' title='bbox 2293 2563 2431 2629; x_wconf 90' lang='lat' dir='ltr'>post</span> <span class='ocrx_word' id='word_1_576' title='bbox 2452 2556 2687 2630; x_wconf 84' lang='lat' dir='ltr'>expleta</span> <span class='ocrx_word' id='word_1_577' title='bbox 2706 2556 3077 2627; x_wconf 91' lang='lat' dir='ltr'>jejuniorum</span> <span class='ocrx_word' id='word_1_578' title='bbox 3111 2571 3361 2611; x_wconf 91' lang='lat' dir='ltr'>suorum</span> <span class='ocrx_word' id='word_1_579' title='bbox 3388 2555 3656 2612; x_wconf 89' lang='lat' dir='ltr'>tricenna</span> <span class='ocrx_word' id='word_1_580' title='bbox 3684 2555 3806 2611; x_wconf 88' lang='lat' dir='ltr'>die-</span> 
     </span>
    </p>
   </div>
   <div class='ocr_carea' id='block_1_88' title="bbox 2138 2644 3800 2718">
    <p class='ocr_par' dir='ltr' id='par_1_88' title="bbox 2138 2644 3800 2718">
     <span class='ocr_line' id='line_1_88' title="bbox 2138 2644 3800 2718; baseline -0.001 -17"><span class='ocrx_word' id='word_1_581' title='bbox 2138 2645 2293 2711; x_wconf 91' lang='lat' dir='ltr'>cula,</span> <span class='ocrx_word' id='word_1_582' title='bbox 2340 2645 2399 2700; x_wconf 90' lang='lat' dir='ltr'>in</span> <span class='ocrx_word' id='word_1_583' title='bbox 2455 2645 2678 2718; x_wconf 89' lang='lat' dir='ltr'>quibus</span> <span class='ocrx_word' id='word_1_584' title='bbox 2743 2645 3173 2715; x_wconf 67' lang='lat' dir='ltr'>gastrimargite</span> <span class='ocrx_word' id='word_1_585' title='bbox 3223 2645 3505 2718; x_wconf 89' lang='lat' dir='ltr'>crapulis,</span> <span class='ocrx_word' id='word_1_586' title='bbox 3537 2649 3592 2700; x_wconf 93' lang='lat' dir='ltr'>et</span> <span class='ocrx_word' id='word_1_587' title='bbox 3639 2644 3800 2700; x_wconf 55' lang='lat' dir='ltr'>ﬂexu</span> 
     </span>
    </p>
   </div>
   <div class='ocr_carea' id='block_1_89' title="bbox 2136 2734 3804 2807">
    <p class='ocr_par' dir='ltr' id='par_1_89' title="bbox 2136 2734 3804 2807">
     <span class='ocr_line' id='line_1_89' title="bbox 2136 2734 3804 2807; baseline -0.001 -17"><span class='ocrx_word' id='word_1_588' title='bbox 2136 2734 2419 2804; x_wconf 89' lang='lat' dir='ltr'>libidinis,</span> <span class='ocrx_word' id='word_1_589' title='bbox 2446 2734 2614 2790; x_wconf 89' lang='lat' dir='ltr'>sicuti</span> <span class='ocrx_word' id='word_1_590' title='bbox 2646 2735 2706 2790; x_wconf 90' lang='lat' dir='ltr'>in</span> <span class='ocrx_word' id='word_1_591' title='bbox 2735 2744 2760 2770; x_wconf 74' lang='grc'>⁸</span> <span class='ocrx_word' id='word_1_592' title='bbox 2792 2735 2987 2807; x_wconf 89' lang='lat' dir='ltr'>primo</span> <span class='ocrx_word' id='word_1_593' title='bbox 3016 2735 3170 2790; x_wconf 90' lang='lat' dir='ltr'>libro</span> <span class='ocrx_word' id='word_1_594' title='bbox 3201 2734 3500 2804; x_wconf 86' lang='lat' dir='ltr'>digestum</span> <span class='ocrx_word' id='word_1_595' title='bbox 3527 2738 3634 2804; x_wconf 91' lang='lat' dir='ltr'>est,</span> <span class='ocrx_word' id='word_1_596' title='bbox 3663 2750 3804 2807; x_wconf 85' lang='lat' dir='ltr'>pro-</span> 
     </span>
    </p>
   </div>
   <div class='ocr_carea' id='block_1_90' title="bbox 2138 2821 3800 2896">
    <p class='ocr_par' dir='ltr' id='par_1_90' title="bbox 2138 2821 3800 2896">
     <span class='ocr_line' id='line_1_90' title="bbox 2138 2821 3800 2896; baseline -0.001 -19"><span class='ocrx_word' id='word_1_597' title='bbox 2138 2823 2382 2896; x_wconf 91' lang='lat' dir='ltr'>pensius</span> <span class='ocrx_word' id='word_1_598' title='bbox 2412 2822 2585 2878; x_wconf 90' lang='lat' dir='ltr'>solito</span> <span class='ocrx_word' id='word_1_599' title='bbox 2605 2822 2886 2878; x_wconf 89' lang='lat' dir='ltr'>insistunt</span> <span class='ocrx_word' id='word_1_600' title='bbox 2912 2841 2926 2892; x_wconf 89' lang='lat'><strong>;</strong></span> <span class='ocrx_word' id='word_1_601' title='bbox 2954 2822 3272 2878; x_wconf 90' lang='lat' dir='ltr'>illuscescit</span> <span class='ocrx_word' id='word_1_602' title='bbox 3300 2822 3548 2894; x_wconf 88' lang='lat' dir='ltr'>martyri</span> <span class='ocrx_word' id='word_1_603' title='bbox 3569 2821 3800 2878; x_wconf 64' lang='lat' dir='ltr'>caeteris</span> 
     </span>
    </p>
   </div>
   <div class='ocr_carea' id='block_1_91' title="bbox 2138 2911 3802 2984">
    <p class='ocr_par' dir='ltr' id='par_1_91' title="bbox 2138 2911 3802 2984">
     <span class='ocr_line' id='line_1_91' title="bbox 2138 2911 3802 2984; baseline -0.001 -16"><span class='ocrx_word' id='word_1_604' title='bbox 2138 2911 2506 2984; x_wconf 88' lang='lat' dir='ltr'>temporibus</span> <span class='ocrx_word' id='word_1_605' title='bbox 2536 2911 2827 2982; x_wconf 89' lang='lat' dir='ltr'>gloriosor</span> <span class='ocrx_word' id='word_1_606' title='bbox 2855 2912 2981 2967; x_wconf 84' lang='lat' dir='ltr'>dies</span> <span class='ocrx_word' id='word_1_607' title='bbox 3010 2931 3022 2968; x_wconf 93' lang='lat'>:</span> <span class='ocrx_word' id='word_1_608' title='bbox 3071 2911 3167 2967; x_wconf 93' lang='lat' dir='ltr'>ille</span> <span class='ocrx_word' id='word_1_609' title='bbox 3219 2911 3457 2978; x_wconf 88' lang='lat' dir='ltr'>scilicet,</span> <span class='ocrx_word' id='word_1_610' title='bbox 3489 2927 3674 2984; x_wconf 78' lang='lat' dir='ltr'>quem</span> <span class='ocrx_word' id='word_1_611' title='bbox 3704 2927 3802 2967; x_wconf 89' lang='lat' dir='ltr'>so-</span> 
     </span>
    </p>
   </div>
   <div class='ocr_carea' id='block_1_92' title="bbox 2136 2999 3802 3074">
    <p class='ocr_par' dir='ltr' id='par_1_92' title="bbox 2136 2999 3802 3074">
     <span class='ocr_line' id='line_1_92' title="bbox 2136 2999 3802 3074; baseline -0.001 -18"><span class='ocrx_word' id='word_1_612' title='bbox 2136 3001 2318 3056; x_wconf 89' lang='lat' dir='ltr'>lemni</span> <span class='ocrx_word' id='word_1_613' title='bbox 2350 3000 2726 3056; x_wconf 85' lang='lat' dir='ltr'>veneratione</span> <span class='ocrx_word' id='word_1_614' title='bbox 2772 3017 3134 3074; x_wconf 90' lang='lat' dir='ltr'>summoque</span> <span class='ocrx_word' id='word_1_615' title='bbox 3184 2999 3446 3072; x_wconf 90' lang='lat' dir='ltr'>tripudio</span> <span class='ocrx_word' id='word_1_616' title='bbox 3485 3000 3601 3056; x_wconf 89' lang='lat' dir='ltr'>ritu</span> <span class='ocrx_word' id='word_1_617' title='bbox 3633 3015 3802 3056; x_wconf 65' lang='lat' dir='ltr'>vanae</span> 
     </span>
    </p>
   </div>
   <div class='ocr_carea' id='block_1_93' title="bbox 2135 3088 3802 3161">
    <p class='ocr_par' dir='ltr' id='par_1_93' title="bbox 2135 3088 3802 3161">
     <span class='ocr_line' id='line_1_93' title="bbox 2135 3088 3802 3161; baseline -0.001 -16"><span class='ocrx_word' id='word_1_618' title='bbox 2135 3090 2282 3159; x_wconf 91' lang='lat' dir='ltr'>legis</span> <span class='ocrx_word' id='word_1_619' title='bbox 2314 3093 2527 3158; x_wconf 86' lang='lat' dir='ltr'>gerunt</span> <span class='ocrx_word' id='word_1_620' title='bbox 2552 3088 2838 3144; x_wconf 90' lang='lat' dir='ltr'>dicatum.</span> <span class='ocrx_word' id='word_1_621' title='bbox 2869 3092 2931 3143; x_wconf 88' lang='lat' dir='ltr'>In</span> <span class='ocrx_word' id='word_1_622' title='bbox 2971 3105 3096 3161; x_wconf 91' lang='lat' dir='ltr'>quo</span> <span class='ocrx_word' id='word_1_623' title='bbox 3125 3105 3186 3144; x_wconf 92' lang='lat' dir='ltr'>se</span> <span class='ocrx_word' id='word_1_624' title='bbox 3217 3105 3512 3159; x_wconf 90' lang='lat' dir='ltr'>magnum</span> <span class='ocrx_word' id='word_1_625' title='bbox 3542 3091 3660 3145; x_wconf 93' lang='lat' dir='ltr'>Deo</span> <span class='ocrx_word' id='word_1_626' title='bbox 3691 3105 3802 3144; x_wconf 90' lang='lat' dir='ltr'>suo</span> 
     </span>
    </p>
   </div>
   <div class='ocr_carea' id='block_1_94' title="bbox 2136 3176 3803 3250">
    <p class='ocr_par' dir='ltr' id='par_1_94' title="bbox 2136 3176 3803 3250">
     <span class='ocr_line' id='line_1_94' title="bbox 2136 3176 3803 3250; baseline -0.001 -17"><span class='ocrx_word' id='word_1_627' title='bbox 2136 3177 2468 3250; x_wconf 80' lang='lat' dir='ltr'>praestaturi</span> <span class='ocrx_word' id='word_1_628' title='bbox 2492 3177 2849 3233; x_wconf 88' lang='lat' dir='ltr'>arbitrantes</span> <span class='ocrx_word' id='word_1_629' title='bbox 2871 3176 3253 3249; x_wconf 89' lang='lat' dir='ltr'>obsequium,</span> <span class='ocrx_word' id='word_1_630' title='bbox 3273 3178 3557 3234; x_wconf 91' lang='lat' dir='ltr'>eductum</span> <span class='ocrx_word' id='word_1_631' title='bbox 3588 3193 3662 3233; x_wconf 85' lang='lat' dir='ltr'>ex</span> <span class='ocrx_word' id='word_1_632' title='bbox 3693 3193 3803 3233; x_wconf 89' lang='lat' dir='ltr'>an-</span> 
     </span>
    </p>
   </div>
   <div class='ocr_carea' id='block_1_95' title="bbox 2135 3265 3800 3337">
    <p class='ocr_par' dir='ltr' id='par_1_95' title="bbox 2135 3265 3800 3337">
     <span class='ocr_line' id='line_1_95' title="bbox 2135 3265 3800 3337; baseline -0.001 -15"><span class='ocrx_word' id='word_1_633' title='bbox 2135 3273 2226 3323; x_wconf 89' lang='lat' dir='ltr'>tro</span> <span class='ocrx_word' id='word_1_634' title='bbox 2281 3266 2481 3337; x_wconf 88' lang='lat' dir='ltr'>gladio</span> <span class='ocrx_word' id='word_1_635' title='bbox 2510 3265 2740 3320; x_wconf 81' lang='lat' dir='ltr'>vindice</span> <span class='ocrx_word' id='word_1_636' title='bbox 2791 3265 3168 3322; x_wconf 89' lang='lat' dir='ltr'>trucidarunt</span> <span class='ocrx_word' id='word_1_637' title='bbox 3205 3266 3588 3322; x_wconf 83' lang='lat' dir='ltr'>confitentem</span> <span class='ocrx_word' id='word_1_638' title='bbox 3635 3265 3800 3321; x_wconf 89' lang='lat' dir='ltr'>Chri-</span> 
     </span>
    </p>
   </div>
   <div class='ocr_carea' id='block_1_96' title="bbox 2137 3355 3806 3427">
    <p class='ocr_par' dir='ltr' id='par_1_96' title="bbox 2137 3355 3806 3427">
     <span class='ocr_line' id='line_1_96' title="bbox 2137 3355 3806 3427; baseline -0.001 -14"><span class='ocrx_word' id='word_1_639' title='bbox 2137 3362 2297 3413; x_wconf 89' lang='lat' dir='ltr'>stum</span> <span class='ocrx_word' id='word_1_640' title='bbox 2327 3357 2386 3412; x_wconf 90' lang='lat' dir='ltr'>in</span> <span class='ocrx_word' id='word_1_641' title='bbox 2420 3355 2606 3427; x_wconf 87' lang='lat' dir='ltr'>gloria</span> <span class='ocrx_word' id='word_1_642' title='bbox 2629 3355 2869 3410; x_wconf 88' lang='lat' dir='ltr'>Deitatis</span> <span class='ocrx_word' id='word_1_643' title='bbox 2899 3360 3270 3426; x_wconf 90' lang='lat' dir='ltr'>manentem,</span> <span class='ocrx_word' id='word_1_644' title='bbox 3303 3360 3361 3412; x_wconf 93' lang='lat' dir='ltr'>et</span> <span class='ocrx_word' id='word_1_645' title='bbox 3391 3355 3668 3412; x_wconf 75' lang='lat' dir='ltr'>Ecclesiae</span> <span class='ocrx_word' id='word_1_646' title='bbox 3696 3355 3806 3411; x_wconf 85' lang='lat' dir='ltr'>ini-</span> 
     </span>
    </p>
   </div>
   <div class='ocr_carea' id='block_1_97' title="bbox 2137 3443 3803 3517">
    <p class='ocr_par' dir='ltr' id='par_1_97' title="bbox 2137 3443 3803 3517">
     <span class='ocr_line' id='line_1_97' title="bbox 2137 3443 3803 3517; baseline -0.001 -16"><span class='ocrx_word' id='word_1_647' title='bbox 2137 3446 2362 3502; x_wconf 89' lang='lat' dir='ltr'>micum</span> <span class='ocrx_word' id='word_1_648' title='bbox 2389 3445 2593 3500; x_wconf 89' lang='lat' dir='ltr'>liberis</span> <span class='ocrx_word' id='word_1_649' title='bbox 2617 3443 2866 3500; x_wconf 90' lang='lat' dir='ltr'>vocibus</span> <span class='ocrx_word' id='word_1_650' title='bbox 2899 3444 3373 3517; x_wconf 86' lang='lat' dir='ltr'>exprobrantem</span> <span class='ocrx_word' id='word_1_651' title='bbox 3398 3449 3577 3516; x_wconf 86' lang='lat' dir='ltr'>atque</span> <span class='ocrx_word' id='word_1_652' title='bbox 3599 3444 3803 3500; x_wconf 88' lang='lat' dir='ltr'>dicen-</span> 
     </span>
    </p>
   </div>
   <div class='ocr_carea' id='block_1_98' title="bbox 2136 3533 3803 3606">
    <p class='ocr_par' dir='ltr' id='par_1_98' title="bbox 2136 3533 3803 3606">
     <span class='ocr_line' id='line_1_98' title="bbox 2136 3533 3803 3606; baseline -0.002 -14"><span class='ocrx_word' id='word_1_653' title='bbox 2136 3541 2251 3592; x_wconf 91' lang='lat' dir='ltr'>tem</span> <span class='ocrx_word' id='word_1_654' title='bbox 2283 3554 2295 3591; x_wconf 89' lang='lat'>:</span> <span class='ocrx_word' id='word_1_655' title='bbox 2331 3557 2359 3586; x_wconf 83' lang='lat'><strong>«</strong></span> <span class='ocrx_word' id='word_1_656' title='bbox 2386 3535 2741 3606; x_wconf 87' lang='lat' dir='ltr'>PrOphetam</span> <span class='ocrx_word' id='word_1_657' title='bbox 2762 3538 3030 3589; x_wconf 89' lang='lat' dir='ltr'>vestrum</span> <span class='ocrx_word' id='word_1_658' title='bbox 3050 3539 3107 3589; x_wconf 92' lang='lat' dir='ltr'>et</span> <span class='ocrx_word' id='word_1_659' title='bbox 3137 3533 3442 3603; x_wconf 88' lang='lat' dir='ltr'>maledixi,</span> <span class='ocrx_word' id='word_1_660' title='bbox 3467 3538 3524 3588; x_wconf 95' lang='lat' dir='ltr'>et</span> <span class='ocrx_word' id='word_1_661' title='bbox 3553 3533 3803 3589; x_wconf 90' lang='lat' dir='ltr'>maledi-</span> 
     </span>
    </p>
   </div>
   <div class='ocr_carea' id='block_1_99' title="bbox 2137 3623 3801 3698">
    <p class='ocr_par' dir='ltr' id='par_1_99' title="bbox 2137 3623 3801 3698">
     <span class='ocr_line' id='line_1_99' title="bbox 2137 3623 3801 3698; baseline -0.002 -16"><span class='ocrx_word' id='word_1_662' title='bbox 2137 3643 2229 3698; x_wconf 89' lang='lat' dir='ltr'>co,</span> <span class='ocrx_word' id='word_1_663' title='bbox 2271 3625 2465 3681; x_wconf 89' lang='lat' dir='ltr'>virum</span> <span class='ocrx_word' id='word_1_664' title='bbox 2511 3626 2537 3664; x_wconf 72' lang='grc' dir='ltr'>ι)</span> <span class='ocrx_word' id='word_1_665' title='bbox 2566 3623 3025 3695; x_wconf 81' lang='lat' dir='ltr'>daemoniorum,</span> <span class='ocrx_word' id='word_1_666' title='bbox 3076 3640 3392 3694; x_wconf 87' lang='lat' dir='ltr'>magnum.</span> <span class='ocrx_word' id='word_1_667' title='bbox 3437 3623 3801 3691; x_wconf 88' lang='lat' dir='ltr'>adulterum,</span> 
     </span>
    </p>
   </div>
   <div class='ocr_carea' id='block_1_100' title="bbox 2138 3711 3801 3785">
    <p class='ocr_par' dir='ltr' id='par_1_100' title="bbox 2138 3711 3801 3785">
     <span class='ocr_line' id='line_1_100' title="bbox 2138 3711 3801 3785; baseline -0.001 -14"><span class='ocrx_word' id='word_1_668' title='bbox 2138 3719 2191 3771; x_wconf 92' lang='lat' dir='ltr'>et</span> <span class='ocrx_word' id='word_1_669' title='bbox 2223 3715 2614 3770; x_wconf 90' lang='lat' dir='ltr'>mendacem:</span> <span class='ocrx_word' id='word_1_670' title='bbox 2657 3711 2828 3768; x_wconf 90' lang='lat' dir='ltr'>sicuti</span> <span class='ocrx_word' id='word_1_671' title='bbox 2859 3711 3168 3784; x_wconf 85' lang='lat' dir='ltr'>professus</span> <span class='ocrx_word' id='word_1_672' title='bbox 3222 3730 3379 3783; x_wconf 91' lang='lat' dir='ltr'>sum,</span> <span class='ocrx_word' id='word_1_673' title='bbox 3411 3717 3468 3768; x_wconf 93' lang='lat' dir='ltr'>et</span> <span class='ocrx_word' id='word_1_674' title='bbox 3498 3713 3801 3785; x_wconf 88' lang='lat' dir='ltr'>proﬁteor.</span> 
     </span>
    </p>
   </div>
   <div class='ocr_carea' id='block_1_101' title="bbox 2137 3801 3802 3877">
    <p class='ocr_par' dir='ltr' id='par_1_101' title="bbox 2137 3801 3802 3877">
     <span class='ocr_line' id='line_1_101' title="bbox 2137 3801 3802 3877; baseline -0.001 -18"><span class='ocrx_word' id='word_1_675' title='bbox 2137 3801 2586 3877; x_wconf 84' lang='lat' dir='ltr'>profanationes</span> <span class='ocrx_word' id='word_1_676' title='bbox 2648 3805 2823 3856; x_wconf 75' lang='lat' dir='ltr'>sectae</span> <span class='ocrx_word' id='word_1_677' title='bbox 2888 3806 3102 3858; x_wconf 71' lang='lat' dir='ltr'>vestrae</span> <span class='ocrx_word' id='word_1_678' title='bbox 3165 3807 3510 3858; x_wconf 90' lang='lat' dir='ltr'>commenta</span> <span class='ocrx_word' id='word_1_679' title='bbox 3577 3801 3802 3857; x_wconf 89' lang='lat' dir='ltr'>diaboli</span> 
     </span>
    </p>
   </div>
   <div class='ocr_carea' id='block_1_102' title="bbox 2137 3890 3806 3964">
    <p class='ocr_par' dir='ltr' id='par_1_102' title="bbox 2137 3890 3806 3964">
     <span class='ocr_line' id='line_1_102' title="bbox 2137 3890 3806 3964; baseline -0.002 -15"><span class='ocrx_word' id='word_1_680' title='bbox 2137 3909 2270 3950; x_wconf 90' lang='lat' dir='ltr'>esse</span> <span class='ocrx_word' id='word_1_681' title='bbox 2299 3892 2610 3948; x_wconf 90' lang='lat' dir='ltr'>denuntio.</span> <span class='ocrx_word' id='word_1_682' title='bbox 2644 3893 2756 3945; x_wconf 88' lang='lat' dir='ltr'>Vos</span> <span class='ocrx_word' id='word_1_683' title='bbox 2810 3907 3056 3964; x_wconf 89' lang='lat' dir='ltr'>quoque</span> <span class='ocrx_word' id='word_1_684' title='bbox 3111 3908 3252 3948; x_wconf 91' lang='lat' dir='ltr'>cum</span> <span class='ocrx_word' id='word_1_685' title='bbox 3282 3891 3418 3964; x_wconf 90' lang='lat' dir='ltr'>ipso</span> <span class='ocrx_word' id='word_1_686' title='bbox 3463 3890 3616 3946; x_wconf 92' lang='lat' dir='ltr'>duce</span> <span class='ocrx_word' id='word_1_687' title='bbox 3652 3896 3806 3946; x_wconf 87' lang='lat' dir='ltr'>tene-</span> 
     </span>
    </p>
   </div>
   <div class='ocr_carea' id='block_1_103' title="bbox 2137 3979 3808 4054">
    <p class='ocr_par' dir='ltr' id='par_1_103' title="bbox 2137 3979 3808 4054">
     <span class='ocr_line' id='line_1_103' title="bbox 2137 3979 3808 4054; baseline -0.002 -15"><span class='ocrx_word' id='word_1_688' title='bbox 2137 3983 2387 4039; x_wconf 89' lang='lat' dir='ltr'>brarum</span> <span class='ocrx_word' id='word_1_689' title='bbox 2417 3986 2640 4036; x_wconf 66' lang='lat' dir='ltr'>aeterna</span> <span class='ocrx_word' id='word_1_690' title='bbox 2670 3979 2922 4036; x_wconf 90' lang='lat' dir='ltr'>luituros</span> <span class='ocrx_word' id='word_1_691' title='bbox 2952 3985 3250 4036; x_wconf 90' lang='lat' dir='ltr'>tormenta</span> <span class='ocrx_word' id='word_1_692' title='bbox 3277 3986 3635 4054; x_wconf 82' lang='lat' dir='ltr'>protestor.»</span> <span class='ocrx_word' id='word_1_693' title='bbox 3669 3983 3808 4035; x_wconf 89' lang='lat' dir='ltr'>&#39;l‘ur-</span> 
     </span>
    </p>
   </div>
   <div class='ocr_carea' id='block_1_104' title="bbox 2137 4069 3809 4141">
    <p class='ocr_par' dir='ltr' id='par_1_104' title="bbox 2137 4069 3809 4141">
     <span class='ocr_line' id='line_1_104' title="bbox 2137 4069 3809 4141; baseline -0.002 -13"><span class='ocrx_word' id='word_1_694' title='bbox 2137 4073 2218 4128; x_wconf 86' lang='lat' dir='ltr'>ba</span> <span class='ocrx_word' id='word_1_695' title='bbox 2245 4087 2386 4126; x_wconf 91' lang='lat' dir='ltr'>vero</span> <span class='ocrx_word' id='word_1_696' title='bbox 2435 4069 2765 4140; x_wconf 81' lang='lat' dir='ltr'>gentilium,</span> <span class='ocrx_word' id='word_1_697' title='bbox 2801 4085 2937 4141; x_wconf 76' lang='lat' dir='ltr'>quae</span> <span class='ocrx_word' id='word_1_698' title='bbox 2987 4069 3202 4126; x_wconf 87' lang='lat' dir='ltr'>intuitu</span> <span class='ocrx_word' id='word_1_699' title='bbox 3251 4074 3428 4126; x_wconf 70' lang='lat' dir='ltr'>tantas</span> <span class='ocrx_word' id='word_1_700' title='bbox 3474 4069 3809 4125; x_wconf 87' lang='lat' dir='ltr'>festivitatis</span> 
     </span>
    </p>
   </div>
   <div class='ocr_carea' id='block_1_105' title="bbox 2142 4156 3810 4231">
    <p class='ocr_par' dir='ltr' id='par_1_105' title="bbox 2142 4156 3810 4231">
     <span class='ocr_line' id='line_1_105' title="bbox 2142 4156 3810 4231; baseline -0.002 -16"><span class='ocrx_word' id='word_1_701' title='bbox 2142 4161 2217 4231; x_wconf 82' lang='lat'>(8)</span> <span class='ocrx_word' id='word_1_702' title='bbox 2243 4160 2302 4214; x_wconf 92' lang='lat' dir='ltr'>in</span> <span class='ocrx_word' id='word_1_703' title='bbox 2331 4174 2618 4230; x_wconf 89' lang='lat' dir='ltr'>campum</span> <span class='ocrx_word' id='word_1_704' title='bbox 2650 4156 2804 4212; x_wconf 87' lang='lat' dir='ltr'>ultra</span> <span class='ocrx_word' id='word_1_705' title='bbox 2845 4162 3093 4228; x_wconf 89' lang='lat' dir='ltr'>pontem</span> <span class='ocrx_word' id='word_1_706' title='bbox 3120 4157 3406 4228; x_wconf 89' lang='lat' dir='ltr'>ﬂuminis,</span> <span class='ocrx_word' id='word_1_707' title='bbox 3435 4159 3497 4213; x_wconf 90' lang='lat' dir='ltr'>in</span> <span class='ocrx_word' id='word_1_708' title='bbox 3526 4163 3697 4230; x_wconf 89' lang='lat' dir='ltr'>parte</span> <span class='ocrx_word' id='word_1_709' title='bbox 3732 4157 3810 4213; x_wconf 87' lang='lat' dir='ltr'>ab</span> 
     </span>
    </p>
   </div>
   <div class='ocr_carea' id='block_1_106' title="bbox 2143 4245 3812 4319">
    <p class='ocr_par' dir='ltr' id='par_1_106' title="bbox 2143 4245 3812 4319">
     <span class='ocr_line' id='line_1_106' title="bbox 2143 4245 3812 4319; baseline -0.001 -16"><span class='ocrx_word' id='word_1_710' title='bbox 2143 4248 2290 4304; x_wconf 89' lang='lat' dir='ltr'>urbe</span> <span class='ocrx_word' id='word_1_711' title='bbox 2324 4246 2583 4302; x_wconf 86' lang='lat' dir='ltr'>Australi</span> <span class='ocrx_word' id='word_1_712' title='bbox 2615 4246 2816 4312; x_wconf 89' lang='lat' dir='ltr'>situm,</span> <span class='ocrx_word' id='word_1_713' title='bbox 2848 4245 3146 4302; x_wconf 86' lang='lat' dir='ltr'>latissima</span> <span class='ocrx_word' id='word_1_714' title='bbox 3175 4246 3420 4319; x_wconf 84' lang='lat' dir='ltr'>planitie</span> <span class='ocrx_word' id='word_1_715' title='bbox 3453 4247 3532 4302; x_wconf 91' lang='lat' dir='ltr'>ad</span> <span class='ocrx_word' id='word_1_716' title='bbox 3557 4262 3812 4304; x_wconf 74' lang='lat' dir='ltr'>exoran-</span> 
     </span>
    </p>
   </div>
   <div class='ocr_carea' id='block_1_107' title="bbox 2141 4335 3814 4409">
    <p class='ocr_par' dir='ltr' id='par_1_107' title="bbox 2141 4335 3814 4409">
     <span class='ocr_line' id='line_1_107' title="bbox 2141 4335 3814 4409; baseline -0.001 -16"><span class='ocrx_word' id='word_1_717' title='bbox 2141 4338 2288 4393; x_wconf 88' lang='lat' dir='ltr'>dum</span> <span class='ocrx_word' id='word_1_718' title='bbox 2312 4339 2707 4409; x_wconf 84' lang='lat' dir='ltr'>processerat,</span> <span class='ocrx_word' id='word_1_719' title='bbox 2727 4351 2916 4390; x_wconf 89' lang='lat' dir='ltr'>ovans</span> <span class='ocrx_word' id='word_1_720' title='bbox 2936 4336 3182 4407; x_wconf 84' lang='lat' dir='ltr'>praepeti</span> <span class='ocrx_word' id='word_1_721' title='bbox 3203 4351 3479 4406; x_wconf 88' lang='lat' dir='ltr'>regressu</span> <span class='ocrx_word' id='word_1_722' title='bbox 3499 4335 3578 4391; x_wconf 93' lang='lat' dir='ltr'>ad</span> <span class='ocrx_word' id='word_1_723' title='bbox 3600 4351 3814 4391; x_wconf 86' lang='lat' dir='ltr'>necem</span> 
     </span>
    </p>
   </div>
   <div class='ocr_carea' id='block_1_108' title="bbox 2143 4423 3814 4498">
    <p class='ocr_par' dir='ltr' id='par_1_108' title="bbox 2143 4423 3814 4498">
     <span class='ocr_line' id='line_1_108' title="bbox 2143 4423 3814 4498; baseline -0.002 -16"><span class='ocrx_word' id='word_1_724' title='bbox 2143 4425 2426 4498; x_wconf 89' lang='lat' dir='ltr'>martyris</span> <span class='ocrx_word' id='word_1_725' title='bbox 2467 4423 3002 4496; x_wconf 88' lang='lat' dir='ltr'>contemplandum</span> <span class='ocrx_word' id='word_1_726' title='bbox 3043 4441 3171 4480; x_wconf 92' lang='lat' dir='ltr'>sese</span> <span class='ocrx_word' id='word_1_727' title='bbox 3221 4425 3475 4481; x_wconf 89' lang='lat' dir='ltr'>divertit.</span> <span class='ocrx_word' id='word_1_728' title='bbox 3512 4426 3656 4490; x_wconf 66' lang='lat' dir='ltr'>Quae</span> <span class='ocrx_word' id='word_1_729' title='bbox 3680 4425 3814 4495; x_wconf 86' lang='lat' dir='ltr'>jam</span> 
     </span>
    </p>
   </div>
   <div class='ocr_carea' id='block_1_109' title="bbox 2142 4514 3813 4591">
    <p class='ocr_par' dir='ltr' id='par_1_109' title="bbox 2142 4514 3813 4591">
     <span class='ocr_line' id='line_1_109' title="bbox 2142 4514 3813 4591; baseline -0.001 -19"><span class='ocrx_word' id='word_1_730' title='bbox 2142 4522 2508 4591; x_wconf 90' lang='lat' dir='ltr'>prostratum</span> <span class='ocrx_word' id='word_1_731' title='bbox 2559 4520 2695 4571; x_wconf 92' lang='lat' dir='ltr'>ante</span> <span class='ocrx_word' id='word_1_732' title='bbox 2751 4514 2907 4569; x_wconf 83' lang='lat' dir='ltr'>fores</span> <span class='ocrx_word' id='word_1_733' title='bbox 2955 4515 3236 4587; x_wconf 64' lang='lat' dir='ltr'>praetorii,</span> <span class='ocrx_word' id='word_1_734' title='bbox 3270 4532 3500 4588; x_wconf 88' lang='lat' dir='ltr'>suoque</span> <span class='ocrx_word' id='word_1_735' title='bbox 3549 4531 3611 4570; x_wconf 90' lang='lat' dir='ltr'>se</span> <span class='ocrx_word' id='word_1_736' title='bbox 3645 4515 3813 4570; x_wconf 89' lang='lat' dir='ltr'>volu-</span> 
     </span>
    </p>
   </div>
   <div class='ocr_carea' id='block_1_110' title="bbox 2142 4604 3813 4677">
    <p class='ocr_par' dir='ltr' id='par_1_110' title="bbox 2142 4604 3813 4677">
     <span class='ocr_line' id='line_1_110' title="bbox 2142 4604 3813 4677; baseline -0.001 -16"><span class='ocrx_word' id='word_1_737' title='bbox 2142 4609 2368 4661; x_wconf 89' lang='lat' dir='ltr'>tantem</span> <span class='ocrx_word' id='word_1_738' title='bbox 2424 4604 2717 4673; x_wconf 89' lang='lat' dir='ltr'>sanguine</span> <span class='ocrx_word' id='word_1_739' title='bbox 2775 4619 3044 4672; x_wconf 90' lang='lat' dir='ltr'>cernens,</span> <span class='ocrx_word' id='word_1_740' title='bbox 3103 4604 3261 4659; x_wconf 88' lang='lat' dir='ltr'>illitis</span> <span class='ocrx_word' id='word_1_741' title='bbox 3289 4620 3534 4677; x_wconf 89' lang='lat' dir='ltr'>quoque</span> <span class='ocrx_word' id='word_1_742' title='bbox 3569 4610 3627 4660; x_wconf 89' lang='lat' dir='ltr'>et</span> <span class='ocrx_word' id='word_1_743' title='bbox 3677 4605 3813 4677; x_wconf 89' lang='lat' dir='ltr'>ipso</span> 
     </span>
    </p>
   </div>
   <div class='ocr_carea' id='block_1_111' title="bbox 2143 4692 3812 4764">
    <p class='ocr_par' dir='ltr' id='par_1_111' title="bbox 2143 4692 3812 4764">
     <span class='ocr_line' id='line_1_111' title="bbox 2143 4692 3812 4764; baseline 0 -15"><span class='ocrx_word' id='word_1_744' title='bbox 2143 4692 2383 4750; x_wconf 88' lang='lat' dir='ltr'>extincti</span> <span class='ocrx_word' id='word_1_745' title='bbox 2415 4692 2740 4749; x_wconf 85' lang='lat' dir='ltr'>sacerdotis</span> <span class='ocrx_word' id='word_1_746' title='bbox 2771 4709 2980 4748; x_wconf 90' lang='lat' dir='ltr'>cruore</span> <span class='ocrx_word' id='word_1_747' title='bbox 3011 4693 3291 4764; x_wconf 89' lang='lat' dir='ltr'>vestigiis,</span> <span class='ocrx_word' id='word_1_748' title='bbox 3325 4698 3501 4749; x_wconf 90' lang='lat' dir='ltr'>aucta</span> <span class='ocrx_word' id='word_1_749' title='bbox 3525 4693 3812 4763; x_wconf 75' lang='lat' dir='ltr'>jucundi-</span> 
     </span>
    </p>
   </div>
   <div class='ocr_carea' id='block_1_112' title="bbox 2143 4780 3812 4855">
    <p class='ocr_par' dir='ltr' id='par_1_112' title="bbox 2143 4780 3812 4855">
     <span class='ocr_line' id='line_1_112' title="bbox 2143 4780 3812 4855; baseline -0.001 -16"><span class='ocrx_word' id='word_1_750' title='bbox 2143 4787 2284 4853; x_wconf 88' lang='lat' dir='ltr'>tate,</span> <span class='ocrx_word' id='word_1_751' title='bbox 2334 4780 2412 4837; x_wconf 88' lang='lat' dir='ltr'>ad</span> <span class='ocrx_word' id='word_1_752' title='bbox 2463 4781 2897 4838; x_wconf 88' lang='lat' dir='ltr'>exsolvendum</span> <span class='ocrx_word' id='word_1_753' title='bbox 2959 4781 3339 4854; x_wconf 89' lang='lat' dir='ltr'>sacrilegium</span> <span class='ocrx_word' id='word_1_754' title='bbox 3393 4782 3509 4836; x_wconf 92' lang='lat' dir='ltr'>voti</span> <span class='ocrx_word' id='word_1_755' title='bbox 3554 4798 3812 4855; x_wconf 91' lang='lat' dir='ltr'>compos</span> 
     </span>
    </p>
   </div>
   <div class='ocr_carea' id='block_1_113' title="bbox 2143 4869 3815 4942">
    <p class='ocr_par' dir='ltr' id='par_1_113' title="bbox 2143 4869 3815 4942">
     <span class='ocr_line' id='line_1_113' title="bbox 2143 4869 3815 4942; baseline -0.001 -16"><span class='ocrx_word' id='word_1_756' title='bbox 2143 4869 2496 4941; x_wconf 89' lang='lat' dir='ltr'>regreditur.</span> <span class='ocrx_word' id='word_1_757' title='bbox 2532 4869 2925 4925; x_wconf 84' lang='lat' dir='ltr'>Nihilominus</span> <span class='ocrx_word' id='word_1_758' title='bbox 2952 4869 3278 4925; x_wconf 87' lang='lat' dir='ltr'>commoda</span> <span class='ocrx_word' id='word_1_759' title='bbox 3309 4886 3370 4924; x_wconf 92' lang='lat' dir='ltr'>se</span> <span class='ocrx_word' id='word_1_760' title='bbox 3404 4869 3636 4925; x_wconf 90' lang='lat' dir='ltr'>facilius</span> <span class='ocrx_word' id='word_1_761' title='bbox 3665 4871 3815 4942; x_wconf 91' lang='lat' dir='ltr'>poti-</span> 
     </span>
    </p>
   </div>
   <div class='ocr_carea' id='block_1_114' title="bbox 2144 4957 3816 5030">
    <p class='ocr_par' dir='ltr' id='par_1_114' title="bbox 2144 4957 3816 5030">
     <span class='ocr_line' id='line_1_114' title="bbox 2144 4957 3816 5030; baseline -0.001 -15"><span class='ocrx_word' id='word_1_762' title='bbox 2144 4963 2278 5015; x_wconf 91' lang='lat' dir='ltr'>tura</span> <span class='ocrx_word' id='word_1_763' title='bbox 2325 4958 2658 5029; x_wconf 85' lang='lat' dir='ltr'>confidens,</span> <span class='ocrx_word' id='word_1_764' title='bbox 2690 4975 2822 5030; x_wconf 79' lang='lat' dir='ltr'>quae</span> <span class='ocrx_word' id='word_1_765' title='bbox 2856 4959 3001 5013; x_wconf 89' lang='lat' dir='ltr'>tanti</span> <span class='ocrx_word' id='word_1_766' title='bbox 3029 4959 3218 5013; x_wconf 90' lang='lat' dir='ltr'>hostis</span> <span class='ocrx_word' id='word_1_767' title='bbox 3254 4957 3551 5027; x_wconf 88' lang='lat' dir='ltr'>sanguine</span> <span class='ocrx_word' id='word_1_768' title='bbox 3586 4959 3816 5014; x_wconf 85' lang='lat' dir='ltr'>combi-</span> 
     </span>
    </p>
   </div>
   <div class='ocr_carea' id='block_1_115' title="bbox 2143 5045 3006 5117">
    <p class='ocr_par' dir='ltr' id='par_1_115' title="bbox 2143 5045 3006 5117">
     <span class='ocr_line' id='line_1_115' title="bbox 2143 5045 3006 5117; baseline -0.003 -13"><span class='ocrx_word' id='word_1_769' title='bbox 2143 5047 2298 5104; x_wconf 88' lang='lat' dir='ltr'>natis</span> <span class='ocrx_word' id='word_1_770' title='bbox 2325 5045 2638 5117; x_wconf 88' lang='lat' dir='ltr'>gressibus</span> <span class='ocrx_word' id='word_1_771' title='bbox 2667 5045 3006 5102; x_wconf 86' lang='lat' dir='ltr'>incedebat.</span> 
     </span>
    </p>
   </div>
   <div class='ocr_carea' id='block_1_116' title="bbox 2215 5132 3821 5206">
    <p class='ocr_par' dir='ltr' id='par_1_116' title="bbox 2215 5132 3821 5206">
     <span class='ocr_line' id='line_1_116' title="bbox 2215 5132 3821 5206; baseline -0.001 -17"><span class='ocrx_word' id='word_1_772' title='bbox 2215 5139 2267 5191; x_wconf 86' lang='lat'>5.</span> <span class='ocrx_word' id='word_1_773' title='bbox 2303 5133 2417 5192; x_wconf 93' lang='lat' dir='ltr'>Sed</span> <span class='ocrx_word' id='word_1_774' title='bbox 2436 5133 2514 5190; x_wconf 87' lang='lat' dir='ltr'>ad</span> <span class='ocrx_word' id='word_1_775' title='bbox 2535 5132 2914 5206; x_wconf 87' lang='lat' dir='ltr'>propositum</span> <span class='ocrx_word' id='word_1_776' title='bbox 2945 5134 3289 5203; x_wconf 91' lang='lat' dir='ltr'>redeamus,</span> <span class='ocrx_word' id='word_1_777' title='bbox 3314 5137 3370 5189; x_wconf 91' lang='lat' dir='ltr'>et</span> <span class='ocrx_word' id='word_1_778' title='bbox 3390 5132 3559 5206; x_wconf 86' lang='lat' dir='ltr'>quod</span> <span class='ocrx_word' id='word_1_779' title='bbox 3589 5133 3669 5188; x_wconf 87' lang='lat' dir='ltr'>ad</span> <span class='ocrx_word' id='word_1_780' title='bbox 3694 5132 3821 5188; x_wconf 90' lang='lat' dir='ltr'>lau-</span> 
     </span>
    </p>
   </div>
   <div class='ocr_carea' id='block_1_117' title="bbox 2143 5221 3817 5296">
    <p class='ocr_par' dir='ltr' id='par_1_117' title="bbox 2143 5221 3817 5296">
     <span class='ocr_line' id='line_1_117' title="bbox 2143 5221 3817 5296; baseline -0.002 -16"><span class='ocrx_word' id='word_1_781' title='bbox 2143 5223 2283 5280; x_wconf 91' lang='lat' dir='ltr'>dem</span> <span class='ocrx_word' id='word_1_782' title='bbox 2299 5223 2390 5279; x_wconf 89' lang='lat' dir='ltr'>sui</span> <span class='ocrx_word' id='word_1_783' title='bbox 2406 5223 2710 5295; x_wconf 87' lang='lat' dir='ltr'>martyris,</span> <span class='ocrx_word' id='word_1_784' title='bbox 2726 5222 2858 5296; x_wconf 91' lang='lat' dir='ltr'>ipso</span> <span class='ocrx_word' id='word_1_785' title='bbox 2875 5222 2971 5278; x_wconf 91' lang='lat' dir='ltr'>die</span> <span class='ocrx_word' id='word_1_786' title='bbox 2987 5239 3110 5296; x_wconf 89' lang='lat' dir='ltr'>quo</span> <span class='ocrx_word' id='word_1_787' title='bbox 3133 5222 3372 5290; x_wconf 90' lang='lat' dir='ltr'>decidit,</span> <span class='ocrx_word' id='word_1_788' title='bbox 3396 5221 3602 5278; x_wconf 90' lang='lat' dir='ltr'>divina</span> <span class='ocrx_word' id='word_1_789' title='bbox 3623 5222 3817 5295; x_wconf 88' lang='lat' dir='ltr'>pietas</span> 
     </span>
    </p>
   </div>
   <div class='ocr_carea' id='block_1_118' title="bbox 2144 5310 3824 5386">
    <p class='ocr_par' dir='ltr' id='par_1_118' title="bbox 2144 5310 3824 5386">
     <span class='ocr_line' id='line_1_118' title="bbox 2144 5310 3824 5386; baseline -0.003 -16"><span class='ocrx_word' id='word_1_790' title='bbox 2144 5313 2318 5371; x_wconf 89' lang='lat' dir='ltr'>fuerit</span> <span class='ocrx_word' id='word_1_791' title='bbox 2329 5312 3167 5386; x_wconf 86' lang='lat' dir='ltr'>operata,sicutplurimorum</span> <span class='ocrx_word' id='word_1_792' title='bbox 3183 5311 3346 5367; x_wconf 87' lang='lat' dir='ltr'>ﬁdeli</span> <span class='ocrx_word' id='word_1_793' title='bbox 3357 5310 3647 5366; x_wconf 88' lang='lat' dir='ltr'>relatione</span> <span class='ocrx_word' id='word_1_794' title='bbox 3661 5327 3824 5366; x_wconf 89' lang='lat' dir='ltr'>com-</span> 
     </span>
    </p>
   </div>
   <div class='ocr_carea' id='block_1_119' title="bbox 2143 5399 3818 5476">
    <p class='ocr_par' dir='ltr' id='par_1_119' title="bbox 2143 5399 3818 5476">
     <span class='ocr_line' id='line_1_119' title="bbox 2143 5399 3818 5476; baseline -0.002 -19"><span class='ocrx_word' id='word_1_795' title='bbox 2143 5403 2430 5476; x_wconf 89' lang='lat' dir='ltr'>perimus,</span> <span class='ocrx_word' id='word_1_796' title='bbox 2454 5401 2804 5457; x_wconf 88' lang='lat' dir='ltr'>referamus.</span> <span class='ocrx_word' id='word_1_797' title='bbox 2821 5405 2967 5457; x_wconf 87' lang='lat' dir='ltr'>Nam</span> <span class='ocrx_word' id='word_1_798' title='bbox 2989 5401 3243 5457; x_wconf 91' lang='lat' dir='ltr'>celerem</span> <span class='ocrx_word' id='word_1_799' title='bbox 3269 5401 3349 5456; x_wconf 91' lang='lat' dir='ltr'>ad</span> <span class='ocrx_word' id='word_1_800' title='bbox 3371 5399 3699 5456; x_wconf 83' lang='lat' dir='ltr'>Vindicium</span> <span class='ocrx_word' id='word_1_801' title='bbox 3725 5401 3818 5455; x_wconf 91' lang='lat' dir='ltr'>sui</span> 
     </span>
    </p>
   </div>
   <div class='ocr_carea' id='block_1_120' title="bbox 2145 5523 3823 5598">
    <p class='ocr_par' dir='ltr' id='par_1_120' title="bbox 2145 5523 3823 5598">
     <span class='ocr_line' id='line_1_120' title="bbox 2145 5523 3823 5598; baseline -0.004 -15"><span class='ocrx_word' id='word_1_802' title='bbox 2145 5532 2201 5583; x_wconf 90' lang='lat' dir='ltr'>et</span> <span class='ocrx_word' id='word_1_803' title='bbox 2229 5529 2289 5583; x_wconf 90' lang='lat' dir='ltr'>in</span> <span class='ocrx_word' id='word_1_804' title='bbox 2322 5528 2595 5595; x_wconf 90' lang='lat' dir='ltr'>Docum.,</span> <span class='ocrx_word' id='word_1_805' title='bbox 2628 5542 2795 5598; x_wconf 86' lang='lat' dir='ltr'>num.</span> <span class='ocrx_word' id='word_1_806' title='bbox 2827 5531 2914 5581; x_wconf 76' lang='grc'>15.</span> <span class='ocrx_word' id='word_1_807' title='bbox 2951 5528 3209 5598; x_wconf 90' lang='lat' dir='ltr'>Utroque</span> <span class='ocrx_word' id='word_1_808' title='bbox 3258 5528 3464 5580; x_wconf 88' lang='lat' dir='ltr'>autem</span> <span class='ocrx_word' id='word_1_809' title='bbox 3520 5523 3705 5598; x_wconf 78' lang='lat' dir='ltr'>modo</span> <span class='ocrx_word' id='word_1_810' title='bbox 3737 5523 3823 5598; x_wconf 79' lang='lat' dir='ltr'>hi-</span> 
     </span>
    </p>
   </div>
   <div class='ocr_carea' id='block_1_121' title="bbox 2146 5595 3820 5671">
    <p class='ocr_par' dir='ltr' id='par_1_121' title="bbox 2146 5595 3820 5671">
     <span class='ocr_line' id='line_1_121' title="bbox 2146 5595 3820 5671; baseline -0.003 -17"><span class='ocrx_word' id='word_1_811' title='bbox 2146 5598 2526 5671; x_wconf 84' lang='lat' dir='ltr'>spanismum</span> <span class='ocrx_word' id='word_1_812' title='bbox 2556 5597 2896 5671; x_wconf 75' lang='lat' dir='ltr'>v_ulgare_m_</span> <span class='ocrx_word' id='word_1_813' title='bbox 2919 5595 3382 5671; x_wconf 50' lang='lat' dir='ltr'>sonat—hombre</span> <span class='ocrx_word' id='word_1_814' title='bbox 3431 5595 3820 5661; x_wconf 78' lang='lat' dir='ltr'>endiablado,</span> 
     </span>
    </p>
   </div>
   <div class='ocr_carea' id='block_1_122' title="bbox 2146 5668 3294 5727">
    <p class='ocr_par' dir='ltr' id='par_1_122' title="bbox 2146 5668 3294 5727">
     <span class='ocr_line' id='line_1_122' title="bbox 2146 5668 3294 5727; baseline -0.003 -1"><span class='ocrx_word' id='word_1_815' title='bbox 2146 5668 2250 5726; x_wconf 76' lang='lat' dir='ltr'>aut</span> <span class='ocrx_word' id='word_1_816' title='bbox 2276 5669 2516 5727; x_wconf 82' lang='lat' dir='ltr'>hombre</span> <span class='ocrx_word' id='word_1_817' title='bbox 2545 5669 2619 5725; x_wconf 85' lang='lat' dir='ltr'>de</span> <span class='ocrx_word' id='word_1_818' title='bbox 2651 5671 2736 5725; x_wconf 77' lang='lat' dir='ltr'>los</span> <span class='ocrx_word' id='word_1_819' title='bbox 2765 5668 3020 5727; x_wconf 79' lang='lat' dir='ltr'>diabtos.</span> <span class='ocrx_word' id='word_1_820' title='bbox 3055 5671 3294 5723; x_wconf 70' lang='lat' dir='ltr'>Scno&#39;rr.</span> 
     </span>
    </p>
   </div>
  </div>
