3960 6418
132 277 244 332 769

1217 271 1644 332 MEMORIALIS
1686 269 2127 329 SANCTORUH.
2158 301 2228 314 -
2259 271 2388 328 LIB.
2432 272 2500 328 II.

3468 283 3578 337 770

133 397 342 454 militis
374 396 661 453 ultionem
689 395 1026 466 effundens,
1057 395 1382 453 nonnullos
1410 395 1485 451 de
1514 392 1807 467 pessimo-
1830 400 1878 454 Α
1917 394 2074 452 stitia
2105 395 2334 452 cunctis
2361 395 2737 454 ministravit.
2787 401 2854 454 Et
2879 399 3047 472 quod
3077 399 3155 456 ab
3184 400 3301 458 isto
3331 417 3455 458 uno
3493 403 3580 459 in-

133 504 275 543 rum
299 492 537 542 caterva
562 485 790 556 gurgite
823 485 1046 541 ﬂuviali
1076 485 1388 542 immersit.
1431 481 1805 554 Regredienti

134 593 407 650 namque
429 576 612 645 vulgo
641 593 676 630 a
699 576 832 632 loco
861 575 1170 638 orationis.
1201 591 1324 648 quo
1355 575 1467 630 ritu
1514 572 1806 642 sacrilego

131 667 305 724 irrita
332 671 472 723 vota
509 665 897 740 persolverat,
948 665 1218 739 plerique
1252 664 1516 722 ascensis
1546 661 1807 718 navibus

134 757 374 814 I*dorso
425 760 734 813 vectantur
775 772 1100 828 aequoreo:
1157 759 1440 828 sectoque
1489 751 1706 808 carinis
1752 754 1809 806 et

137 846 391 919 praepeti
442 845 682 915 navigio
735 861 939 910 amne,
990 845 1244 900 domum
1282 847 1603 899 revertunt.
1655 844 1808 897 Inter

137 951 300 1008 quos
331 951 454 992 una
483 933 868 990 ﬂuctuatione
902 933 1204 989 undarum
1254 949 1463 990 eversa
1504 929 1804 996 navicula,

137 1040 282 1097 quae
309 1025 542 1080 octonis
593 1023 977 1079 homunculis
1011 1022 1349 1079 vehiculum
1394 1022 1546 1077 inter
1591 1021 1809 1076 ﬂuctus

137 1111 488 1184 praestabat,
518 1111 746 1182 gremio
777 1111 1068 1166 interioris
1102 1111 1306 1182 abyssi
1338 1108 1810 1165 reconditur.Vix

137 1200 285 1257 inde
311 1201 519 1258 nando
552 1217 655 1256 sex
681 1200 1100 1267 evadentibus,
1132 1200 1254 1254 bini
1284 1199 1602 1269 naufragio
1629 1190 1812 1271 perie-

135 1295 305 1347 runt.
357 1293 426 1347 Ut
469 1306 592 1346 non
637 1295 791 1345 esset
840 1306 1034 1345 vacua
1079 1289 1401 1362 Scriptura,
1446 1305 1584 1362 quae
1628 1287 1809 1343 dicit:

136 1382 270 1451 Ego
292 1381 583 1436 Dominus
604 1380 759 1435 dabo
791 1380 998 1448 impios
1025 1395 1135 1448 pro
1160 1385 1347 1434 morte
1372 1385 1496 1439 tua,
1527 1383 1580 1433 et
1606 1377 1814 1432 divites

131 1485 257 1539 pro
277 1471 597 1537 sepultura
629 1469 896 1538 tua(lsa.
932 1485 1044 1534 Llll,
1079 1470 1152 1538 9).
1193 1470 1384 1522 Unum
1416 1466 1576 1522 enim
1608 1466 1668 1521 in
1697 1483 1815 1521 cu:-

138 1559 275 1614 lum
308 1556 630 1615 crudelitas
673 1557 1086 1630 persequentis
1111 1556 1418 1630 praemisit,
1448 1561 1506 1612 et
1541 1557 1697 1612 duos
1725 1555 1816 1611 in-

140 1648 289 1705 feris
323 1663 488 1704 saeva
541 1652 862 1720 tempestas
904 1647 1169 1703 ﬂuminis
1213 1645 1530 1703 dedicavit.
1583 1647 1816 1718 Corpus

1914 482 2039 540 ﬁda
2090 489 2543 557 persecutorum
2592 488 2892 544 exsecutio
2957 490 3233 562 primitus
3291 491 3580 548 violenter

1914 573 2176 643 extorsit,
2207 575 2460 647 etquod
2490 575 2550 630 in
2597 575 2762 632 hunc
2821 577 3018 634 calida
3070 580 3578 638 circumventione

1915 662 2232 720 suadendo
2286 664 2629 732 ulciscitur;
2686 668 3082 740 postmodum
3154 669 3218 724 in
3282 669 3578 743 plurimos

1915 751 2071 808 ultro
2098 768 2162 808 se
2195 752 2294 809 tali
2323 753 2652 810 discrimini
2693 756 3011 813 offerentes
3042 757 3366 815 exhorruit.
3416 760 3581 816 Adeo

1915 856 2182 914 namque
2208 847 2432 900 terrore
2461 843 2649 900 nimio
2689 845 3068 902 ethnicorum
3117 847 3474 905 universitas
3519 849 3582 905 in

1915 929 2133 985 horum
2183 946 2510 1004 progressu
2553 949 2854 990 concussa
2907 941 3013 1004 est,
3070 940 3136 992 ut
3184 935 3582 1009 perditionem

1917 1017 2258 1090 reipublicae
2286 1020 2400 1091 (1‘2)
2431 1021 2718 1094 regnique
2751 1023 2844 1080 sui
2872 1024 3173 1081 excidium
3212 1025 3343 1097 jam
3386 1025 3583 1082 immi-

1919 1122 2060 1163 nere
2089 1107 2498 1174 arbitraretur,
2528 1126 2598 1166 ac
2625 1115 2864 1166 nostros
2891 1113 3143 1169 athletas
3174 1114 3252 1170 ab
3272 1115 3586 1187 hujusmo-

1919 1195 1981 1250 di
2011 1197 2442 1253 intentionibus
2472 1197 2726 1254 inhiberi
2758 1201 3104 1273 suppliciter
3147 1209 3438 1260 exoraret.
3471 1204 3586 1262 Sed

1921 1299 2053 1352 nos,
2087 1285 2237 1341 sicut
2265 1286 2448 1358 hujus
2478 1286 2801 1343 voluminis
2833 1290 3103 1360 praefatio
3151 1292 3434 1361 continet,
3485 1309 3590 1349 no-

1923 1379 2184 1430 strorum
2229 1375 2642 1446 agonistarum
2687 1382 2911 1445 aetates,
2957 1383 3146 1450 ortus,
3194 1385 3588 1455 temporaque

1924 1463 2244 1520 decisionis
2275 1464 2434 1521 ﬁdeli
2461 1482 2908 1539 prosequamur
2937 1469 3131 1540 stylo;
3177 1475 3242 1526 ut
3283 1472 3451 1544 quod
3499 1472 3588 1527 di-

1925 1552 2061 1607 vino
2094 1569 2340 1609 munere
2367 1554 2580 1626 nobis,j
2609 1561 2950 1630 nostraeque
2993 1558 3152 1614 tetati
3199 1560 3591 1630 conjunctum

1927 1647 2034 1705 est,
2064 1642 2322 1716 propriis
2349 1643 2572 1700 scilicet
2597 1644 2906 1701 obtutibus
2938 1652 3286 1704 sanctorum
3329 1655 3593 1706 contem-

141 1742 352 1795 autem
395 1735 585 1792 sancti
636 1735 918 1808 martyris
969 1735 1083 1809 piis
1133 1735 1556 1806 religiosorum
1607 1734 1818 1792 ofﬁciis
1852 1760 1889 1813 Β
1927 1731 2079 1805 plari
2105 1748 2386 1803 agonem,
2419 1735 2685 1790 venturis
2713 1735 2893 1792 etiam
2927 1737 3162 1792 saeculis
3209 1755 3365 1810 pura
3410 1739 3595 1796 libelli

143 1829 244 1898 (9),
279 1826 587 1897 dignoque
633 1824 906 1898 praesulis
936 1829 992 1881 et
1020 1824 1404 1882 sacerdotum
1432 1824 1726 1898 obsequio
1757 1825 1818 1880 in

144 1915 406 1972 Basilica
436 1914 595 1970 beati
625 1913 838 1970 Aciscli
869 1914 1003 1986 (10),
1036 1914 1098 1970 in
1124 1931 1196 1970 eo
1237 1913 1425 1981 titulo,
1457 1929 1580 1986 quo
1625 1913 1820 1968 felicia

144 2006 284 2077 ejus
309 2003 588 2059 membra
616 2003 954 2076 quiescunt,
1001 2003 1308 2058 humatur.
1363 2001 1636 2075 llludque
1679 2018 1818 2075 pro—

143 2092 520 2168 phetismum
547 2092 832 2149 divinitus
861 2108 964 2148 ore
992 2092 1122 2163 ejus
1137 2091 1439 2165 prolatum
1460 2091 1534 2147 de
1561 2107 1820 2164 procon-

146 2183 284 2240 sule
314 2182 594 2239 eunucho
626 2181 1008 2238 claviculario
1056 2185 1268 2251 Nazar,
1299 2180 1380 2238 ita
1411 2183 1556 2248 (Deo
1585 2181 1824 2254 dispen-

148 2272 344 2344 sante)
394 2271 711 2345 impletum
761 2276 850 2328 est
897 2276 962 2327 ut
1006 2287 1243 2327 carcere
1291 2270 1491 2326 adhuc
1538 2270 1822 2340 religatus

147 2361 485 2420 convinctis
512 2362 891 2434 praedixerat.
920 2364 1070 2417 Nam
1096 2360 1456 2433 priusquam
1476 2359 1536 2416 in
1561 2375 1724 2416 anno
1744 2358 1826 2416 al-

151 2458 283 2510 tero
311 2452 581 2524 profante
614 2450 1010 2506 solemnitatis
1036 2448 1319 2523 paschale
1347 2449 1638 2520 gaudium
1672 2449 1825 2522 peri-

150 2542 306 2599 turis
363 2545 720 2608 occurreret,
774 2540 978 2598 multis
1028 2544 1164 2596 ante
1231 2539 1446 2596 diebus
1512 2540 1826 2596 eunuchus

151 2631 321 2688 idem
341 2630 642 2686 occubuit.
677 2630 866 2700 lgnita
895 2645 1160 2702 namque
1176 2628 1342 2685 febre
1362 2627 1718 2686 intrinsecus
1739 2627 1825 2684 vi-

153 2735 331 2776 scera
355 2720 485 2791 ejus
513 2718 748 2786 adusta,
780 2723 836 2774 et
859 2719 947 2790 (ut
966 2717 1238 2774 nonnulli
1269 2717 1488 2789 ferunt)
1513 2717 1707 2774 toxica
1724 2733 1828 2790 po-

155 2810 321 2867 tione
347 2814 649 2881 corrupta,
682 2813 820 2864 ante
849 2807 1103 2876 obitum,
1137 2807 1284 2863 dum
1336 2813 1584 2878 urgente
1610 2823 1824 2880 corpo-

154 2900 271 2957 rali
317 2899 666 2956 necessitate
714 2898 790 2954 ad
847 2896 1238 2970 purgandum
1285 2896 1488 2953 alvum
1544 2897 1826 2952 secretius

155 2989 512 3047 cubiculum
549 2993 790 3061 peteret,
845 2987 1013 3042 disco
1051 2987 1244 3042 effusa
1273 2991 1434 3056 sunt,
1484 2991 1540 3042 et
1586 2985 1819 3042 interiit.

1928 1823 2109 1878 series
2138 1823 2490 1879 innotescat.
2527 1827 2595 1880 Ut
2622 1825 2812 1880 nostri
2845 1841 3089 1898 quoque
3138 1828 3344 1898 gaudii
3393 1829 3594 1886 futura

1930 1911 2234 1981 generatio
2281 1913 2582 1985 particeps
2610 1913 2734 1982 ﬁat,
2767 1914 2916 1970 dum
2945 1921 3145 1971 mente
3177 1917 3422 1974 credula
3450 1933 3596 1976 vera

1929 2016 2062 2056 esse
2108 2016 2233 2055 non
2285 2001 2534 2067 abnuat,
2589 2018 2725 2075 quae
2775 2002 2890 2058 sibi
2938 2003 3368 2060 catholicorum
3422 2022 3593 2064 man-

1929 2090 2108 2146 dasse
2138 2090 2434 2147 industria
2463 2089 2702 2148 lectitat.

2598 2181 2826 2238 CAPUT
2864 2186 2929 2238 ll.

2296 2270 2384 2326 De
2413 2271 2585 2326 Isaac
2613 2272 2906 2328 monacho
2936 2278 3227 2344 martyre.

2005 2359 2221 2414 Beatus
2236 2357 2437 2430 itaque
2455 2359 2624 2414 Isaac
2645 2375 2719 2414 ex
2739 2359 2973 2416 civibus
2990 2361 3468 2418 Cordubensium
3489 2379 3600 2420 no-

1931 2446 2178 2514 bilibus,
2211 2451 2268 2503 et
2295 2446 2786 2519 locupletioribus
2815 2449 3166 2522 parentibus
3212 2456 3413 2520 natus,
3446 2452 3597 2508 dum

1932 2537 2255 2610 primaevos
2285 2536 2702 2593 adolescentiae
2734 2553 2928 2594 annos
2954 2539 3386 2612 ingrederetur,
3417 2546 3598 2614 atque

1933 2626 2085 2682 inter
2113 2641 2260 2698 Opes
2292 2625 2578 2698 bonaque
2603 2627 2941 2697 genitorum
2993 2629 3305 2685 tenerrime
3333 2630 3596 2700 degeret,

1934 2715 2088 2772 adeo
2119 2720 2184 2770 ut
2208 2714 2431 2787 peritus
2461 2721 2518 2771 et
2545 2715 2758 2771 doctus
2789 2715 2998 2787 lingua
3026 2717 3282 2775 Arabica
3307 2719 3386 2791 (1)
3434 2735 3602 2776 exce—

1933 2805 2121 2878 ptoris
2150 2803 2494 2876 reipublicae
2524 2803 2722 2860 ofﬁcio
2754 2805 3103 2876 fungeretur
3128 2823 3141 2862 :
3174 2823 3243 2864 ex
3269 2807 3601 2881 improviso

1935 2894 2185 2968 spiritali
2245 2893 2512 2964 ﬂagrans
2581 2894 2816 2963 ardore,
2899 2896 3343 2954 monachorum
3414 2897 3603 2955 vitam

1933 2991 2152 3060 optans
2188 2985 2287 3054 (2),
2316 2983 2601 3040 Tabanos
2629 2983 2898 3041 viculum
2929 2986 3118 3058 petiit,
3160 2987 3267 3059 qui
3314 2988 3378 3044 in
3420 2987 3606 3061 parti-

159 3078 347 3138 Sicuti
371 3077 622 3151 quidam
651 3081 830 3150 poeta
859 3075 1197 3132 christicola
1226 3075 1344 3132 Arii
1390 3074 1576 3132 ﬁnem
1605 3074 1825 3132 descri-
1858 3112 1899 3165 ο
1937 3075 2054 3132 bus
2075 3071 2384 3165 aquilonis
2413 3071 2900 3165 interpraerupta
2924 3075 3243 3145 montium,
3275 3077 3604 3133 etconden-

159 3170 336 3234 bens,
367 3167 604 3224 heroice
632 3166 791 3232 lusit,
823 3167 1031 3223 dicens
1057 3167 1086 3206 ι)
1143 3182 1158 3222 :

291 3310 577 3361 Visceribus
605 3311 726 3360 fusis
747 3325 930 3360 vacuus
961 3323 1161 3375 quoque
1191 3317 1359 3359 ventre
1390 3308 1644 3359 remansit.

163 3430 258 3486 Sic
297 3445 566 3502 namque
608 3427 897 3484 Dominus
945 3431 1202 3500 utroque
1245 3424 1535 3482 miraculo
1583 3424 1831 3481 militem

165 3536 349 3577 suum
401 3517 763 3590 gloriﬁcans,
816 3533 1055 3588 magnae
1113 3516 1240 3589 spei
1291 3515 1514 3572 solatiis
1564 3514 1834 3571 ﬁdelium

165 3616 310 3668 vota
339 3609 710 3677 corroborat,
740 3608 1188 3682 impiorumque
1219 3605 1578 3676 sacrilegam
1608 3605 1837 3662 vanita-

169 3707 292 3758 tem
344 3704 590 3772 stupore
646 3697 984 3754 vehementi
1023 3696 1322 3753 exturbat.
1373 3697 1508 3752 Haac
1551 3711 1663 3751 nos
1705 3711 1837 3768 per-

165 3805 372 3865 pauca
400 3805 473 3845 ex
523 3789 704 3860 gestis
753 3787 911 3844 beati
962 3787 1230 3860 Martyris
1278 3785 1505 3842 dixisse
1559 3784 1835 3854 sufﬁciat,

168 3897 305 3953 quze
348 3878 488 3934 viris
518 3877 826 3934 catholicis
857 3876 1268 3942 referentibus,
1301 3875 1404 3948 qui
1455 3876 1585 3946 ejus
1625 3878 1836 3930 contu-

166 3969 392 4026 berniis
418 3984 456 4024 a
486 3967 778 4042 principio
805 3966 867 4023 in
895 3966 1151 4022 vinculis
1181 3965 1566 4021 adhaeserunt
1595 3981 1608 4019 :
1644 3963 1754 4019 sed
1783 3966 1840 4018 et

166 4061 442 4132 ipsorum
473 4057 852 4114 ethnicorum
877 4056 1162 4112 relatione
1193 4071 1337 4111 vera
1380 4070 1509 4111 esse
1558 4053 1840 4124 cognovi-

169 4165 327 4219 mus,
361 4147 511 4203 dum
541 4162 652 4202 nos
683 4151 952 4219 tempore
983 4143 1443 4217 compeditiouis
1470 4147 1692 4199 nostrae
1711 4158 1838 4198 om-

166 4255 294 4307 nes,
325 4255 468 4296 cum
497 4237 722 4312 quibus
759 4237 855 4294 ille
905 4240 1121 4306 Martyr
1177 4235 1412 4290 futurus
1460 4233 1836 4304 morabatur,

166 4330 266 4385 vix
297 4344 531 4402 paucos
571 4327 799 4383 solutos
833 4326 1184 4399 reperimus.
1233 4322 1688 4381 Consummavit
1739 4338 1841 4378 au-

169 4423 290 4475 tem
315 4418 404 4473 vir
434 4416 534 4472 Dei
566 4431 811 4472 cursum
836 4415 1050 4486 agonis
1082 4413 1176 4469 sui
1204 4412 1265 4468 in
1289 4427 1440 4485 pace
1483 4412 1526 4484 (l
1545 4412 1593 4482 t)
1623 4415 1838 4483 quarto

1941 3180 2012 3221 sa
2040 3161 2327 3218 silvarum
2357 3161 2617 3234 septenis
2646 3161 2728 3218 ob
2754 3161 2902 3218 urbe
2950 3163 3306 3220 milliaribus
3347 3163 3602 3234 distans,

1939 3250 2394 3310 formosissimis
2424 3250 2485 3306 in
2524 3251 2943 3308 exercitatione
2984 3252 3120 3308 vitae
3149 3253 3499 3310 monasticae
3523 3255 3606 3310 vi-

1939 3357 2146 3399 rorum
2177 3345 2356 3412 atque
2386 3338 2738 3396 ancillarum
2772 3340 2874 3397 Dei
2897 3342 3244 3399 rumoribus
3266 3343 3603 3400 decoratur.

1944 3429 2252 3504 Siquidem
2271 3429 2332 3485 in
2354 3429 2570 3485 eodem
2597 3429 2870 3486 coenobio
2891 3431 3090 3487 virum
3115 3448 3358 3489 summa
3377 3433 3607 3489 timoris

1947 3521 2046 3578 Dei
2075 3519 2406 3576 reverentia
2425 3517 2744 3592 praeditum
2770 3519 3126 3576 Hieremiam
3152 3522 3486 3594 patruelem
3505 3523 3609 3579 ha-

1943 3611 2125 3668 bebat
2149 3627 2162 3665 :
2195 3609 2300 3683 qui
2327 3609 2506 3665 etiam
2535 3608 2796 3682 inclytus
2821 3609 3061 3684 opibus,
3083 3611 3390 3685 rebusque
3417 3612 3608 3669 abun-

1945 3701 2121 3770 dans,
2154 3704 2213 3755 et
2239 3698 2462 3770 conjux
2493 3698 2624 3770 ejus
2669 3699 3024 3755 venerabilis
3056 3699 3376 3766 Elisabeth,
3428 3717 3500 3757 ac
3546 3700 3612 3758 li-

1945 3789 2093 3854 beri,
2127 3793 2370 3861 totaque
2400 3803 2554 3860 pene
2601 3789 2880 3857 cognatio
2911 3794 3157 3860 sumptu
3204 3789 3448 3863 proprio
3478 3789 3610 3845 fun-

1947 3880 2235 3935 damenta
2262 3878 2451 3951 ipsius
2489 3876 2746 3933 coeuobii
2787 3878 3096 3950 jacientes,
3147 3879 3484 3934 divinarum
3532 3879 3612 3935 le-

1949 3983 2094 4039 gum
2123 3966 2698 4040 perennilaflhazsuri
2727 3966 3042 4039 obsequio,
3088 3967 3323 4040 pridem
3369 3983 3498 4024 sese
3539 3983 3612 4025 eo

1948 4057 2343 4114 contulerant.
2371 4056 2457 4112 Ibi
2485 4073 2594 4129 per
2619 4056 2940 4112 triennium
2963 4056 3178 4112 beatus
3209 4061 3372 4114 Isaac
3389 4057 3504 4114 sub
3525 4073 3614 4114 re-

1950 4146 2259 4217 gularibus
2275 4145 2630 4218 disciplinis,
2645 4161 2751 4202 seu
2768 4145 2882 4202 sub
2901 4162 3140 4203 reveren
3151 4147 3380 4204 tissimo
3393 4147 3614 4204 abbate

1949 4236 2195 4293 Martino
2223 4234 2523 4308 praedictae
2551 4235 2789 4292 feminae
2819 4236 3018 4304 fratre,
3051 4236 3111 4292 in
3142 4241 3350 4294 sancto
3399 4253 3617 4311 propo-

1951 4324 2062 4382 sito
2090 4323 2375 4389 militans,
2404 4323 2703 4397 extemplo
2732 4315 3013 4382 divinitus
3043 4325 3394 4393 illustratus,
3417 4326 3616 4383 forum

1953 4414 2184 4479 adiens,
2208 4413 2477 4485 judicem
2508 4414 2690 4486 petiit,
2723 4419 2782 4471 et
2809 4414 3019 4471 ordine
3041 4431 3164 4489 quo
3190 4416 3251 4472 in
3268 4416 3618 4490 praefatione

171 4507 410 4564 decimo
438 4505 732 4562 kalendas
761 4505 978 4573 maias,
1009 4504 1106 4560 die
1133 4508 1299 4559 sexta
1343 4501 1510 4572 feria,
1542 4516 1683 4569 aera,
1715 4516 1840 4574 qua
1872 4474 1913 4528 θ
1952 4503 2088 4561 libri
2125 4503 2417 4577 disposui,
2449 4503 2603 4559 felici
2632 4504 2799 4560 obitu
2826 4505 2939 4560 sub
2991 4474 3333 4562 testimonio
3383 4505 3619 4562 Domini

175 4613 366 4670 supra
395 4596 752 4652 adnotatum
785 4599 895 4651 est.

246 4693 302 4745 6.
335 4689 447 4743 Res
478 4701 619 4742 vero
644 4684 787 4741 tanti
815 4683 1098 4740 facinoris
1129 4683 1190 4739 in
1218 4682 1493 4738 sacrdote
1512 4679 1842 4746 commissi,

176 4779 398 4836 multos
423 4775 547 4831 otio
580 4791 808 4831 secura)
839 4772 1232 4830 confessionis
1267 4789 1370 4845 per
1399 4771 1637 4828 deserta
1679 4785 1849 4826 mon-

179 4871 347 4937 tium,
390 4874 447 4926 et
478 4881 735 4924 nemora
784 4862 1172 4920 solitudinum
1220 4862 1279 4918 in
1331 4861 1432 4918 Dei
1481 4861 1848 4934 contempla-

180 4960 340 5016 tione
371 4959 658 5024 fruentes,
691 4955 769 5012 ad
801 4957 1014 5027 sponte
1044 4957 1102 5008 et
1128 4951 1367 5025 publice
1397 4951 1848 5018 detestandum,

177 5055 234 5107 et
262 5046 752 5106 maledicendum
784 5045 1146 5099 sceleratum
1194 5045 1397 5097 vatem
1443 5040 1677 5096 exsilire
1722 5055 1856 5101 coe.

178 5141 280 5213 git,
314 5137 690 5210 majorisque
720 5133 953 5192 ardoris
979 5131 1249 5189 fomitem
1295 5129 1592 5186 moriendi
1621 5145 1730 5202 pro
1753 5130 1852 5201 ju-

247 5275 271 5301 ι
297 5263 594 5320 Fluviales
624 5261 830 5318 lintres
862 5275 1046 5316 naves
1093 5273 1201 5331 per
1235 5255 1595 5313 abusionem
1639 5270 1853 5328 quam-

183 5337 328 5394 dam
358 5341 557 5392 vocat.
590 5337 807 5391 MORAL.

246 5411 274 5450 δ
303 5407 507 5466 Sedul.
534 5405 637 5462 lib.
671 5422 688 5460 ι
717 5406 890 5466 Oper.
924 5400 1198 5458 Paschal.
1231 5399 1389 5456 circa
1413 5398 1518 5454 ﬁn.

249 5491 270 5515 °
302 5477 614 5551 Usuardus
646 5476 706 5532 in
733 5467 1154 5547 Martyrologio
1184 5471 1259 5528 ad
1305 5471 1484 5551 diem.
1516 5474 1546 5525 3
1571 5467 1854 5549 junii_oc-

182 5551 459 5609 cubuisse
482 5550 566 5606 ait
596 5546 1092 5609 sanctum’lsaac,
1121 5558 1284 5600 anno
1333 5546 1519 5597 aetatis
1562 5546 1851 5608 vigesimo

185 5623 465 5696 septimo:
488 5620 657 5696 quod
678 5619 812 5674 licet
838 5617 1249 5696 Henschenius
1276 5610 1656 5696 ignoraverit,
1690 5610 1851 5690 unde

185 5681 274 5751 ille
305 5681 606 5767 acceperit
634 5708 748 5767 nos
780 5689 1082 5767 credimus
1113 5704 1251 5744 cum
1301 5684 1560 5767 Henrieq
1591 5681 1852 5763 Florezio

185 5767 331 5824 bene
350 5755 624 5840 potuisse
648 5761 994 5840 _Usua_rdum
1023 5775 1159 5816 eam
1185 5774 1316 5815 rem
1345 5755 1854 5840 Cordubze‘inquig

186 5855 327 5909 rere,
350 5829 500 5897 cum
524 5835 612 5894 ibi
639 5834 762 5892 fere
787 5833 943 5891 duos
970 5847 1211 5890 menses
1233 5829 1664 5903 permansisset
1692 5839 1856 5882 anno

1953 4594 2141 4652 nostri
2166 4593 2308 4649 Jesu
2331 4593 2545 4648 Christi
2574 4594 2646 4665 (3)
2674 4593 2734 4649 in
2763 4593 2978 4650 eadem
3003 4595 3169 4672 regia
3206 4595 3374 4656 urbe,
3411 4596 3487 4665 (4)
3513 4599 3621 4650 ter-

1955 4683 2035 4741 tio
2063 4698 2259 4738 nonas
2277 4681 2504 4752 junias,
2533 4681 2680 4737 feria
2704 4687 2941 4754 quarta,
2975 4699 3095 4738 aera
3125 4682 3620 4752 octingentesima

1955 4771 2369 4841 octuagesima
2399 4785 2562 4827 nona
2587 4779 2610 4805 °
2639 4771 2939 4828 occubuit.
2976 4773 3159 4843 Cujus
3189 4787 3408 4844 corpus
3435 4787 3621 4845 equu-

1955 4861 2050 4919 leo
2081 4875 2468 4933 suspensum,
2516 4864 2652 4933 post
2693 4859 2923 4932 aliquot
2969 4861 2994 4897 ἀ
3023 4859 3150 4916 dies
3177 4875 3318 4915 cum
3370 4860 3619 4932 caeteris,

1958 4950 2065 5025 qui
2089 4967 2228 5007 eum
2268 4949 2562 5005 imitando
2613 4948 2798 5006 decisi
2841 4954 2998 5018 sunt,
3053 4949 3448 5023 rapacissimo
3496 4949 3622 5020 igni

1961 5038 2378 5106 commissum,
2405 5054 2596 5111 usque
2619 5037 2698 5094 ad
2725 5037 2995 5094 ultimam
3027 5037 3293 5094 favillam
3321 5038 3624 5095 minutum

1961 5133 2069 5200 est,
2101 5144 2172 5186 ac
2196 5128 2480 5200 deinceps
2508 5128 2672 5185 amni
2711 5127 3092 5201 perdendum
3120 5127 3476 5184 immersum
3510 5131 3621 5184 est.

1961 5253 2456 5335 octingentesimo
2485 5253 2992 5335 quinquagesimo
3017 5258 3254 5335 octavo,
3269 5269 3392 5326 quo
3422 5267 3626 5335 aspor-

1962 5326 2106 5398 tavit
2129 5325 2380 5398 Parisios
2414 5341 2488 5381 ex
2506 5325 2611 5398 illa
2627 5325 2777 5382 urbe
2805 5341 3060 5398 corpora
3081 5325 3427 5398 sanctorum
3449 5326 3626 5398 Geor-

1962 5396 2042 5476 gii
2089 5396 2391 5463 monachi,
2442 5397 2682 5476 Aurelii,
2711 5402 2803 5476 _et
2839 5396 3141 5476 Nathaliaa.
3187 5397 3328 5453 Vide
3373 5399 3518 5451 tom.
3559 5396 3622 5451 X.

1962 5468 2669 5618 H’ipiigﬁﬁg's’ﬁagéhaﬁ.’
2815 5473 3356 5618 edidseﬁgodierum;
3383 5535 3489 5593 sed
3511 5550 3626 5618 nos

1962 5623 2125 5685 cum_
2152 5607 2522 5685 ﬂenschenio
2572 5609 2710 5685 dies
2746 5609 3098 5685 reponimus
3145 5611 3236 5685 ob,
3272 5610 3334 5666 id
3363 5608 3627 5685 maxime

2010 5677 2130 5733 uod
2158 5676 2438 5745 Eulogius
2467 5678 2527 5732 in
2559 5676 2890 5745 praefation.
2919 5680 3256 5737 Memorial.
3285 5697 3454 5738 num.
3487 5684 3536 5734 '2.
3568 5678 3629 5734 in

2010 5696 2130 5733 L100.
2158 5696 2438 5745 bUlOSlllS
2467 5696 2527 5732 111
2602 5696 2786 5732 Γωιᾶιι

1961 5696 2068 5806 gn.
2101 5746 2316 5806 eodem
2344 5748 2531 5806 modo
2558 5696 2786 5818 regerit.
