3960 6396
348 298 449 357 771

1005 406 1230 465 CAPUT
1268 406 1361 457 Ill.

846 521 933 575 De
955 514 1197 572 Sanctio
1226 514 1518 579 martyre.

432 653 683 710 Sanctus
714 660 848 702 vero
876 639 1150 700 Sanctius
1176 634 1414 694 auditor
1432 633 1656 696 noster,
1675 625 1861 682 laicus
1877 618 2018 710 ado-

356 708 586 800 lescens
613 738 716 810 (1),
743 750 815 791 ex
846 728 1087 789 Albensi
1114 724 1338 801 oppido
1367 720 1566 778 Galliae
1591 717 1851 810 Comatae
1873 708 2016 806 olim

359 797 714 904 captivatils,
752 838 915 880 nunc
950 797 1172 876 autem—
1198 797 1277 884 (2)
1320 813 1473 868 inter
1529 797 2019 900 militaresregis

357 890 576 994 pueros
601 890 751 970 liber
778 908 1185 984 praescriptus,
1219 909 1275 960 et
1302 898 1604 971 regalibus
1626 890 1882 951 annonis
1910 903 2020 943 nu-

358 977 552 1069 tritus,
584 1004 647 1059 in
678 1001 891 1058 eadem
922 977 1071 1054 urbe
1101 994 1265 1065 regia
1295 990 1408 1047 sub
1457 987 1670 1044 eadem
1700 977 2019 1056 professio-

359 1112 457 1164 ne,
488 1096 565 1165 (3)
587 1107 780 1148 nonas
803 1086 1030 1161 junias,
1061 1099 1182 1140 aera
1223 1096 1346 1154 qua
1390 1091 1595 1150 supra,
1650 1071 1796 1129 feria
1834 1070 2019 1133 sexta,

358 1186 696 1261 prostratus
725 1183 818 1235 est
841 1186 889 1249 ιι,
920 1180 978 1232 et
1004 1172 1247 1232 afﬁxus.

1012 1298 1238 1356 CAPUT
1277 1296 1365 1348 IV.

361 1435 449 1490 De
480 1432 682 1499 Petro,
725 1423 1107 1488 Walabonso,
1155 1417 1505 1481 Sabiniano,
1562 1404 2024 1471 Wistremundo,

614 1515 934 1585 Habentio,
966 1518 1021 1569 et
1050 1509 1354 1566 Hieremia
1384 1501 1776 1574 martyribus.

440 1646 759 1704 Veniamus
806 1656 969 1698 nunc
1007 1639 1089 1696 ad
1134 1637 1304 1693 illum
1352 1629 1666 1705 mysteriib
1694 1624 1911 1682 senarii
1939 1637 2030 1678 sa-

1544 274 1602 330 s.
1642 262 1922 325 EULOGII
1960 254 2284 315 ARGHIEP.
2325 253 2565 311 rom.
2640 232 2645 237 ’

2042 384 2088 438 Α
2122 381 2233 436 Iste
2264 378 2394 435 talis
2425 392 2495 434 ac
2524 380 2726 433 tantus
2780 387 2919 429 cum
2970 369 3149 425 beato
3189 378 3332 421 sene
3373 362 3667 419 Hieremia
3700 365 3795 432 (9)

3676 241 3795 293 7'72

2121 469 2218 538 (de
2263 483 2386 540 quo
2428 483 2613 539 supra
2666 464 2833 521 affati
2888 476 3118 525 sumus,
3157 455 3382 529 quique
3428 453 3606 508 etiam
3637 452 3801 508 inter

2123 562 2367 614 caeteros
2415 556 2516 612 Dei
2569 571 2773 611 servos
2823 552 2850 588 τι
2897 551 3017 624 fuit
3074 545 3406 603 acrioribus
3450 541 3802 598 stimulatus

2124 647 2347 719 ﬂagris)
2380 644 2680 701 occubuit.
2705 643 2776 698 Hi
2798 658 2902 698 sex
2921 639 3030 697 viri
3053 633 3357 693 fortissimi
3385 638 3442 689 et
3462 631 3804 705 praeclaris-

2126 736 2283 803 simi,
2334 734 2513 790 simul
2543 733 2621 791 ad
2672 728 3149 804 expugnandum
3181 725 3415 779 hostem
3439 721 3801 793 improbum

2125 823 2577 889 descendentes,
2609 837 2821 877 omnes
2865 816 3038 891 quasi
3069 832 3142 871 ex
3172 828 3294 868 uno
3339 827 3441 867 ore
3490 809 3800 865 clamave-

2128 920 2286 984 runt,
2309 914 2574 969 dicentes
2607 929 2618 967 :
2653 935 2679 962 «
2716 914 2782 967 Et
2810 926 2922 965 nos
2948 907 3063 964 sub
3085 906 3299 962 eadem
3330 901 3731 975 professione,
3758 915 3798 954 ο

2125 1005 2333 1077 judex,
2388 1018 2730 1069 manemus,
2790 997 3151 1072 quapridem
3221 993 3549 1049 confratres
3602 989 3804 1045 nostri

2131 1090 2493 1148 sanctissimi
2523 1095 2690 1145 Isaac
2745 1091 2799 1143 et
2851 1084 3123 1143 Sanctius
3161 1080 3509 1137 deciderunt
3543 1095 3555 1134 :
3585 1092 3805 1133 exerce

2133 1181 2509 1246 sententiam,
2534 1177 2947 1234 credulitatem
2976 1186 3295 1243 exaggera,
3330 1174 3386 1225 et
3415 1169 3475 1223 in
3504 1167 3804 1222 ultionem

2135 1270 2218 1327 tui
2244 1269 2394 1326 vatis
2425 1268 2560 1324 totis
2607 1266 2930 1322 exardesce
2958 1261 3283 1318 furoribus.
3309 1258 3607 1324 Quoniam
3638 1255 3806 1312 Chri-

2135 1364 2293 1415 stum
2326 1361 2513 1413 Deum
2543 1355 2830 1411 veraciter
2881 1352 3254 1416 conﬁtentes,
3288 1345 3581 1420 praevium
3632 1343 3799 1400 Anti-

2137 1448 2362 1515 christi,
2395 1453 2450 1502 et
2479 1450 2785 1502 auctorem
2825 1440 3064 1515 profani
3111 1436 3412 1508 dogmatis
3466 1439 3668 1491 vatem
3694 1449 3804 1490 ve-

2138 1544 2327 1594 strum
2358 1552 2490 1592 esse
2545 1534 2917 1607 proﬁtemur,
2958 1533 3193 1602 Vosque
3221 1525 3423 1583 lethali
3454 1540 3633 1580 succo
3662 1539 3806 1596 pro-

2137 1625 2419 1702 phetismi
2458 1625 2588 1695 ejus
2629 1622 2899 1691 infectos,
2938 1625 2995 1676 et
3041 1617 3333 1674 virulento
3373 1612 3808 1687 praedicamine

796 1734 1134 1800 martyrum
1166 1701 1439 1794 globum,
1465 1720 1571 1793 qui
1596 1733 1718 1773 uno
1745 1714 1863 1782 die,
1887 1726 2031 1766 una-
2064 1741 2103 1795 Β
2140 1701 2346 1773 Zabuli
2403 1712 2776 1787 propinatos,
2829 1715 3054 1765 aeterna
3102 1703 3497 1780 postmodum
3550 1701 3810 1757 luituros

365 1842 488 1900 que
512 1825 662 1880 hora
687 1820 801 1877 sub
834 1820 953 1875 ictu
983 1814 1280 1873 saevientis
1309 1808 1615 1867 mucronis
1639 1805 1719 1862 ob
1764 1801 2031 1859 testimo-

366 1915 540 1977 nium
565 1910 827 1968 veritatis
853 1906 1031 1964 occisi
1064 1907 1222 1960 sunt.

443 2008 498 2061 2.
529 2005 570 2057 Ε
599 1999 823 2073 quibus
872 1998 1083 2051 Petrus
1114 1990 1394 2049 sacerdos
1424 1989 1498 2061 (l)
1535 1987 1596 2042 in
1626 1984 1775 2040 urbe
1827 1977 2035 2073 Astigi-

370 2098 515 2151 tana
542 2070 910 2163 progenitus,
962 2086 1059 2155 (2),
1091 2087 1149 2138 et
1177 2085 1423 2138 sanctus
1463 2075 1862 2132 Walabonsus
1905 2070 2033 2125 dia-

374 2160 565 2239 conus
602 2179 681 2235 ab
731 2182 807 2248 (3)
864 2171 1160 2247 Eleplensi
1206 2170 1442 2226 civitate
1490 2170 1749 2232 exortus,
1799 2160 2036 2233 utrique

374 2269 678 2345 prioribus
725 2266 912 2323 coaevi
960 2261 1343 2334 martyribus,
1395 2255 1742 2313 Cordubam
1792 2250 1987 2307 studio
2012 2256 2034 2283 °

373 2336 706 2418 meditandi
731 2355 1042 2419 adeuntes,
1072 2348 1424 2406 liberalibus
1463 2341 1795 2415 disciplinis
1840 2336 2037 2394 traditi

377 2453 534 2506 sunt.
567 2445 683 2503 Sed
712 2448 832 2501 Deo
854 2441 1090 2499 fautore
1120 2436 1387 2498 scientia,
1410 2438 1468 2490 et
1485 2432 1758 2489 doctrina
1783 2428 2039 2498 Scriptu-

378 2553 582 2597 rarum
614 2532 929 2607 pollentes,
974 2528 1089 2585 sub
1120 2523 1389 2595 Frugello
1427 2521 1646 2578 abbate
1675 2515 2038 2607 monasterio

379 2605 705 2685 sanctis—et
744 2619 1018 2688 gloriosae
1064 2613 1320 2684 Virginis
1370 2610 1563 2668 Mariae
1610 2605 2037 2681 prmﬁciuntur.

381 2713 554 2780 Quod
587 2712 661 2783 (4)
686 2711 749 2767 in
776 2708 911 2765 vico
953 2703 1280 2772 Cuteclara,
1310 2716 1435 2756 non
1465 2698 1643 2767 longe
1687 2695 1764 2751 ab
1802 2694 1953 2749 urbe
1980 2692 2039 2747 in

383 2806 554 2877 parte
573 2794 948 2861 occidentali,
975 2791 1262 2866 praeclaro
1293 2787 1650 2845 ancillarum
1682 2786 1781 2841 Dei
1820 2798 2042 2857 propo-

385 2872 499 2949 sito
518 2877 803 2945 enitescit.
830 2886 1080 2941 Sanctus
1091 2895 1335 2953 quoque
1355 2876 1714 2933 Sabinianus
1731 2875 1805 2945 (ὅ)
1821 2889 1894 2929 ex
1911 2872 2045 2928 vico

388 2976 682 3036 Froniano
708 2976 1011 3031 montanae
1043 2966 1464 3037 Cerdubensis,
1486 2966 1616 3036 jam
1634 2963 1824 3031 plenae
1840 2962 2048 3033 juven-

2140 1807 2440 1863 tormenta
2462 1803 2713 1857 scientes
2736 1799 3033 1864 dolemus,
3052 1800 3438 1866 vestramque
3459 1790 3807 1857 orbitatem,

2141 1899 2200 1951 et
2218 1892 2621 1965 ignorantiam
2650 1889 2793 1945 satis
2814 1886 3182 1943 deﬂemus.»
3207 1887 3335 1939 Haec
3356 1897 3496 1938 cum
3523 1880 3811 1936 animoso

2143 1984 2354 2057 spiritu
2407 1980 2597 2037 sancti
2646 1977 2743 2034 Dei
2794 1974 3047 2049 professi
3097 1977 3238 2029 sunt
3283 1971 3482 2027 statim
3522 1965 3813 2024 decollari

2139 2073 2448 2146 jubentur.
2476 2070 2610 2125 Pius
2644 2073 2846 2123 tamen
2897 2065 3142 2120 beatum
3184 2077 3389 2117 senem
3420 2058 3810 2125 Hieremiam,

2142 2162 2345 2218 nescio
2372 2160 2451 2216 ob
2480 2174 2667 2232 quam
2700 2156 3092 2212 assertionem
3123 2150 3371 2221 ﬂagellis
3404 2148 3661 2220 graviter
3692 2161 3811 2201 caa—

2144 2269 2302 2321 sum,
2331 2256 2388 2307 et
2416 2251 2567 2306 inter
2596 2249 2734 2316 ipsa
2761 2246 3014 2302 verbera
3064 2245 3147 2314 (ut
3193 2242 3391 2297 ferunt
3437 2241 3812 2302 emortuum,

2145 2343 2243 2397 vix
2275 2341 2606 2395 haerentem
2639 2334 2947 2405 gressibus
2977 2333 3136 2388 foras
3163 2332 3485 2386 traxerunt.
3521 2325 3633 2392 Qui
3651 2338 3819 2381 mar-

2153 2434 2318 2503 tyres
2351 2428 2499 2484 dum
2533 2427 2609 2482 ad
2641 2425 2841 2481 locum
2873 2419 3251 2478 mactationis
3276 2417 3645 2481 accederent,
3662 2411 3820 2469 invi-

2149 2536 2281 2575 cem
2332 2533 2465 2572 sese
2520 2514 2700 2588 quasi
2730 2513 2806 2569 ad
2838 2510 3050 2584 epulas
3080 2508 3427 2564 invitarunt.
3475 2508 3541 2561 Et
3595 2503 3820 2575 primo-

2147 2607 2397 2681 quidem
2428 2602 2890 2660 reverentissimi
2921 2599 3018 2654 Dei
3049 2596 3307 2654 ministri
3335 2597 3567 2662 Petrus,
3593 2596 3651 2648 et
3673 2590 3820 2646 Wa-

2148 2697 2440 2753 labonsus
2467 2698 2726 2761 ruentes,
2754 2690 2950 2747 caeteri
3004 2688 3288 2758 deinceps
3335 2685 3449 2741 sub
3479 2682 3695 2739 eodem
3726 2680 3817 2754 ju-

2152 2785 2435 2858 gulantur
2478 2785 2807 2847 momento,
2845 2780 2954 2850 (t0)
2986 2777 3241 2849 septimo
3292 2774 3512 2829 scilicet
3557 2772 3692 2827 idus
3721 2770 3818 2842 ju-

2152 2874 2307 2937 nias,
2342 2872 2484 2929 feria
2516 2871 2734 2944 prima,
2767 2883 2888 2923 aera
2911 2881 3035 2939 qua
3066 2879 3268 2937 supra.
3304 2865 3574 2928 Quorum
3602 2875 3818 2933 corpo-

2154 2981 2224 3020 ra
2250 2961 2555 3034 stipitibus
2598 2958 2929 3028 detigentes
2974 2959 3110 3027 post
3150 2952 3381 3024 aliquot
3407 2960 3428 2985 ι’
3452 2950 3690 3005 dierum
3719 2964 3820 3003 va-

389 3068 530 3126 tutis
558 3063 915 3132 monachus,
942 3065 1131 3125 ortus,
1171 3062 1228 3115 et
1273 3053 1763 3112 Wistremundus
1793 3068 1865 3108 ex
1905 3050 2048 3105 Asti—
2078 3094 2119 3149 Ο
2158 3052 2421 3109 stissimo
2451 3050 2953 3105 consummarunt
2974 3040 3274 3112 incendio,
3300 3054 3635 3112 eorumque
3666 3038 3820 3094 cine-

387 3158 489 3230 gia
514 3154 868 3213 adolescens
899 3131 1204 3219 Strenuus,
1229 3144 1555 3204 ecoenobio
1578 3144 1659 3215 (6)
1681 3141 1869 3198 sancti
1887 3138 2050 3211 Zoyli
2079 3131 2119 3149 υ
2158 3158 2254 3198 res
2285 3137 2628 3213 perpendos
2658 3134 2892 3191 ﬂumini
2924 3131 3316 3189 tradiderunt.

387 3242 787 3310 Armilatensi,
816 3255 941 3313 quo
977 3238 1214 3295 dudum
1262 3235 1377 3293 sub
1405 3233 1634 3305 regula,
1682 3232 1779 3288 vei
1830 3230 2049 3287 abbate

390 3353 455 3393 se
479 3334 776 3392 dederunt
806 3346 819 3385 :
853 3344 1012 3385 unus
1037 3343 1077 3384 a
1101 3330 1371 3398 tempore
1399 3323 1583 3393 longo
1614 3321 1677 3377 in
1705 3320 1913 3376 castris
1946 3322 2051 3374 Do-

392 3424 541 3481 mini
570 3421 879 3478 militans:
930 3413 1410 3472 Wistremundus
1452 3428 1595 3468 vero
1641 3425 1835 3483 nuper
1883 3425 1946 3465 se
1988 3408 2050 3463 in

392 3511 556 3567 idem
592 3506 938 3565 coenobium
962 3504 1297 3574 conferens,
1330 3502 1411 3559 ad
1463 3501 1821 3572 martyrium
1868 3497 2051 3554 ambo

393 3600 760 3656 discurrunt.
810 3594 921 3661 Qui
966 3594 1133 3650 locus
1164 3607 1318 3665 pene
1364 3606 1403 3647 a
1451 3588 1733 3646 Corduba
1787 3587 1849 3643 in
1884 3590 2051 3658 parte

395 3685 814 3762 septentrionis
858 3685 1103 3753 triginta
1146 3687 1205 3737 et
1258 3679 1519 3751 amplius
1570 3677 1920 3733 milliaribus
1962 3676 2052 3730 di-

396 3773 1003 3845 stans,vastissimam
1013 3769 1377 3827 horretinter
1392 3767 1626 3822 deserta
1646 3764 1945 3820 montimn
1966 3779 2056 3817 so-

394 3865 743 3924 litudinem:
776 3863 855 3920 ad
876 3862 1050 3932 cujus
1078 3858 1245 3915 collis
1268 3856 1523 3924 radices,
1544 3869 1667 3926 quo
1688 3854 1850 3908 idem
1877 3853 2055 3907 situm

397 3961 505 4024 est,
539 3956 614 4028 (7)
640 3954 869 4010 ﬂumen
897 3947 1186 4006 Armilata
1211 3946 1574 4007 discurrens,
1605 3957 1832 4013 magno
1880 3941 2056 4013 pisci-

400 4045 675 4102 culorum
701 4041 913 4098 solatio
939 4038 1206 4095 inediam
1234 4035 1464 4093 refovet
1488 4033 1950 4090 monachorum.
1975 4035 2058 4088 Ex

400 4149 526 4207 quo
554 4132 735 4187 etiam
757 4127 1151 4185 Armilatense
1185 4123 1531 4181 coenobium
1560 4122 1913 4195 appellatur.

476 4226 528 4280 3.
560 4217 949 4275 Beatissimus
985 4230 1128 4272 vero
1156 4213 1479 4271 Habentius
1522 4213 1677 4269 virili
1716 4214 1846 4285 jam
1887 4214 2060 4268 aetate

404 4310 721 4385 perfectus,
753 4324 786 4363 e
808 4306 1035 4363 civibus
1075 4303 1582 4373 Cordubensibus,
1620 4303 2059 4361 monachorum

404 4402 591 4458 vitam
619 4397 928 4454 obiectans
955 4395 1058 4467 (8),
1080 4394 1270 4451 sancti
1306 4393 1716 4466 Christopllori
1754 4396 2060 4449 monaste-

406 4490 567 4546 rium
582 4484 847 4551 incoluit,
870 4482 1037 4558 quod
1059 4483 1239 4540 situm
1261 4486 1349 4538 est
1374 4480 1435 4537 in
1451 4481 1862 4554 spectaculum
1873 4479 2058 4547 urbis,

405 4579 468 4635 in
487 4581 657 4651 parte
678 4572 924 4632 australi
948 4588 1128 4645 super
1147 4569 1517 4643 crepidinem
1531 4569 1871 4625 ulteriorem
1887 4568 2060 4624 Betis.

409 4668 615 4741 Ibique
643 4662 865 4722 saeculo
891 4668 1187 4734 mortuus,
1216 4659 1460 4730 Christo;
1478 4662 1680 4715 autem
1706 4657 1821 4714 sub
1865 4659 2068 4714 arctis-

412 4759 568 4815 sima
594 4754 802 4828 regula
830 4753 1077 4824 degens,
1108 4754 1316 4824 utpote
1359 4753 1697 4823 spontaneo
1742 4747 1965 4803 carceri
2003 4762 2066 4803 se

409 4847 676 4916 tradens,
708 4843 844 4902 altis
886 4841 1285 4901 maceriarum
1328 4838 1576 4910 sepibus
1615 4836 2065 4907 circumclusus,

410 4937 735 5008 ferreisque
757 4933 995 4990 laminis
1030 4931 1193 4988 intus
1225 4929 1306 4986 ad
1334 4942 1581 4985 carnem
1621 4926 1931 4999 obseptus.
1962 4941 2070 4999 per

412 5025 702 5083 fenestras
749 5037 813 5077 se
860 5017 1324 5078 adventantibus
1372 5014 1693 5073 exhibebat
1732 5015 2067 5072 visendum.

486 5172 512 5201 οι
546 5160 1147 5245 Perprostrationem
1178 5161 1235 5213 et
1253 5155 1889 5245 aﬂlix‘ionem‘m‘odum
1901 5157 2072 5242 illum

419 5228 702 5311 supplicii
721 5232 967 5311 indicat,
994 5228 1539 5311 aitEapebrochius
1569 5230 1645 5286 ad
1674 5230 1878 5311 diem_5
1896 5230 2071 5311 junii,

418 5302 870 5382 qub'hodiedam
889 5302 1058 5382 apud
1080 5302 1301 5382 furcas
1323 5308 1377 5357 et
1395 5302 2076 5382 ﬂungamstreiprqdi.

420 5373 617 5451 tionis,
629 5378 829 5451 qualis
851 5373 1200 5432 censebatur
1218 5373 1521 5451 Sanctius,
1544 5375 1951 5451 extendantur
1970 5375 2077 5430 hu-

421 5454 522 5520 mi,
554 5446 859 5507 transacto
873 5461 988 5520 per
1010 5446 1388 5520 corpaspalo
1415 5447 1812 5516 conﬁngendz’,
1835 5461 1975 5520 cum
1985 5459 2075 5501 ρο-

423 5515 535 5595 que
553 5525 617 5579 in
641 5524 830 5595 altum
853 5515 1124 5595 erigebat
1146 5516 1209 5570 in
1228 5516 1466 5595 tangam
1492 5515 1737 5595 mortem
1759 5523 1815 5574 et
1834 5518 2078 5573 credule

423 5586 1042 5668 spectaculum,_quod
1062 5586 1513 5668 impalationem
1539 5590 1640 5668 aa
1661 5594 1919 5668 vocant..

496 5666 522 5704 δ
552 5667 631 5718 De
658 5660 878 5717 senarii
900 5660 1137 5731 numeri
1165 5660 1459 5731 mysteriis
1489 5661 1680 5717 multa
1697 5664 1958 5731 Joannes
1979 5662 2078 5715 Ta-

426 5734 625 5805 majus
653 5730 889 5790 Salazar
929 5730 991 5788 in
1019 5730 1407 5805 martyrolog.
1448 5732 1699 5805 Hispan.
1745 5730 1825 5789 ad
1851 5730 2014 5788 diem
2041 5736 2075 5787 7

2819 3258 3050 3316 CAPUT
3090 3260 3152 3313 ν.

2478 3373 2566 3428 De
2600 3368 2936 3427 Sisenando
2978 3367 3159 3424 levita
3196 3370 3486 3434 martyre.

2233 3499 2496 3570 Denique
2525 3495 2704 3552 levita
2749 3492 3160 3549 sanctissimus
3216 3487 3582 3547 Sisenandus
3630 3486 3706 3559 (1)
3751 3502 3819 3542 ex

2163 3587 2406 3645 Pacensi
2433 3585 2660 3657 oppido
2714 3587 2905 3647 ortus,
2949 3580 3294 3637 Cordubam
3342 3577 3558 3633 intuitu
3593 3576 3824 3631 discen-

2164 3678 2222 3733 di
2276 3677 2561 3732 advectus
2610 3676 2717 3739 est,
2748 3672 2950 3743 ibique
3001 3670 3163 3743 apud
3213 3665 3572 3723 beatisssimi
3615 3664 3823 3721 Aciscli

2162 3765 2498 3833 basilicam,
2531 3778 2655 3835 qua
2694 3776 2913 3833 corpus
2959 3758 3234 3830 ejusdem
3288 3754 3567 3827 martyris
3596 3755 3825 3827 requie-

2166 3855 2292 3919 scit,
2333 3852 2590 3922 digniter
2642 3849 2956 3914 enutritus,
3007 3852 3074 3905 ut
3123 3848 3251 3920 ipse
3300 3844 3695 3901 familiaribus
3734 3860 3822 3899 rc-

2164 3945 2312 4014 tulit,
2370 3940 2757 3998 invitantibus
2808 3955 2869 3995 se
2898 3936 3265 3995 beatissimis
3311 3936 3485 3991 Petro
3537 3938 3594 3990 et
3640 3933 3827 3990 Wala-

2164 4034 2359 4090 bonso
2401 4032 2531 4103 jam
2581 4029 2734 4085 coelo
2791 4028 3158 4100 martyribus
3211 4024 3534 4092 collocatis,
3597 4027 3821 4095 marty-

2164 4123 2321 4180 rium
2351 4135 2595 4194 quoque
2636 4124 2693 4175 et
2733 4119 2860 4191 ipse
2900 4132 3225 4186 aggressus
3258 4118 3365 4171 est.
3417 4112 3530 4179 Qui
3570 4112 3719 4168 dum
3764 4112 3827 4168 in

2166 4226 2404 4270 carcere
2446 4209 2731 4278 religatus
2780 4209 3073 4275 maneret,
3101 4204 3344 4261 tradunt
3368 4202 3534 4276 quod
3563 4201 3825 4274 prophe-

2169 4301 2285 4357 tico
2327 4298 2654 4356 illustratus
2699 4296 2927 4369 spiritu,
2978 4292 3232 4367 patibuli
3280 4291 3372 4348 sui
3410 4292 3623 4347 horam
3673 4305 3825 4362 prte-

2174 4390 2337 4447 scius
2365 4387 2745 4446 nuntiaverit.
2778 4389 2929 4443 Nam
2959 4383 3231 4458 quodam
3261 4382 3357 4438 die
3385 4397 3526 4438 cum
3576 4394 3828 4453 respon-

2174 4496 2312 4537 sum
2335 4477 2578 4535 cuidam
2607 4476 2803 4533 amico
2834 4491 2896 4530 se
2938 4471 3327 4543 interroganti
3376 4472 3626 4544 aptaret,
3656 4470 3827 4543 eique

2171 4566 2660 4641 reciprocationis
2744 4564 3034 4620 schedam
3098 4562 3405 4631 scriberet,
3473 4558 3662 4616 tribus
3726 4562 3830 4615 aut

2172 4661 2434 4732 quatuor
2483 4656 2615 4728 jam
2669 4654 2920 4725 digestis
2986 4649 3317 4719 versiculis,
3377 4648 3576 4705 subito
3641 4648 3829 4705 nimia

2173 4747 2466 4804 hilaritate
2506 4744 2810 4818 perfusus,
2847 4742 3068 4799 caelesti
3110 4738 3572 4814 quodammodo
3608 4737 3828 4810 gaudio

2174 4841 2500 4907 vegetatus,
2518 4840 2575 4892 et
2592 4836 2727 4891 loco
2749 4832 3029 4889 sessionis
3050 4848 3174 4887 suae
3196 4846 3587 4901 consurgens,
3612 4828 3830 4885 astanti

2174 4941 2366 5001 puero
2413 4923 2716 4981 schedulae
2758 4921 3050 4995 portitori,
3098 4920 3194 4977 cui
3241 4919 3414 4976 miles
3466 4918 3649 4975 Chriti
3691 4917 3832 4974 reci-

2174 5015 2413 5091 procari
2436 5012 2805 5085 intendebat,
2838 5011 3294 5084 semiscriptam,
3326 5014 3392 5066 ut
3418 5013 3564 5081 erat,
3592 5023 3827 5065 accom-

2175 5158 2329 5232 junii
2347 5159 2567 5232 horum
2596 5160 2932 5232 martyrum
2953 5153 3305 5232 passionem
3322 5167 3825 5232 com-memorans.

2182 5222 2263 5287 Ea
2288 5231 2465 5287 nobis
2515 5222 2909 5285 transcribere
2934 5222 3243 5299 placuitin
3276 5224 3546 5295 Scholiis,
3587 5222 3828 5296 quando

2187 5301 2628 5375 Papebrochius
2660 5299 2740 5355 ad
2769 5313 2841 5375 ea
2877 5297 2990 5375 nos
3013 5297 3224 5375 rejicit.

2254 5367 2285 5409 ί
2307 5373 2531 5429 Litteris
2558 5368 2966 5427 incumbendi.
2998 5369 3447 5425 Meditatz’onem
3476 5381 3612 5440 pro,
3638 5367 3828 5422 studio

2184 5444 2567 5521 D._Eul_o_gius
2606 5446 2869 5521 usurpat.
2884 5441 2981 5495 hic
3011 5444 3068 5521 et
3094 5439 3267 5521 infra,
3302 5454 3434 5521 cap.
3470 5439 3555 5521 {9.
3590 5439 3823 5521 Scnorr.

2255 5515 2281 5551 τι
2311 5507 2615 5585 Addimus
2626 5507 2839 5585 fuit-ex
2854 5511 2986 5584 ipso
3018 5507 3423 5585 Ρξιρθὺῐιροὶιῖο
3449 5510 3527 5567 ad
3550 5507 3827 5565 eumdem

2183 5588 2365 5658 diem,
2398 5603 2537 5642 cum
2567 5583 3733 5658 aliundesensusimperfectusmaneat.

2257 5669 2280 5732 ἢ
2318 5653 2610 5732 suppleas
2653 5656 2770 5732 hic
2800 5653 3213 5732 intervatlum,
3245 5659 3310 5709 ut
3356 5653 3494 5732 fecit
3540 5653 3829 5726 Papebro—

2185 5729 2355 5788 chius
2374 5726 2526 5797 {vel
2549 5728 2680 5800 lege
2704 5727 2848 5796 dies,
2873 5731 2938 5783 ut
2965 5730 3141 5785 antea
3165 5726 3533 5785 monuimus.
