3960 6384
130 281 235 334 773

1217 281 1650 340 MEMORIALIS
1683 272 2125 335 SANCTORUM.
2158 302 2226 317 --
2257 275 2389 331 LIB.
2424 279 2488 332 ll.

3467 283 3572 339 774

126 402 406 469 modans,
439 403 641 458 multis
702 403 1085 460 audientibus
1140 407 1222 460 ait
1255 424 1267 460 :
1322 430 1351 457 ‹‹
1384 407 1613 463 Recede
1665 417 1796 458 mo-
1833 408 1880 460 Α
1913 397 1988 453 de
2036 412 2263 454 corona
2278 400 2542 455 Victorias
2569 399 2854 465 conﬁsum,
2890 400 3234 456 satisfacere
3281 402 3308 443 ³³
3351 404 3579 476 optioni

127 492 223 560 do,
259 492 361 559 tili,
416 509 491 547 ne
545 493 775 565 impetu
816 494 1135 550 satellitum
1187 496 1597 569 opprimaris;
1654 508 1801 565 quo-

125 582 290 637 niam
325 583 455 653 jam
505 587 776 655 potestas
826 584 1210 641 tenebrarum
1260 585 1516 641 vinculis
1561 599 1657 640 me
1705 597 1800 637 ex-

125 671 357 728 trahere
411 672 789 746 praecipiens,
844 690 1006 730 nunc
1072 674 1500 732 decollandum
1557 671 1803 730 sibimet

127 760 450 817 exhibebit.
474 780 506 815 »
539 765 673 818 Post
698 762 857 818 hanc
898 764 1279 836 prophetiam
1319 762 1618 820 immobili
1646 776 1799 818 sem-

125 866 231 923 per
262 865 476 921 gressu
507 851 640 924 ipso
683 852 1056 925 persistente,
1091 853 1307 909 eodem
1352 855 1665 910 momento
1691 866 1797 906 vo-

129 938 441 995 ciferantes
487 938 721 996 lictores
781 941 1126 1009 adveniunt,
1187 958 1450 1017 eumque
1506 938 1797 1015 praecipiti

128 1027 325 1083 furore
358 1028 433 1085 ad
466 1028 691 1098 locum,
725 1046 848 1102 quo
875 1032 1233 1103 martyrium
1265 1036 1392 1088 erat
1413 1044 1798 1088 consumma-

127 1122 315 1187 turus,
372 1120 595 1192 pugnis
673 1119 984 1193 alapisque
1057 1122 1352 1178 credentes
1439 1121 1795 1194 perducunt.

129 1207 323 1277 Pergit
354 1208 453 1263 Dei
484 1208 750 1265 famulus
800 1210 1144 1266 laetantibus
1199 1212 1417 1267 animis
1446 1212 1520 1267 de
1578 1223 1802 1266 corona

128 1296 386 1352 victoriae
435 1302 656 1363 certus,
681 1298 789 1371 qui
820 1299 897 1354 ad
928 1299 1166 1355 caeleste
1211 1300 1553 1356 convivium
1585 1299 1800 1355 exhor-

128 1384 393 1442 tantibus
425 1388 647 1443 sanctis
688 1387 880 1443 fuerat
927 1388 1228 1445 invitatus.
1267 1389 1357 1447 Sic
1400 1404 1667 1461 namque
1710 1388 1803 1459 ju-

128 1473 240 1530 dici
271 1479 689 1547 praesentatus,
722 1475 938 1533 eadem
989 1493 1113 1550 qua
1142 1477 1308 1550 prius
1362 1477 1697 1534 constantia
1739 1475 1801 1531 in

129 1568 336 1618 saneta
366 1564 742 1619 confessione
793 1565 1155 1637 perdurans,
1184 1566 1475 1623 delicatus
1528 1563 1799 1638 ephebus

130 1650 389 1721 gloriosa
429 1658 618 1708 morte
662 1659 1012 1725 peremptus
1073 1659 1179 1725 est,
1213 1660 1392 1728 atque
1450 1656 1801 1711 inhumatus

1910 488 2040 557 ejus
2097 488 2470 559 promittens,
2498 505 2621 545 non
2659 492 2800 561 post
2849 489 3071 545 multos
3130 491 3258 547 dies
3307 496 3579 566 martyrii

1911 576 2022 644 sui,
2055 575 2248 632 ﬁdelis
2279 594 2537 651 sponsor
2564 594 2707 633 cum
2755 594 2992 634 carcere
3051 579 3422 650 absolutum,
3457 585 3578 641 Deo

1906 664 2159 733 fautore,
2188 668 2446 739 propriae
2485 666 2618 723 urbi
2660 666 2931 723 restituit.
2964 668 3422 727 Consummavit
3468 687 3579 731 au-

1908 757 2030 810 tem
2058 756 2162 810 Dei
2195 771 2403 811 servus
2428 756 2786 828 martyrium
2818 771 2997 811 suum
3026 756 3088 812 in
3113 772 3263 829 pace
3293 759 3373 830 (3)
3408 761 3577 819 tertio

1906 841 2144 899 decimo
2173 843 2467 900 kalendas
2494 844 2753 913 augusti,
2785 844 2932 901 feria
2962 845 3247 903 secunda.
3280 862 3404 905 tera
3449 865 3574 921 qua

1864 940 1869 941 ί
1911 946 2116 1003 supra.
2148 934 2330 1004 Cujus
2373 934 2633 990 cadaver
2681 934 3085 1001 inhumatum,
3117 940 3176 991 et
3216 940 3354 994 ante
3414 936 3571 996 fores

1907 1020 2123 1093 palatii.
2166 1023 2541 1095 derelictum,
2589 1028 2727 1095 post
2752 1024 3078 1080 nonnullos
3119 1025 3248 1081 dies
3288 1042 3575 1098 quorum-

1907 1108 2053 1164 dam
2108 1109 2375 1165 ﬁdelium
2436 1110 2776 1167 curiositate
2832 1111 2991 1167 clam
3048 1112 3373 1177 sublatum,
3430 1130 3571 1170 cum

1907 1195 2070 1253 beati
2098 1198 2473 1254 Theodemiri
2502 1200 2579 1269 (4)
2604 1199 3024 1255 Carmonensis
3054 1202 3338 1258 monachi
3367 1218 3575 1275 corpo-

1909 1301 1995 1354 re,
2026 1287 2193 1360 apud
2212 1287 2623 1345 sanctuarium
2651 1288 2919 1361 praedicti
2945 1290 3224 1362 martyris
3245 1291 3408 1363 Zoyli
3427 1307 3572 1349 con-

1909 1375 2103 1432 ditum
2131 1381 2239 1433 est.
2273 1378 2386 1443 Qui
2413 1381 2470 1433 et
2493 1378 2619 1451 ipse
2644 1378 2884 1449 juvenis
2912 1381 3055 1451 post
3092 1383 3257 1435 sexta
3303 1380 3420 1451 die,
3447 1397 3573 1453 qua

1910 1470 2154 1521 sanctus
2178 1465 2400 1522 decidit
2426 1466 2664 1534 Paulus,
2695 1466 2756 1521 id
2787 1471 2875 1523 est
2902 1468 2975 1537 (5)
3016 1471 3231 1524 octavo
3276 1468 3571 1525 kalendas

1910 1552 2169 1623 augusti,
2201 1553 2349 1609 feria
2376 1556 2653 1627 septima,
2680 1570 2803 1611 tera
2856 1571 2979 1627 qua
3033 1571 3240 1628 supra,
3268 1556 3571 1627 occubuit,

1909 1648 2199 1710 regnante
2229 1643 2485 1699 Domino
2509 1647 2713 1699 nostro
2742 1645 2885 1699 Jesu
2911 1643 3160 1712 Christo,
3191 1644 3298 1716 qui
3334 1649 3576 1701 sanctos

127 1756 247 1814 prie
280 1740 512 1796 foribus
539 1742 743 1814 palatii
781 1742 1098 1799 derelictus
1152 1748 1259 1811 est,
1294 1746 1367 1815 (2)
1400 1745 1654 1817 septimo
1700 1742 1801 1797 de-

1990 1746 2059 1785 os
2089 1730 2339 1801 adjuvit,
2370 1735 2427 1787 et
2445 1732 2755 1790 coronavit
2783 1732 2846 1789 in
2872 1748 3021 1805 pace
3048 1733 3111 1789 in
3139 1732 3366 1790 saecula
3388 1748 3576 1791 saecu-

129 1829 282 1884 cimo
308 1828 602 1886 kalendas
632 1830 876 1899 augusti
924 1832 1069 1887 feria
1114 1833 1345 1904 quinta,
1379 1848 1499 1888 aera
1543 1847 1660 1904 qua
1698 1846 1800 1886 su-

127 1932 253 1991 pra.
314 1919 498 1989 Cujus
551 1934 695 1974 ossa
722 1924 859 1991 post
890 1920 1111 1975 multos
1157 1922 1304 1989 dies,
1338 1921 1601 1977 donante
1654 1921 1797 1987 Deo,

126 2021 163 2061 a
210 2006 590 2077 quibusdam
647 2008 1000 2062 mulieribus
1055 2009 1298 2065 inventa
1350 2010 1500 2065 inter
1561 2008 1799 2080 lapillos

126 2093 296 2161 alvei,
332 2094 394 2148 in
416 2094 686 2166 praedicti
712 2096 993 2167 martyris
1021 2097 1232 2152 Aciscli
1254 2098 1459 2153 aulam
1485 2096 1801 2169 deportata

129 2182 566 2239 reconduntur.

792 2256 1020 2312 CAPUT
1048 2258 1134 2312 Vl.

131 2346 313 2404 Pauli
333 2346 581 2403 diaconi
619 2345 1037 2412 Cordubensz's,
1071 2354 1125 2403 et
1180 2347 1554 2404 Theodemiri
1596 2362 1801 2403 mona-

711 2419 812 2475 chi
836 2421 1203 2489 martyrium
1215 2461 1228 2474 .

201 2507 460 2562 Sanctus
488 2521 624 2562 vero
657 2507 874 2562 Paulus
905 2516 928 2541 ³
978 2508 1329 2564 contribulis
1372 2512 1595 2572 noster,
1626 2511 1683 2563 et
1706 2507 1803 2562 hic

132 2595 302 2652 levita
331 2595 749 2666 dignissimus,
781 2614 922 2652 cum
960 2598 1159 2671 primo
1206 2598 1624 2654 adolescentiae
1658 2598 1802 2652 ﬂore

132 2690 570 2757 venustaretur,
600 2704 631 2741 e
682 2687 916 2743 civibus
969 2688 1461 2746 Cordubensibus
1526 2687 1803 2761 progeni-

133 2778 248 2843 tus,
282 2775 547 2849 simplex
576 2775 829 2845 affatim,
859 2777 1169 2843 obedicns,
1203 2783 1260 2835 et
1287 2778 1614 2845 humanus,
1644 2793 1802 2832 sem—

132 2879 236 2937 per
291 2866 614 2921 carceratis
689 2881 879 2937 opum
936 2866 1349 2923 miserationis
1418 2866 1802 2939 impendens,

134 2953 294 3026 apud
320 2954 640 3010 basilicam
668 2956 742 3026 (t)
790 2972 926 3027 quae
992 2955 1261 3029 corporis
1318 2956 1477 3012 beati
1525 2955 1807 3027 martyris

135 3043 293 3117 Zoyli
332 3044 660 3116 praesentia.
707 3044 1060 3113 illustratur,
1089 3045 1456 3118 spiritalibus
1513 3045 1805 3101 enutritus

1910 1819 2349 1876 lorum.Amen.
2381 1834 2406 1864 ο

2562 1892 2795 1949 CAPUT
2835 1891 2936 1949 VII

2089 1981 2317 2038 Num'lo
2347 1987 2401 2037 et
2429 1982 2673 2047 Alodm,
2705 1983 2966 2052 virgines
2988 1989 3042 2040 et
3071 1988 3395 2052 martyres.

1982 2072 2303 2142 Hucusque
2331 2070 2517 2126 ﬁnem
2540 2070 2675 2126 libri
2702 2070 2947 2127 secundi
2996 2087 3125 2127 esse
3168 2071 3575 2143 decreveram,

1909 2158 2227 2230 hucusque
2258 2158 2584 2216 terminum
2616 2164 2961 2216 sanctorum
2992 2160 3073 2217 ad
3102 2160 3577 2233 hujusmodipa-

1908 2246 2168 2304 laestram
2222 2248 2592 2304 currentium
2634 2264 2764 2304 esse
2810 2252 3186 2321 putaveram.
3211 2251 3325 2305 Nec
3366 2266 3577 2323 quem-

1910 2353 2097 2410 quam
2123 2341 2261 2409 post
2290 2340 2375 2392 tot
2395 2335 2746 2394 discrimina
2765 2337 3166 2396 Ecclesiarum
3182 2344 3577 2412 nostrumque

1912 2441 2217 2482 carcerem
2244 2425 2386 2483 talia
2431 2427 2760 2484 certamina
2807 2427 3088 2499 opinatus
3146 2444 3283 2484 sum
3339 2443 3582 2498 aggres-

1913 2532 2143 2571 surum.
2174 2513 2398 2571 Verum
2429 2516 2573 2587 quia
2599 2520 2950 2572 sanctorum
2992 2533 3315 2573 numerum
3362 2532 3582 2590 praesa-

1912 2620 1991 2675 ga
2018 2604 2297 2660 divinitas
2328 2604 2527 2660 adhuc
2557 2604 2919 2677 disponebat
2967 2605 3175 2677 augeri
3208 2605 3416 2663 talium
3445 2620 3581 2679 pro-

1912 2693 2192 2764 fessione,
2250 2694 2385 2749 ideo
2439 2694 2833 2766 postmodum
2883 2695 3295 2767 quorumdam
3350 2699 3582 2751 mentes

1912 2783 2228 2857 multiplici
2254 2783 2468 2840 ardore
2494 2784 2910 2858 inﬂammans,
2935 2784 3138 2857 plures
3170 2785 3469 2858 prioribus
3500 2785 3581 2842 ad

1913 2872 2062 2929 illud
2092 2872 2757 2930 destinavitcertamen.
2801 2877 2869 2930 Et
2923 2873 3103 2930 simili
3150 2874 3398 2947 quidem
3440 2878 3581 2933 voto

1916 2979 1987 3019 ac
2017 2962 2515 3033 magnanimitate
2545 2967 2787 3019 caeteros
2825 2962 3127 3029 imbuens,
3158 2962 3339 3032 viros,
3367 2963 3579 3021 mulie-

1915 3068 2032 3116 res,
2084 3056 2141 3107 et
2164 3049 2450 3123 parvulos
2477 3050 2557 3107 ad
2585 3050 2931 3108 exercitium
2959 3051 3302 3123 praeliorum
3331 3067 3582 3109 suorum

137 3139 219 3188 est
240 3134 595 3206 disciplinis.
635 3136 746 3201 Qui
771 3136 1051 3208 exemplo
1100 3136 1463 3192 sanctissimi
1523 3136 1805 3192 Sisenan-
1836 3130 1877 3183 C
1918 3139 2187 3196 armavit.
2222 3142 2335 3194 Nec
2363 3139 2691 3212 quisquam
2718 3138 2798 3195 ad
2827 3139 3007 3195 talem
3033 3144 3380 3212 tantamque
3404 3156 3585 3212 pries-

138 3222 196 3279 di
226 3224 535 3296 verboque
564 3224 906 3296 instinctus,
949 3225 1322 3298 principibus
1348 3228 1403 3281 et
1455 3224 1808 3282 consulibus

136 3314 408 3371 assistere
436 3330 563 3370 non
588 3316 901 3383 extimiuit,
969 3332 1195 3389 eosque
1224 3316 1300 3372 de
1325 3316 1588 3372 vanitate
1626 3315 1812 3371 cultu-

141 3417 217 3458 rae
244 3421 388 3473 suae,
420 3410 480 3461 et
509 3405 791 3461 scelerosi
820 3406 972 3461 vatis
1024 3406 1261 3462 insania
1299 3422 1583 3475 arguens,
1616 3405 1809 3461 Chris-

143 3496 261 3550 tum
291 3510 542 3568 quoque
574 3496 762 3550 Deum
802 3496 1092 3552 veraciter
1140 3496 1506 3567 confitendo,
1534 3510 1810 3568 peremp-

141 3584 229 3639 tus
254 3589 361 3641 est.
394 3585 607 3641 Fertur
644 3588 871 3655 tamen,
905 3602 1044 3641 cum
1074 3585 1274 3642 adhuc
1304 3602 1541 3642 carcere
1587 3585 1810 3641 detine-

142 3676 314 3741 retur,
346 3673 707 3746 imploratus
751 3692 788 3730 a
824 3675 1097 3731 Tiberino
1151 3676 1401 3732 Pacensi
1434 3676 1808 3749 presbytero,

145 3764 243 3834 qui
270 3764 321 3820 ei
350 3766 431 3822 ita
462 3764 738 3821 diccbat:
774 3787 802 3815 ‹‹
827 3766 1039 3821 Obtinc
1066 3765 1426 3823 solutionem
1474 3782 1675 3822 meum
1714 3782 1815 3821 co-

143 3870 269 3911 ram
300 3854 579 3924 Domino,
610 3854 782 3911 beate
832 3855 1124 3927 minister,
1156 3859 1211 3911 et
1253 3856 1438 3925 digno
1476 3856 1814 3912 interventu

148 3947 261 4013 tuo,
286 3942 432 4001 dum
465 3947 798 4000 coronatus
830 3944 1058 4001 Christo
1080 3945 1445 4018 perveneris,
1467 3944 1814 4016 longaevum

149 4049 183 4090 a
204 4050 296 4091 me
327 4037 587 4091 carceris
620 4034 966 4108 squalorem
996 4050 1272 4091 amove.»
1307 4039 1442 4092 Erat
1471 4036 1811 4093 enimidem

150 4123 420 4181 sacerdos
440 4139 599 4197 pene
632 4124 837 4193 viginti
860 4140 1053 4181 annos
1083 4125 1384 4195 ergastulo
1408 4125 1812 4198 mancipatus,

151 4213 346 4270 nescio
376 4213 456 4272 ob
487 4212 656 4286 quod
683 4212 911 4270 crimen
958 4218 1276 4271 accusatus
1320 4214 1399 4273 ab
1436 4214 1693 4271 inimicis
1723 4231 1817 4271 co-

151 4316 276 4358 ram
304 4318 460 4374 rege.
488 4301 601 4368 Qui
622 4301 935 4376 presbyter
954 4302 1375 4359 ﬂorentissima
1397 4302 1816 4373 adhuejuven-

152 4391 266 4446 tute
286 4390 671 4466 praepollens,
696 4406 767 4449 ac
791 4391 945 4448 virili
964 4392 1252 4465 praeditus
1274 4396 1582 4448 venustate
1606 4392 1702 4463 (2),
1733 4390 1816 4448 illi

1919 3229 2142 3301 criptus
2170 3227 2467 3295 militiam,
2497 3228 2720 3284 resilire
2749 3244 2786 3284 a
2815 3227 3139 3284 certamine
3186 3232 3440 3301 poterat.
3474 3231 3585 3285 Cu-

1915 3319 2014 3390 jus
2043 3316 2411 3373 vocabulum
2442 3317 2695 3373 coelestis
2714 3317 2866 3372 liber
2902 3320 3175 3373 notatum
3205 3334 3241 3374 a
3288 3317 3583 3389 principio

1921 3406 2126 3464 szeculi
2156 3406 2468 3473 retinebat,
2501 3422 2765 3479 suasque
2795 3408 2946 3462 vires
2989 3406 3069 3462 ad
3098 3407 3200 3478 huj
3213 3407 3451 3463 usmodi
3478 3423 3585 3480 pa-

1919 3499 2182 3554 ltestram
2235 3497 2452 3553 divinis
2483 3498 2733 3553 ausibus
2787 3513 3052 3553 crescere
3095 3497 3395 3554 cernebat.
3425 3499 3584 3564 Quo-

1921 3606 2058 3646 rum
2082 3588 2353 3659 nomina,
2386 3592 2610 3657 aetates,
2643 3591 2932 3660 gestaque
2972 3587 3270 3644 bellorum
3313 3603 3424 3644 suo
3450 3587 3586 3645 loco

1921 3696 1991 3735 ac
2042 3685 2309 3750 tempore
2370 3677 2758 3749 disponenda
2813 3680 2969 3733 sunt.
3014 3677 3180 3733 Prius
3237 3680 3441 3733 autem
3488 3677 3588 3733 illa

1924 3774 2271 3825 sanctorum
2298 3772 2525 3838 tropaea
2549 3766 2967 3825 elucubranda
2992 3770 3149 3835 sunt,
3178 3783 3315 3839 quae
3334 3765 3485 3822 ratio
3510 3768 3587 3834 tt)

1922 3863 1983 3915 et
2011 3874 2221 3914 cursus
2252 3856 2558 3913 mensium
2598 3855 2923 3913 ordinatim
2959 3858 3026 3911 ut
3052 3859 3188 3912 acta
3214 3855 3456 3910 fuerunt
3484 3853 3588 3910 ad-

1924 3946 2106 4015 ducit,
2138 3946 2273 4003 licet
2290 3946 2351 4002 in
2382 3945 2511 4003 aliis
2542 3944 2890 4015 regionibus
2916 3949 3084 4014 gesta
3103 3942 3449 4001 exstiterint.
3474 3941 3590 4003 Sed

1924 4036 2070 4110 quia
2099 4052 2224 4093 una
2253 4040 2344 4092 est
2394 4035 2691 4092 confessio
2740 4051 2874 4107 quae
2926 4038 3211 4107 utrosque
3262 4032 3588 4104 coronavit,

1923 4126 2208 4198 idemque
2238 4129 2477 4198 tempus
2507 4124 2674 4197 quod
2704 4129 2995 4198 utrosque
3042 4138 3151 4197 per
3202 4121 3454 4179 feralem
3480 4122 3593 4178 im-

1924 4214 2208 4289 pietatem
2234 4214 2295 4269 in
2322 4214 2543 4271 omium
2568 4213 2886 4287 praemisit;
2917 4228 3053 4269 reor
3081 4211 3421 4269 absurdum
3465 4226 3593 4268 non

1926 4320 2076 4371 esse,
2103 4303 2269 4376 quod
2294 4308 2647 4377 competens
2671 4302 2982 4360 annotatio
3008 4306 3218 4359 nostra
3244 4305 3593 4360 sanctorum

1927 4393 2276 4464 agminibus
2302 4409 2405 4449 eos
2440 4393 2711 4461 inseruit,
2741 4398 2799 4449 et
2820 4392 3220 4450 eoelectorum
3259 4391 3438 4449 coetui
3484 4391 3593 4448 ad-

156 4479 539 4538 subterraneo
571 4480 779 4553 specui
808 4480 1155 4553 deputatus,
1181 4496 1336 4554 pene
1374 4481 1731 4554 decrepitus,
1760 4484 1817 4537 et
1844 4489 1888 4544 D
1929 4484 2157 4540 unavit.
2190 4485 2259 4540 Ut
2287 4483 2420 4556 pari
2455 4482 2903 4553 magniﬁcentia
2928 4480 3126 4538 laudis
3153 4497 3189 4538 a
3215 4480 3395 4537 nobis
3427 4480 3595 4539 attol-

158 4569 316 4625 senio
345 4570 656 4627 confectus
681 4569 821 4626 inde
843 4569 1115 4639 eductus,
1138 4570 1396 4643 publicis
1420 4570 1668 4627 demum
1690 4586 1817 4626 car-

157 4657 383 4716 ceribus
413 4658 818 4732 mancipatur.
838 4658 902 4714 1n
931 4659 1024 4716 his
1060 4664 1358 4734 martyres
1388 4659 1602 4716 Christi
1624 4674 1817 4733 usque

158 4744 216 4802 in
242 4747 451 4805 horam
498 4748 709 4805 mortis
752 4747 1091 4822 degebant:
1125 4749 1186 4805 in
1216 4749 1309 4806 his
1356 4749 1817 4823 parricidarum,

158 4834 613 4911 homicidarum,
659 4837 987 4911 latronum,
1012 4844 1070 4896 et
1108 4844 1506 4897 scortatorum
1557 4834 1820 4912 improbi

162 4940 356 4999 ausus,
390 4933 448 4985 et
476 4928 817 4986 execranda
848 4930 1170 4994 temeritas,
1200 4946 1270 4987 ac
1300 4930 1678 4986 diversorum
1718 4926 1825 4983 cri-

163 5015 386 5073 minum
415 5020 499 5074 rei
531 5018 646 5075 sub
677 5018 1013 5076 arctissima
1038 5020 1503 5077 macerabuntur
1524 5016 1821 5075 custodia:

164 5102 220 5159 in
246 5104 335 5162 his
361 5110 597 5181 positus
629 5108 949 5181 praedictus
976 5110 1283 5179 sacerdos,
1306 5125 1560 5166 causam
1584 5107 1679 5164 sui
1698 5122 1826 5163 car-

166 5195 303 5250 ceris
342 5194 519 5255 beato
562 5198 743 5257 Paulo
789 5199 1109 5258 commisit.
1146 5200 1251 5258 Cui
1288 5203 1518 5273 martyr
1571 5202 1820 5256 sanctus

234 5346 258 5375 ι
288 5341 588 5415 Sanguine
644 5349 747 5401 aut
804 5343 1164 5415 cognatione
1220 5343 1441 5412 aﬂinis,
1471 5359 1611 5399 cum
1670 5342 1774 5399 lib.
1807 5359 1825 5396 ι

174 5422 341 5487 etme
371 5414 590 5487 ipsum
616 5414 963 5474 connexum
1016 5416 1267 5485 dixerit;
1317 5417 1430 5471 sibi
1461 5416 1826 5487 fratremque

173 5481 527 5560 Ludovidum
557 5488 773 5545 eodem
803 5489 989 5545 modo
1041 5481 1262 5560 postea
1290 5487 1688 5545 contribulem
1719 5481 1828 5544 no-

173 5556 420 5632 minarit,
452 5557 555 5632 lib.
579 5575 849 5632 inircap.
888 5565 971 5617 13.
1020 5556 1190 5622 Quod
1248 5560 1428 5615 etiam
1478 5563 1711 5616 constat
1758 5574 1831 5617 ex

175 5636 299 5751 Cap.
334 5627 388 5683 l7
416 5631 614 5712 ειμιβῴ
650 5630 753 5685 lib.
782 5627 839 5685 ίιι
871 5650 1009 5688 cum
1046 5635 1100 5691 S.
1135 5638 1328 5688 Aurea
1358 5647 1395 5687 a
1433 5632 1555 5686 suis
1589 5634 1651 5686 ut
1686 5646 1829 5687 con-

175 5696 244 5750 ω
289 5697 384 5751 uln
410 5707 710 5751 minantur.
742 5705 980 5751 Scumvn

175 5696 384 5756 tributa
410 5696 710 5760 invisitur.
742 5705 981 5761 Scuor'r.

1927 4572 2191 4631 lerentur
2218 4572 2281 4629 in
2310 4572 2497 4644 terris,
2530 4572 2634 4646 qui
2660 4588 2783 4628 uno
2808 4574 2949 4627 sunt
2985 4568 3253 4629 annotati
3298 4568 3504 4625 codice
3530 4569 3594 4624 in

1929 4662 2225 4735 supernis.
2276 4660 2400 4718 Hac
2453 4661 2529 4717 de
2564 4676 2627 4717 re
2674 4666 2877 4717 aetum
2915 4663 3025 4731 est,
3054 4662 3121 4715 ut
3163 4657 3426 4713 brevitas
3468 4671 3598 4712 suc-

1931 4752 2125 4809 cincta
2153 4752 2338 4821 hujus
2366 4748 2642 4822 Opusculi
2669 4749 2924 4804 modum
2962 4745 3278 4820 promissae
3304 4742 3597 4814 contigui-

1932 4842 2066 4899 talis
2097 4838 2427 4896 excederet.
2460 4839 2529 4894 Et
2556 4838 2727 4905 liber,
2757 4836 2862 4909 qui
2892 4834 3127 4891 dudum
3156 4833 3395 4906 parcius
3418 4850 3482 4890 se
3511 4837 3598 4890 lo-

1933 4936 2215 4989 cuturum
2245 4926 2547 5000 sperabat,
2575 4926 2709 4983 aliis
2755 4922 3349 4998 supercrescentibus
3390 4938 3463 4979 ex
3490 4922 3600 4980 im-
3686 4976 3687 4979 η

1932 5018 2177 5095 proviso
2232 5018 2434 5086 rebus,
2492 5016 2554 5073 in
2606 5015 2857 5086 longam
2901 5011 3315 5071 devolveretur
3385 5013 3600 5071 seriem

1935 5108 2269 5181 scripturae.
3164 5169 3168 5172 ,

2006 5198 2257 5269 2.1gitur
2279 5196 2728 5268 referenteiviro
2749 5193 3131 5253 sanctissimo
3154 5210 3224 5252 ac
3243 5193 3601 5255 venerandae

2008 5344 2037 5383 ι»
2063 5344 2311 5397 Forsam
2365 5340 2679 5411 optatiom’,
2712 5338 2760 5394 si
2799 5337 3101 5395 credimus
3141 5335 3486 5394 Bollandist.
3524 5336 3605 5394 ad

1938 5415 2100 5471 diem
2129 5417 2197 5468 2O
2219 5412 2372 5483 julii.

2012 5499 2036 5528 ο
2068 5479 2266 5550 Quam
2295 5483 2522 5559 optime
2552 5481 2857 5559 Henricus
2890 5480 3119 5559 Floras,
3140 5482 3303 5559 t_om._
3322 5482 3388 5535 {0
3432 5479 3603 5559 Hisp.

1943 5560 2128 5625 Sacr.,
2163 5572 2302 5628 pag.
2322 5550 2460 5628 $35,
2493 5556 2650 5628 hanc
2681 5552 2807 5628 vult
2842 5553 2939 5608 hic
2965 5550 3179 5628 subjici
3205 5555 3413 5609 notam
3447 5550 3609 5628 :_Hu-

1944 5622 2454 5709 cusquc’_seri1)si‘t
2494 5623 2773 5709 Eulogius
2831 5629 2968 5680 ante
3018 5622 3212 5709 tinem
3255 5622 3606 5709 novembris

1942 5697 2092 5757 anni
2114 5702 2237 5754 851.
2272 5697 2443 5771 Quod
2488 5697 2757 5771 sequitur
2783 5710 2965 5754 omne
2994 5697 3290 5767 posterius
3329 5699 3420 5753 est
3445 5710 3609 5754 anno

1946 5775 2074 5837 853,
2105 5774 2162 5830 et
2190 5769 2453 5828 anterius
2485 5769 2609 5828 857‘.
3480 5788 3483 5795 ι
