3960 6382
375 287 480 345 7'75

1591 270 1646 324 S.
1681 262 1962 323 EULOGll
1987 257 2316 316 ARCHIEP.
2345 252 2601 314 TOLET.

3711 250 3824 304 776

374 406 750 490 paternitatis
782 400 1026 460 Venerio
1054 393 1472 490 Complutensi.
1486 392 1780 490 episcopo
1797 384 2039 490 ('2‘)didi-
2070 385 2120 438 A

377 477 571 560 cimus
604 499 703 568 (3),
725 496 783 550 in
811 491 959 547 urbe
974 491 1126 545 Osca
1148 484 1309 557 apud
1332 481 1628 555 oppidum
1650 477 2038 568 Barbitanum

377 595 531 651 duas
551 565 784 646 sorores
802 579 1062 648 virgines
1095 575 1274 630 fuisse
1299 580 1581 645 (quarum
1603 584 1727 624 una
1757 568 1836 636 (4)
1859 565 2038 620 Nuni-

378 684 458 753 lo,
500 680 684 737 altera
707 669 1036 727 vocabatur
1064 663 1300 734 Alodia)
1331 666 1500 753 patre
1534 657 1784 753 quidem
1815 653 2037 753 gentili,

379 744 569 828 matre
611 778 754 821 vero
787 755 1120 816 Christiana
1156 750 1521 822 progenitas.
1553 750 1695 814 Qum
1733 744 1879 800 dum
1908 745 2042 816 post

379 861 630 916 mortem
655 848 820 923 impii
838 843 1322 920 parentis,mater
1343 854 1551 896 earum
1574 833 1908 892 secundum
1931 835 1990 888 et
2016 845 2040 872 α

380 921 907 1019 εθηιίιὶῑίιιωῖηἰπθ
937 931 1332 998 connubium,
1350 944 1460 984 nec
1490 926 1673 982 libere
1691 926 1942 1019 possent
1969 921 2040 976 ﬁ-

377 1010 519 1092 dem
548 1028 761 1087 Christi
794 1031 1011 1085 tenere,
1045 1020 1325 1077 obstante
1355 1015 1659 1072 cervicoso
1685 1010 1907 1068 victrici
1933 1025 2040 1082 pa-

380 1123 656 1195 ganismo
688 1119 832 1190 (jam
859 1112 1020 1170 enim
1049 1108 1235 1165 animi
1273 1105 1612 1179 puellarum
1643 1119 1678 1158 a
1708 1101 1807 1174 pio
1831 1099 2043 1154 Christi

378 1189 541 1269 fonte
566 1201 1030 1278 irrigabantur);
1061 1201 1258 1270 spreto
1291 1197 1560 1250 materno
1607 1189 1789 1247 cubili
1827 1193 1907 1259 (5)
1936 1204 2044 1278 nu-

377 1301 615 1360 tritione
645 1276 978 1353 matertera:
1009 1304 1132 1343 suae
1162 1283 1510 1340 ﬁdelissime
1537 1280 1900 1336 refoventur.
1936 1276 2042 1332 Illi-

381 1407 452 1448 co
478 1401 685 1445 earum
719 1385 931 1438 sancta
959 1375 1210 1433 infantia
1237 1372 1466 1430 Christo
1491 1368 1743 1426 Domino
1774 1365 1952 1439 coepit
1969 1365 2040 1420 ﬁ-

381 1478 588 1535 deliter
617 1473 944 1534 adhaerere,
977 1471 1032 1522 et
1062 1463 1293 1537 paterni
1327 1461 1525 1517 oblitas
1564 1460 1732 1526 ritus,
1766 1454 2044 1511 Cruciﬁxi

380 1565 731 1636 religionem
759 1554 1092 1615 tenerrimis
1121 1556 1177 1608 et
1205 1547 1585 1606 sanctiticatis
1625 1545 1926 1602 mentibus
1956 1560 2043 1600 re-

381 1632 694 1728 pon-entes,
726 1647 949 1704 illibate
980 1641 1296 1699 custodire.
1327 1641 1394 1694 Et
1423 1637 1716 1710 quoniam
1753 1632 2044 1728 natalium

2150 468 2687 526 inconvulsibiliter
2714 465 3003 522 inhaerere
3042 461 3443 537 amplexibus.
3470 483 3498 510 »
3546 462 3828 526 Quarum

2150 559 2547 616 constantiam
2577 555 2719 612 ﬁdei
2746 571 2968 628 praeses
2996 556 3394 625 virtutemque
3421 549 3828 624 professionis

2149 648 2488 713 advertens,
2535 643 2903 718 quibusdam
2959 640 3325 698 mulierculis
3377 638 3616 713 profani
3668 638 3828 694 ritus

2149 735 2362 809 peritia
2389 733 2679 808 praeditis,
2714 731 3019 802 sigillatim
3069 746 3174 786 eas
3223 727 3606 785 instruendas
3646 742 3824 783 com-

2148 824 2419 895 mendat,
2457 827 2516 880 et
2572 820 2896 878 terroribus
2953 819 3177 892 quibus
3222 821 3439 892 potest,
3466 832 3543 872 ne
3572 815 3826 872 alternis

2151 916 2255 970 aut
2283 911 2600 984 cujuslibet
2619 909 2888 966 ﬁdelium
2910 907 3229 964 fulciantur
3248 905 3585 978 colloquiis,
3604 903 3826 961 admo-

2149 1005 2272 1058 net.
2299 999 2650 1058 Mulierculte
2676 1014 2818 1055 vero
2850 996 3244 1069 suscipientes
3280 994 3543 1065 virgines
3572 992 3820 1060 Christi,

2151 1089 2424 1160 sacrilegi
2481 1088 2675 1145 cultus
2726 1086 2993 1160 quotidie
3047 1100 3422 1142 venenosum
3473 1083 3704 1153 dogma
3735 1082 3826 1138 eis

2151 1183 2479 1253 exponunt,
2513 1194 2584 1235 ac
2613 1177 2886 1251 pervigili
2913 1192 3058 1232 cura
3082 1174 3304 1232 caelesti
3313 1174 3444 1246 jam
3472 1188 3706 1230 manna
3725 1189 3825 1228 re-

2150 1268 2317 1325 fectis
2341 1267 2561 1324 cloacae
2584 1266 2898 1341 putrientis
2928 1264 3216 1339 poculum
3247 1263 3663 1337 propinantes,
3685 1277 3827 1318 cas-

2153 1374 2220 1416 so
2250 1361 2689 1415 consumuntur
2717 1355 2942 1413 labore.
2980 1353 3097 1411 Sed
3111 1354 3267 1410 hanc
3290 1352 3524 1408 illarum
3551 1351 3826 1426 pertina-

2152 1449 2309 1505 ciam
2359 1446 2596 1521 praesidi
2633 1444 3028 1502 referentibus
3062 1442 3449 1513 mulierculis,
3484 1445 3623 1515 post
3668 1456 3828 1497 non-

2151 1537 2349 1594 nullos
2373 1536 2502 1592 dies
2530 1535 2790 1606 virgines
2819 1534 2881 1589 in
2911 1533 3108 1589 forum
3137 1532 3387 1601 eductae,
3420 1531 3480 1588 in
3513 1534 3830 1603 spectacu-

2151 1625 2280 1683 lum
2309 1625 2622 1698 publicum
2677 1622 3138 1690 constituuntur,
3171 1625 3230 1678 et
3284 1619 3581 1676 Christum
3637 1618 3831 1676 conﬁ-

613 1707 1065 1814 pr'aepollebant,
1095 1707 1468 1800 summisque
1507 1724 1868 1795 dignitatum
1905 1721 2043 1778 faci-
2075 1737 2119 1790 Β
2155 1719 2380 1814 tentes,
2395 1718 2449 1770 et
2495 1713 2730 1768 hostem
2779 1711 2918 1814 ﬁdei
2965 1711 3324 1814 detestantes
3346 1798 3360 1814 ‘
3389 1709 3492 1814 (6),,
3529 1708 3644 1764 sub
3696 1707 3823 1764 ictu

381 1832 499 1888 bus
528 1809 954 1887 enitesciebant,
988 1835 1109 1875 non
1140 1816 1334 1891 potuit
1369 1814 1713 1871 delitescere
1744 1811 1878 1867 urbi
1923 1809 2046 1866 illa-

381 1935 518 1976 rum
545 1913 944 1990 propositum,
973 1907 1278 1965 redolente
1307 1920 1377 1961 ac
1403 1903 1702 1959 relucente
1725 1914 2044 1957 conversa-

383 1985 792 2065 tione-sanctae
823 1999 961 2056 ﬁdei
989 2012 1177 2070 quam
1226 1993 1534 2065 gerebant.
1571 1989 1877 2063 Siquidem
1925 1985 2044 2060 pri-

383 2110 644 2153 masvum
675 2086 1089 2149 adolescentiae
1119 2085 1329 2140 ﬂorem
1356 2083 1376 2154 j
1403 2098 1486 2137 un
1518 2080 1854 2149 attigerant,
1877 2081 1934 2133 et
1961 2080 2046 2132 to-

383 2191 506 2243 tam
537 2197 690 2256 pcne
719 2177 1094 2253 provinciam
1118 2187 1327 2230 rumor
1356 2169 1681 2227 sanctitatis
1707 2183 1915 2224 earum
1936 2165 2046 2222 im-

383 2274 690 2348 pleverat:
745 2268 1061 2340 cunctique
1115 2261 1454 2336 stupebant,
1511 2259 1820 2348 geminum
1875 2271 2043 2348 rosa-

383 2344 519 2418 rum
573 2359 894 2434 prosiliisse
925 2356 1205 2411 decorem
1262 2367 1332 2407 ex
1371 2348 1677 2422 vepribus.
1720 2347 1869 2402 Hinc
1898 2344 2045 2401 zelo-

386 2455 566 2525 typus
596 2449 783 2505 hostis
805 2445 1090 2517 antiquus
1119 2456 1364 2497 suorum
1388 2437 1801 2494 membrorum
1830 2434 2043 2490 dolens

381 2522 701 2612 jacturam,
720 2537 866 2592 dum
895 2549 1003 2608 per
1027 2537 1278 2588 terrores
1305 2526 1628 2601 praesidum
1661 2524 1864 2580 invido
1886 2522 2044 2579 arbi-

388 2634 541 2685 tratu
558 2642 736 2700 posse
753 2621 1056 2680 immutari
1067 2621 1196 2691 jam
1215 2617 1602 2690 praesignatas
1616 2613 1693 2670 ad
1710 2612 2045 2669 thalamum

391 2716 598 2789 sponsi
612 2715 816 2770 aeterni
827 2709 1091 2776 conﬁdit,
1106 2707 1358 2762 dilatum
1376 2702 1816 2778 praemium-per
1826 2706 2047 2757 mortes

389 2821 531 2879 aspe
541 2820 639 2860 ras
660 2794 1408 2868 accelerando,virginibus
1421 2792 1604 2850 sacris
1618 2789 2048 2847 adducimch-

390 2877 508 2967 que
540 2894 883 2948 sanctarum
916 2885 1209 2957 virginum
1242 2898 1488 2939 causam
1519 2879 1803 2936 instantia
1831 2877 2046 2935 satelli-

391 2990 515 3042 tum
542 2998 792 3039 suorum
821 2978 1100 3053 praefecto
1127 2975 1293 3032 urbis
1313 2973 1596 3039 insinuat,
1625 2971 1728 3044 qui
1748 2969 1904 3027 illico
1925 2969 2048 3026 suis

2155 1804 2338 1875 gladii
2367 1804 2395 1844 ι’
2428 1806 2781 1859 corruerunt
2808 1802 2877 1873 (7)
2911 1801 3232 1856 undecimo
3262 1798 3556 1855 kalendas
3574 1813 3828 1855 novem-

2154 1893 2302 1960 bris,
2355 1909 2477 1950 asra
2525 1908 2648 1965 qua
2690 1906 2867 1964 supra
2926 1891 3017 1963 (8).
3049 1892 3313 1956 Quarum
3360 1903 3617 1962 corpora
3660 1887 3822 1956 loco,

2154 1999 2276 2056 quo
2305 1982 2670 2049 deciderant,
2699 1980 2998 2048 derelicta,
3023 1995 3265 2035 summo
3304 1978 3561 2034 militum
3615 1977 3825 2033 obser-

2153 2076 2371 2128 vantur
2397 2071 2614 2141 studio,
2638 2085 2714 2126 ne
2746 2068 3060 2127 Christiani
3099 2069 3179 2124 ad
3207 2067 3683 2124 emolumentum
3719 2082 3824 2139 pa-

2155 2159 2560 2218 trocinationis
2585 2158 2786 2215 furtim
2844 2174 2945 2214 eas
2998 2157 3382 2230 surriperent,
3415 2160 3472 2212 et
3525 2155 3820 2212 reconde-

2153 2255 2301 2306 rent.
2337 2252 2551 2306 Ferunt
2578 2252 2780 2304 tamen
2809 2246 2974 2320 quod
3017 2245 3118 2302 illa
3157 2245 3470 2316 virginalia
3520 2244 3823 2302 cadavera

2151 2339 2213 2396 in
2241 2338 2395 2408 loco,
2435 2353 2558 2411 quo
2592 2337 2670 2393 ab
2701 2335 2948 2392 ethnicis
2981 2335 3112 2392 altis
3139 2334 3452 2391 scrobibus
3477 2333 3673 2405 magis
3687 2333 3824 2389 abs‘

2154 2427 2394 2485 condita
2423 2442 2610 2500 quam
2641 2425 2893 2481 humata
2918 2429 3075 2493 sunt,
3105 2423 3290 2494 signis
3313 2428 3370 2481 et
3384 2422 3689 2480 miraculis
3720 2439 3821 2480 co-

2153 2521 2416 2586 ruscant,
2440 2520 2495 2572 et
2521 2514 2774 2586 gloriam
2797 2514 3054 2570 emeritae
3086 2513 3512 2570 consolationis
3534 2513 3822 2568 virtutum

2155 2605 2471 2662 efﬁcientia
2495 2608 2620 2660 tam
2638 2603 2918 2660 ﬁdelibus
2939 2619 3127 2677 quam
3150 2601 3472 2674 gentilibus
3492 2605 3819 2658 ostentant.

2156 2696 2267 2750 Per
2287 2693 2612 2750 Dominum
2636 2698 2908 2748 nostrum
2939 2694 3145 2748 Jesum
3190 2691 3508 2760 Christum,
3535 2691 3641 2764 qui
3680 2691 3823 2747 vivit

2156 2800 2297 2841 cum
2324 2787 2492 2840 Patre
2517 2787 2574 2840 et
2606 2783 2823 2856 Spiritu
2855 2788 3061 2840 sancto
3094 2798 3252 2839 unus
3285 2786 3437 2839 Deus
3490 2782 3553 2838 in
3596 2780 3824 2838 saecula

2157 2871 2537 2928 saeculorum.
2567 2875 2778 2926 Amen.

2775 2961 3006 3018 CAPUT
3034 2960 3181 3016 VIII.

389 3090 490 3131 eas
513 3071 786 3128 assistere
804 3049 1112 3125 obtutibus
1129 3064 1318 3137 jubet.
1345 3064 1504 3128 Quas
1525 3076 1684 3118 vana
1699 3059 2048 3134 promissio-
2087 3097 2126 3150 C
2167 3051 2360 3106 Vitam
2386 3050 2646 3106 continet
2673 3055 2728 3105 et
2738 3051 3086 3150 iussionem
3125 3054 3470 3106 sanctorum
3511 3049 3641 3121 virg
3653 3051 3822 3106 fnum

387 3179 462 3220 ne
488 3177 809 3219 munerum
847 3157 1064 3214 illicere
1090 3159 1346 3224 tentans,
1371 3169 1441 3209 ac
1469 3150 1723 3225 proinde
1753 3150 1828 3206 de
1845 3165 2048 3205 rerum

386 3253 594 3326 copiis,
618 3255 675 3307 ct
689 3248 1157 3306 clarissimorum
1174 3245 1468 3316 juvenum
1487 3239 1804 3298 connubiis
1834 3239 2049 3296 adhor-

387 3348 566 3408 tatur,
591 3341 639 3396 si
679 3340 756 3395 ab
787 3339 903 3394 hac
949 3335 1232 3406 religione
1264 3330 1476 3389 Christi
1519 3331 1754 3387 animos
1801 3345 2048 3386 avocas-

391 3436 543 3500 sent,
576 3428 834 3502 propriis
884 3427 1090 3498 utique
1144 3422 1445 3479 natalibus
1509 3421 1776 3490 redditae,
1805 3419 2050 3492 insuper

392 3519 718 3577 multarum
749 3515 1090 3571 divitiarum
1118 3511 1423 3568 afﬂuentia
1444 3509 1795 3566 ditarentur.
1824 3509 1882 3564 Si
1910 3523 2049 3564 vero

388 3607 768 3686 pertinaciori
792 3605 999 3678 spiritu
1021 3601 1360 3660 consultum
1383 3599 1657 3674 praesidis
1710 3597 2052 3656 conculcas-

390 3704 540 3767 sent,
569 3698 627 3754 in
657 3695 867 3753 ultimo
889 3693 985 3750 die
1033 3689 1469 3749 excruciatione
1494 3693 1928 3744 tormentorum
1950 3686 2052 3742 ad-

390 3789 580 3852 dictae,
606 3787 688 3844 ad
746 3784 1025 3842 ultimum
1052 3779 1252 3852 gladio
1282 3777 1518 3835 vindice
1569 3777 1892 3834 interirent.
1946 3777 2053 3833 Cui

388 3877 582 3935 beatae
610 3873 868 3945 virgines
894 3874 1100 3928 sancto
1132 3867 1350 3941 Spiritu
1379 3865 1678 3936 animatae,
1710 3869 2052 3921 constantes

390 3971 446 4022 et
474 3964 784 4038 intrepidae
813 3961 928 4018 sub
957 3976 1082 4017 una
1100 3957 1475 4015 confessione
1497 3955 1809 4010 dixerunt:
1846 3977 1874 4004 ‹‹
1894 3956 2052 4020 Quo-

391 4055 577 4111 modo
599 4066 983 4120 nos,pr€eses,
999 4066 1036 4104 a
1050 4048 1267 4121 pietate
1289 4044 1386 4100 Dei
1400 4043 1579 4116 jubes
1600 4048 1883 4112 avertere,
1897 4060 2050 4116 quas

391 4143 580 4216 pietas
602 4144 803 4196 sancta
829 4154 938 4193 suo
957 4135 1185 4192 lumine
1206 4131 1625 4206 perlustrando
1646 4131 1783 4188 fecit
1803 4148 2054 4203 cognos-

391 4247 523 4288 cere
574 4228 721 4286 nihil
752 4243 880 4283 esse
925 4224 1156 4284 Christo
1199 4221 1462 4292 divitius,
1491 4221 1640 4277 nihil
1692 4221 1811 4278 ﬁde
1861 4223 2054 4278 Chris-

391 4320 554 4378 tiana
610 4317 836 4374 felicius
881 4331 989 4388 per
1039 4329 1225 4386 quam
1272 4311 1417 4382 justi
1464 4312 1691 4381 vivunt,
1718 4328 1826 4384 per
1864 4329 2052 4384 quam

393 4409 585 4466 sancti
612 4423 800 4479 regna
855 4404 1172 4462 vicerunt?
1231 4401 1364 4458 Sine
1422 4417 1543 4474 quo
1571 4401 1696 4458 vita
1746 4400 1912 4457 nulla
1939 4404 2050 4469 est,

393 4499 520 4556 sine
551 4514 675 4572 quo
707 4511 869 4553 mors
907 4496 1200 4568 perpetua
1235 4491 1409 4561 viget.
1445 4493 1593 4547 Cum
1632 4505 1755 4562 quo
1786 4505 2051 4556 manere,

392 4596 450 4649 et
471 4591 532 4646 in
555 4604 679 4663 quo
710 4587 930 4657 vivere,
957 4581 1237 4640 Solatium
1267 4597 1479 4637 verum
1509 4583 1601 4636 est
1627 4597 1640 4648 ;
1683 4595 1720 4636 a
1747 4596 1871 4653 quo
1898 4595 2057 4636 rece-

390 4681 532 4739 dere
561 4683 780 4735 aeterna
819 4673 1071 4750 perditio
1123 4678 1241 4729 est:
1276 4688 1312 4728 a
1364 4670 1537 4742 cujus
1582 4669 1880 4726 consortio
1924 4668 2055 4740 jam

391 4788 504 4828 nos
529 4771 589 4826 in
619 4770 734 4826 hac
763 4767 885 4823 vita
912 4764 1254 4821 nullatenus
1305 4760 1705 4827 discedemus,
1739 4758 1885 4831 quia
1937 4758 2055 4830 ipsi

389 4859 787 4932 integritatem
840 4859 1110 4912 nostram
1149 4851 1476 4909 credentes.
1511 4851 1642 4920 ejus
1683 4846 2054 4921 quandoque

390 4948 670 5006 thalamis
727 4961 1044 5020 speramus
1077 4939 1503 4998 admittendas.
1548 4941 1696 4993 Nam
1733 4951 1935 4991 rerum
1965 4936 2053 4993 la-

397 5035 665 5092 bentium
687 5030 1032 5100 commoda,
1064 5029 1286 5101 quibus
1330 5043 1442 5081 nos
1494 5023 1697 5079 illicire
1752 5027 2052 5094 autumas,

393 5139 505 5198 pro
524 5120 710 5178 nihilo
737 5123 1102 5191 reputantes,
1133 5133 1204 5172 eo
1255 5114 1472 5170 intuitu
1522 5112 1880 5185 spernimus,
1912 5115 2056 5188 quia

395 5207 792 5282 cognovimus
821 5204 1027 5261 omnia
1051 5218 1208 5258 vana
1237 5216 1369 5256 esse
1397 5200 1508 5255 sub
1541 5199 1684 5255 sole.
1709 5203 1822 5257 Nec
1841 5201 1915 5258 de
1932 5219 2055 5276 poe-

395 5315 615 5358 narum
641 5293 1110 5354 comminatione
1141 5289 1476 5356 turbamur,
1505 5305 1690 5362 quam
1739 5290 1818 5346 ad
1863 5291 2054 5348 modj-

395 5387 744 5447 cumvalere
775 5380 1198 5453 cognoscimus
1223 5396 1235 5433 :
1267 5376 1538 5451 quinimo
1563 5378 1757 5452 ipsam
1773 5384 2050 5451 mortem,

395 5495 584 5552 quam
601 5475 809 5532 ultimo
826 5477 1046 5529 terrore
1063 5467 1448 5540 proponis,eo
1462 5468 1797 5538 gratissimo
1810 5474 2053 5543 exopta-

397 5584 533 5623 mus
555 5563 792 5631 aﬂ‘ectu,
813 5575 937 5634 quo
957 5556 1256 5614 credimus
1271 5572 1380 5613 nos
1403 5573 1508 5629 per
1521 5557 1682 5613 illam
1704 5557 2054 5615 incunctan-

467 5685 492 5712 ι
530 5671 749 5726 Schott.
783 5666 1117 5738 gentilium.

465 5743 496 5784 δ
526 5739 748 5798 Schott.
780 5742 1090 5794 corruunt.

2723 3138 2923 3195 Florae
2951 3144 3006 3196 et
3024 3139 3257 3194 Mariae.

2159 3226 2440 3308 Consulto
2471 3225 2835 3308 omittimus”
2851 3241 3123 3308 praesens
3153 3229 3336 3299 caput
3356 3303 3364 3308 _
3383 3225 3542 3308 illud.
3569 3226 3820 3308 inferius

2231 3298 2445 3378 edituri
2477 3313 2599 3378 una
2627 3298 3168 3378 cum_Documento
3219 3298 3634 3378 martyriali__S.
3680 3301 3825 3378 Doc-

2232 3371 2404 3443 toris:
2439 3369 2612 3439 cujus
2637 3369 2866 3426 consilii
2885 3370 3181 3426 rationem
3203 3369 3388 3443 supra
3427 3369 3740 3426 reddimus
3761 3370 3823 3425 in

2229 3442 2458 3498 monito
2489 3444 2717 3498 nostro.

2822 3513 3051 3569 CAPUT
3089 3511 3176 3568 IX.

2163 3602 2556 3659 Gumesindus
2598 3603 2939 3672 Toletanus,
2973 3607 3026 3657 et
3078 3602 3300 3658 Servus
3355 3602 3486 3670 Dei,
3530 3601 3823 3660 Cordubae

2905 3705 3087 3760 passi.

2232 3782 2483 3837 Sanctus
2510 3778 2909 3836 Gumesindus
2946 3777 3262 3852 presbyter
3290 3794 3362 3834 ex
3383 3778 3611 3853 oppido
3662 3779 3823 3837 Tole-

2161 3872 2303 3925 tano
2333 3868 2476 3924 olim
2507 3884 2646 3924 cum
2675 3871 2930 3940 utroque
2958 3870 3207 3940 parente
3259 3882 3411 3940 puer
3457 3867 3658 3925 adhuc
3687 3885 3823 3942 par-

2160 3957 2339 4014 vulus
2369 3957 2712 4014 Cordubam
2736 3957 3008 4026 veniens,
3038 3956 3241 4013 votivo
3281 3957 3618 4027 genitorum
3649 3958 3824 4015 affec-

2161 4051 2227 4104 tu
2256 4064 2364 4121 per
2391 4064 2632 4104 sacrum
2659 4046 2969 4104 clericatus
2997 4045 3273 4102 ordinem
3325 4046 3547 4104 caelesti
3596 4048 3820 4122 ascrip-

2162 4140 2258 4194 tus
2288 4137 2511 4193 militiaa
2539 4135 2704 4210 apud
2741 4135 3057 4192 basilicam
3098 4140 3444 4192 sanctorum
3500 4136 3686 4204 trium,
3718 4140 3818 4208 (t),

2160 4229 2573 4300 quaFaustus,
2604 4225 2944 4292 Ianuarius,
2978 4229 3033 4281 et
3051 4224 3325 4282 Martialis
3359 4230 3655 4299 martyres
3675 4243 3824 4299 prse-

2159 4315 2509 4372 sentialibus
2549 4329 2873 4386 corporum
2927 4329 3176 4370 suorum
3225 4314 3436 4370 favillis
3481 4315 3819 4388 quiescunt.

2086 4452 2129 4504 Ο
2164 4404 2350 4504 digna
2371 4404 2844 4504 paedagogorum
2868 4403 3223 4504 educatione
3252 4403 3314 4459 in
3337 4403 3436 4460 Dei
3459 4403 3671 4461 timore
3701 4406 3819 4463 cla-

2165 4495 2361 4551 rescit.
2391 4495 2501 4552 Ubi
2526 4499 2662 4566 post
2684 4493 2932 4566 aliquod
2960 4498 3199 4567 tempus
3223 4493 3284 4549 in
3315 4499 3521 4551 sancto
3563 4495 3825 4554 diaconii

2165 4584 2492 4641 ministerio
2519 4584 3179 4654 consecratus,demum
3205 4585 3524 4656 cujusdam
3551 4587 3630 4658 (2)
3659 4591 3826 4646 Cam-

2163 4673 2362 4746 paniae
2392 4673 2795 4729 Cordubensis
2818 4674 3089 4730 Ecclesiae
3138 4675 3420 4731 sacerdos
3475 4675 3825 4734 adolescens

2163 4760 2506 4835 prmﬁcitur.
2537 4761 2679 4818 Inde
2707 4761 2786 4818 ad
2816 4763 3029 4819 urbem
3055 4762 3430 4821 descendens
3461 4781 3601 4821 cum
3645 4765 3824 4824 beato

2165 4852 2346 4908 Servo
2378 4851 2477 4907 Dei
2508 4852 2831 4919 monacho,
2858 4853 2964 4925 qui
2989 4856 3131 4908 tunc
3156 4853 3218 4908 in
3258 4854 3602 4927 supradicto
3660 4872 3825 4913 sanc-

2161 4939 2356 4995 tuario
2388 4953 2411 4980 °
2439 4939 2638 4996 adhuc
2657 4939 2894 5011 juvenis
2912 4956 3050 4995 cum
3069 4940 3249 4997 Paulo
3269 4942 3621 5015 presbytero
3634 4944 3823 5000 reclu-

2162 5043 2264 5083 sus
2291 5027 2599 5099 manebat,
2626 5027 2999 5100 principibus
3043 5033 3101 5084 et
3135 5029 3443 5100 judicibus
3507 5031 3692 5089 ambo
3738 5049 3824 5090 as-

2162 5115 2461 5187 sistentes,
2509 5115 2622 5171 sub
2666 5116 3041 5173 confessione
3085 5123 3439 5175 caeterorum
3489 5121 3824 5178 occubuere

2158 5203 2360 5261 idibus
2383 5205 2647 5276 januarii
2675 5205 2777 5276 (3),
2809 5223 2926 5264 aera
2963 5207 3462 5277 octingentesima
3500 5211 3822 5282 nonagesi-

2159 5310 2282 5350 ma.
2317 5295 2586 5376 Quorum
2617 5309 2874 5368 corpora
2906 5295 3105 5352 furtim
3131 5312 3167 5353 a
3189 5297 3538 5355 Christianis
3560 5299 3820 5369 sublata,

2160 5382 2222 5437 in
2248 5382 2498 5440 basilica
2537 5384 2726 5440 sancti
2769 5384 3174 5458 Christophori
3225 5389 3527 5460 martyris,
3559 5394 3825 5461 quaeest

2160 5471 2320 5528 ultra
2347 5487 2593 5529 amnem
2621 5473 2684 5528 in
2726 5478 2896 5545 parte
2943 5474 3302 5547 meridiana,
3334 5477 3615 5548 religioso
3667 5479 3823 5535 cultu

2162 5564 2397 5617 exstant
2423 5561 2752 5618 recondita.

2194 5667 2645 5808 nieﬁzitgiqtorum
2674 5669 2852 5726 trium
2887 5671 3084 5728 Fausti
3129 5676 3185 5728 et
3211 5672 3507 5729 Comitum
3535 5641 3822 5747 templum
