3960 6386
121 249 217 300 777
1186 242 1616 302 MEMORIALIS
1653 236 2097 312 SANCTORUM.
2133 269 2197 280 -
2231 242 2360 298 LlB.
2405 242 2471 297 ll.

793 369 1021 424 CAPUT
1056 371 1118 425 X.

153 495 232 548 De
269 494 498 549 sanctis
529 493 898 562 martyribus
919 493 1188 552 Aurelio.
1222 493 1442 549 Felice.
1465 489 1739 560 Georgio,

535 582 959 652 Sabigot/wne,
992 588 1045 636 et
1082 582 1325 637 Liliosa.

187 713 235 764 l.
268 707 398 764 Fuit
449 713 735 781 praeterea
807 707 882 778 (1)
918 705 1170 780 quidam
1216 705 1478 778 juvenis,
1527 703 1775 762 nomine

121 796 414 869 Aurelius,
447 796 753 854 natalibus
787 800 843 852 et
869 795 1050 852 rebus
1081 795 1356 868 plurimis
1389 793 1771 852 antecellens.

119 886 217 942 Hic
247 886 306 942 in
334 884 590 942 infantia
610 890 799 941 matre
823 884 1176 952 Christiana,
1199 889 1435 958 etpatre
1461 881 1662 953 gentili
1682 897 1762 938 or

119 974 308 1041 batus,
336 974 522 1032 tutela
537 974 736 1030 amitte
763 990 884 1030 suae
907 973 1256 1029 ﬁdelissime
1280 988 1474 1046 usque
1496 972 1556 1028 in
1579 987 1773 1028 annos

118 1063 530 1120 adolescentiae
584 1064 917 1131 fovebatur,
971 1063 1422 1137 docebaturque
1473 1062 1772 1118 Christum

117 1153 397 1210 veraciter
427 1152 668 1210 credere
693 1155 880 1209 Deum
911 1170 926 1221 ;
951 1168 1062 1208 nec
1093 1157 1310 1225 praeter
1330 1151 1654 1208 Ecclesiam
1680 1166 1774 1205 sa-

119 1241 254 1297 lutis
275 1241 459 1310 viam,
491 1246 548 1298 et
574 1241 683 1298 iter
711 1241 882 1312 regni
906 1241 1166 1298 caelestis
1221 1241 1363 1297 alibi
1392 1257 1572 1314 posse
1600 1255 1772 1312 repe-

114 1331 233 1399 riri,
260 1331 570 1388 imbuitur.
599 1331 768 1398 Quod
788 1331 1224 1388 documentum
1246 1329 1605 1388 venerabilis
1621 1345 1773 1403 puer

114 1420 381 1494 apprime
401 1420 605 1486 ebibit,
631 1421 711 1477 ita
745 1425 809 1477 ut
839 1419 974 1478 licet
998 1420 1255 1477 Arabica
1285 1419 1652 1476 erudiendus
1676 1418 1770 1475 lit-

112 1513 368 1565 teratura
410 1509 743 1566 traderetur
781 1508 1138 1581 cogentibus
1193 1508 1478 1566 afﬁnibus
1525 1507 1770 1564 insonti-

112 1597 219 1654 bus
251 1603 454 1655 tamen
484 1598 798 1672 praeﬁxam
827 1598 1063 1655 coalitus
1120 1598 1338 1656 animis
1377 1597 1516 1654 ﬁdei
1543 1602 1768 1654 sanctae

112 1688 377 1745 notitiam
407 1688 572 1744 nulla
599 1688 879 1745 vanitatis
908 1688 1196 1760 ﬁgmenta
1225 1687 1544 1745 immutare
1569 1687 1768 1760 quive-
1801 1721 1840 1774 Β

110 1782 245 1834 runt
268 1777 378 1833 sed
418 1777 600 1834 corde
632 1794 871 1851 semper
920 1777 1433 1834 christianismum
1467 1794 1646 1832 suum
1674 1791 1767 1833 re-

111 1870 362 1938 tentans,
391 1884 532 1924 cum
590 1868 668 1923 ad
703 1867 897 1924 solam
942 1867 1307 1923 derisionem
1336 1873 1355 1896 '
1398 1864 1771 1922 meditationi

112 1955 509 2028 periturarum
565 1956 862 2012 insisteret
905 1955 1262 2025 litterarum,
1295 1970 1367 2010 eo
1421 1954 1682 2026 amplius
1710 1953 1773 2010 in

114 2060 377 2102 amorem
425 2045 773 2103 Christiana:
801 2044 943 2101 ﬁdei
972 2044 1421 2111 exardescebat,
1451 2060 1574 2117 quo
1603 2043 1774 2116 liqui-

111 2132 236 2189 dius
266 2133 670 2190 deliramenta
695 2133 962 2206 perversi
987 2133 1290 2204 dogmatis
1312 2132 1600 2207 probans,
1633 2133 1773 2189 sub-

112 2221 260 2279 tilem
287 2224 316 2264 b
357 2222 718 2279 dremoniosi
748 2222 907 2278 illius
953 2221 1254 2279 fallaciam
1303 2221 1674 2278 advertebat.
1708 2223 1776 2278 Et

111 2328 241 2369 cum
269 2327 399 2369 non
431 2317 636 2386 posset
659 2311 899 2386 publice
931 2311 1156 2369 cultum
1210 2311 1352 2368 ﬁdei
1384 2327 1609 2383 gerere,
1642 2311 1772 2368 ubi-

109 2417 217 2474 que
248 2406 455 2458 tamen
506 2401 607 2458 Dei
657 2401 1070 2458 sacerdotibus
1128 2417 1258 2457 sese
1312 2400 1770 2470 commendans,

109 2505 210 2563 pro
231 2507 293 2548 se
323 2490 634 2548 efﬁcacius
673 2491 910 2548 exorari
930 2491 1238 2564 poscebat.

171 2585 222 2637 2.
253 2585 486 2638 Interea
511 2581 858 2654 provehitur
906 2581 968 2636 in
993 2581 1170 2637 annis
1198 2581 1571 2653 juvenilibus
1627 2586 1775 2639 stre-

108 2685 257 2728 nuus
284 2671 663 2742 adolescens,
692 2674 751 2727 et
783 2669 1144 2727 ﬂorentibus
1175 2671 1366 2742 genis,
1417 2671 1570 2728 virili
1591 2671 1776 2729 facies

112 2767 435 2819 exornatur
457 2761 692 2818 decore.
727 2760 874 2818 Hinc
895 2760 1313 2818 adhortatione
1339 2761 1614 2819 afﬁnium
1637 2777 1778 2820 con-

111 2851 359 2922 dignum
389 2868 515 2907 sure
545 2851 842 2907 nobilitati
878 2849 1251 2907 connubium
1303 2856 1586 2925 appetere
1617 2851 1777 2924 cogi-

113 2946 222 2996 tur.
251 2941 400 2997 Hinc
434 2939 855 3013 unusquisque
885 2956 1160 3009 suorum,
1192 2945 1372 3014 prout
1399 2945 1671 3012 noverat,
1713 2941 1776 2997 il-

114 3029 221 3086 lius
265 3031 360 3086 vel
392 3029 552 3086 illius
573 3035 591 3059 °
618 3029 914 3102 optimam
954 3045 1082 3086 esse
1115 3027 1387 3086 sobolem
1414 3030 1727 3086 asserebat
1761 3049 1775 3098 ;

114 3117 234 3192 ipse
253 3124 437 3177 auten
457 3118 704 3176 interius
715 3119 883 3176 aliter
906 3118 1242 3189 ruminans,
1268 3118 1501 3176 Christo
1523 3119 1615 3175 sui
1637 3135 1778 3176 con-

114 3208 273 3285 nubii
299 3209 611 3279 negotium
633 3207 1071 3272 committebat,
1093 3207 1320 3264 crebris
1340 3207 1775 3266 interventibus

114 3313 354 3370 precum
382 3298 622 3354 cmlestc
672 3313 901 3354 numen
945 3313 1225 3365 exorans,
1253 3303 1318 3354 ut
1364 3297 1588 3354 talibus
1618 3314 1773 3372 pras-

114 3389 336 3462 pollens
367 3389 524 3446 votis
571 3387 795 3460 conjux
825 3387 939 3444 sibi
987 3387 1250 3456 daretur,
1282 3402 1419 3461 qua:
1475 3393 1773 3445 secretum

115 3494 283 3535 suum
312 3479 375 3534 in
403 3477 619 3534 melius
649 3476 941 3551 proﬁcere
972 3476 1380 3550 contenderet,
1421 3476 1774 3552 faveretque

115 3573 303 3624 mente
334 3573 390 3625 et
421 3583 675 3641 corpore
705 3566 917 3623 cultori
937 3565 1165 3624 latenti.
1200 3566 1382 3638 Cujus
1406 3565 1614 3624 favore
1647 3572 1775 3626 tan-

114 3654 246 3713 dem
277 3657 548 3729 adjutus,
582 3655 800 3730 reperit
856 3655 1112 3712 honesto
1167 3655 1437 3726 germine
1481 3655 1773 3728 virginem

115 3747 534 3820 constipatam,
562 3745 746 3802 rebus
798 3744 1112 3818 inclytam,
1137 3744 1412 3801 moribus
1439 3752 1770 3820 comptam,

115 3835 422 3909 specieque
452 3833 949 3908 pulcherrimam.
992 3835 1136 3901 Qum
1162 3851 1302 3890 cum
1332 3834 1640 3909 praecipuo
1669 3855 1773 3895 ve-

115 3925 360 3982 nustatis
388 3923 610 3981 habitu
639 3923 1012 3980 extrinsecus
1041 3923 1447 3998 decoraretur,
1487 3933 1776 3998 praestan-

115 4012 223 4068 tius
251 4017 456 4072 tamen
478 4014 772 4070 introrsus
802 4012 1052 4087 spiritali
1073 4013 1338 4070 enitebat
1357 4013 1594 4072 decore.
1623 4017 1775 4084 Quia

116 4104 301 4160 omnis
331 4103 528 4175 gloria
545 4103 684 4161 ﬁlia:
713 4103 870 4174 regis
897 4102 977 4159 ab
993 4103 1154 4159 intus
1179 4103 1372 4171 (Psal.
1395 4119 1552 4176 xmv,
1580 4106 1688 4179 14),
1709 4107 1772 4166 id

116 4203 198 4256 est
223 4199 282 4257 in
323 4199 736 4275 penetralibus
778 4200 1018 4256 mentis.
1053 4199 1138 4257 lbi
1169 4200 1331 4257 enim
1364 4202 1678 4260 sanctitate
1707 4203 1771 4260 in

117 4286 338 4346 ﬁmbris
363 4291 587 4363 aureis,
619 4290 902 4346 varietate
932 4289 1154 4346 scilicet
1200 4289 1423 4347 amicta
1459 4291 1768 4363 virtutum,

119 4377 403 4438 Christum
423 4380 553 4452 regi
583 4380 873 4453 piacitum
895 4379 1219 4437 exhibebat
1239 4380 1624 4439 famulatum.

182 4473 234 4525 3.
257 4472 388 4527 Haec
408 4486 678 4544 namque
699 4469 900 4544 puella
913 4468 1266 4542 parentibus
1281 4471 1538 4544 paganis
1558 4487 1771 4544 proge-

116 4556 250 4628 nita,
280 4560 481 4618 adhuc
521 4559 840 4618 cunabulis
887 4559 1206 4631 incubans,
1227 4564 1397 4634 patre
1421 4560 1632 4619 orbata
1659 4567 1768 4620 est.

117 4646 290 4719 Cujus
338 4649 592 4722 genitrix
640 4649 829 4706 alium
861 4648 1061 4706 virum
1095 4649 1347 4720 ducens,
1372 4650 1394 4681 ⁴
1448 4651 1554 4725 qui
1581 4651 1770 4710 ﬁdem

117 4735 318 4796 Christi
346 4739 578 4797 occulte
603 4739 917 4808 retinebat,
961 4739 1283 4812 conjugem
1323 4739 1647 4814 impietatis
1676 4758 1770 4799 er-

117 4840 241 4884 rore
285 4829 644 4903 exstirpans,
690 4829 1035 4904 privignam
1065 4829 1294 4887 Christo
1316 4831 1627 4902 assignare
1645 4836 1770 4889 stu-

118 4913 255 4986 duit,
272 4934 529 4992 eamque
540 4934 614 4974 ex
625 4923 1004 4976 sacramento
1013 4918 1394 4992 baptismatis
1405 4931 1426 4957 °
1441 4923 1511 4978 Sa
1519 4921 1770 4994 bigotho

183 5063 200 5134 _'
227 5060 456 5134 Studia,
485 5065 559 5134 u_t_
577 5077 742 5134 supr.
770 5077 906 5134 cap.
941 5065 989 5134 ξ.
1016 5063 1218 5134 Scuor.

181 5128 208 5169 δ
259 5131 414 5188 Bene
443 5128 729 5190 Solleriiis
756 5128 924 5190 notat
959 5133 1076 5190 hoc
1134 5133 1215 5190 ad
1245 5133 1653 5192 Mahometum
1681 5150 1770 5190 re-

119 5195 264 5289 ferri,
293 5203 532 5289 etepud
563 5203 747 5289 medii
771 5205 1230 5289 aevioscriptores
1259 5220 1370 5278 pro
1413 5207 1770 5289 ᾀξεγηογιίᾳεί

118 5278 464 5400 ιιεωνέδιιιω
484 5289 618 5359 esse
638 5277 1007 5333 dwmoniosi.
1029 5276 1163 5343 Qua
1190 5276 1533 5359 de‘reyide,
1564 5276 1615 5333 si
1639 5277 1768 5350 pla-

120 5345 223 5421 cet,
295 5346 1050 5421 lossartumCangeanum,
1069 5352 1127 5405 et
1147 5349 1368 5406 Schotti
1388 5347 1770 5405 animadver-

122 5418 371 5490 sionem,
398 5434 584 5490 supra
611 5418 674 5475 in
704 5418 838 5490 cap.
878 5424 927 5490 1,
949 5418 1119 5475 num.
1151 5422 1206 5476 4.

182 5435 371 5488 onem,
398 5435 469 5473 su
516 5435 584 5474 ra
611 5435 674 5475 in
704 5435 776 5475 ca
826 5462 838 5476 .
878 5435 927 5490 ι,
949 5435 1119 5475 num.
1151 5435 1206 5476 4.

182 5485 382 5572 ξριὶμξ
401 5435 697 5572 vefillius,
718 5435 1416 5572 lgspartismusnllonu.
1561 5561 1598 5572 __
1677 5563 1688 5572 ν

183 5554 659 5637 ξμαῐιυξωοηὶιιω
685 5554 691 5557 ⁷
715 5554 867 5619 inter
913 5561 1110 5618 virum
1140 5565 1199 5618 et
1227 5578 1479 5618 uxorem
1523 5561 1768 5618 alterius

123 5625 428 5706 religionis,
463 5637 529 5706 ut
550 5650 712 5706 supr.
747 5650 880 5706 cap.
909 5640 962 5701 7,
988 5649 1157 5689 num.
1189 5637 1242 5688 2.
1277 5637 1513 5689 Scuurr.

186 5701 726 5786 :‘Sabigothonem,
748 5701 935 5786 quam
977 5721 1222 5786 semper
1261 5706 1556 5786 Namnam
1587 5720 1770 5786 appe-

124 5764 241 5826 lant
258 5764 470 5834 aliifut
500 5764 827 5846 Usuardu‘s,
861 5776 1090 5843 Surius,
1119 5764 1418 5833 Baronius
1447 5780 1506 5834 et
1537 5764 1767 5850 quique

754 5865 1001 5923 PATROL.
1042 5865 1205 5926 CXV.

3447 257 3553 322 778

1805 364 1854 415 Α
1884 362 2218 434 appellans,
2242 365 2375 426 licet
2395 369 2633 442 publice
2658 370 2915 444 paganis
2936 369 3433 442 admiscerentur,
3458 389 3555 446 ge-

1888 451 2130 508 stabant
2158 473 2299 513 vero
2332 459 2535 515 animo
2568 459 2816 515 ﬁrmiori
2843 459 3080 532 utrique
3139 461 3376 533 pietatis
3427 463 3556 520 reli-

1887 541 2150 611 giouem.
2186 549 2346 602 Hanc
2403 549 2516 604 sibi
2562 549 2829 622 puellam
2884 550 3242 619 venerabilis
3285 553 3550 622 juvenis,

1878 629 2020 702 juro
2041 635 2484 707 conjugalitatis
2500 639 2824 709 asciscens,
2844 640 3155 714 completis
3175 643 3554 714 sponsalium

1885 720 2086 794 titulis,
2115 725 2553 802 arrharumque
2578 729 2830 802 pignore
2851 729 3168 787 alternanti
3199 730 3260 786 in
3286 731 3548 790 invicem

1884 811 2248 872 exhibitione
2275 819 2614 875 contradita
2667 818 2958 890 legitima,
3019 819 3097 876 ad
3128 818 3412 878 ultimum
3441 821 3556 878 mi-

1880 898 2124 957 nisterio
2169 905 2548 962 sacerdotum
2623 923 2694 963 ex
2744 923 2913 964 more
2969 913 3306 979 sacrantur,
3346 909 3552 984 sicque

1881 989 2012 1060 pari
2059 993 2423 1050 commercio
2453 995 2659 1068 aliquo
2687 999 2956 1069 tempore
3036 997 3306 1054 clancule
3360 997 3545 1056 ﬁdem

1883 1076 2092 1133 Christi
2121 1087 2412 1151 gerentes,
2446 1100 2567 1139 uon
2610 1085 2896 1140 omnibus
2917 1101 3213 1142 arcanum
3243 1103 3368 1143 suae
3399 1087 3548 1144 ﬁdei

1879 1165 2234 1226 revelabant
2261 1172 2459 1227 carnis
2480 1171 2822 1230 inﬁrmitate
2867 1174 3160 1247 depressi,
3215 1192 3340 1232 non
3371 1176 3552 1234 dimi-

1880 1255 2128 1313 nutione
2154 1258 2359 1333 utique
2386 1261 2524 1318 voti.

1950 1348 2006 1402 4.
2047 1347 2179 1404 Fuit
2209 1353 2414 1406 autem
2461 1349 2641 1408 beato
2688 1351 2928 1408 Aurelio
2957 1351 3276 1426 proximus
3335 1368 3552 1425 genere

1879 1433 1970 1490 vir
2008 1435 2284 1508 quidam.
2321 1439 2569 1496 nomine
2617 1439 2768 1496 Felix
2813 1446 3026 1498 sancta
3055 1440 3302 1515 insuper
3355 1442 3554 1500 eidem

1879 1522 2195 1583 dilectione
2215 1543 2549 1598 connexus,
2590 1530 2692 1603 qui
2725 1530 3042 1588 occasione
3093 1530 3320 1588 diaboli
3343 1531 3409 1588 in
3431 1531 3553 1588 ﬁde

1879 1613 2188 1684 vacillans,
2214 1634 2353 1674 cum
2374 1623 2585 1692 postea
2614 1619 2861 1692 lapsum
2889 1620 3403 1693 prasvaricationis
3425 1638 3554 1678 suas

1881 1703 2057 1760 altius
2089 1707 2436 1780 suspiraret,
2469 1709 2626 1766 ultra
2658 1725 2783 1766 non
2815 1711 3012 1783 potuit
3035 1709 3244 1784 patulo
3274 1727 3553 1783 congres-

1882 1809 1952 1848 su
1971 1793 2323 1865 religionem
2356 1797 2564 1854 Christi
2600 1815 2899 1856 exercere.
2936 1799 3049 1866 Qui
3109 1805 3167 1856 et
3213 1800 3342 1873 ipse
3364 1800 3554 1859 ﬁliam

1881 1881 2253 1940 occultorum
2303 1885 2798 1958 Christianorum,
2841 1887 3088 1944 nomine
3135 1888 3440 1960 Liliosam,
3488 1890 3552 1948 in

1881 1969 2204 2040 conjugem
2256 1971 2508 2039 ducens,
2569 1974 2868 2031 Christum
2951 1975 3014 2030 in
3065 1975 3288 2032 abditis
3342 1977 3553 2044 tectius

1882 2057 2212 2115 excolebat.
2265 2062 2644 2135 Quapropter
2691 2062 3232 2121 inconvulsibiliter
3293 2064 3554 2122 invicem

1882 2145 2278 2218 adhaerentes,
2304 2164 2543 2222 semper
2568 2167 2758 2207 unam
2781 2150 3048 2210 habuere
3063 2151 3552 2225 familiaritatrm,

1882 2235 2161 2292 eamdem
2185 2243 2501 2308 gesserunt
2533 2238 2940 2307 dulcedinem,
2973 2256 3085 2298 nec
3113 2241 3421 2315 prosperis
3441 2257 3554 2299 nec

1883 2321 2153 2380 adversis
2210 2325 2453 2383 casibus
2509 2343 2572 2383 se
2613 2327 3016 2402 disparantes,
3057 2328 3220 2386 idem
3264 2329 3380 2386 illis
3421 2346 3556 2386 exs-

1882 2411 1993 2468 titit
2047 2413 2332 2484 affectus;
2389 2420 2674 2490 tantaque
2746 2417 2848 2474 illa
2915 2418 3152 2492 pietatis
3221 2419 3551 2476 necessitas

1883 2501 1946 2558 in
1971 2506 2227 2577 utroque
2274 2504 2452 2561 fratre
2500 2506 2930 2578 perfectionem
2989 2508 3239 2566 contulit
3287 2509 3552 2566 charita-

1885 2590 1979 2663 tis,
2041 2595 2105 2648 ut
2161 2609 2272 2649 nec
2313 2595 2437 2651 vita
2504 2611 2616 2652 nec
2655 2601 2846 2652 morte
2893 2596 3322 2666 dividerentur,
3383 2614 3542 2672 quos

1885 2695 1997 2754 par
2050 2680 2355 2752 religionis
2398 2684 2639 2741 occasio
2698 2684 3157 2757 glomeraverat,
3206 2687 3282 2743 de
3330 2687 3555 2760 quibus

1886 2768 2098 2826 merito
2153 2772 2564 2828 enarrandum
2611 2777 2705 2830 est
2752 2790 2766 2829 :
2824 2775 3045 2843 Sancti,
3119 2774 3434 2845 amabiles,
3497 2779 3558 2832 et

1884 2855 2109 2928 decori,
2153 2860 2464 2932 quomodo
2517 2861 2578 2917 in
2632 2861 2755 2920 vita
2801 2879 2917 2920 sua
2961 2863 3301 2921 dilexerunt
3376 2879 3442 2919 se
3492 2863 3557 2920 in

1884 2945 2166 3016 invicem,
2213 2948 2296 3005 ita
2351 2954 2410 3006 et
2454 2949 2517 3006 in
2590 2956 2783 3009 morte
2858 2968 2983 3008 non
3041 2957 3181 3010 sunt
3247 2952 3423 3010 divisi
3466 2953 3558 3024 (Il

1884 3036 2027 3107 Reg.
2060 3053 2126 3094 ιι.
2149 3041 2261 3109 23).
3539 3025 3544 3033 ’

1955 3130 2008 3182 5.
2052 3127 2286 3182 Exactis
2317 3126 2497 3197 igitur
2525 3143 2649 3184 non
2677 3128 2954 3202 plurimis
2995 3129 3194 3196 annis,
3226 3128 3443 3186 accidit
3492 3132 3559 3187 ut

1883 3230 1954 3270 eo
1985 3215 2080 3271 die
2111 3215 2174 3272 in
2208 3215 2408 3272 forum
2437 3217 2920 3289 proﬁcisceretur
2943 3218 3218 3275 Aurelius
3244 3217 3558 3274 venerabi-

1881 3303 1972 3373 lis,
2002 3321 2126 3378 quo
2153 3308 2413 3362 Joannes
2429 3306 2524 3362 ille
2553 3307 2746 3379 (cujus
2772 3306 2833 3363 in
2863 3307 3048 3381 priori
3077 3306 3232 3364 libro
3262 3308 3468 3376 (Num.
3495 3307 3560 3381 9)

1882 3394 2293 3466 meminimus)
2325 3397 2466 3453 odio
2507 3397 2772 3454 nominis
2829 3398 3044 3456 Christi
3102 3414 3295 3471 usque
3327 3398 3408 3454 ad
3437 3414 3546 3454 ne-

1881 3502 2014 3544 cem
2039 3487 2386 3545 verberibus
2415 3492 2784 3558 cruentatus,
2809 3493 3138 3546 retrorsum
3168 3489 3356 3546 asello
3383 3505 3556 3546 evec-

1880 3578 1995 3652 tus)
2007 3577 2429 3652 immensoque
2439 3578 2819 3636 vinculorum
2831 3579 3101 3653 pondere
3118 3584 3458 3637 coarctatus
3474 3584 3555 3650 ('2)

1881 3672 1948 3726 ut
1973 3666 2037 3725 in
2078 3673 2248 3743 parte
2278 3673 2676 3726 stramentum
2706 3669 3092 3727 reclinaretur
3113 3669 3398 3742 jumenti,
3431 3687 3557 3744 qua

1883 3757 1934 3830 ej
1943 3775 2014 3814 us
2023 3774 2201 3815 crura
2215 3757 2566 3832 pendebant
2579 3759 3060 3832 praecedentibus
3075 3759 3389 3816 illusorum
3403 3775 3556 3833 prae-

1883 3847 2158 3914 conibus,
2216 3853 2404 3904 totam
2472 3848 2862 3905 circumendo
2940 3849 3179 3916 urbem,
3227 3847 3556 3905 satellitum

1881 3937 2210 3994 ministerio
2256 3936 2336 3994 ad
2388 3937 2809 4011 spectaculum
2859 3937 3023 4008 vulgi
3079 3941 3414 4010 pertractus
3444 3942 3552 3994 est.

1883 4029 1950 4083 Et
2002 4042 2142 4082 cum
2179 4026 2320 4082 hinc
2348 4026 2491 4083 inde
2531 4042 2710 4083 voces
2741 4026 3241 4100 exprobrantium
3284 4025 3540 4083 resulta-

1880 4120 2034 4187 rent,
2061 4115 2326 4172 dicentes
2347 4116 2690 4172 nullatenus
2722 4115 2972 4186 dignam
3005 4115 3097 4172 sui
3123 4115 3363 4172 sceleris
3414 4133 3548 4190 Ρω-

1879 4221 2025 4262 nam
2055 4205 2342 4262 eumdem
2392 4205 2594 4262 adhuc
2647 4205 3028 4279 persolvisse,
3085 4206 3314 4279 quippe
3361 4220 3551 4280 quem

1879 4298 2060 4352 tantae
2135 4295 2482 4351 reverentiae
2547 4301 2747 4352 vatem
2816 4295 3296 4352 subsannatione
3357 4297 3553 4370 impe-

1879 4390 2000 4442 tere
2043 4401 2166 4442 non
2210 4389 2535 4454 verentem,
2569 4385 2954 4460 plectendum
2985 4386 3186 4458 potius
3211 4390 3401 4442 morte
3429 4391 3552 4442 tur-

1878 4475 2128 4549 pissima
2139 4475 2531 4546 congruebat;
2549 4475 2826 4548 exemplo
2839 4475 3074 4532 futurus
3088 4475 3336 4547 belliger
3346 4492 3555 4534 amore

1879 4570 2279 4639 compunctus
2327 4565 2617 4638 martyrii,
2665 4564 2890 4620 caelesti
2928 4564 3389 4636 quodammodo
3447 4566 3554 4620 ﬂa-

1879 4654 2043 4711 mine
2083 4655 2406 4728 aspiratur,
2451 4659 2516 4710 ut
2564 4652 2714 4709 illud
2754 4669 2865 4725 pro
2896 4668 2958 4707 se
2983 4651 3112 4709 ﬁeri
3141 4651 3553 4725 spectaculum

1879 4743 2164 4811 crederet,
2195 4758 2506 4815 causaque
2527 4739 2958 4798 admonitionis
2998 4741 3113 4796 sibi
3141 4739 3327 4796 fuisse
3353 4743 3552 4796 osten-

1879 4849 2038 4903 sum,
2085 4847 2162 4888 ne
2193 4829 2414 4888 scilicet
2443 4827 2770 4887 formidare
2798 4827 3044 4885 deberet
3063 4843 3168 4885 eos
3197 4827 3304 4900 qui
3330 4843 3548 4901 corpo-

1877 4938 1947 4980 ra
1971 4920 2294 4987 trucidant,
2324 4936 2466 4976 cum
2496 4917 2644 4975 nihil
2695 4918 3010 4974 anxietatis
3057 4915 3382 4974 animabus
3411 4933 3552 4992 pos-

1877 5063 2114 5138 passim
2139 5066 2415 5138 auctores
2444 5060 2650 5138 exteri,
2668 5059 3006 5138 binomiam
3029 5059 3218 5138 fuisse
3235 5065 3395 5118 recte
3421 5077 3552 5118 sus-

1880 5132 2116 5209 picatur
2145 5133 2430 5209 Henricus
2483 5132 2799 5201 Flurezius,
2840 5135 3101 5209 _tor_n._x.
3134 5134 3278 5202 Hip.
3331 5149 3550 5209 sacrae,

1880 5203 2130 5264 credens
2161 5203 2405 5261 Natalia:
2427 5219 2652 5260 nomen
2673 5219 2810 5259 eam
2839 5203 3128 5260 habuisse
3158 5220 3196 5261 a
3219 5205 3551 5272 nativitate,

1881 5275 2535 5348 Sabigothonisveroa
2565 5274 2951 5348 baptismate,
2989 5276 3142 5348 sicut
3167 5275 3264 5331 hic
3317 5275 3549 5348 indicat

1879 5345 2183 5419 Eulogius.
2219 5345 2601 5419 Bollandistae
2648 5345 2902 5404 Sollerio
2961 5345 3160 5419 visum
3219 5350 3314 5402 est
3376 5345 3552 5419 feirire

1879 5415 2156 5477 nonnihil
2186 5417 2658 5490 Sabigothonem
2687 5432 2912 5473 nomen
2951 5415 3377 5490 Christianum.
3412 5415 3551 5490 Qui-

1879 5504 2143 5562 cumque
2189 5487 2355 5562 vero:
2380 5488 2714 5562 historiam_
2746 5492 3041 5562 nostram
3070 5491 3290 5562 attente
3304 5487 3549 5562 legerit,

1880 5557 2067 5618 facile‘
2107 5559 2544 5616 animadvertet
2600 5559 2973 5624 Baddonam,
3026 5557 3550 5628 Liubigothonem,

1883 5632 2389 5700 Baldegothonem
2434 5631 2687 5702 feminas
2743 5629 3108 5702 Christianas
3139 5629 3283 5702 ipsa
3303 5631 3554 5686 nomina

1882 5699 2128 5761 Gothica
2157 5703 2339 5776 etiam
2365 5708 2503 5776 post
2531 5701 2905 5775 baptismum
2927 5699 3179 5772 absque'
3210 5701 3334 5759 ulla
3362 5703 3553 5759 oﬁ‘en-

1883 5776 2051 5832 sione
2079 5773 2416 5831 retinuisse.

2963 5865 3030 5916 25
