3960 6400
139 270 234 325 ’781
1192 259 1621 320 MEMORIALIS
1664 255 2110 315 SANCI'ORUI.
2155 284 2223 298 --
2264 259 2396 313 LIB.
2452 260 2518 313 ll.

3477 261 3586 317 782

141 390 519 463 compeditos
548 390 881 459 discursus,
912 403 987 444 ex
1007 402 1077 444 eo
1096 386 1365 443 videlicet
1388 390 1660 457 tempore
1682 394 1808 455 quo
1838 379 1890 435 Α
1920 379 2230 437 delicatius
2261 380 2517 449 educati,
2567 382 2632 438 in
2670 378 2967 439 deteriora
2991 379 3348 439 deveniunt!
3393 380 3589 445 Quam

140 482 355 538 beatus
380 485 545 535 Isaac
573 478 931 547 monachus,
954 493 1059 533 seu
1085 476 1278 532 caeteri
1302 474 1512 541 sancti,
1538 471 1644 545 qui
1661 486 1809 544 pree-

139 570 330 626 ditam
351 566 617 625 veritatis
662 564 966 639 praeconio
996 564 1291 635 linguam,
1333 559 1710 636 principibus
1758 560 1815 613 et

141 653 444 728 iudicibus
472 651 828 720 confessuri,
859 665 996 723 quis
1027 665 1166 705 vera
1199 652 1361 718 sunt,
1394 646 1721 713 astiterant,
1754 646 1813 699 et

140 747 389 817 propter
418 740 701 797 eamdem
729 739 1039 795 veritatem
1069 736 1495 793 occubuerant.
1543 737 1811 798 Quorum

142 831 485 889 constantia
510 827 903 902 perdurabili,
937 825 1251 899 multiplici
1276 824 1566 881 virtutum
1594 821 1813 878 robore

144 923 364 978 horum
395 923 587 976 auctas
618 922 759 974 sunt
782 915 962 972 vires.
1017 917 1169 971 Nam
1223 914 1319 970 ille
1374 912 1536 969 viros
1582 909 1812 984 perlus-

147 1017 332 1078 trans,
345 1008 448 1065 illa
466 1008 592 1064 suis
608 1010 866 1063 retentas
887 1005 1159 1062 claustris
1173 1004 1429 1060 feminas
1449 999 1813 1074 requirebat.

222 1104 307 1155 iO.
336 1098 425 1154 Ibi
455 1112 569 1167 ego
596 1112 737 1152 eum
767 1095 988 1165 agnovi
1014 1111 1029 1160 ;
1069 1094 1152 1150 ibi
1189 1091 1516 1150 amicitiam
1545 1091 1677 1162 ejus
1707 1088 1815 1146 ad-

146 1192 321 1262 eptus
363 1202 520 1252 sum,
565 1185 770 1258 ibique
802 1200 865 1240 se
896 1200 933 1241 a
961 1183 1138 1239 nobis
1168 1180 1393 1239 institui
1437 1180 1816 1252 deprecatur,

145 1277 297 1351 quid
327 1277 428 1345 agi
452 1276 699 1332 deberet
727 1278 849 1330 tam
889 1273 963 1329 de
995 1272 1175 1329 rebus
1222 1287 1410 1344 quam
1449 1269 1525 1325 de
1574 1267 1818 1339 gemino

148 1367 423 1440 pignore,
453 1363 620 1438 quod
652 1366 771 1420 Deo
797 1362 1067 1419 donante
1118 1363 1450 1433 acceperat.
1509 1359 1567 1414 Si
1621 1357 1822 1414 liceret

149 1456 298 1513 tales
329 1454 589 1522 destitui,
619 1469 776 1526 quas
805 1452 1010 1525 utique
1058 1456 1194 1524 post
1235 1466 1446 1506 necem
1476 1464 1650 1504 suam
1681 1461 1819 1519 pro-

148 1547 293 1601 fano
324 1543 649 1601 tradendas
672 1542 805 1598 ritui
832 1541 1006 1598 altius
1030 1539 1424 1606 condolebat;
1457 1537 1553 1593 vel
1583 1536 1633 1591 si
1654 1535 1821 1591 illam

147 1635 498 1691 divitiarum
521 1633 760 1705 copiam
787 1630 1061 1703 protinus
1080 1630 1232 1686 ﬁsco
1254 1625 1819 1699 agglomerandam,

1918 470 2122 543 plures
2149 470 2361 544 pupilli
2390 470 2469 528 ab
2498 469 2771 527 horribili
2798 473 3061 542 egestate
3101 470 3165 528 in
3217 485 3589 542 magnarum

1919 558 2290 617 afﬂuentiam
2318 575 2509 633 opum
2551 562 2926 628 excrescunt,
2970 562 3029 617 et
3065 558 3219 618 ﬁunt
3259 560 3590 619 multarum

1922 649 2159 706 Domini
2183 666 2406 721 rerum,
2454 650 2561 724 qui
2589 650 2690 707 vix
2716 650 3111 725 pauperrimo
3139 665 3299 724 pane
3325 652 3593 724 provecti

1923 743 2081 796 sunt.
2125 741 2288 797 Multi
2316 756 2389 796 ex
2430 740 2784 797 Christianis
2826 739 3144 813 progeniti,
3184 740 3593 815 praepediente

1922 827 2207 901 deliquio,
2240 829 2515 886 Ecclesiae
2541 830 2822 888 membro
2840 828 3186 902 privantur;
3228 833 3290 887 et
3311 828 3594 889 nonnulli

1922 917 2029 973 ﬁlii
2064 933 2468 990 paganorum,
2516 919 2921 991 prteveniente
2968 918 3164 991 gratia
3205 918 3464 989 Domini,
3511 918 3597 977 ad

1923 1006 2399 1080 redemptionem
2433 1007 2575 1064 fidei
2603 1007 2884 1066 salutaris
2912 1011 3246 1065 recurrunt.
3302 1011 3419 1065 Nec
3467 1007 3596 1066 istis

1926 1096 2305 1167 sacrilegium
2334 1096 2507 1153 obest
2534 1101 2879 1175 parentum,
2906 1112 3020 1154 nec
3042 1096 3158 1154 illis
3187 1097 3437 1171 prodest
3462 1096 3597 1155 reli-

1927 1184 2172 1257 giositas
2189 1186 2527 1257 genitorum
2553 1204 2566 1241 :
2591 1202 2733 1244 cum
2752 1190 2811 1243 et
2826 1185 2891 1242 hi
2908 1202 2950 1244 a
2965 1185 3089 1243 ﬁde
3108 1186 3458 1245 recedentes
3472 1187 3597 1244 Deo

1930 1274 2285 1345 alienantur,
2314 1281 2372 1332 et
2398 1275 2480 1332 illi
2506 1276 2817 1334 credentes
2845 1276 2908 1335 in
2938 1276 3242 1333 Christum
3267 1277 3395 1349 (per
3412 1292 3598 1350 quem

1924 1364 2068 1437 justi
2108 1365 2340 1437 vivunt)
2391 1364 2725 1438 eripiuntur
2764 1363 3037 1434 diabolo,
3084 1364 3429 1437 perenniter
3477 1367 3599 1422 Deo

1930 1454 2316 1511 cohaerentes.
2352 1456 2534 1525 Cujus
2578 1454 2665 1511 rei
2701 1454 2864 1512 testis
2907 1458 2999 1512 est
3039 1453 3352 1527 Dominus,
3393 1454 3501 1527 qui
3536 1454 3601 1511 in

1932 1544 2256 1614 Evangelia
2286 1548 2633 1616 protervam
2659 1544 3010 1602 ludaiorum
3058 1558 3324 1614 arguens
3369 1542 3601 1601 vanita-

1931 1636 2073 1697 tem,
2102 1633 2210 1689 ait:
2245 1634 2563 1692 Genimina
2592 1634 2963 1705 viperarum,
2988 1634 3123 1706 quis
3153 1633 3413 1690 ostendit
3439 1632 3603 1690 vobis

149 1724 561 1781 inordinatam
590 1721 925 1793 relinquere
955 1719 1349 1791 congruebat.
1386 1717 1491 1775 Cui
1519 1733 1661 1773 cum
1689 1731 1822 1772 om-
1854 1738 1899 1792 Β
1930 1722 2144 1794 fugere
2163 1738 2201 1780 a
2219 1724 2437 1792 futura
2452 1723 2550 1780 ira
2566 1726 2596 1778 7
2611 1723 2821 1780 Facite
2834 1738 2976 1794 ergo
2987 1723 3233 1792 fructus
3251 1722 3467 1795 dignos
3482 1737 3608 1793 pas-

151 1816 254 1871 nia
283 1813 504 1870 intuitu
548 1811 715 1882 regni
759 1810 1034 1878 cmlestis,
1088 1814 1144 1866 et
1192 1824 1378 1865 causa
1417 1805 1822 1865 retributionis

148 1908 393 1960 internas
424 1918 548 1958 non
574 1901 772 1958 solum
802 1898 1218 1972 relinquenda,
1253 1913 1459 1954 verum
1505 1897 1685 1952 etiam
1731 1894 1824 1949 fu-

150 1990 381 2063 gienda
437 1990 565 2046 fore
624 2004 955 2055 censerem,
1010 1986 1516 2059 potissimumque
1576 1997 1826 2039 suarum

153 2081 358 2155 potius
390 2080 732 2136 animarum
766 2093 954 2150 quam
976 2075 1303 2132 liberorum
1328 2090 1459 2130 esse
1490 2069 1828 2129 commodis

150 2167 624 2237 consulendum,
657 2166 881 2239 quibus
915 2164 1117 2237 utique
1149 2163 1415 2219 Christus
1447 2161 1687 2228 vindex,
1720 2174 1829 2232 pa-

154 2264 243 2316 ter
273 2263 333 2315 et
361 2262 525 2314 tutor
557 2260 677 2312 est:
713 2254 981 2327 nihilque
1013 2268 1261 2326 prorsus
1294 2267 1495 2309 rerum
1524 2255 1642 2307 tem
1652 2264 1828 2321 pora-

154 2349 305 2406 lium
337 2345 613 2420 preeponi
642 2344 861 2401 debere
907 2343 1207 2401 desiderio
1238 2340 1677 2414 Redemptoris,
1726 2354 1830 2394 seu

155 2437 401 2497 fruendi
430 2440 778 2493 sanctorum
812 2434 1113 2490 consortio
1144 2432 1423 2489 docerem
1454 2450 1465 2497 ;
1513 2429 1831 2486 confestim

157 2527 487 2599 subjunxi:
519 2547 548 2574 ‹‹
579 2525 637 2580 Si
668 2522 923 2597 provida
948 2522 1203 2579 facilitas
1233 2521 1517 2595 suppetit,
1551 2533 1675 2592 qua
1702 2519 1833 2576 hac

157 2617 391 2683 omnia,
441 2615 731 2686 magistra
780 2611 1186 2670 intercedente
1234 2610 1615 2678 discretione,
1672 2606 1833 2664 ordi-

1932 1813 2221 1879 nitentiw,
2247 1818 2301 1869 et
2323 1827 2397 1868 ne
2421 1813 2616 1869 velitis
2644 1812 2843 1869 dicere
2862 1813 3030 1869 intra
3056 1827 3155 1868 vos
3181 1829 3195 1867 :
3222 1813 3474 1870 Patrem
3494 1812 3605 1869 har

1936 1901 2135 1958 bemus
2163 1901 2498 1959 Abraham.
2522 1903 2674 1959 Dico
2695 1903 2850 1959 enim
2881 1902 3068 1973 vobis,
3109 1903 3254 1975 quia
3284 1906 3496 1971 potens
3518 1907 3606 1959 est

1934 1992 2091 2048 Deus
2145 1990 2220 2047 de
2273 1992 2577 2060 lapidibus
2620 1994 2750 2047 istis
2789 1991 3082 2049 suscitare
3128 1991 3289 2060 ﬁlios
3338 1990 3607 2048 Abrahae

1935 2080 2179 2151 (Matth.
2207 2095 2286 2135 ω.
2318 2079 2353 2135 7
2383 2085 2437 2136 et
2459 2082 2645 2151 seqq.)
2678 2083 2745 2135 Et
2770 2080 3024 2136 iterum:
3055 2080 3249 2136 Multi
3265 2079 3341 2137 ab
3367 2079 3609 2136 Oriente

1937 2174 1991 2225 et
2019 2168 2336 2224 Occidente
2362 2169 2620 2238 venient,
2649 2172 2708 2224 et
2730 2168 3078 2225 recumbent
3103 2182 3239 2225 man
3267 2167 3605 2237 Abraham,

1938 2257 2131 2324 Isaac,
2182 2262 2237 2312 et
2284 2257 2468 2313 Jacob
2522 2258 2585 2312 in
2627 2272 2813 2327 regno
2869 2257 3196 2314 certorum:
3250 2258 3369 2326 ﬁlii
3404 2262 3608 2315 autern

1938 2347 2113 2418 regni
2133 2346 2533 2416 projicientur
2557 2347 2621 2401 in
2648 2345 2921 2403 tenebras
2946 2348 3271 2404 exteriores
3289 2360 3313 2403 .'
3337 2346 3474 2404 illic
3491 2350 3609 2404 ertt

1936 2439 2133 2506 ﬂetus,
2162 2440 2219 2491 et
2250 2436 2478 2493 stridor
2505 2436 2777 2493 dentium
2806 2436 3052 2507 (Matth.
3082 2450 3208 2503 vnn,
3241 2440 3329 2507 ll,
3367 2437 3474 2507 12).

2018 2526 2071 2580 lt
2089 2567 2100 2580 .
2121 2527 2453 2580 instructus
2475 2524 2655 2594 igitur
2669 2524 3028 2582 venerabilis
3040 2525 3283 2597 juvenis
3295 2525 3611 2599 quomodo

1941 2629 2297 2687 processum
2329 2612 2697 2686 martyrialis
2724 2613 2913 2685 praelii
2940 2614 3353 2684 meditaretur,
3382 2615 3612 2671 vinctoo

159 2693 421 2773 nentur;
475 2705 614 2761 utile
658 2703 857 2778 primo
904 2703 1256 2778 judicamus
1312 2700 1583 2757 sobolem
1634 2696 1835 2755 tutiori
1944 2719 2082 2759 rum
2123 2717 2184 2758 se
2223 2701 2505 2775 precibus
2554 2700 2961 2759 solatiandum
3008 2702 3367 2776 implorans,
3404 2703 3612 2761 animo

158 2798 303 2854 loco
357 2793 689 2867 transponi,
739 2791 844 2849 ubi
884 2791 1112 2847 Christo
1158 2789 1403 2846 liberius
1456 2788 1833 2858 assignetur;
1943 2791 2151 2848 luatiori
2177 2790 2240 2846 in
2267 2805 2417 2863 pace
2444 2790 2735 2847 discessit.
2770 2792 3006 2847 Etcum
3032 2806 3146 2848 nos
3178 2792 3403 2865 sapius
3425 2790 3611 2861 idem,

159 2887 351 2943 rebus
393 2898 638 2956 quoque
682 2883 855 2953 juxta
898 2880 1256 2937 mandatum
1298 2877 1535 2934 Domini
1580 2874 1838 2932 venditis
1945 2879 2221 2954 quandiu
2237 2879 2341 2937 illa
2364 2879 2743 2937 horribilium
2767 2878 3366 2939 damnaui-carum
3388 2880 3621 2939 ωηο.

159 2973 540 3050 pauperibus
572 2970 827 3042 erogari,
876 2984 1000 3042 quo
1050 2967 1380 3041 expeditior
1422 2965 1594 3023 vobis
1637 2969 1840 3038 pateat
1946 2987 2031 3041 re,
2056 2985 2181 3027 non
2219 2969 2531 3026 desisteret
2565 2968 2831 3041 visitare,
2875 2970 3220 3043 frequenter
3247 2974 3454 3028 tamen
3476 2986 3620 3044 pru-

161 3065 455 3135 deinceps
473 3065 611 3135 post
638 3059 935 3152 Christum
961 3059 1290 3152 ingressus.
1318 3057 1411 3115 Sic
1441 3056 1705 3152 denique
1733 3056 1839 3110 Ve-
1868 3097 1910 3152 C
1948 3058 2271 3117 dentisima
2302 3057 2634 3127 Sabigotho
2676 3057 2999 3114 latibulum
3030 3057 3182 3115 illud
3224 3058 3614 3129 feminarum,

163 3155 313 3211 ritas
344 3156 557 3208 sancta
599 3148 921 3206 sciscitanti
972 3165 1036 3205 se
1081 3148 1289 3219 juveni
1317 3150 1623 3219 quatenus
1651 3144 1838 3200 vitam

164 3250 458 3301 aeternam
486 3239 855 3314 possideret:
891 3240 957 3295 Si
980 3239 1086 3301 vis,
1117 3236 1331 3309 inquit,
1365 3237 1668 3306 perfectus
1696 3248 1835 3304 esse,

166 3334 341 3404 vade,
364 3331 552 3388 vende
568 3332 766 3386 omnia
791 3344 922 3400 quae
940 3327 1141 3397 habes,
1164 3332 1220 3383 et
1250 3326 1329 3383 da
1355 3324 1764 3395 pauperibus:
1783 3329 1840 3379 et

167 3425 326 3489 veni,
355 3436 605 3492 sequere
641 3435 752 3484 me,
795 3424 849 3475 et
886 3417 1129 3475 habebis
1169 3418 1519 3474 thesaurum
1568 3416 1630 3471 in
1678 3416 1842 3472 cretis

168 3512 416 3584 (Matth.
444 3525 566 3578 six,
598 3510 712 3577 2t).
745 3507 861 3565 Sed
890 3506 998 3564 etsi
1027 3522 1170 3579 pars
1213 3505 1418 3578 aliqua
1469 3505 1531 3560 in
1560 3519 1581 3544 ο
1615 3504 1840 3576 stipen-

167 3602 343 3659 dium
387 3599 763 3672 relinquatur
803 3595 1146 3666 infantium,
1194 3594 1493 3668 culpabile
1534 3608 1671 3649 esse
1719 3606 1843 3649 non

169 3690 411 3766 poterit,
430 3687 600 3762 quod
623 3686 812 3744 multa
836 3687 1083 3743 Patrum
1111 3684 1427 3741 insinuant
1452 3682 1839 3739 documenta.

172 3781 439 3854 Ideoque
470 3778 519 3834 si
544 3777 622 3834 ad
653 3777 809 3833 hanc
838 3775 1349 3849 dispensationem
1389 3771 1637 3846 potestis
1666 3771 1844 3828 attin-

172 3886 335 3944 gere,
368 3868 599 3941 optima
627 3882 744 3934 res,
775 3870 833 3922 et
861 3864 1177 3939 perfectius
1202 3879 1357 3936 opus
1386 3866 1496 3930 est,
1520 3861 1687 3934 quod
1708 3876 1841 3932 vos,

172 3959 464 4018 omnibus
491 3955 784 4030 expeditis
821 3954 1095 4025 negotiis,
1147 3953 1418 4010 securius
1460 3952 1540 4009 ad
1570 3950 1846 4008 militiam

174 4048 311 4108 cinli
338 4048 425 4105 ire
455 4046 791 4120 compellet.
836 4047 938 4102 Sin
975 4060 1120 4101 vero
1149 4042 1563 4116 quorumdam
1591 4039 1844 4097 difﬁcul-

174 4144 369 4198 tatum
422 4136 727 4210 repagulis
781 4133 1242 4199 oblatrantibus,
1300 4132 1432 4188 haec
1476 4130 1847 4203 dispensatio

174 4228 498 4297 revellitur,
525 4230 584 4284 et
606 4225 774 4283 nulla
802 4225 1046 4282 interest
1065 4222 1333 4291 libertas,
1359 4237 1485 4294 qua
1506 4221 1635 4277 haec
1655 4218 1849 4276 indul-

176 4319 523 4394 gentissime
551 4315 967 4390 suppleantur,
1017 4311 1350 4386 praesertim
1379 4327 1521 4367 cum
1553 4311 1748 4381 magis
1776 4324 1851 4366 ex

178 4410 387 4483 aliquo
434 4406 915 4482 perturbationes
961 4418 1267 4471 emergere
1313 4399 1668 4467 formidatis,
1715 4415 1852 4471 quas

179 4504 397 4556 vestrae
427 4495 741 4555 intentioni
771 4495 1106 4559 obsistant;
1157 4507 1279 4549 non
1306 4489 1720 4547 cunctandum
1764 4492 1858 4544 est

183 4604 465 4664 spernere
487 4585 942 4661 patrimonium,
970 4582 1140 4657 quod
1160 4581 1351 4639 multo
1371 4580 1586 4637 melius
1602 4583 1658 4636 et
1676 4578 1853 4636 latius

183 4680 248 4737 in
270 4678 444 4743 coelo,
465 4691 591 4750 quo
612 4692 722 4733 vos
741 4673 997 4732 nitimini
1018 4670 1376 4746 proﬁscisci,
1398 4669 1707 4742 reperitur.
1728 4671 1859 4724 Non

184 4767 454 4826 ﬁliarum
474 4766 725 4823 affectus
746 4762 1013 4821 societati
1030 4766 1377 4819 sanctorum
1398 4762 1488 4816 est
1505 4772 1860 4833 praeponen-

185 4858 324 4927 dus,
349 4871 492 4914 cum
512 4859 573 4911 et
587 4855 719 4911 illas
741 4856 938 4927 potest
955 4854 1113 4908 Deus
1132 4850 1190 4907 in
1213 4850 1433 4907 saeculo
1454 4849 1736 4919 enutrirc,
1754 4846 1861 4920 qui

187 4944 595 5020 compactavit
622 4944 684 4999 in
712 4947 882 4999 utero
908 4960 920 5009 ;
955 4940 1255 5014 siquidem
1286 4940 1339 4995 ei
1360 4938 1617 5013 provida
1636 4937 1711 4994 de
1733 4952 1859 4991 om-

184 5036 372 5095 nibus
393 5050 541 5091 cura
561 5036 804 5091 est.Non
824 5046 1038 5087 omnes
1060 5029 1298 5102 parvuli
1319 5031 1636 5100 parentum
1658 5024 1860 5081 indus-

186 5126 303 5185 tria
328 5124 692 5193 refoventur,
717 5137 829 5179 nec
850 5124 1079 5177 cunctm
1104 5116 1572 5197 proles:nutritio
1592 5114 1859 5172 educan-

188 5221 288 5273 tur
313 5214 541 5273 labore.
590 5211 862 5270 Nascitur
900 5210 1106 5277 homo,
1135 5208 1384 5266 orbatur
1429 5206 1492 5262 in
1540 5202 1860 5261 cunabulis

191 5305 408 5363 solatio
434 5303 739 5375 genitoris,
763 5316 887 5357 non
908 5305 1113 5357 tamen
1136 5298 1428 5356 Creatoris
1451 5292 1863 5366 gubernaculo

191 5393 552 5465 destituitur,
602 5391 707 5467 qui
749 5394 840 5448 est
879 5393 1051 5463 pater
1097 5388 1534 5467 orphanorum,
1580 5387 1637 5440 et
1676 5380 1866 5453 judex

191 5482 541 5545 viduarum.
587 5466 637 5539 07
661 5494 851 5556 quam
879 5478 1050 5536 multi
1098 5466 1347 5552 parvuli
1375 5474 1682 5532 nutricum
1716 5487 1866 5530 cura

264 5590 290 5618 ⁸
318 5578 431 5631 Pro
462 5574 622 5630 victu
656 5569 1295 5644 ᾳαοίίιιίαηρηδοιίιιεα.

265 5646 295 5687 b
323 5646 466 5703 Vult
496 5632 715 5710 dicere,
744 5642 938 5715 inquit
961 5640 1264 5715 Sollerius,
1293 5632 1867 5715 experimentisedo-

197 5725 299 5779 cta
325 5723 564 5776 certare
593 5706 866 5783 discerei,
899 5711 1067 5785 quod
1096 5706 1277 5785 etiam
1306 5707 1460 5767 intra
1485 5706 1754 5765 recurrit.

271 5804 297 5834 °
323 5795 418 5851 An
444 5804 573 5851 non
598 5786 816 5847 melius
844 5783 1229 5859 repugnare?
1259 5786 1336 5840 In.

1947 3164 2073 3221 quo
2097 3146 2523 3204 sacratissime
2551 3146 2815 3218 virgines
2845 3145 3023 3203 Flora
3050 3152 3109 3205 et
3153 3147 3356 3217 Iade,
3388 3146 3616 3204 detine—

1948 3239 2189 3304 bantur,
2222 3244 2407 3292 noctu
2429 3235 2604 3307 quasi
2634 3250 2758 3292 una
2786 3251 2819 3291 e
2847 3236 3205 3308 compeditis
3244 3235 3517 3305 incoluit,
3552 3239 3620 3293 ut

1948 3326 2043 3383 vel
2073 3324 2485 3382 consolaretur
2510 3328 2832 3395 certantes,
2852 3324 2948 3381 vel
2968 3341 3032 3383 se
3052 3325 3292 3383 effectui
3312 3340 3619 3385 commen-

1949 3416 2121 3473 daret
2148 3414 2546 3482 certantium;
2604 3413 2728 3470 imo
2783 3414 2987 3487 potius
3036 3421 3106 3473 ut
3154 3414 3474 3489 pugnandi
3506 3430 3622 3488 pro

1951 3504 2179 3564 Christo
2205 3519 2347 3575 rege
2380 3503 2589 3560 usibus
2616 3503 2646 3544 ιι
2672 3502 3066 3575 imbueretur,
3079 3503 3455 3578 haberetque
3482 3518 3625 3562 oon-

1951 3594 2330 3651 suetudinem
2352 3592 2686 3665 praeliandi.
2716 3592 2987 3651 instabat
3015 3594 3320 3667 precibus,
3340 3594 3624 3658 obsecra:-

1952 3682 2219 3740 tionibus
2272 3681 2615 3751 laborabat,
2674 3685 2742 3739 ut
2788 3697 3090 3741 memores
3146 3683 3244 3740 sui
3284 3683 3622 3752 existerent,

1953 3771 2173 3845 adepto
2202 3776 2340 3844 post
2369 3771 2746 3845 triumphum
2771 3772 2983 3844 sponsi
3000 3773 3327 3840 consortio,
3354 3787 3483 3846 quo
3511 3770 3627 3829 sal-

1952 3860 2061 3918 tim
2089 3860 2281 3917 effuso
2308 3875 2522 3917 cruore
2545 3859 2769 3917 ccslum
2796 3859 3033 3930 ingredi
3057 3863 3449 3918 mererentur.
3472 3861 3628 3918 Dant

1953 3950 2113 4007 illico
2138 3950 2428 4007 fiduciam
2476 3950 2592 4006 hoc
2640 3948 2973 4022 praestandi
3004 3949 3372 4007 beneﬁcium
3398 3953 3627 4008 saneta

1953 4040 2234 4110 virgines,
2264 4050 2403 4113 quas
2432 4055 2576 4096 suas
2602 4044 2899 4096 noverant
2927 4039 2990 4096 in
3017 4039 3184 4097 nullo
3232 4054 3258 4082 ο
3300 4038 3628 4113 repugnari

1955 4134 2094 4203 post
2107 4129 2421 4186 victoriam
2439 4144 2670 4201 preces,
2687 4143 2800 4186 nec
2818 4133 3099 4203 poterant
3113 4128 3627 4187 commilitonibus

1957 4217 2297 4291 quidquam
2322 4232 2566 4289 negare,
2596 4233 2734 4291 quae
2767 4232 2830 4274 se
2859 4231 2985 4275 non
3015 4217 3381 4277 dubitabant
3406 4217 3627 4275 audiri.

2038 4311 2122 4363 12.
2153 4309 2308 4363 Dum
2338 4322 2483 4378 ergo
2512 4305 2732 4364 ancilla
2756 4307 2998 4365 Domini
3032 4307 3384 4380 Sabigotho,
3432 4306 3633 4381 proxi~

1960 4413 2058 4455 me
2083 4401 2221 4471 post
2267 4396 2627 4469 martyrium
2665 4396 2994 4468 virginum,
3052 4398 3210 4456 infra
3269 4396 3633 4457 domesticos

1962 4487 2222 4562 parietes
2263 4486 2494 4544 Christo
2533 4487 2881 4545 servitutem
2925 4487 3151 4545 mimus
3192 4491 3475 4561 suspecta
3501 4502 3634 4559 per-

1966 4578 2240 4645 solveret,
2296 4577 2575 4649 fessoque
2630 4578 3052 4635 exercitatione
3506 4591 3634 4633 cor-

1964 4670 2098 4743 pori
2165 4666 2507 4735 consulens,
2580 4666 2900 4739 paululum
2976 4666 3362 4739 quievisset:
3411 4664 3635 4732 ierunt,

1966 4763 2289 4829 utramque
2334 4755 2652 4825 virginem,
2699 4756 2949 4813 nariam
2994 4754 3221 4811 scilicet
3266 4759 3330 4811 et
3374 4752 3635 4820 Florum,

1965 4846 2156 4904 niveis
2185 4845 2437 4902 amictas
2462 4842 2845 4916 cycladibus,
2884 4843 3261 4900 diversarum
3294 4840 3638 4915 ligustrium

1968 4936 2254 4994 manibus
2283 4936 2591 5004 gestantes
2619 4931 2987 5005 manipulos,
3036 4948 3179 4989 cum
3224 4932 3411 4989 choro
3469 4944 3638 4989 sanc—

1968 5030 2168 5084 torum
2225 5022 2462 5097 phialas
2528 5021 2751 5095 palmis
2818 5021 3158 5091 serentium
3206 5022 3501 5096 «qubus,
3575 5024 3642 5078 ut

1969 5120 2137 5189 puto,
2168 5114 2470 5171 orationes
2498 5126 2735 5183 eorum,
2763 5112 2871 5184 qui
2918 5111 2998 5169 ad
3046 5111 3324 5185 pristiam
3351 5114 3642 5169 venerant

1968 5202 2305 5272 informari,
2357 5201 2420 5257 in
2472 5205 2867 5275 conspectum
2921 5202 3160 5259 Domini
3210 5200 3455 5272 ωπω)
3506 5214 3641 5257 om-

1970 5309 2080 5350 nes
2131 5291 2462 5348 caelestium
2506 5289 2971 5348 luminariorum
3009 5290 3277 5349 claritate
3324 5289 3640 5359 fulgentes,

1973 5383 2169 5441 eidem
2226 5395 2333 5452 per
2389 5379 2699 5436 somnium
3097 5380 3261 5445 Quas
3317 5393 3460 5436 wn
3515 5375 3641 5443 illa,

1974 5475 2038 5530 ut
2092 5467 2518 5542 arbitrabatur,
2561 5472 2592 5510 ά
2641 5468 2864 5526 sediliis
2944 5483 3011 5525 se
3080 5466 3358 5526 reclinari
3420 5464 3644 5523 humil-

2044 5560 2071 5602 d
2103 5559 2203 5615 Hic
2255 5556 2503 5631 sediliis,
2554 5557 2749 5631 inquit
2811 5555 2995 5631 idem,
3048 5572 3233 5631 supra
3276 5556 3643 5631 ligustrium,

1972 5631 2148 5710 infra_
2167 5630 2458 5710 deﬂorate
2485 5625 2604 5710 pro
2636 5625 2943 5710 "seponite,
2980 5625 3043 5687 et
3079 5625 3258 5702 plura
3293 5625 3649 5701 Hujusmodi

1973 5701 2193 5761 saeculo
2223 5700 2322 5760 isti
2349 5700 2760 5762 condonanda
2790 5704 2948 5761 sunt.
