3960 6402
411 275 520 326 783

1609 267 1669 322 S.
1710 259 1986 318 EULOGII
2028 255 2353 313 ARCHIEP.
2400 255 2652 316 TOLET.

3738 263 3839 316 784

408 394 554 452 lima
582 390 1018 464 supplicatione
1043 392 1292 460 optaret,
1325 390 1522 446 territa
1561 389 1870 458 majestate
1896 381 2055 438 coeli-
2096 383 2146 437 A
2178 377 2371 436 ditant
2398 382 2835 455 universa,quo
2857 382 3162 438 liberiores
3179 383 3238 438 in
3253 382 3632 455 assequendo
3647 382 3836 439 Chris-

409 482 630 551 colum,
691 480 788 535 vix
844 479 1006 534 tenui
1063 477 1342 534 allocutio
1397 478 1760 548 aggreditur,
1816 474 2059 528 dicens:

411 594 440 619 ‹‹
472 573 666 636 Quam
721 567 1012 623 ﬁduciam
1050 565 1194 622 olim
1240 567 1570 639 praemissae
1613 560 2058 630 obsecrationis,

406 659 582 715 vobis
639 658 700 713 in
748 671 1005 723 carcere,
1069 671 1105 711 o
1162 655 1579 712 sacratissimis
1631 653 1910 724 virgines,
1963 663 2060 704 me

405 747 628 804 habere
646 745 868 818 jubetis
887 745 914 800 ?
947 747 1013 800 Et
1040 745 1087 799 si
1113 749 1393 800 votorum
1418 759 1693 800 ineorum
1719 738 2058 798 commodis

403 836 666 909 petitura
694 851 850 905 sum,
883 833 1240 904 gratissimis
1272 833 1557 888 deﬂorate
1587 829 1892 904 responsis
1919 847 1932 894 ;
1981 842 2056 882 ne

401 925 620 980 frustra
650 927 970 984 currentes,
1005 922 1064 977 in
1098 937 1353 977 vacuum
1381 921 1768 985 decidamus;
1801 935 1876 973 ne
1901 917 2056 973 vires

401 1014 587 1069 nostri
617 1017 872 1069 conatus
900 1027 1059 1067 vano
1099 1013 1601 1066 consummantur
1636 1009 1866 1074 labore,
1905 1005 2055 1060 dum

401 1102 566 1159 aliud
592 1101 840 1158 intentio
869 1105 1121 1173 quaerat,
1155 1099 1320 1155 aliud
1346 1100 1556 1155 merita
1572 1100 1872 1171 expetant.
1905 1094 2055 1160 Quia

400 1209 540 1248 cum
599 1194 754 1248 Deus
800 1190 938 1262 plus
987 1187 1211 1244 meritis
1253 1205 1439 1260 quam
1487 1186 1786 1260 prwcibus
1834 1184 2049 1249 faveat,

398 1282 566 1338 novit
594 1285 798 1338 tamen
823 1280 983 1335 idem
1011 1278 1291 1334 abdicare
1313 1275 1895 1343 congeminationem
1921 1289 2051 1346 pre-

399 1371 734 1441 caminum,
765 1383 953 1442 quam
1002 1382 1126 1422 non
1165 1366 1339 1436 juvat
1385 1366 1645 1436 dignitas
1677 1364 2048 1420 meritorum.

401 1458 650 1528 Idcirco,
681 1457 944 1513 dominae
975 1471 1146 1523 meae,
1181 1471 1416 1528 sponsae
1443 1453 1672 1520 Christi,
1693 1453 1743 1508 si
1758 1453 2048 1508 hactenus

403 1545 740 1602 sustinendi
761 1544 1080 1618 praemium
1106 1544 1446 1616 sponsionis
1474 1548 1680 1598 vestrae
1711 1557 1847 1615 spes
1872 1540 2049 1596 nobis

397 1633 522 1691 ﬁda
555 1634 843 1701 subsistit,
873 1648 1152 1689 enarrare
1171 1632 1409 1703 jubete:
1445 1648 1568 1704 quo
1605 1631 1942 1704 promptius
1973 1629 2052 1685 ad

2176 472 2301 525 tum
2328 471 2644 528 existerent
2668 492 2680 538 ;
2710 490 2781 528 ex
2811 489 2933 545 quo
2960 473 3148 545 pretio
3175 472 3511 544 quidquam
3533 471 3839 528 infantulis

2169 559 2597 633 relinquentes,
2661 567 2850 618 totum
2918 562 3082 618 aliud
3143 561 3452 634 stipendiis
3534 561 3840 635 applicant

2170 661 2501 717 egenorum
2527 670 2540 718 ;
2572 651 2842 708 virorum
2868 667 2939 707 ac
2968 651 3291 707 mulierum
3330 651 3571 707 visitant
3593 665 3836 706 monas-

2169 737 2335 809 teria,
2358 740 2659 812 praecipue
2701 745 2902 796 tamen
2951 739 3303 796 Tabanense
3348 738 3714 806 coenobium,
3765 737 3837 795 de

2166 840 2290 898 quo
2321 828 2542 900 saepius
2572 828 3069 899 memorabimus,
3110 829 3254 900 quia
3301 827 3554 884 summis
3593 842 3834 883 monas-

2165 913 2294 970 ticae
2323 917 2543 987 regulis
2569 917 2896 990 disciplinae
2927 923 3213 974 cunctum
3241 917 3508 974 honestae
3531 917 3709 972 famae
3739 931 3837 971 ru-

2165 1003 2436 1060 moribus
2465 1005 2801 1063 illustrabat
2818 1006 3317 1063 Occiduum.lnde
3339 1005 3572 1062 athletae
3593 1003 3834 1061 fortissi-

2162 1093 2248 1147 mi
2303 1092 2590 1152 hauriunt
2631 1095 3100 1164 documentum;
3159 1095 3298 1151 inde
3325 1094 3590 1151 instituta
3642 1092 3832 1166 perci-

2159 1181 2370 1254 piunt;
2418 1183 2502 1240 ibi
2547 1200 2608 1240 se
2640 1185 2859 1257 poculo
2915 1186 3048 1241 vitce
3101 1184 3382 1258 perennis
3412 1183 3829 1254 ingurgitant;

2159 1269 2243 1326 ibi
2265 1271 2646 1330 sanctissima
2677 1273 3005 1344 Sabigotho
3056 1274 3397 1346 frequenter
3433 1288 3571 1328 cum
3601 1271 3832 1328 ancillis

2159 1360 2260 1416 Dei
2284 1366 2591 1431 moratur;
2614 1364 2787 1421 discit
2815 1364 2898 1420 ibi
2931 1365 3107 1420 totius
3138 1363 3328 1421 sancti
3357 1363 3586 1420 timoris
3619 1362 3830 1418 indus-

2159 1449 2372 1516 triam;
2414 1451 2497 1507 ibi
2520 1452 2830 1522 geminum
2871 1453 3092 1525 pignus
3143 1452 3258 1508 sub
3308 1452 3626 1509 beatarum
3651 1450 3831 1508 tutela

2162 1539 2551 1598 constituunt.

2238 1627 2322 1684 16.
2356 1631 2399 1686 Ο
2457 1631 2756 1703 stupenda
2812 1631 3024 1688 mundi
3055 1630 3437 1701 renuntiatio,
3478 1633 3536 1687 et
3564 1629 3828 1686 admira-

399 1739 665 1796 superna
693 1722 1032 1787 tendamus,
1072 1737 1195 1794 quo
1224 1721 1480 1777 validius
1509 1721 1569 1776 in
1599 1720 1924 1776 certamine
1954 1734 2048 1774 ro-
2080 1736 2126 1790 Β
2160 1715 2296 1772 bilis
2325 1717 2504 1774 ardor
2527 1719 2789 1792 divinus,
2829 1737 2952 1794 quo
2999 1719 3261 1777 ﬁliorum
3308 1719 3555 1776 aﬂ‘cctus
3595 1718 3828 1791 respui-

396 1811 704 1869 boremur.
744 1834 774 1861 »

471 1907 555 1958 13.
591 1905 749 1958 Tunc
787 1916 922 1956 eam
963 1904 1184 1956 sanctae
1211 1900 1472 1970 virgines
1504 1899 1838 1955 caelestium
1871 1898 2050 1954 diffu-

397 1989 563 2045 sione
589 1989 917 2060 gratiarum
947 1988 1232 2044 affatibus
1283 1988 1546 2060 praeditis
1599 1987 2043 2044 demulcentes:

395 2100 424 2128 «ι
451 2078 805 2147 Commoda,
837 2077 1139 2150 inquiunt,
1187 2079 1369 2132 vestri
1409 2077 1634 2132 laboris
1675 2077 1734 2132 in
1777 2077 2043 2132 aethereis

388 2169 668 2242 reposita,
704 2173 969 2241 tempore
999 2168 1337 2224 necessario
1367 2167 1540 2223 vobis
1569 2167 1893 2236 metienda,
1927 2184 2043 2224 ser-

389 2262 529 2314 vata
559 2261 716 2313 sunt.
749 2259 865 2313 Nec
892 2256 1129 2312 labetur
1166 2256 1653 2329 praescriptorum
1695 2271 1925 2312 merces
1962 2256 2042 2312 ad

386 2346 683 2418 praelium,
713 2345 880 2420 quod
925 2345 1084 2416 cogit
1117 2344 1369 2401 athletas
1396 2344 1819 2401 invictissimos
1847 2345 1931 2401 ire
1961 2345 2042 2402 ad

383 2453 660 2509 regnum.
689 2436 1034 2509 Martyrium
1065 2435 1326 2509 denique
1351 2436 1526 2492 vobis
1552 2451 1589 2493 a
1618 2436 2039 2493 constitutione

382 2526 597 2582 mundi
625 2526 906 2583 divinitus
934 2524 1278 2598 praeﬁxum,
1311 2529 1368 2580 et
1399 2524 1891 2597 praedestinatum
1923 2529 2034 2581 est.

382 2615 556 2682 Quod
585 2632 695 2673 vos
719 2619 856 2688 post
877 2615 1194 2688 paululum
1216 2614 1587 2688 impleturas,
1616 2614 1892 2685 congruit
1915 2614 2037 2670 feli-

381 2705 644 2762 cioribus
691 2705 863 2762 solito
907 2703 1235 2761 sanctitatis
1273 2703 1483 2759 studiis
1529 2703 1820 2758 insistere.
1876 2705 2035 2769 Qua-

377 2798 622 2867 propter
643 2793 938 2851 libamina
967 2791 1348 2849 sacerdotum
1372 2791 1683 2848 laboribus
1701 2791 1909 2848 vestris
1937 2807 2032 2848 as-

376 2883 609 2952 ciscite;
665 2881 951 2952 suffragia
1004 2880 1322 2954 implorate
1371 2885 1754 2949 sanctorum;
1807 2880 2032 2953 ubique

374 2987 481 3027 vos
514 2970 794 3044 precibus
825 2969 1210 3026 servientium
1241 2969 1470 3026 Christo
1507 2969 1889 3038 committite;
1921 2985 2030 3025 vo-

2162 1808 2276 1874 tur,
2309 1823 2432 1880 quo
2457 1824 2646 1882 opum
2688 1809 2998 1866 afﬂuentia
3044 1814 3436 1884 repugnatur,
3476 1825 3600 1882 quo
3629 1809 3827 1882 proxi-

2161 1910 2400 1952 morum
2470 1898 2728 1956 dulcedo
2783 1899 3086 1970 refellitur,
3139 1915 3263 1973 quo
3323 1915 3489 1956 mors
3539 1913 3649 1971 pro
3707 1897 3827 1954 vita

2156 1984 2410 2056 eligitur,
2442 2004 2566 2060 quo
2593 1989 2859 2046 labentia
2910 1995 3126 2046 cuncta
3181 1992 3667 2053 contemnuntur,
3703 2003 3824 2060 quo

2153 2072 2369 2130 intuitu
2425 2081 2662 2133 aeternae
2708 2078 3000 2135 felicitatis
3053 2079 3269 2147 vincla,
3330 2079 3546 2145 caedes,
3596 2092 3822 2142 cruces,

2153 2177 2441 2233 carceres,
2469 2166 2720 2224 verbera
2749 2172 2806 2224 et
2838 2174 3134 2225 tormenta
3161 2185 3269 2241 pro
3315 2168 3566 2223 summis
3592 2166 3824 2222 haben-

2150 2256 2247 2310 tur
2279 2254 2542 2312 deliciis!
2576 2260 2704 2315 Una
2731 2258 3030 2331 siquidem
3069 2259 3329 2315 ﬁliarum
3383 2257 3680 2329 octennio,
3708 2256 3825 2312 lus-

2151 2348 2241 2401 tro
2270 2345 2457 2403 altera
2479 2347 2831 2406 ducebatur.
2864 2352 2903 2405 E
2933 2349 3155 2422 quibus
3183 2365 3294 2420 ego
3325 2352 3461 2421 post
3481 2363 3690 2403 necem
3720 2362 3824 2419 pa-

2147 2437 2386 2491 rentum
2453 2436 2750 2494 minorem
2823 2439 3143 2512 reperiens,
3198 2438 3294 2493 vix
3345 2437 3661 2494 tenerrimo
3718 2451 3820 2492 ore

2145 2521 2494 2581 facundiam
2524 2527 2888 2600 exprimens,
2922 2543 3017 2584 me
3053 2529 3079 2568 b
3108 2526 3504 2584 infantissime
3533 2525 3818 2582 abhorta-

2145 2615 2260 2677 tur,
2293 2619 2357 2671 ut
2385 2616 2724 2685 genitorum
2775 2623 2943 2688 gesta
2987 2617 3308 2674 scriberem
3358 2615 3676 2688 proderem
3715 2630 3815 2671 ac-

2144 2704 2262 2773 tus,
2319 2703 2738 2763 elucubrarem
2799 2713 3045 2780 tropaea.
3090 2711 3156 2763 Et
3211 2723 3351 2763 cum
3406 2709 3650 2778 propter
3700 2705 3816 2760 hoc

2140 2791 2290 2864 quid
2345 2793 2424 2848 ab
2495 2811 2566 2851 ea
2634 2796 2909 2852 beneﬁcii
2982 2796 3378 2870 prmstolarer,
3438 2792 3814 2867 exquirerem

2142 2878 2316 2950 (mira
2337 2881 2606 2940 dicturus
2632 2901 2788 2954 sum,
2814 2891 2910 2942 tan
2920 2885 3105 2941 tiliam
3127 2889 3362 2941 aetatem
3388 2882 3529 2940 talia
3549 2881 3813 2954 quivisse

2137 2967 2201 3024 in
2253 2976 2538 3043 promptu
2591 2973 2917 3040 advertere,
2952 2974 3066 3029 nisi
3117 2973 3264 3029 forte
3297 2971 3666 3028 credendum
3717 2969 3808 3041 sit,

374 3059 496 3116 tivo
521 3059 871 3116 veneranda
919 3059 1020 3116 Dei
1059 3059 1398 3116 sanctuaria
1445 3059 1722 3114 discursu
1768 3058 2024 3124 incolite,
2057 3092 2100 3145 ο
2137 3058 2300 3131 quod
2334 3059 2412 3115 ab
2441 3060 2541 3118 illo
2565 3061 2952 3120 imbuebatur
2979 3063 3224 3119 interius
3254 3062 3360 3135 qui
3388 3078 3459 3116 ex
3487 3076 3588 3116 ore
3612 3059 3810 3115 infan-

371 3154 430 3206 et
457 3149 732 3206 omnium
768 3148 1184 3219 religiosorum
1235 3147 1514 3221 inquirite
1557 3149 2023 3205 obsecrationes.

369 3238 522 3304 Quia
541 3238 876 3312 quamlibet
896 3239 1247 3312 praescripta
1270 3238 1445 3294 vobis
1474 3237 1846 3311 quandoque
1869 3238 2027 3295 futu-

371 3342 442 3383 ra
469 3328 588 3382 sint
611 3327 879 3399 praemia,
912 3343 1018 3398 per
1045 3327 1202 3383 hanc
1223 3331 1428 3382 tamen
1469 3326 1827 3382 industriam
1846 3327 2029 3384 veluti

367 3414 742 3486 quibusdam
789 3414 1078 3483 gradibus
1125 3414 1462 3482 innitentes,
1518 3418 1697 3471 tantas
1741 3415 2024 3472 bonitatis

367 3517 570 3559 arcem
583 3517 696 3558 vos
711 3517 922 3558 verum
940 3507 1030 3559 est
1051 3518 1228 3574 posse
1244 3503 1608 3573 contingere,
1627 3508 2025 3577 nostrumque

368 3605 713 3646 sermonem
742 3590 1165 3662 hujuscemodi
1195 3595 1422 3648 certum
1449 3607 1612 3658 esse;
1644 3592 1865 3648 indicio
1887 3608 2025 3650 con-

364 3683 666 3748 testantes,
714 3679 961 3736 instanti
1007 3678 1180 3736 vobis
1228 3680 1572 3746 certamine,
1633 3680 2022 3736 adhaesurum

362 3769 772 3827 contuberniis
816 3769 1026 3826 vestris
1056 3769 1420 3826 ccenobitam
1451 3781 1474 3808 α
1504 3773 1779 3823 nostrum
1827 3770 2018 3825 mitte-

359 3877 519 3926 mus,
597 3860 702 3933 qui
764 3860 1084 3917 vobiscum
1135 3859 1346 3932 palma
1403 3859 1700 3931 potiturus
1749 3860 2019 3930 martyrii

362 3949 592 4006 coalitus
621 3950 937 4007 ordinatus
969 3954 1075 4006 est.
1110 3973 1138 3999 »

435 4042 518 4093 14.
547 4040 690 4094 Post
721 4040 880 4095 hanc
909 4039 1206 4095 visionem
1253 4037 1442 4093 oculis
1477 4036 1759 4092 intuentis
1790 4036 2014 4093 abduc-

359 4131 504 4193 tam,
543 4127 957 4182 vehementius
989 4131 1170 4183 tantae
1199 4126 1284 4181 rei
1313 4125 1605 4181 miraculo
1633 4125 1812 4182 beata
1845 4127 2010 4184 Sabi-

358 4214 542 4284 gotho
567 4215 646 4269 ad
675 4213 1042 4286 perﬁcienda
1062 4213 1220 4270 bella
1241 4213 1474 4270 Domini
1492 4215 1840 4270 concitatur.
1868 4217 2011 4280 Quae

355 4318 502 4358 mox
529 4301 773 4358 hilarior
818 4318 850 4358 e
906 4318 1119 4358 somno
1175 4319 1531 4374 exsurgens,
1589 4308 1770 4374 auget
1825 4320 2011 4376 opera

356 4390 708 4458 sanctitatis,
768 4391 1042 4460 fragilem
1093 4390 1172 4447 ad
1219 4407 1491 4464 pugnam
1538 4392 1709 4461 erigit
1773 4407 2005 4463 sexum,

356 4495 742 4552 supernoque
788 4496 1038 4536 munere
1080 4479 1236 4536 vires
1279 4480 1358 4536 ad
1407 4481 1761 4538 certandum
1809 4497 2006 4538 corro-

351 4569 545 4626 borat.
577 4569 726 4626 Hinc
745 4570 875 4642 jam
904 4569 1194 4626 tiduciata
1239 4585 1345 4642 spe
1387 4570 1638 4625 ﬁrmiori
1667 4570 1864 4626 virum
1912 4572 2004 4627 in-

350 4657 640 4728 formans,
673 4660 923 4716 omnino
964 4659 1211 4716 terrenis
1255 4659 1393 4715 exui
1441 4659 1668 4726 edocet,
1715 4660 2005 4732 quoniam

350 4764 388 4806 a
433 4749 728 4822 principio
780 4749 996 4806 mundi
1052 4748 1392 4804 coelestibus
1451 4748 1710 4805 dedicati
1759 4749 2002 4822 militiis,

349 4841 632 4894 continuo
675 4842 812 4910 post
846 4837 1159 4894 victoriam
1191 4835 1468 4892 coelicolis
1512 4837 2000 4896 admiscerentur.

424 4932 507 4981 15.
542 4927 688 4982 Hinc
710 4928 904 4996 magis
926 4926 1242 4996 magisque
1261 4925 1494 4981 lruendi
1513 4926 1923 5000 Redemptore,
1948 4933 2004 4985 et

347 5013 588 5085 collegis
604 5016 825 5071 sanctis
837 5014 1025 5084 ignito
1035 5013 1331 5070 desiderio
1343 5015 2002 5085 contlagrati,natorum

347 5107 777 5174 postponentes
793 5104 1098 5174 ati'ectum,
1112 5104 1710 5177 spernuntquidquid
1728 5107 2002 5163 mundia-

343 5191 416 5248 lis
436 5189 700 5264 peritura
715 5191 944 5265 species
960 5191 1238 5248 continet.
1261 5193 1477 5249 Omnia
1491 5192 1852 5264 distrahunt,
1866 5211 2000 5251 ven-

413 5383 435 5409 α
467 5369 786 5438 Georgium
814 5368 1100 5438 intelligit.
1134 5370 1219 5426 Ita
1243 5374 1397 5427 recte
1427 5372 1622 5428 Schot.

412 5441 438 5478 ι)
470 5442 562 5496 Sic
584 5440 901 5496 ediderunt
917 5439 1158 5498 Morales
1181 5446 1236 5497 et
1261 5443 1563 5511 Scliottus;
1587 5443 1692 5498 sed
1716 5443 1995 5500 Sollerius

340 5512 770 5583 instantissime
799 5511 954 5579 legit.
991 5511 1308 5567 lnfantium
1352 5515 1814 5583 infantissimus,
1849 5515 1997 5569 dixit

341 5582 620 5636 Paulinus
637 5583 840 5665 ﬁola‘n.
867 5585 1036 5665 epist.
1064 5586 1206 5652 12(Α
1223 5587 1260 5639 ι.
1286 5590 1344 5665 21
1363 5582 1492 5665 ),n.‘
1506 5591 1558 5652 5,
1585 5592 1639 5640 et
1665 5587 1994 5665 ιἠζζιηίίδείς

338 5668 500 5707 mum
539 5670 601 5727 se
637 5655 989 5712 Prudentius
1027 5661 1338 5727 nuncupat
1377 5655 1437 5711 in
1477 5657 1708 5727 hymno
1737 5658 1992 5714 Romani

335 5725 637 5796 martyris,
653 5742 838 5798 quam
865 5743 1076 5784 vocem
1091 5725 1706 5798 ineldqucntiss'imum
1719 5728 1989 5798 magistri

2139 3146 2308 3211 tium,
2351 3153 2408 3205 et
2454 3149 2797 3208 lactentium
2849 3153 3078 3225 perlicit
3107 3151 3350 3206 laudem
3393 3165 3568 3206 suam
3618 3149 3805 3220 [PsaL

2137 3251 2256 3305 vm,
2283 3238 2410 3309 3]):
2461 3240 2824 3311 lmpetrabo,
2856 3240 3068 3312 inquit,
3099 3243 3290 3312 pater,
3323 3238 3426 3295 tibi
3476 3253 3513 3292 a
3553 3237 3807 3293 Domino

2134 3325 2516 3396 paradisum.

2206 3415 2292 3469 17.
2348 3415 2572 3472 Verum
2630 3417 2776 3490 quia
2823 3416 3186 3490 competenti
3237 3415 3574 3479 occasione,
3610 3413 3806 3484 gratia

2131 3501 2463 3560 disserendi
2495 3506 2853 3578 parvitatem
2885 3506 3340 3576 infantularum,
3371 3503 3690 3577 paululum
3721 3502 3801 3560 ab

2131 3591 2340 3649 ordine
2366 3594 2591 3650 directo
2620 3596 3001 3664 recessimus,
3031 3611 3154 3668 quo
3203 3610 3331 3651 rem
3382 3593 3602 3650 scilicet
3640 3595 3802 3665 post-

2129 3694 2432 3740 novenum
2475 3685 2741 3755 martyrii
2773 3700 2984 3740 eorum
3012 3700 3284 3740 mensem
3324 3687 3626 3755 patratam
3655 3681 3800 3738 sub-

2122 3771 2534 3840 jungeremus,
2584 3789 2744 3828 nunc
2795 3789 3148 3829 azrumnosze
3192 3779 3252 3828 et
3306 3772 3420 3827 sub
3471 3769 3797 3826 mundanis

2127 3859 2328 3915 adhuc
2388 3859 2675 3915 molestiis
2721 3861 3019 3918 laboranti
3087 3861 3451 3916 inseruimus
3507 3860 3792 3915 historiae.

2124 3950 2253 4003 Non
2278 3963 2391 4002 nos
2421 3948 2640 4004 obinde
2662 3949 2923 4006 fraterna
2946 3951 3238 4006 infamare
3264 3949 3453 4024 debet
3471 3949 3796 4020 reprehen-

2142 4037 2254 4105 sio,
2276 4037 2796 4111 undeculpabiles
2822 4041 2993 4108 argui
3022 4055 3144 4095 non
3173 4055 3450 4095 veremur
3469 4053 3507 4094 a
3539 4036 3796 4093 Domino

2121 4128 2236 4181 Nec
2261 4126 2458 4182 obstat
2490 4127 2718 4198 ultimo,
2751 4144 2830 4184 an
2862 4129 3066 4201 priori,
3097 4128 3373 4184 mediove
3403 4127 3790 4203 locozveritas

2119 4215 2473 4272 disseratur:
2506 4217 3007 4289 quandoquidem
3031 4217 3292 4273 veritatis
3344 4219 3607 4272 assertor
3655 4215 3792 4270 nul-

2117 4303 2350 4360 latenus
2396 4305 2812 4362 benedictione
2867 4307 3156 4378 privatur.
3193 4305 3416 4362 Idcirco
3457 4321 3487 4360 e
3537 4304 3789 4374 vestigio

2117 4394 2492 4466 repedantes,
2526 4395 2604 4451 ad
2629 4394 2859 4468 reliqua
2908 4395 3226 4452 beatorum
3257 4393 3586 4451 studiosius
3619 4397 3790 4463 gesta

2113 4481 2426 4540 referenda
2450 4500 2784 4540 curramus.

2189 4576 2272 4628 18.
2300 4573 2450 4628 Cum
2489 4588 2632 4643 ergo
2661 4573 2868 4630 intenti
2912 4572 3274 4641 coelestibus,
3316 4572 3484 4627 omni
3511 4574 3785 4643 tempore

2112 4659 2346 4731 vigiliis,
2364 4661 2757 4728 orationibus,
2776 4661 3200 4734 eleemosynis,
3215 4665 3272 4716 et
3284 4659 3528 4731 jejuniis
3550 4659 3785 4714 incum-

2111 4747 2346 4822 berent(
2352 4749 2690 4822 frequenter
2705 4755 2906 4807 tamen
2920 4766 3182 4822 superno
3195 4749 3386 4805 sidere
3408 4748 3470 4804 in
3501 4747 3783 4804 cubiculo

2113 4853 2384 4910 suo,quo
2422 4840 2538 4895 ista
2567 4839 3038 4910 meditabantur,
3057 4838 3316 4911 respersi
3339 4841 3496 4904 sunt,
3526 4836 3683 4894 adeo
3716 4840 3784 4892 ut

2109 4927 2912 4999 illapsumjubaraathereum
2925 4945 3167 4983 omnem
3185 4926 3496 5000 praesentis
3515 4925 3780 4998 speciem

2109 5016 2421 5073 luminaris
2465 5018 2875 5091 interpollans,
2907 5018 3219 5074 horridum
3267 5033 3396 5073 esse
3444 5016 3632 5073 chaos
3685 5017 3781 5071 sui

2110 5109 2561 5180 comparatione
2591 5107 2891 5165 autumari
2912 5107 3347 5180 compelleret);
3378 5105 3597 5161 divinis
3618 5120 3778 5177 saepe

2109 5196 2572 5253 revelationibus
2593 5197 2937 5267 eriguntur:
2967 5196 3247 5252 fruuntur
3269 5192 3585 5267 colloquiis
3612 5208 3774 5265 ango

2107 5379 2243 5431 lson
2262 5375 2324 5431 in
2347 5376 2547 5433 Glosss
2569 5381 2720 5432 acet.
2751 5379 2965 5434 Verum
3007 5392 3118 5433 nec
3149 5373 3381 5433 Paulini
3422 5389 3600 5430 neem

2103 5445 2242 5521 logii
2266 5447 2337 5521 (si
2355 5448 2439 5521 ita
2459 5448 2710 5521 scripsit;
2738 5449 2868 5521 hmo
2889 5464 3026 5504 esse
3058 5464 3231 5521 mens
3257 5446 3510 5502 videtur.
3586 5446 3770 5521 Qua_n

2104 5516 2273 5572 brem
2306 5518 2364 5572 in
2398 5516 2700 5574 Glussfzrz'o
2742 5519 3063 5589 Cangeann
3110 5519 3292 5574 alium
3341 5533 3586 5572 sensum
3727 5516 3766 5570 h

2103 5591 2232 5644 voci
2263 5595 2453 5663 aptari
2486 5591 2767 5663 oportuit,
2801 5593 2972 5645 satim
3003 5591 3075 5644 ad
3111 5589 3534 5661 exponendam
3587 5605 3644 5640 m
3692 5604 3763 5641 en

2105 5676 2166 5714 m
2213 5662 2459 5717 Paulini.
