3960 6378
368 262 476 317 71⁸1

1567 263 1622 317 S.
1668 262 1947 317 EULOGII
1986 262 2305 319 ARCHIEP.
2348 266 2590 321 TOI.ET.

3689 265 3797 320 ’188

368 384 685 457 molyma
712 384 774 439 in
797 386 966 456 parte
990 384 1247 441 Australi
1275 388 1412 441 octo
1438 385 1796 441 milliaribus
1828 385 2028 451 distat,
2058 388 2106 441 Α
2143 402 2265 442 non
2294 405 2553 444 renuens
2582 389 2973 462 sepulturam,
2994 403 3241 444 omnem
3256 389 3495 461 penitus
3526 387 3805 458 genitalis

370 490 511 530 cum
547 471 894 545 quingentis
923 472 1013 543 (ut
1038 472 1170 545 ipse
1213 473 1390 530 nobis
1421 490 1523 531 ore
1569 490 1681 529 suo
1724 473 2032 546 professus

373 568 484 632 est)
512 562 619 637 qui
654 562 716 619 in
746 561 961 619 eodem
992 562 1265 620 ctenobio
1311 564 1710 621 morabantur
1752 563 2033 620 fratribus

373 652 698 715 adunatus,
735 651 851 708 sub
896 650 1155 722 regulari
1197 652 1542 723 magisterio
1575 653 1797 721 deguit.
1842 654 2032 718 Quem

373 739 732 799 venerabilis
773 738 969 797 abbas
996 739 1207 813 David,
1242 742 1372 812 ejus
1400 742 1688 798 ascisterii
1719 746 1862 799 tunc
1893 757 2031 813 pro-

374 833 611 887 curator
658 828 740 887 ob
786 837 812 865 ⁸
857 828 1228 901 stipendium
1273 831 1714 888 monachorum
1773 830 2034 887 Africam

372 918 635 988 mittens,
661 917 714 974 is
742 917 912 975 nullo
958 918 1145 976 modo
1172 922 1259 975 tot
1283 919 1696 989 interiacentia
1741 924 2034 977 terrarum

372 1007 757 1080 mariumque
791 1006 1023 1063 distulit
1047 1007 1249 1064 subire
1271 1008 1645 1076 discrimina,
1676 1009 1901 1081 quibus
1930 1008 2037 1065 uti-

372 1111 491 1169 que
509 1095 928 1153 incunctanter
950 1096 1345 1152 commodum
1368 1113 1622 1153 summae
1641 1096 1873 1154 virtutis
1898 1096 2038 1153 obe-

372 1184 611 1242 dientize
637 1189 890 1242 noverat
912 1185 1262 1258 promereri.
1286 1185 1400 1242 Sed
1424 1202 1563 1243 cum
1588 1186 1812 1243 ibidem
1843 1201 2035 1258 vapu-

371 1273 495 1332 lare
524 1274 797 1347 asperius
825 1273 929 1331 Dei
959 1274 1288 1332 Ecclesiam
1317 1275 1723 1331 incursatione
1750 1281 2035 1347 tyranno-

371 1378 509 1420 rum
537 1363 873 1435 reperisset,
909 1362 1258 1436 Hispaniam
1284 1379 1529 1436 quoque
1554 1380 1785 1431 eorum,
1816 1363 2038 1436 quibus

374 1454 600 1511 missus
637 1451 834 1509 fuerat
864 1451 1165 1523 consultu,
1198 1452 1566 1522 aggreditur.
1599 1456 1738 1510 Erat
1766 1454 1951 1520 enim,
1974 1457 2043 1510 ut

376 1539 495 1611 ipsi
521 1538 599 1596 de
625 1553 698 1597 eo
735 1540 1071 1597 certissime
1102 1541 1598 1613 approbavimus,
1633 1558 1885 1598 summa
1926 1542 2038 1598 hu-

378 1626 666 1699 militatis,
697 1642 1060 1702 magnasque
1081 1628 1453 1686 abstinentiae
1485 1631 1590 1687 vir.
1635 1631 1700 1686 In
1723 1632 1885 1687 omni
1918 1630 2039 1687 elo-

2144 476 2274 541 soli,
2308 478 2705 549 aﬂiniumque
2735 477 3114 534 affectionem
3164 476 3490 549 repulerit?
3520 478 3637 532 Aut
3666 492 3804 549 quae

2142 565 2341 635 potius
2370 566 2504 622 laus
2534 566 2780 623 militem
2814 566 3024 621 Christi
3056 564 3312 627 extollet,
3343 581 3529 637 quam
3554 580 3667 637 pro
3694 566 3807 621 Do-

2144 655 2309 710 mino
2363 659 2638 721 mortem,
2690 670 2800 726 pro
2851 654 2970 711 vita
3017 655 3305 720 animam,
3360 669 3470 725 pro
3516 653 3806 711 cruciﬁxo

2144 758 2417 799 cruorem
2444 744 2681 800 dedisse
2700 747 2725 799 γ
2759 746 2824 799 Ut
2848 744 3054 814 ipsum
3081 749 3237 800 esset
3257 742 3574 799 redhibitio
3605 742 3805 801 famu-

2143 830 2202 897 li,
2236 833 2401 903 quod
2432 834 2654 889 exstitit
2682 832 2931 889 victoria
2959 831 3243 888 cruciﬁxi.

2216 922 2304 975 25.
2349 922 2665 987 Quomodo
2696 926 2897 977 autem
2927 920 3141 976 beatus
3169 920 3441 977 minister
3463 921 3641 977 οωῑυὶ
3671 935 3809 977 san-

2146 1014 2379 1064 ctorum
2434 1010 2883 1079 agglomeralus
2931 1010 3127 1079 fuerit,
3183 1010 3399 1066 melius
3453 1027 3556 1066 ore
3613 1010 3808 1082 ipsius

2148 1099 2338 1153 sancti
2388 1100 2619 1167 Georgii
2675 1100 2977 1155 credimus
3020 1114 3195 1169 posse
3246 1100 3636 1168 innotescere,
3684 1115 3812 1171 quo

2146 1186 2239 1241 vel
2286 1192 2503 1244 nostra:
2554 1188 2831 1244 dictionis
2879 1187 3079 1255 series,
3127 1188 3476 1259 interposito
3527 1188 3813 1260 martyris

2148 1275 2406 1347 eloquio,
2431 1276 2610 1348 quasi
2640 1277 2901 1349 desuper
2936 1276 3373 1333 benedictionis
3403 1276 3529 1333 sale
3559 1276 3810 1333 condia-

2148 1368 2259 1430 tur,
2282 1363 2369 1419 vel
2393 1364 2774 1435 praastantius
2804 1363 3237 1420 commercium
3260 1379 3382 1418 suae
3412 1365 3812 1421 connexronis

2150 1469 2287 1509 cum
2318 1456 2544 1511 caeteris
2595 1455 2818 1511 sanctis
2861 1454 3075 1510 eodem
3128 1458 3409 1510 narrante
3439 1454 3809 1511 addiscatur.

2150 1544 2298 1597 Nam
2329 1547 2385 1596 et
2414 1542 2559 1613 ipsis
2590 1542 2823 1609 diebus,
2852 1542 3075 1613 quibus
3107 1558 3230 1598 una
3273 1558 3412 1597 cum
3442 1542 3665 1599 sanctis
3707 1541 3816 1598 ha-

2148 1630 2277 1686 buit
2303 1632 2843 1701 conversationem,
2879 1647 2989 1687 sua
3018 1646 3088 1688 ac
3134 1631 3557 1701 praedictorum
3587 1635 3819 1703 marty-

380 1715 526 1789 quio
554 1732 689 1783 suo,
716 1716 897 1789 dicto,
929 1720 1110 1791 atque
1137 1733 1429 1790 responso
1459 1718 1638 1776 timor
1689 1718 1923 1775 Domini
1952 1734 2041 1774 re-
2073 1743 2113 1796 Β
2151 1735 2286 1775 rum
2312 1724 2480 1790 gesta
2508 1719 2671 1776 brevi
2703 1720 2843 1776 satis
2867 1718 3020 1790 stylo
3042 1734 3373 1792 exponens,
3404 1719 3614 1776 ultimo
3638 1719 3820 1776 nobis

382 1804 643 1863 sonabat
669 1824 687 1875 ς
717 1805 887 1862 ocius
918 1820 1161 1879 semper
1183 1805 1260 1862 de
1299 1821 1453 1879 puro
1480 1807 1676 1864 cordis
1706 1808 1868 1864 fonte
1898 1808 2038 1864 cha-

377 1893 613 1952 ritatem
671 1893 1055 1962 exhauriens,
1082 1893 1292 1951 favum
1338 1894 1670 1952 dilectionis
1702 1896 2037 1968 promebat.

378 1980 750 2040 Prmdicabat
797 1982 1056 2040 cmlestis
1108 1983 1388 2042 desiderii
1439 1984 1865 2057 requirendam
1912 2001 2042 2042 esse

377 2070 942 2145 compunotionem;
972 2070 1334 2131 mortiﬁcare
1365 2087 1506 2130 cum
1535 2073 1691 2131 vitiis
1739 2076 1797 2131 et
1825 2089 2044 2131 concu-

376 2158 684 2233 piscentiis
698 2159 982 2217 membra
995 2159 1271 2231 jubebat,
1296 2160 1439 2220 utin
1463 2161 1791 2220 adventum
1808 2163 2047 2221 Domini

377 2246 642 2308 recidiv'o
666 2249 957 2308 virtutum
978 2249 1247 2309 animata
1272 2250 1498 2323 vigore,
1525 2251 1879 2324 gloriosiora
1901 2269 2042 2311 cum

376 2338 512 2411 ipso
566 2342 946 2412 apparerent.
991 2341 1077 2396 ita
1133 2339 1337 2396 sobria
1388 2340 1675 2413 praeditus
1734 2342 2044 2400 sanctitate

375 2427 573 2498 justus
600 2427 809 2499 videri,
826 2427 923 2485 vel
941 2427 1061 2485 dici
1078 2428 1335 2486 nimium
1362 2430 1704 2488 recusabat.
1724 2431 2042 2489 Jucundus

379 2516 737 2587 admodum,
758 2517 989 2585 hilaris,
1015 2517 1350 2585 modestus,
1375 2524 1431 2577 et
1458 2520 1787 2589 abstinens,
1815 2522 1900 2579 sic
1922 2526 2044 2579 ute-

378 2607 561 2665 batur
587 2607 820 2666 mundo
846 2612 1141 2680 tanquam
1169 2623 1294 2665 non
1325 2612 1604 2666 uteretur.
1641 2614 1707 2667 Et
1735 2627 1874 2670 cum
1894 2612 2046 2670 forte

382 2695 647 2754 fraterna
673 2695 1037 2769 impetrante
1065 2696 1352 2755 charitate
1372 2697 1577 2756 cibum
1606 2715 1841 2757 sumere
1868 2716 2044 2772 coge-

381 2788 565 2851 retur,
595 2784 958 2857 epulabatur
1001 2786 1263 2858 parcius,
1295 2786 1541 2845 bibebat
1572 2788 1791 2859 sobrie,
1824 2794 1888 2846 ut
1914 2806 2044 2847 ma-

383 2872 478 2944 gis
524 2872 933 2932 abstinentem
986 2874 1293 2945 judicares
1322 2892 1509 2949 quam
1542 2882 1899 2936 vescentem.
1933 2880 2044 2936 Me-

382 2977 519 3020 rum
553 2978 714 3034 aqua
770 2962 979 3020 tandiu
1029 2964 1423 3036 temperabat,
1456 2982 1649 3039 usque
1680 2966 1829 3024 dum
1884 2968 2045 3026 color

380 3051 742 3151 inﬁceretur,
773 3067 957 3151 sapor
1005 3052 1273 3151 abesset.
1297 3054 1595 3151 insipidus
1640 3072 1917 3151 namque
1946 3058 2043 3115 ille
2075 3095 2115 3151 Ο

380 3145 592 3212 gustus
619 3140 724 3213 (ita
750 3141 1068 3215 referebat)
1096 3158 1210 3201 nec
1256 3143 1463 3201 bibere
1506 3146 1783 3215 nimium,
1815 3162 1928 3203 nec
1958 3150 2042 3204 te-

377 3230 600 3288 mulari
628 3232 945 3290 convivam
973 3234 1217 3305 patitur.
1239 3233 1517 3292 Crebrius
1555 3236 1633 3291 ad
1665 3237 2042 3293 exorandum

378 3319 673 3388 currebat,
702 3320 990 3391 vigilabat
1034 3322 1353 3391 attentius;
1387 3323 1609 3396 saepius
1666 3325 1845 3381 corde
1889 3325 2043 3382 divi-

376 3424 529 3467 num
581 3424 829 3466 carmen
873 3409 1303 3479 meditabatur,
1349 3411 1709 3485 dicebatque
1743 3430 1756 3468 :
1788 3415 2040 3471 Benedi-

378 3513 512 3556 cam
541 3499 796 3555 Domino
826 3499 889 3555 in
932 3501 1096 3555 omni
1141 3505 1423 3569 tempore.
1466 3516 1698 3571 semper
1748 3505 1880 3559 laus
1914 3506 2041 3572 ejus

376 3588 444 3643 in
469 3601 573 3643 ore
600 3600 726 3642 meo
754 3586 940 3656 (Psal.
962 3602 1167 3649 xxxiii,
1195 3587 1272 3658 2).
1328 3591 1394 3645 Et
1422 3605 1563 3646 cum
1608 3591 1786 3646 variis
1816 3591 2039 3660 linguis

377 3674 604 3749 peritus
625 3674 951 3742 exsisteret,
975 3677 1179 3734 Graeca
1199 3675 1440 3744 scilicet,
1458 3677 1683 3745 Latina,
1702 3684 1884 3751 atque
1902 3684 2042 3737 Ara-

375 3764 537 3835 bica,
566 3780 679 3823 nec
715 3764 1206 3838 qualemcunque
1252 3764 1465 3823 saltem
1495 3770 1740 3837 propter
1766 3768 1879 3824 has
1912 3767 2040 3836 glo-

374 3853 531 3912 riam
560 3853 880 3912 aﬂ'ectavit.
909 3857 959 3910 Α
987 3854 1083 3911 die
1112 3869 1239 3928 qua
1285 3854 1724 3911 monasterium
1773 3855 1956 3925 petiit,
1985 3861 2041 3912 et

377 3942 727 4002 cohortibus
747 3943 1190 4001 monachorum
1204 3942 1430 4001 accitus
1450 3947 1540 4001 est
1561 3958 1754 4015 usque
1774 3942 1855 4000 ad
1875 3958 2041 4000 coro-

374 4045 521 4089 nam
543 4030 815 4103 martyrii
832 4031 927 4088 sui
946 4031 1037 4102 (ut
1049 4032 1179 4104 ipse
1193 4030 1565 4104 quibusdam
1587 4032 1868 4089 secretius
1887 4036 2041 4090 retu—

374 4118 462 4189 lit)
485 4134 597 4178 nec
618 4118 779 4176 lotus
813 4133 1000 4191 aqua,
1027 4134 1140 4177 nec
1162 4118 1398 4176 balneis
1424 4136 1570 4175 usus
1616 4125 1721 4177 est.
1758 4122 2037 4187 Quandiu

372 4205 698 4264 nobiscum
745 4209 1135 4265 conversatus
1191 4211 1304 4278 est,
1330 4208 1477 4265 nulli
1524 4210 1731 4268 omnia
1761 4211 2033 4269 ordinem

375 4311 559 4352 suum
586 4292 887 4365 revelavit,
913 4295 1032 4351 nisi
1057 4311 1199 4353 cum
1218 4296 1351 4369 jam
1383 4312 1619 4355 carcere
1648 4299 2031 4358 detineretur.

445 4387 534 4444 24.
577 4386 1032 4443 Commentatus
1081 4389 1171 4444 est
1210 4385 1520 4458 fratribus,
1560 4404 1648 4459 ac,
1677 4389 2033 4462 propinquis

374 4473 518 4541 suis,
558 4471 917 4546 cunctisque
965 4474 1172 4547 patriae
1223 4490 1350 4532 suae
1397 4476 1630 4533 civibus
1657 4478 1736 4548 (5)
1762 4477 2033 4549 martyrii

373 4563 467 4622 sui
491 4561 884 4629 breviarium,
904 4563 1074 4637 quod
1093 4563 1244 4623 mihi
1268 4580 1455 4623 causa
1479 4566 1818 4639 expoliendi
1848 4572 2035 4624 trans-

370 4653 563 4724 misit;
598 4668 676 4711 ne
724 4651 1004 4711 incultior
1027 4668 1226 4712 sermo
1254 4653 1439 4712 ﬁdem
1470 4655 1558 4712 rei
1582 4660 1787 4726 gestae.
1809 4656 2034 4729 quibus

369 4742 738 4813 mittebatur,
794 4742 1108 4801 adimeret.
1161 4742 1250 4801 lbi
1299 4745 1362 4800 in
1416 4744 1711 4817 principio
1752 4744 2033 4802 dictionis

370 4848 520 4902 suae,
572 4831 946 4889 monachum
994 4847 1058 4888 se
1105 4835 1286 4905 atque
1326 4832 1570 4889 levitam
1605 4835 1730 4889 fore
1787 4839 2032 4890 testatus

369 4924 479 4978 est.
518 4923 736 4978 Verum
780 4921 931 4995 quid
960 4935 1119 4996 opus
1171 4924 1263 4977 est
1304 4937 1649 4978 sermonem
1692 4922 1753 4977 in
1783 4922 2030 4994 longum

367 5008 717 5082 protrahere
740 5009 769 5066 ?
837 5008 1019 5075 Quasi
1072 5023 1197 5067 non
1266 5026 1571 5067 summam
1641 5012 2031 5069 reverentiam

368 5096 501 5154 vitae
528 5095 791 5154 hominis
816 5096 919 5155 Dei
944 5098 1313 5171 martyrialis
1344 5114 1521 5155 cruor
1546 5099 1847 5167 adhibeat,
1883 5116 2030 5173 prae-

368 5184 572 5243 sertim
623 5198 766 5241 cum
810 5189 1080 5257 quantus
1128 5191 1186 5243 et
1226 5187 1424 5259 qualis
1471 5188 1755 5243 exstiterit
1784 5190 2028 5260 ;etfusus

365 5277 615 5350 propter
635 5272 930 5347 justitiam
983 5274 1086 5332 Dei
1113 5275 1242 5349 ipse
1273 5276 1403 5347 ejus
1461 5276 1821 5348 martyrialis
1854 5292 2029 5335 cruor

365 5364 645 5433 insinuet,
685 5367 744 5422 et
767 5363 937 5438 quod
973 5364 1327 5437 peregrinus
1381 5365 1615 5422 mundo
1648 5366 2024 5438 peregrinam

436 5516 461 5542 ³
485 5508 659 5581 Recte
687 5506 966 5564 Sollerius
990 5524 1002 5563 :
1038 5510 1163 5581 Non
1188 5507 1362 5564 video
1379 5506 1631 5581 intelligi
1662 5507 1821 5564 aliud
1848 5524 2025 5581 posse

365 5592 555 5649 quam
584 5579 988 5650 eleemosynas
1030 5578 1109 5635 ad
1154 5578 1597 5636 monachorum
1645 5578 2025 5636 sustentatio-

264 5712 267 5715 λ
364 5662 532 5734 nam,
559 5664 694 5734 quge
716 5649 815 5708 hic
841 5649 1205 5734 Stipendium
1234 5650 1592 5734 appellatur.

438 5730 466 5770 δ
492 5720 664 5786 Quod
688 5736 797 5793 per
826 5736 995 5781 mare
1024 5736 1100 5782 ex
1126 5720 1411 5783 Africam
1442 5737 1578 5782 eam
1604 5722 1920 5794 trajecerit,
1942 5723 2025 5781 ita

2152 1808 2611 1880 comprobanda
2638 1808 2870 1865 direxit.
2893 1812 2975 1864 Ex
2996 1809 3169 1879 cujus
3195 1808 3367 1865 dictis
3387 1825 3459 1865 ea
3478 1808 3618 1864 huic
3646 1810 3817 1881 operi

2151 1897 2474 1954 inserenda
2501 1897 2867 1966 curavimus,
2888 1912 3027 1968 quae
3043 1897 3123 1954 ad
3143 1896 3574 1954 insinuaudam
3601 1913 3815 1954 eorum

2151 1985 2638 2056 conjunctionem
2671 1986 2811 2042 satis
2846 2001 2977 2040 esse
3007 1985 3415 2058 praevidimus.
3464 1988 3688 2043 Caetera
3728 2003 3817 2042 ve-

2149 2089 2238 2142 ro,
2285 2088 2422 2145 quae
2474 2077 2609 2145 post
2657 2072 2957 2129 defectum
3002 2087 3357 2129 sermonum
3406 2072 3560 2130 servi
3598 2074 3702 2129 Dei
3730 2090 3819 2129 se-

2151 2166 2438 2235 quuntur,
2489 2177 2602 2218 nos
2639 2160 2909 2230 obtentu,
2958 2176 3083 2233 quo
3137 2161 3455 2233 coepimus,
3503 2161 3819 2233 indagavi-

2151 2267 2308 2307 mus.
2345 2250 2540 2322 lnquit
2566 2256 2769 2306 autem
2796 2250 2912 2305 hoc
2943 2250 3127 2306 modo
3152 2268 3165 2306 ;

2224 2363 2252 2391 «
2296 2343 2359 2396 In
2389 2339 2635 2397 nomine
2663 2339 2871 2406 Patris,
2912 2345 2970 2396 et
3017 2339 3162 2404 Filii,
3199 2345 3257 2396 et
3301 2340 3551 2413 Spiritus
3600 2342 3811 2398 sancti.

2154 2429 2455 2485 Universae
2488 2428 2795 2485 catholicas
2818 2428 3091 2485 Ecclesiae
3122 2444 3159 2486 a
3186 2444 3285 2485 me
3314 2429 3566 2500 indigno
3594 2435 3652 2487 et
3682 2446 3816 2503 pec-

2154 2524 2353 2573 catore
2393 2516 2644 2587 Georgio
2696 2517 2999 2573 monacho
3028 2532 3266 2574 necnon
3295 2522 3353 2573 et
3377 2517 3656 2586 diacono,
3692 2521 3813 2576 l‘ra-

2154 2610 2239 2663 tre
2268 2610 2325 2662 et
2349 2604 2580 2676 collega
2610 2620 2922 2662 servorum
2947 2605 3047 2662 Dei
3078 2605 3342 2662 filiorum
3383 2607 3573 2663 sancti
3600 2606 3818 2664 Sabbas

2155 2696 2625 2768 quingentorum
2651 2693 2917 2749 virorum
2946 2693 3276 2766 perfectam
3303 2694 3366 2750 in
3392 2695 3647 2753 Domino
3672 2696 3817 2753 Jesu

2157 2783 2384 2840 Christo
2412 2782 2687 2840 salutem.
2720 2782 3095 2853 Cognoscite,
3127 2798 3164 2839 o
3192 2782 3403 2839 fratres
3454 2783 3816 2854 charissimi,

2154 2872 2465 2929 introitum
2511 2888 2716 2929 meum
2764 2872 2825 2928 in
2858 2872 3210 2944 Hispaniam
3237 2872 3387 2929 nihil
3416 2871 3580 2930 aliud
3603 2872 3814 2943 fuisse,

2155 2961 2269 3017 nisi
2298 2960 2491 3032 gratia
2516 2960 2795 3034 stipendii
2823 2960 3005 3017 vestri
3030 2960 3395 3033 requirendi,
3440 2961 3545 3035 qui
3577 2962 3696 3018 sub
3725 2978 3818 3020 ar-

2154 3051 2419 3108 ctissima
2461 3050 2689 3122 regula,
2737 3055 2793 3106 et
2839 3049 3128 3120 regimine
3178 3050 3368 3107 sancti
3415 3051 3601 3124 patris
3627 3052 3816 3109 David

2156 3142 2582 3214 Hierosolymis
2630 3141 2892 3211 degistis.
2924 3145 2971 3197 Α
3014 3140 3236 3213 quibus
3261 3141 3519 3197 Africam
3565 3141 3815 3208 missus,

2154 3231 2439 3305 deinceps
2464 3232 2524 3287 in
2557 3229 2879 3302 Hispanias
2912 3230 3328 3299 commigravi.
3376 3231 3489 3287 Sed
3539 3231 3698 3288 hanc
3727 3231 3816 3303 ip-

2153 3336 2282 3379 sam
2314 3317 2341 3357 ¹³
2369 3330 2391 3356 °
2419 3320 2684 3377 insulam
2711 3320 2735 3354 ά
2767 3319 2947 3376 nimis
2974 3317 3260 3376 afﬂictam
3305 3320 3626 3391 reperiens,
3661 3321 3815 3391 ccepi

2154 3409 2617 3479 cogitationibus
2648 3408 2828 3466 variis
2855 3413 3130 3471 aestuare,
3156 3412 3220 3464 ut
3243 3414 3345 3465 aut
3374 3408 3686 3481 proprium
3719 3424 3812 3465 so-

2151 3499 2278 3554 lum
2324 3500 2668 3565 reviserem,
2702 3503 2807 3554 aut
2852 3512 3039 3568 regna
3084 3498 3579 3564 Christianorum,
3612 3498 3674 3555 id
3726 3504 3817 3556 est

2155 3588 2459 3644 Franciam
2494 3593 2779 3661 peterem.
2828 3590 2895 3641 Et
2935 3602 3075 3642 cum
3117 3587 3426 3659 proximos
3455 3592 3512 3643 et
3539 3588 3816 3644 charissi-

2154 3692 2287 3732 mos
2315 3692 2497 3748 super
2523 3676 2642 3731 hac
2666 3691 2728 3730 re
2760 3675 3158 3743 consulerem,
3186 3676 3462 3733 nonnulli
3489 3692 3815 3748 peragrare

2146 3764 2459 3834 jubebant,
2490 3763 2761 3836 plerique
2788 3763 2867 3818 ad
2894 3762 3238 3819 coenobium
3268 3780 3474 3821 meum
3519 3770 3814 3822 revertere
3886 3756 3889 3761 λ

2151 3852 2465 3920 cogebant.
2512 3851 2654 3906 Hinc
2706 3850 2861 3905 velut
2913 3850 3135 3906 dubius
3164 3852 3402 3908 diverso
3446 3855 3814 3925 praepeditus

2152 3944 2426 4004 tractatu,
2476 3940 2572 3995 cui
2621 3955 2717 3994 me
2768 3939 2965 4011 primo
3005 3940 3351 4009 cogitationi
3375 3942 3809 4005 submitterem,

2148 4030 2513 4086 nesciebam.
2544 4030 2805 4097 Pergens
2839 4032 3040 4085 autem
3071 4028 3147 4085 de
3192 4030 3473 4087 Corduba
3508 4032 3587 4087 ad
3617 4032 3810 4090 Taba-

2147 4135 2333 4176 nense
2382 4118 2742 4185 czenobium,
2774 4133 2897 4191 quo
2935 4117 3188 4176 fratrum
3221 4124 3277 4175 et
3330 4136 3606 4177 sororum
3628 4122 3811 4178 bene-

2145 4210 2324 4265 dictio
2368 4209 2477 4265 iter
2530 4222 2733 4264 meum
2789 4208 3193 4277 comitaretur,
3245 4209 3394 4265 dixit
3438 4210 3585 4266 mihi
3614 4210 3812 4267 abbas

2146 4298 2243 4355 ille
2286 4297 2590 4364 Martinus,
2652 4299 2709 4352 et
2758 4311 2930 4355 soror
2982 4298 3113 4368 ejus
3158 4297 3409 4355 domina
3462 4299 3805 4356 Elisabeth:

2151 4386 2320 4457 Veni,
2352 4385 2548 4454 frater,
2578 4390 2635 4442 et
2672 4384 2877 4457 accipe
2918 4384 3400 4443 benedictionem
3428 4387 3661 4443 ancillas
3706 4389 3809 4447 Dei

2148 4474 2589 4545 Sabigothouis.
2628 4475 2770 4539 Quae
2796 4489 2937 4530 mox
2972 4479 3037 4530 ut
3058 4491 3154 4531 me
3168 4475 3382 4532 intuita
3403 4481 3491 4532 est
3515 4494 3528 4528 :
3553 4479 3810 4533 Promis-

2147 4582 2249 4621 sus
2278 4564 2515 4637 (inquit)
2546 4563 2732 4620 nostri
2758 4563 3102 4620 certaminis
3132 4579 3338 4621 comes
3363 4569 3422 4621 et
3449 4564 3680 4636 collega
3708 4566 3809 4623 hic

2146 4655 2483 4711 monachus
2515 4652 2643 4708 erit.

2213 4748 2306 4800 26.
2332 4766 2359 4794 ι(
2379 4745 2501 4811 Ego
2530 4756 2672 4797 vero
2695 4740 2902 4810 agnita
2923 4757 3109 4798 causa
3132 4743 3283 4813 ejus,
3311 4748 3369 4799 et
3390 4744 3622 4799 ratione
3642 4759 3810 4802 com-

2144 4836 2331 4905 perta,
2350 4830 2506 4886 illico
2524 4828 2783 4902 pedibus
2813 4830 2943 4901 ejus
2970 4830 3313 4900 advolutus,
3346 4847 3457 4903 pro
3486 4847 3583 4886 me
3611 4834 3811 4889 Domi-

2140 4937 2290 4978 num
2318 4935 2565 4976 exorare
2591 4919 2820 4987 rogavi,
2848 4925 2910 4976 ut
2939 4920 3188 4976 forsitan
3233 4920 3475 4992 spiritus
3507 4922 3696 4978 sancti
3717 4939 3809 4979 re-

2143 5014 2351 5084 spectu
2368 5009 2711 5075 illustratus,
2731 5008 2809 5063 ad
2826 5024 2897 5065 ea
2913 5025 3049 5081 quae
3065 5009 3165 5065 illa
3179 5008 3662 5083 praestolabatur,
3676 5028 3808 5085 per-

2141 5100 2344 5157 venire
2366 5098 2740 5155 meruissem.
2762 5100 2828 5152 Et
2852 5097 2981 5154 illa:
3010 5098 3174 5154 Unde
3197 5099 3314 5155 hoc
3343 5098 3519 5154 nobis
3544 5100 3802 5171 (inquit),

2141 5192 2332 5261 pater,
2374 5192 2437 5243 ut
2484 5192 2548 5243 tu
2593 5201 2734 5241 cum
2776 5185 3193 5257 peccatoribus
3236 5189 3501 5259 pergas?
3530 5189 3806 5259 Cumque

2138 5276 2354 5333 eadem
2384 5280 2557 5331 nocte
2587 5273 2812 5329 ibidem
2838 5274 3222 5343 mansissem,
3249 5275 3533 5348 apparuit
3560 5274 3709 5330 mihi
3738 5277 3803 5332 in

2140 5365 2370 5421 visione
2391 5365 2582 5420 noctis
2602 5364 2729 5434 ipsa
2756 5363 3112 5420 venerabilis
3139 5364 3354 5421 mulier
3376 5364 3727 5435 Sabigotho,
3745 5370 3805 5422 et

2139 5514 2334 5563 vocat.
2372 5509 2571 5563 SCHOT.

2209 5590 2227 5613 ο
2269 5579 2582 5635 Catacrisis
2613 5578 2850 5634 illorum
2901 5581 3241 5651 temporum
3276 5584 3382 5642 est,
3423 5576 3633 5650 quales
3665 5576 3800 5633 aliis

2135 5650 2456 5723 pleraeque.
2489 5652 2705 5723 MORAL.

2209 5724 2233 5757 ⁸
2267 5722 2493 5787 Soller.,
2528 5722 2721 5776 minis.
