3960 6404
166 261 269 325 789

1249 262 1674 331 MEHORIALIS
1711 260 2156 331 SANOTORUM.
2198 292 2266 309 --
2308 266 2433 331 LIB.
2476 267 2542 323 II.

3508 274 3614 335 190

165 383 373 445 nescio
396 383 564 457 quod
597 399 789 455 genus
831 385 1210 449 odoramenti
1253 387 1670 461 pretiosissimi
1695 385 1842 457 ligni
1872 389 1919 446 Δ
1955 386 2307 459 manebant,
2333 405 2458 463 prae
2504 390 2735 447 foribus
2764 390 3026 457 clamare
3055 397 3401 466 eruperunt;
3434 415 3465 445 ιι
3488 394 3617 455 Exi.

168 472 646 537 accommodans
671 473 984 537 referebat.
1011 474 1192 532 Ditior
1217 492 1290 533 ex
1305 477 1421 535 hoc
1442 476 1585 537 mihi
1610 476 1845 541 thesau-

166 575 270 619 rus
297 563 405 617 est.
445 563 614 619 Mane
653 566 857 623 autem
900 563 1075 635 facto,
1107 564 1537 623 descendimus
1565 564 1751 625 ambo
1781 562 1841 621 in

167 648 471 711 civitatem
529 650 608 715 ad
658 650 851 715 virum
908 668 1087 713 suum
1132 653 1459 723 Aurelium,
1511 652 1839 728 prostravi-

166 754 289 812 Que
320 755 419 799 me
465 739 723 813 pedibus
754 742 911 813 ejus,
942 745 1152 823 petens
1202 742 1280 801 ab
1312 759 1383 805 eo
1411 746 1478 805 ut
1506 746 1704 808 oraret
1733 756 1840 816 pro

169 843 291 896 me,
318 826 487 902 quod
513 828 629 892 illis
657 829 719 886 in
761 830 1052 907 martyrio
1083 830 1282 891 socius
1329 848 1546 891 essem.
1582 831 1695 901 Qui
1725 836 1843 891 sta-

168 916 279 972 tim
316 916 596 991 praebens
627 934 966 988 assensum,
998 921 1219 985 exarsit
1247 922 1309 983 in
1348 937 1446 984 me
1481 921 1639 992 ignis
1669 918 1842 983 caele-

169 1005 277 1061 stis
323 1019 433 1081 per
480 1005 781 1071 orationes
821 1022 1053 1076 eorum,
1087 1011 1145 1074 et
1185 1008 1382 1066 factus
1414 1025 1550 1067 sum
1583 1025 1740 1069 unus
1767 1023 1842 1064 ex

171 1094 325 1165 illis;
380 1097 438 1162 et
484 1111 557 1157 ex
599 1100 742 1157 tunc
794 1113 917 1162 non
963 1115 1099 1163 sum
1130 1098 1210 1161 ab
1252 1099 1338 1159 eis
1361 1102 1699 1174 separatus,
1732 1097 1841 1161 sed

168 1199 385 1251 omnes
413 1185 636 1260 pariter
654 1186 717 1252 in
746 1186 935 1247 domo
959 1188 1150 1253 sancti
1180 1188 1402 1251 Aurelii
1429 1188 1776 1261 congregati
1798 1194 1838 1256 ⁸.

166 1274 482 1332 reddimus
512 1276 765 1333 Domino
793 1293 935 1334 cum
971 1278 1351 1351 jucunditate
1376 1283 1515 1345 vota
1541 1278 1839 1341 laudatio-1

167 1362 283 1420 nis.
318 1364 406 1424 lbi
457 1366 622 1438 apud
669 1366 801 1427 illos
849 1367 1043 1440 reperi
1095 1368 1342 1425 beatum
1395 1368 1649 1427 Felicem
1698 1383 1840 1425 eum

170 1454 430 1531 conjuge
457 1455 835 1515 sanctissima
867 1456 1098 1527 Liliosa,
1131 1457 1237 1531 qui
1262 1461 1319 1516 et
1343 1459 1458 1533 ipsi
1481 1458 1611 1530 jam
1636 1457 1844 1521 omnia

171 1558 281 1600 sua
306 1544 722 1613 vendiderant,
752 1548 808 1613 et
848 1544 994 1605 locis
1041 1547 1286 1617 sanctis,
1320 1563 1428 1609 seu
1469 1547 1841 1623 pauperibus

171 1638 586 1710 erogaverant,
637 1635 830 1709 parati
892 1652 1074 1701 omne
1142 1652 1335 1707 genus
1404 1642 1841 1709 tormentorum

1954 478 2030 543 te,
2061 477 2297 547 miseri;
2358 479 2509 537 exite
2564 480 2843 539 cominus
2890 481 3183 552 morituri,
3227 482 3451 555 quibus
3494 484 3617 545 vita

1951 578 2211 636 praesens
2238 567 2483 624 taedium
2513 573 2623 638 est,
2653 574 2708 627 et
2731 585 2895 633 mors
2924 585 3036 644 pro
3079 571 3269 643 gleria
3306 574 3617 645 computa-

1949 657 2063 717 tur.
2124 658 2207 711 En
2250 656 2437 727 judex
2499 663 2696 727 vocat,
2754 659 2939 725 instat
3000 660 3308 726 decretum
3372 661 3616 725 ulﬁonis

1949 743 2294 816 effundere;
2354 753 2658 816 conterere
2695 749 2819 817 vult
2863 749 3208 815 recedentes
3236 766 3274 811 ει
3316 751 3500 821 cultu,
3526 768 3617 811 re-

1946 832 2126 895 bellia
2150 840 2400 908 paratus
2426 836 2580 899 colla
2625 838 3054 911 praescindere;
3084 840 3315 915 pergite
3341 856 3451 905 vos
3479 856 3614 903 mo-

1947 920 2028 979 do
2049 922 2181 994 jam
2228 923 2500 983 debitum
2551 926 2763 987 mortis
2812 927 3142 1000 exsolvere,
3171 932 3232 991 et
3272 930 3615 993 commissa!

1946 1013 2459 1093 prievaricationis
2488 1016 2852 1089 pendentem
2894 1019 3274 1083 sententiam.
3299 1041 3330 1081 η

2021 1104 2108 1158 30.
2152 1104 2233 1158 Ex
2262 1103 2401 1163 hinc
2430 1104 2541 1160 viri
2585 1120 2726 1162 cum
2766 1106 3119 1165 mulieribus
3167 1107 3291 1177 suis
3329 1107 3509 1189 quasi
3535 1106 3617 1166 ad

1948 1190 2158 1264 epulas
2203 1191 2432 1249 invitati
2481 1193 2855 1277 procedunt;
2885 1195 3118 1267 vadunt
3155 1200 3445 1273 ovantes;
3496 1196 3615 1253 laeti

1947 1279 2264 1357 prosiliunt
2292 1298 2304 1336 :
2337 1286 2582 1355 putares
2608 1299 2711 1340 eos
2734 1284 2866 1357 jam
2899 1284 3065 1359 apud
3088 1285 3357 1359 judicem
3383 1302 3495 1344 sua
3521 1285 3615 1343 in-

1948 1374 2232 1426 venturos
2257 1369 2531 1441 donaria,
2563 1372 2669 1446 qui
2717 1371 2866 1430 nihil
2895 1372 3059 1433 aliud
3086 1366 3311 1432 habere
3339 1377 3618 1448 poterant

1949 1473 2135 1544 quam
2186 1464 2500 1519 tormenta.
2536 1464 2603 1519 Et
2658 1478 2798 1518 cum
2850 1478 2914 1519 se
2966 1464 3253 1544 Georgius
3290 1466 3534 1529 sanctus
3578 1479 3616 1521 a

1950 1546 2239 1605 militibus
2281 1554 2548 1608 cerneret
2585 1566 2709 1609 non
2740 1551 2947 1618 teneri,
2992 1551 3152 1609 illico
3194 1557 3404 1619 sancta
3432 1552 3616 1619 fretus

1951 1637 2209 1695 audacia
2256 1638 2317 1695 in
2362 1639 2892 1713 exprobrationem
2942 1641 3220 1712 lictorum
3252 1657 3613 1712 conversus;

169 1728 419 1797 propter
448 1722 657 1790 Filium
703 1724 803 1785 Dei
842 1729 898 1787 et
927 1725 1311 1793 dilectionem
1343 1728 1473 1800 ejus
1516 1726 1841 1800 suscipere.
1873 1750 1913 1806 Β
1951 1748 1980 1777 ‹‹
2011 1728 2205 1794 Quare
2235 1728 2473 1803 (inquit)
2503 1730 2880 1804 privilegium
2928 1730 3044 1800 hoc
3074 1731 3355 1801 ﬁdelibus
3388 1731 3616 1807 irroga-

176 1812 399 1875 Eadem
428 1814 602 1887 hora,
633 1815 787 1877 exivi
836 1816 915 1879 ab
950 1816 1055 1885 eis,
1084 1821 1141 1882 et
1172 1834 1413 1886 causas,
1441 1817 1664 1892 quibus
1692 1832 1845 1891 praes

170 1900 483 1976 pediebar,
523 1902 586 1967 in
627 1903 796 1967 omni
836 1904 1215 1971 festinatione
1261 1908 1597 1981 composui,
1649 1908 1716 1973 Et
1760 1906 1844 1973 sic

171 1989 423 2057 demum
448 1991 626 2059 valde
666 1993 798 2066 jam
835 1994 1177 2064 roboratus,
1214 1995 1294 2063 ad
1324 2012 1431 2062 eos
1466 1996 1699 2064 reverti.
1732 1996 1843 2064 Qui

169 2079 290 2141 laeti
316 2083 375 2147 et
402 2081 769 2149 exsultantes
794 2082 872 2141 de
890 2083 1086 2149 reditu
1107 2089 1334 2154 nostro,
1354 2085 1582 2156 gratias
1611 2086 1732 2153 Deo
1752 2102 1843 2151 re-

171 2168 391 2239 ferunt,
417 2169 721 2229 dicentes:
780 2173 1035 2241 Scimus,
1068 2172 1248 2232 frater
1291 2174 1665 2244 charissime,
1698 2174 1844 2248 quia

172 2259 464 2316 Dominus
494 2263 550 2316 te
578 2261 741 2318 misit
768 2261 847 2318 ad
872 2277 1005 2320 nos.

241 2352 333 2407 27.
367 2370 397 2398 α
416 2349 559 2406 Post
584 2350 718 2406 haec
746 2367 959 2415 omnes
987 2352 1050 2408 in
1075 2356 1389 2410 communi
1419 2354 1716 2427 capimus
1741 2368 1843 2410 eo-

173 2436 363 2508 gitare
417 2439 732 2511 quomodo
790 2440 871 2508 ad
922 2441 1326 2509 desideratam
1391 2442 1844 2517 perveniremus

172 2541 504 2597 coronam;
556 2532 613 2597 et
661 2527 742 2595 ita
781 2530 1037 2597 Domino
1093 2530 1487 2604 dispensante
1533 2532 1728 2597 visum
1757 2535 1847 2594 est

167 2616 374 2684 nobis,
408 2622 475 2687 ut
521 2623 839 2691 pergerent
888 2636 1125 2688 sorores
1178 2625 1397 2689 nostrai
1444 2626 1520 2692 (ϐ)
1567 2621 1844 2683 revelatis

168 2706 443 2777 vultibus
467 2707 547 2775 ad
568 2708 904 2780 ecclesiam.
936 2711 986 2775 si
1029 2710 1179 2777 forte
1207 2727 1321 2776 nos
1354 2711 1642 2784 alligandi
1667 2712 1843 2774 dare.

168 2800 267 2859 tur
297 2797 559 2866 occasio,
587 2801 645 2861 et
684 2797 769 2863 ita
816 2798 1044 2864 factum
1074 2805 1184 2856 est.
1219 2803 1368 2861 Nam
1406 2802 1843 2862 revertentibus

168 2885 251 2943 de
270 2884 530 2955 ecclesia
557 2885 930 2953 mulieribus,
962 2889 1213 2962 quidam
1245 2891 1603 2963 prmpositus
1626 2890 1844 2958 obvius

169 2976 452 3047 adstans,
484 2992 625 3043 cum
654 2993 904 3044 causam
942 2979 1245 3050 religionis
1279 2984 1632 3051 agnosceret
1663 2981 1725 3043 in
1758 2981 1843 3039 fe-

170 3065 383 3134 minis.
600 3068 629 3168 ξι
657 3067 817 3131 viros
847 3068 1194 3173 interrogat,
1225 3070 1720 3173 quidaibivellet
1747 3071 1846 3173 ille
1875 3105 1921 3173 Ο

170 3172 460 3223 recursus
475 3156 839 3221 ferninarum
866 3158 945 3219 ad
960 3160 1305 3223 sanctuaria
1331 3160 1804 3221 Christianorum
1818 3161 1846 3218 φ

173 3245 289 3312 Qui
344 3246 825 3319 responderunt:
888 3247 1174 3312 Fidelium
1232 3265 1368 3311 mos
1414 3254 1503 3313 est
1562 3249 1849 3309 ecclesias

171 3334 444 3403 visitare,
476 3340 535 3392 et
562 3336 713 3401 atria
754 3336 1189 3401 venerabilium
1223 3341 1543 3411 Martyrum
1593 3339 1694 3411 pio
1742 3338 1847 3396 de:

168 3423 435 3487 votionis
485 3423 706 3491 aﬂ‘ectu
752 3426 1075 3499 requirere.
1121 3426 1286 3487 Unde
1333 3428 1479 3500 quia
1528 3427 1847 3485 Christiani

170 3530 412 3581 sumus,
433 3513 571 3571 ideo
596 3530 710 3573 nos
744 3516 939 3588 ipsius
963 3514 1105 3571 ﬁdei
1134 3520 1371 3585 gestare
1397 3515 1683 3581 vexillum
1712 3532 1851 3589 pro:

168 3604 437 3669 ﬁtemur,
462 3605 794 3678 Statimque
807 3605 996 3678 judici
1016 3605 1249 3665 delator
1268 3606 1582 3674 accedens,
1601 3622 1847 3667 omnem

165 3694 471 3760 rationem
492 3698 763 3761 nostram
793 3711 1002 3759 coram
1030 3711 1102 3752 eo
1128 3695 1355 3757 dolosis
1381 3695 1603 3765 linguis
1627 3711 1848 3770 propo-

168 3783 279 3839 nit.
310 3785 454 3840 Post
494 3783 620 3849 hsee
648 3783 812 3851 vadit
839 3784 1126 3849 dominus
1163 3784 1441 3850 Aurelius
1468 3785 1623 3847 ﬁlias
1647 3786 1849 3847 visita:

168 3888 258 3944 re,
289 3873 517 3946 quibus
548 3875 718 3946 pacis
747 3875 956 3933 osculo
983 3875 1346 3947 valedicens,
1378 3875 1606 3937 emlesti
1629 3877 1847 3939 virtute

169 3965 447 4028 armatus
475 3962 556 4029 ad
584 3962 861 4035 praelium
892 3963 1212 4029 festinavit.
1240 3985 1269 4014 ››
1300 3963 1415 4029 Sed
1443 3965 1541 4027 hic.
1555 3965 1687 4037 jam
1712 3981 1848 4031 sane

170 4056 307 4108 ctus
353 4051 641 4122 Georgius
682 4051 907 4125 stylum
954 4068 1374 4125 compescens,
1406 4069 1520 4111 nos
1571 4070 1710 4126 quin
1752 4070 1845 4111 re-
1880 4100 1889 4107 .

178 4147 361 4209 stant,
391 4146 457 4205 ut
483 4142 877 4216 oeempimus,
906 4159 1369 4217 prosequamur.

244 4233 335 4289 28.
378 4234 514 4304 Ipso
543 4235 756 4305 postea,
797 4231 917 4307 die,
948 4247 1070 4305 quo
1101 4248 1164 4295 se
1192 4232 1409 4298 beatus
1437 4232 1710 4298 Aurelius
1738 4249 1846 4296 nm

174 4324 345 4389 verat
396 4320 849 4393 comprehendi,
907 4320 1266 4394 priusquam
1343 4336 1577 4387 aurorae
1634 4337 1846 4396 crepa.

174 4409 418 4473 seulum
467 4409 808 4483 respiraret,
840 4410 1026 4477 deme
1067 4425 1183 4475 nos
1230 4409 1421 4481 gratia
1472 4409 1843 4477 valedieendi

170 4498 459 4568 revisens,
492 4503 774 4572 precatur
817 4515 930 4573 pro
961 4515 1027 4555 se
1066 4498 1388 4567 Dominum
1425 4515 1696 4569 exorare,
1728 4501 1844 4563 ευὶις

173 4604 297 4663 que
326 4588 541 4659 egenis
568 4588 866 4659 fautorem
906 4604 1015 4662 per
1056 4604 1170 4651 nos
1197 4587 1523 4653 fraternam
1551 4588 1679 4655 ﬁeri
1706 4590 1846 4655 alia:

172 4679 413 4738 nitatem
442 4677 802 4751 expostulat.
838 4678 925 4745 ibi
968 4694 1083 4744 nos
1130 4677 1213 4741 illi
1251 4678 1840 4744 commendavimus.

175 4767 265 4827 ibi
292 4766 699 4843 patrocinium
742 4785 924 4833 suum
974 4784 1084 4842 pro
1123 4768 1301 4838 nobis
1329 4772 1387 4833 et
1415 4784 1526 4842 pro
1552 4769 1719 4839 omni
1741 4771 1845 4834 Ec:

172 4858 361 4917 clesia
388 4856 518 4920 ﬁeri
541 4857 642 4929 (7),
675 4857 960 4923 osculatis
990 4858 1278 4923 manibus
1308 4859 1461 4931 eius,
1494 4859 1843 4933 impetravit:

172 4965 336 5008 mus.
369 4950 511 5008 Post
536 4947 664 5007 hinc
715 4948 873 5011 datis
909 4948 1168 5015 invicem
1215 4948 1458 5020 assulis,
1491 4963 1847 5022 separamur

172 5056 240 5098 in
266 5054 438 5112 pace.

248 5134 340 5186 29.
384 5128 566 5199 igitur
594 5143 734 5183 cum
766 5126 1065 5201 prolatam
1111 5128 1437 5184 adversum
1466 5127 1569 5183 Dei
1604 5131 1845 5184 sanctos

168 5218 363 5291 judex
392 5217 788 5291 quaestionem
826 5215 1179 5287 intenderet,
1213 5216 1507 5289 sciretque
1538 5220 1846 5273 auctorem

174 5310 362 5382 hujus
403 5308 489 5366 rei
528 5323 657 5365 esse
689 5307 1014 5379 Aurelium,
1045 5307 1305 5381 graviter
1330 5323 1403 5381 ex
1441 5307 1557 5377 hoe
1599 5307 1847 5379 interius

175 5399 529 5456 vulneratus
555 5399 836 5470 praecepit
855 5412 959 5454 eos
973 5412 1422 5470 quamprepere
1447 5396 1572 5461 suis
1595 5411 1848 5470 conspe-

178 5489 376 5548 ctibus
401 5488 690 5545 exhiberi.
708 5488 878 5543 Tune
900 5486 1114 5544 milites
1140 5486 1358 5560 rapido
1387 5502 1567 5548 cursu
1591 5486 1847 5544 domum

180 5579 337 5636 beati
369 5578 588 5647 Aurelii
608 5580 1137 5663 occupantes,qua
1157 5591 1370 5633 omnes
1396 5574 1587 5647 sancti
1616 5573 1849 5649 collecti

251 5696 272 5717 ·
299 5688 479 5746 Haud
507 5688 692 5745 dubie
721 5702 833 5762 pro
863 5686 1257 5746 reddidimus.
1293 5686 1529 5744 Serua.

1950 1816 2044 1890 tis,
2074 1822 2131 1874 et
2148 1834 2377 1907 vanum
2406 1820 2599 1887 colere
2624 1812 2914 1878 violenter
2939 1821 3149 1893 cogitis
3178 1837 3428 1894 numen,
3460 1837 3617 1907 quos

1953 1909 2163 1965 sancta
2235 1905 2386 1967 ﬁdes
2439 1908 2716 1989 proprios
2781 1909 3076 1975 hactenus
3126 1905 3497 1979 vindicavit?
3548 1911 3619 1981 Ut

1951 1994 2098 2069 quid
2129 1994 2306 2065 alieni
2336 2012 2374 2053 a
2394 1999 2514 2053 Deo
2540 2013 2679 2055 vero
2709 1998 3030 2075 perditioni
3058 2002 3273 2063 vestra:
3306 1998 3620 2071 agglomee

1951 2099 2082 2140 rare
2130 2084 2388 2153 nitimini
2443 2086 2901 2159 prmdestinatos
2953 2087 3035 2155 ad
3071 2087 3302 2157 vitam?
3348 2092 3440 2157 An
3492 2102 3617 2155 non

1950 2172 2218 2246 poteritis
2247 2189 2355 2232 vos
2399 2173 2712 2245 infernalis.
2742 2176 3001 2243 claustra
3044 2176 3209 2245 adire
3238 2175 3352 2247 nisi
3380 2191 3494 2245 nos
3522 2190 3617 2245 co-

1951 2261 2124 2318 mites
2166 2261 2476 2321 habeatis?
2520 2263 2803 2340 Nunquid
2856 2264 2984 2322 sine
3032 2264 3211 2331 nobis
3249 2269 3470 2335 aeterna
3505 2279 3617 2332 vos

1951 2352 2323 2409 cruciamina
2353 2368 2477 2409 non
2509 2354 2814 2421 adurant?
2837 2357 2954 2412 Vos
2974 2354 3155 2427 abite,
3178 2370 3288 2425 vos
3317 2353 3458 2425 illuc
3486 2368 3618 2428 pcr-

1952 2441 2070 2511 gite
2111 2442 2377 2516 perituri,
2409 2459 2534 2515 quo
2582 2443 2763 2500 simul
2809 2460 2951 2501 cum
2997 2443 3154 2501 duce
3181 2446 3376 2501 vestro
3403 2442 3621 2500 infero-

1951 2541 2090 2581 rum
2141 2526 2367 2583 dcliciis
2414 2527 2831 2601 perfruamini.
2861 2532 3013 2587 Nam
3049 2528 3200 2605 quid
3252 2528 3429 2585 nobis
3477 2542 3619 2584 cum

1952 2618 2194 2687 tartara,
2239 2632 2422 2689 quem
2477 2617 2742 2675 Christus
2800 2621 2956 2676 Deus
3011 2612 3216 2676 uester
3260 2616 3616 2692 penetravit,

1952 2705 2270 2779 absorpsit,
2301 2705 2673 2780 exspoliavit,
2692 2710 2750 2765 et
2778 2708 2938 2777 vicit,
2969 2712 3036 2765 ut
3059 2724 3183 2765 non
3208 2709 3339 2780 jam
3368 2698 3621 2764 auderet

1952 2793 2160 2851 ﬁdeles
2204 2794 2502 2860 addicere,
2554 2798 2660 2870 qui
2716 2797 2952 2871 pridem
3008 2800 3404 2854 consueverat
3434 2796 3619 2871 privi-

1950 2882 2106 2954 legio
2141 2899 2251 2940 suo
2278 2889 2520 2941 sanctos
2546 2885 2804 2960 diripere
2823 2888 2851 2944 ?
2872 2909 2901 2937 »
3446 2878 3451 2885 ’

2026 2979 2110 3030 3i.
2140 2973 2352 3030 Vixille
2371 2990 2713 3032 sermonem
2732 2977 3157 3049 compleverat,
3182 2980 3238 3033 et
3256 2977 3387 3047 jam
3416 2975 3622 3041 furens

1953 3064 2163 3121 dextra
2194 3063 2518 3120 satellitum
2548 3064 2609 3120 in
2640 3066 2924 3137 injuriam
2967 3065 3253 3122 monachi
3280 3065 3620 3122 laborabat.

1955 3155 2145 3219 Quem
2193 3152 2442 3209 diversis
2481 3153 2812 3211 laceratum
2871 3154 3126 3210 stimulis
3168 3153 3295 3210 solo
3345 3154 3620 3225 allidens,

1955 3243 2220 3300 calcibus
2268 3242 2447 3299 etiam
2495 3244 2839 3317 pugnisque
2876 3245 3164 3313 acerrime
3202 3242 3486 3301 tundunt.
3519 3242 3629 3300 Cui

1956 3348 2095 3388 cum
2147 3335 2355 3412 sancta
2396 3332 2725 3402 Sabigotho
2763 3332 2914 3406 (jam
2963 3338 3305 3390 emortuum
3344 3333 3625 3407 putans):

1956 3424 2164 3494 Surge,
2188 3422 2386 3495 frater,
2412 3437 2644 3493 eamus,
2669 3420 2985 3493 clamaret;
3014 3422 3110 3479 ille
3128 3422 3303 3496 quasi
3322 3421 3471 3478 nihil
3482 3420 3629 3478 mali

1956 3516 2112 3569 esset
2138 3527 2490 3585 perpessus,
2518 3511 2857 3585 respondit:
2883 3513 3021 3570 Haec
3044 3512 3271 3582 omnia,
3290 3527 3479 3580 soror,
3505 3526 3630 3569 me-

1956 3602 2207 3658 ritorum
2242 3600 2580 3658 commodis
2624 3605 2897 3674 prosunt,
2932 3607 3277 3676 augentque
3309 3616 3622 3669 coronam.

1958 3694 2025 3747 Et
2045 3692 2126 3748 ita
2142 3691 2506 3748 seminecem
2527 3707 2562 3747 a
2581 3695 2736 3747 terra
2754 3691 3049 3761 levantes,
3073 3691 3206 3777 pari
3227 3706 3369 3748 cum
3398 3690 3623 3753 sanctis

1957 3781 2181 3837 ducatu
2201 3781 2392 3853 judici
2415 3784 2612 3837 astare
2643 3780 2927 3839 fecerunt.
2959 3780 3189 3847 Quibus
3219 3779 3460 3852 oblatis,
3482 3794 3625 3847 cum

1956 3871 2222 3944 primum
2254 3870 2334 3927 ab
2365 3871 2449 3927 eis
2472 3870 2703 3939 blando
2739 3870 2928 3928 affatu
2955 3870 3302 3949 requireret,
3334 3869 3508 3942 cujus
3536 3868 3625 3926 rei

1958 3974 2145 4018 causa
2173 3977 2211 4018 a
2258 3959 2421 4016 cultu
2470 3975 2581 4016 suo
2624 3959 2989 4029 recederent,
3022 3960 3218 4027 vivere
3252 3960 3622 4039 recusarent,

1956 4050 2405 4122 niterenturque
2457 4048 2709 4122 perdere
2752 4048 3177 4120 temporalium
3230 4047 3624 4105 commodum

1956 4138 2272 4212 multiplici
2304 4138 2656 4195 deliciarum
2706 4136 2854 4196 ﬂore
2900 4154 3182 4208 vernans,
3214 4146 3371 4224 quos
3408 4136 3619 4224 utique

1954 4228 2347 4302 postmodum
2371 4228 2433 4285 in
2464 4228 2665 4286 futuro
2679 4244 2805 4297 non
2820 4229 3019 4297 solum
3033 4218 3344 4301 muliebris
3364 4218 3625 4286 oblecta-

1954 4322 2036 4380 tio
2058 4319 2456 4390 admirabilis,
2472 4337 2683 4377 verum
2700 4321 2881 4393 etiam
2901 4322 3283 4401 dignitatum,
3297 4326 3356 4380 et
3374 4318 3625 4379 ferculo-

1953 4427 2091 4485 rum
2150 4411 2326 4485 copia
2379 4410 2814 4469 demulcendos
2879 4400 3287 4500 exspectaret;
3342 4412 3620 4497 protinus

1954 4501 2131 4575 quasi
2173 4517 2246 4558 ex
2297 4515 2420 4557 uno
2468 4516 2607 4558 ore:
2666 4522 2694 4551 α
2719 4500 2891 4559 Nulla
2919 4501 3267 4589 (inquiunt),
3293 4517 3330 4561 ο
3378 4501 3617 4565 arbiter,

1953 4590 2241 4663 temporis
2263 4588 2571 4659 afﬂuentia
2588 4589 2773 4659 lucris
2795 4595 3184 4664 comparatur
3195 4589 3450 4669 aeternis,
3475 4604 3623 4662 quo-

1951 4696 2091 4736 rum
2138 4679 2330 4750 gratia
2364 4678 2524 4735 hanc
2577 4678 2766 4735 vitam
2821 4678 3218 4752 despicientes
3275 4692 3382 4751 per
3433 4677 3619 4733 ﬁdem

1950 4770 2092 4833 Jesu
2119 4767 2351 4837 Christi,
2382 4782 2509 4838 qua
2538 4766 2740 4829 omnis
2783 4767 3115 4835 sanetitatis
3143 4770 3425 4840 operator
3448 4764 3622 4837 justi-

1953 4856 2202 4925 ﬁcatut‘;
2255 4856 2388 4928 eius
2440 4854 2703 4928 denique
2759 4855 2821 4914 in
2868 4855 3140 4913 futurum
3183 4854 3619 4913 benedictionis

1954 4946 2180 5019 requie.
2212 4961 2347 5018 quae
2391 4945 2613 5005 sanctis
2664 4944 2972 5018 promissa
3009 4949 3121 5014 est,
3166 4959 3281 5001 nos
3322 4945 3619 5018 petituros

1954 5035 2338 5099 conﬁdimus.
2368 5036 2625 5093 Omnem
2646 5049 2786 5093 vero
2812 5033 3062 5104 cultum,
3091 5034 3198 5108 qui
3229 5050 3267 5092 δ,
3292 5034 3505 5093 Christi
3531 5035 3619 5093 di-

1954 5125 2199 5181 vinitate
2241 5124 2533 5195 dissentit,
2576 5140 2687 5182 nec
2728 5123 3041 5198 proﬁtetur
3069 5129 3293 5193 sancta
3324 5125 3618 5195 Trinitatis

1956 5213 2278 5271 essentiam
2283 5212 2522 5284 ,refutat
2539 5213 3192 5286 baptismum,infamat
3211 5214 3615 5293 Christicolas,

1958 5302 2298 5371 sacerdotio
2319 5301 2589 5374 derogat,
2618 5303 2868 5365 omnino
2887 5304 3218 5379 reprobum
3231 5303 3611 5377 judieamus:

1954 5408 2066 5466 pro
2092 5391 2279 5453 nihilo
2322 5406 2524 5449 rerum
2566 5393 2832 5451 labentia
2876 5398 3298 5467 computantes
3325 5408 3461 5465 quas
3490 5406 3615 5459 non

1954 5482 2059 5539 diu
2081 5481 2438 5537 subsistunt.
2466 5484 2608 5549 Quse
2625 5486 2828 5549 autem
2848 5482 3237 5553 diligentibus
3265 5496 3328 5538 se
3350 5482 3614 5549 Christus

1955 5571 2248 5646 promisit,
2283 5587 2421 5627 cum
2450 5573 2565 5628 sint
2589 5570 2935 5639 ineffabilia,
2967 5587 3207 5645 semper
3227 5575 3429 5639 tamen
3451 5572 3617 5631 inde:

2026 5682 2055 5722 ιι
2082 5679 2393 5737 Aurelium
2420 5680 2690 5755 profecto
2720 5685 2777 5739 et
2806 5681 3077 5751 Felicem,
3107 5681 3215 5755 qui
3244 5695 3389 5739 cum
3418 5683 3616 5751 uxori-

1955 5753 2073 5818 bus
2095 5753 2532 5828 processerant.
2569 5756 2786 5813 Iesu.
