3960 6378
382 266 478 320 7M
1580 265 1637 318 S.
1680 261 1959 316 EULOGII
2000 258 2323 316 ARCHIEP.
2365 263 2605 319 TDLET.

3698 265 3811 318 792

382 385 542 441 fessa
581 385 864 456 jurgitate
911 385 1276 457 perdurant;
1329 391 1384 441 et
1415 402 1524 441 nec
1554 385 1741 441 oculis
1773 387 2038 438 contem-
2069 384 2111 436 Α
2157 383 2453 451 Liliosam,
2489 387 2698 442 ultimo
2745 386 3016 455 egregios
3070 386 3375 456 agonistas
3401 385 3702 440 Aurelium
3755 390 3816 440 et

382 473 646 546 piantur,
679 490 789 530 nec
835 489 978 530 aure
1023 478 1360 546 captantur,
1408 490 1516 530 nec
1561 475 1740 530 corde
1789 487 2042 546 perpen-

383 561 629 618 duntur.
651 583 679 610 »
714 561 957 631 Verum,
992 565 1056 618 ut
1101 562 1302 630 credo,
1333 562 1629 636 quiddam
1667 563 1847 618 etiam
1877 560 2041 616 aliud

381 649 722 720 religiosius
763 648 982 706 diffuso
1033 667 1135 706 ore
1161 653 1382 707 sanctis
1413 656 1550 708 ante
1575 651 1842 722 judicem
1876 665 2040 706 asse-

381 738 673 800 rentibus,
705 741 1054 811 sectamque
1083 739 1407 812 impiorum
1443 741 1668 796 fortiter
1690 755 2043 812 expugnan-

382 826 566 896 tibus,
593 826 654 881 in
707 825 906 882 furore
957 827 1224 884 maximo
1258 829 1590 886 concitatur
1612 829 1799 900 judex
1827 827 2040 900 rapido

383 918 572 970 tractu
600 930 702 970 eos
731 916 952 970 carceri
976 916 1368 990 applicandos
1393 918 1731 982 insinuans,
1751 918 2040 990 importa-

379 1002 592 1060 bilium
618 1003 998 1061 vinculorum
1023 1021 1204 1063 onere
1231 1007 1549 1078 aggravari
1583 1007 1859 1063 decrevit.

452 1131 542 1186 32.
583 1129 882 1186 Continuo
912 1130 1350 1187 exsultantibus
1385 1131 1603 1188 animis
1631 1131 1788 1189 beati
1822 1135 2040 1204 marty-

378 1232 475 1272 res
523 1217 897 1288 ergastulum
947 1218 1264 1284 adeuntes,
1293 1220 1560 1290 gaudent
1610 1219 1881 1292 auspicio
1907 1235 2040 1292 pas-

379 1305 596 1376 sionis,
660 1307 1112 1380 parvipendunt
1202 1309 1593 1382 supplicium,
1660 1313 2042 1382 perstrepunt

377 1394 666 1465 hymnos,
699 1394 979 1452 insonant
1009 1396 1243 1465 laudes,
1275 1397 1544 1469 psalmos
1565 1397 1931 1471 persolvunt.
1954 1397 2040 1452 in-

380 1482 598 1538 sistunt
644 1482 921 1548 orationi,
962 1501 1106 1557 qua,
1141 1485 1378 1542 favente
1423 1487 1697 1556 Domino,
1733 1486 2038 1543 victoriam

379 1569 636 1643 adipisci
665 1571 1052 1644 praevaleant.
1073 1573 1392 1630 Visitantur
1419 1574 1496 1630 ab
1513 1575 1761 1645 angelis,
1785 1575 2042 1631 miracu-

377 1658 451 1714 lis
472 1657 865 1729 illustrantur,
893 1660 1192 1719 dissiliunt
1218 1662 1433 1730 vincla,
1464 1667 1521 1720 et
1547 1679 1667 1720 non
1700 1663 1925 1720 audent
1952 1679 2040 1719 re-

2152 473 2617 544 Sabigothonem
2681 476 3028 532 interimunt
3053 474 3126 546 (8)
3171 491 3224 530 Vl
3271 475 3572 531 Kalendas
3613 479 3815 544 Augu-

2151 565 2297 632 stas,
2347 579 2468 620 tera
2514 563 3013 635 octingentesima
3068 563 3487 633 nonagesima.
3542 565 3815 628 Quorum

2150 666 2405 724 corpora
2451 653 2637 710 nostri
2689 651 3005 710 Christiani
3053 651 3341 719 furantes,
3374 652 3624 708 diversis
3661 650 3814 707 locis

2149 740 2502 798 recondunt.
2538 741 2824 813 Georgius
2853 756 3120 814 namque
3151 757 3291 797 cum
3332 746 3542 797 sancto
3571 739 3815 797 Aurelio

2151 829 2226 899 (9)
2286 829 2748 887 Pilemelariensi
2802 829 3078 886 coenobio
3135 830 3161 869 δ
3210 834 3542 886 servantur.
3596 831 3815 884 Beatus

2154 917 2304 973 Felix
2349 920 2537 974 sancti
2579 918 3006 992 Christophori,
3037 935 3174 991 quae
3207 919 3358 974 ultra
3395 918 3619 974 ﬂumen
3647 922 3744 973 est
3770 924 3812 986 ⁸,

2149 1007 2352 1064 aulam
2371 1013 2584 1064 tuetur.
2611 1011 2832 1066 Sancta
2859 1008 3185 1079 Sabigotho
3215 1013 3561 1064 sanctorum
3583 1008 3771 1063 trium
3793 1006 3815 1037 ‘

2148 1096 2447 1153 cineribus
2478 1097 2747 1154 adunata
2777 1102 2884 1154 est.
2920 1097 3257 1170 Requiescit
3284 1097 3393 1169 (10)
3426 1095 3592 1170 apud
3623 1098 3816 1152 Gene—'

2149 1183 2306 1240 sium
2349 1189 2676 1257 martyrem
2719 1184 3078 1242 venerabilis
3139 1184 3372 1241 Liliosa.
3417 1183 3622 1258 Capita
3668 1199 3815 1240 vero

2148 1274 2379 1343 Georgii
2408 1273 2451 1344 (t
2471 1275 2520 1345 t)
2547 1279 2605 1330 et
2632 1274 3055 1344 Sabigothonis
3083 1274 3353 1330 incolunt
3379 1284 3421 1327 ο.

2218 1366 2306 1419 35.
2351 1362 2417 1418 Hi
2447 1366 2607 1433 sunt,
2639 1363 2742 1436 qui
2792 1367 3036 1436 propter
3065 1362 3472 1419 testimonium
3509 1361 3632 1425 Dei,
3661 1365 3721 1417 et
3749 1361 3814 1416 ﬁ-

2148 1449 2288 1506 dem
2311 1453 2451 1507 Jesu
2478 1451 2688 1508 Christi
2716 1468 2907 1524 usque
2924 1451 3002 1508 ad
3032 1456 3290 1507 mortem
3320 1455 3634 1520 certantes,
3660 1449 3813 1506 nihil

2149 1540 2342 1596 amori
2359 1540 2490 1611 ejus
2507 1545 2994 1614 praeposuerunt:
3019 1556 3142 1597 non
3169 1540 3343 1610 ﬁlios,
3359 1555 3481 1596 non
3503 1545 3812 1613 parentes,

2148 1645 2272 1685 non
2305 1629 2537 1697 afﬁnes,
2563 1645 2687 1687 non
2728 1630 3057 1703 proximos,
3086 1645 3209 1686 non
3256 1629 3506 1696 amicos,
3538 1645 3664 1685 non
3692 1644 3814 1696 res,

381 1746 673 1818 stringere
693 1764 847 1821 quos
875 1749 1140 1806 Christus
1161 1750 1520 1808 absolverat.
1547 1751 1627 1807 lbi
1650 1752 1830 1808 etiam
1851 1768 2038 1825 quam
2071 1735 2109 1789 Β
2147 1732 2526 1825 ¹ξῗῗῘ¹ίίίξ³ζ
2554 1735 2693 1825 Ῑξίῗνη-
2732 1734 3172 1825 P°5§?"??¥?F‘E§v

380 1834 549 1892 caelis
583 1842 804 1892 sortem
836 1837 1147 1910 haberent,
1175 1839 1476 1896 revelante
1509 1840 1649 1906 Deo,
1674 1845 2035 1912 agnoscunt.

379 1924 525 1980 Hinc
555 1924 629 1980 de
661 1925 866 1997 palma
897 1927 1089 1982 securi
1142 1933 1476 1996 manentes,
1511 1933 1568 1985 et
1596 1929 1914 2000 Christum,
1942 1929 2038 1985 cui

375 2011 628 2068 ﬁdeliter
674 2015 1026 2084 servierunt,
1058 2032 1298 2073 cernere
1353 2017 1625 2074 festiuius
1665 2018 2037 2090 anhelantes,

375 2101 630 2158 dilatant
675 2118 869 2176 usque
925 2104 988 2160 in
1035 2105 1316 2179 quintum
1357 2107 1518 2164 diem
1548 2113 1802 2164 mortem
1836 2124 2035 2176 suam,

375 2205 701 2264 serumque
730 2196 946 2264 putant
987 2210 1050 2250 se
1099 2195 1326 2252 diutius
1359 2195 1624 2268 elongari
1668 2197 1748 2253 ab
1777 2196 1878 2253 illa
1903 2213 2038 2253 sua-

373 2278 558 2336 vitate
600 2281 768 2352 regni
807 2281 1119 2351 caalorum,
1151 2299 1338 2357 quam
1392 2285 1615 2342 crebris
1652 2285 1783 2358 jam
1826 2301 2038 2356 corpo-

371 2368 490 2426 reis
519 2375 538 2400 ⁸
568 2370 777 2428 usibus
807 2371 994 2429 ferme
1018 2373 1425 2432 intuebantur.

443 2481 533 2534 33.
565 2481 639 2534 At
665 2494 806 2534 cum
843 2479 976 2552 jam
1021 2479 1083 2536 in
1130 2481 1330 2539 forum
1367 2483 1784 2556 prosternendi
1815 2483 2033 2542 educe-

371 2568 598 2633 rentur,
626 2567 986 2624 venerabilis
1033 2568 1361 2639 Sabigotho
1407 2587 1643 2627 armare
1673 2572 1866 2629 virum
1903 2589 2037 2630 san-

370 2652 481 2708 ctis
528 2653 808 2726 alloquiis
854 2655 1055 2728 coepit,
1087 2657 1406 2728 confortat,
1437 2658 1694 2728 instruit,
1726 2665 1783 2717 et
1824 2661 2038 2717 conﬁr-

369 2745 518 2798 mat.
551 2743 1019 2800 Introducuntur
1057 2744 1303 2817 palatio,
1335 2747 1684 2804 consulibus
1729 2749 2032 2818 assistunt,

370 2826 740 2885 adhibentur
761 2845 929 2903 opes,
960 2831 1317 2890 exhibentur
1345 2833 1556 2902 fasces,
1588 2835 1811 2909 quibus
1837 2836 1886 2892 si
1907 2852 2035 2893 cre-

370 2916 583 2976 derent
608 2917 964 2976 fruerentur.
997 2921 1114 2979 Sed
1156 2922 1249 2978 his
1299 2924 1527 2998 oppido
1569 2924 1631 2982 in
1659 2926 2034 3000 professione

371 3020 484 3062 sua
503 3004 980 3080 demorantibus,
997 3008 1304 3067 lictoribus
1324 3012 2037 3084 perimendosinstituunt

371 3094 687 3151 consules:
721 3095 1011 3170 sospitem
1063 3099 1230 3157 abire
1273 3105 1548 3157 sanctum
1579 3101 1900 3174 Georgium
1929 3103 2032 3160 de-
2062 3089 2106 3147 ε

371 3189 701 3253 cernentes,
735 3201 846 3259 pro
887 3202 959 3244 eo
1012 3188 1180 3262 quod
1231 3189 1414 3248 iidem
1468 3191 1585 3264 ipsi
1631 3193 1950 3266 Optimates
1979 3197 2037 3251 et

369 3273 603 3346 priores
630 3274 836 3348 palatii
865 3275 1013 3334 nihil
1035 3278 1448 3336 conviciorum
1469 3280 1872 3354 proferentem
1893 3298 2034 3338 eum

368 3361 663 3420 adversus
707 3369 910 3420 vatem
959 3382 1138 3422 suum
1179 3368 1527 3426 audiissent.
1559 3369 1655 3426 Ille
1683 3387 1827 3428 vero
1856 3371 2034 3428 mini-

370 3453 490 3506 ster
517 3450 817 3521 egregius,
855 3453 1131 3525 protinus
1169 3458 1234 3512 ut
1262 3471 1326 3513 se
1355 3459 1648 3530 comperit
1675 3459 2032 3534 derelinqui,

369 3553 483 3595 nec
509 3537 624 3594 sub
671 3554 794 3596 uno
825 3555 964 3598 cum
1016 3542 1195 3598 sociis
1239 3543 1360 3601 ictu
1403 3548 1710 3604 mucronis
1739 3549 2037 3622 perimen-

371 3624 523 3682 dum
569 3625 829 3684 institui:
887 3651 916 3680 «
941 3629 1078 3702 Cur,
1104 3630 1204 3699 ait,
1239 3647 1276 3687 ο
1322 3633 1643 3707 principes,
1678 3635 1754 3692 de
1801 3636 2034 3710 profes-

373 3713 544 3771 sione
572 3730 730 3784 mea,
761 3731 950 3789 quam
978 3734 1184 3776 coram
1213 3720 1384 3777 vobis
1426 3737 1551 3779 non
1593 3723 1835 3796 protuli,
1862 3724 2037 3782 dubi-

372 3804 530 3872 tatis,
561 3809 668 3862 aut
695 3809 919 3878 putatis
966 3823 1063 3864 me
1105 3807 1180 3864 de
1232 3807 1531 3884 discipulo
1583 3813 1816 3869 Satanas
1863 3814 2035 3886 quid-

372 3909 562 3967 quam
609 3910 971 3970 prosperum
1013 3897 1322 3968 cogitare?
1375 3903 1496 3970 Ego
1527 3900 1708 3969 enim,
1740 3906 1806 3958 ut
1833 3902 2034 3959 verius

374 3984 742 4053 agnoscatis,
774 3985 948 4042 illum
978 3987 1286 4060 angelum,
1312 3989 1418 4063 qui
1447 3989 1646 4046 eidem
1683 3992 2035 4065 praeceptori

371 4075 592 4141 vestro,
624 4075 1115 4146 transﬁgurando
1148 4093 1210 4134 se
1238 4078 1301 4134 in
1335 4079 1609 4152 spiritum
1637 4080 1808 4152 lucis,
1841 4099 2032 4156 appa-

371 4161 512 4227 ruit,
539 4159 882 4220 daamonem
907 4166 1090 4221 credo
1119 4167 1324 4237 fuisse,
1348 4169 1589 4227 ethunc
1615 4172 1844 4229 cunctis
1871 4173 2036 4245 abje-

371 4249 619 4306 ctiorem
638 4250 986 4309 hominibus
1003 4254 1309 4326 adjudico,
1341 4262 1544 4333 utpote
1567 4259 1796 4319 diaboli
1821 4263 2032 4320 credu-

372 4338 503 4395 lum
542 4338 884 4396 Antichristi
937 4342 1300 4416 ministrum,
1333 4351 1391 4406 et
1432 4348 1711 4406 vitiorum
1756 4352 2032 4409 omnium

373 4426 824 4499 labyrinthum:
857 4430 962 4504 qui
983 4447 1106 4490 non
1138 4434 1335 4494 solum
1367 4454 1432 4494 se
1460 4439 1736 4511 voragini
1762 4440 2032 4499 barathri
2061 4445 2105 4500 D

373 4515 752 4585 immerserit,
774 4535 982 4577 verum
1015 4525 1072 4580 et
1099 4539 1209 4581 vos
1238 4526 1600 4600 sequipedas
1628 4545 1742 4584 sua
1769 4545 1878 4603 per
1906 4529 2032 4589 ina-

373 4605 478 4663 nia
504 4605 773 4666 instituta
797 4610 1034 4668 aeternis
1063 4611 1356 4673 dedicarit
1381 4615 1698 4674 incendiis.
1726 4640 1754 4667 ››

444 4732 534 4786 34.
565 4732 726 4788 Tunc
741 4731 804 4789 in
823 4733 1124 4793 insaniam
1143 4752 1422 4810 proceres
1465 4739 1743 4798 concitati
1764 4742 2033 4813 praevali-

372 4817 538 4888 dam,
571 4837 695 4880 una
725 4821 906 4880 simul
934 4841 1075 4882 cum
1107 4827 1335 4884 casteria
1364 4829 1658 4886 sententia
1686 4831 2030 4889 necandum

371 4908 745 4981 praecipiunt.
773 4916 854 4969 Ac
885 4913 969 4970 sic
1008 4913 1206 4988 primo
1231 4916 1478 4975 beatum
1509 4919 1783 4990 Felicem,
1811 4920 2030 4978 deinde

373 4999 654 5054 sanctum
683 5001 1001 5072 Georgium
1048 5004 1430 5075 trucidantes,
1463 5012 1600 5082 post
1624 5009 2029 5068 venerabilem

369 5136 668 5263 mgnggf‘si
711 5139 879 5198 dicas
929 5145 1299 5216 (lnibusdam
1349 5149 1528 5207 veluti
1586 5152 2023 5224 experimentis.

437 5279 467 5319 ιι
484 5280 650 5364 .Bene
673 5281 953 5364 Sollerius
971 5288 1408 5364 _:_S_cribe_ndum
1429 5293 1662 5349 videtur
1675 5295 2028 5353 Pinnamel-

370 5349 640 5438 ιαζίρῃεί,
672 5355 1091 5438 utndescribit
1115 5361 1396 5433 Eulogius
1425 5364 1575 5438 ipse,
1603 5349 1703 5421 lib:
1729 5349 2022 5436 main].

435 5427 453 5450 °
484 5421 549 5477 Id
576 5439 715 5480 cum
749 5427 948 5484 Schot.
983 5433 1212 5489 aulam.

434 5491 656 5580 {flecte
686 5512 930 5580 quoque
957 5500 1380 5580 id._Sollerius:
1413 5509 1634 5578 Nempe
1664 5511 1932 5580 deposita
1955 5514 2018 5570 in

365 5559 613 5644 basitica
655 5559 1003 5627 sanctorum
1027 5559 1272 5644 Fausti,“
1286 5559 1654 5637 maduit}:

432 5635 1370 5729 f‘gpnrporarsanctorumGeorgii
1394 5657 1449 5708 et
1527 5635 2014 5729 u'reiiigapaﬁﬁié

360 5701 728 5768 Nataliae'seu
751 5701 1376 5790 Sabigothohiiﬁiﬁo
1392 5701 2010 5792 65:8",ii-5'xi'si5ﬁih‘é‘r‘5

2148 1806 2354 1863 omnia
2393 1812 2530 1880 post
2577 1811 2812 1878 tergum
2844 1807 3214 1879 abjicientes,
3246 1805 3618 1863 mortiﬁcatis
3667 1823 3811 1862 cum

2146 1894 2302 1951 vitiis
2341 1900 2399 1951 et
2439 1896 2938 1969 concupiscentiis
2981 1895 3356 1968 corporibus,
3389 1894 3469 1951 ad
3516 1900 3812 1951 aeternam

2146 1984 2654 2042 immortalitatem
2700 1985 2976 2058 producti
3021 1989 3178 2041 sunt.
3212 1987 3517 2056 Regnante
3551 1985 3811 2041 Domino

2147 2077 2352 2129 nostro
2381 2073 2520 2129 Jesu
2555 2073 2784 2130 Christo
2820 2073 2878 2128 in
2925 2073 3144 2130 saecula
3174 2074 3550 2130 saeculorum.
3584 2076 3807 2129 Amen.

2789 2216 3025 2272 CAPUT
3064 2216 3164 2271 ΧΙ.

2151 2315 2619 2389 Christophorus
2648 2326 2702 2378 et
2732 2321 3137 2392 Leovigildus,
3167 2319 3452 2377 monachi
3478 2325 3809 2391 martyres.

2221 2429 2274 2479 t.
2298 2424 2520 2482 Deinde
2541 2425 3003 2500 Christophorus
3029 2426 3364 2484 monachus
3395 2428 3410 2497 (
3425 2427 3468 2499 ι)
3501 2425 3814 2483 contribu-

2147 2511 2219 2568 lis
2253 2519 2477 2586 noster,
2530 2516 2802 2589 ephebus
2857 2517 3210 2574 adolescens
3259 2516 3554 2572 Cordubae
3601 2520 3810 2584 natus,

2147 2606 2203 2659 et
2253 2619 2292 2660 a
2345 2605 2604 2676 pueritia
2653 2605 2840 2662 nostri
2890 2606 3146 2673 auditor,
3197 2606 3303 2680 qui
3353 2610 3491 2678 post
3528 2609 3812 2662 nostrum

2144 2691 2558 2761 magisterium
2586 2693 2933 2750 coenobium
2956 2694 3146 2750 sancti
3168 2693 3415 2762 Martini,
3437 2691 3603 2766 quod
3631 2696 3725 2748 est
3747 2693 3811 2749 in

2145 2785 2438 2836 montana
2477 2781 2871 2850 Cordubensi,
2900 2781 3034 2838 loco
3074 2781 3180 2854 qui
3225 2781 3563 2855 appellatur
3590 2781 3664 2853 (2)
3692 2782 3812 2837 Ro-

2141 2870 2312 2940 iana,
2337 2869 2667 2940 ingressus,
2692 2886 2986 2941 magnum
3005 2871 3102 2944 pie
3118 2870 3457 2927 volentibus
3486 2885 3811 2926 conversa-

2143 2957 2190 3014 ri
2222 2957 2528 3031 speeimen
2557 2959 2886 3016 sanctitatis
2907 2959 3188 3016 ostendit.
3215 2960 3319 3015 Hic
3348 2959 3553 3030 agnita
3577 2974 3808 3032 praece-

2142 3045 2414 3104 dentium
2441 3063 2585 3104 nece
2617 3053 2985 3119 sanctorum,
3009 3048 3243 3105 concito
3275 3063 3487 3118 gressu
3505 3047 3567 3103 in
3586 3046 3806 3104 urbem

2142 3135 2534 3207 descendens,
2568 3155 2710 3195 mox
2740 3138 2988 3196 obviare
3013 3137 3204 3210 judici
3240 3153 3364 3194 non
3403 3136 3713 3207 extimuit;
3751 3142 3811 3195 et

2142 3226 2400 3284 reddens
2446 3243 2652 3286 coram
2700 3244 2772 3285 eo
2814 3227 3222 3285 testimonium
3253 3225 3537 3296 veritatis,
3568 3241 3812 3283 annun-

2141 3315 2246 3372 tiat
2297 3317 2707 3388 Evangelium,
2741 3322 2949 3375 sancta
2994 3316 3227 3374 Domini
3258 3316 3566 3390 praedicat,
3598 3315 3808 3389 profa-

2140 3405 2486 3463 nationibus
2551 3407 2821 3464 deditum
2885 3407 3103 3476 vulgus
3168 3406 3537 3469 exhortatur,
3608 3406 3811 3475 arguit

2140 3495 2299 3553 male
2327 3495 2625 3567 credulos,
2653 3495 2906 3552 luituros
2935 3511 3075 3552 cum
3101 3501 3344 3552 auctore
3367 3494 3608 3551 falsario
3637 3499 3808 3551 mter-

2140 3599 2290 3641 num
2345 3585 2570 3658 profert
2622 3583 2990 3641 incendium.
3043 3586 3232 3650 Quem
3285 3583 3570 3640 continuo
3613 3581 3809 3653 judex

2144 3690 2306 3730 saevo
2337 3678 2676 3731 commotus
2713 3673 2912 3730 furore
2953 3675 3176 3732 carceri
3205 3674 3494 3747 deputat;
3539 3672 3810 3730 arctiori-

2141 3761 2258 3818 bus
2287 3762 2723 3819 macerandum
2751 3762 3008 3819 vinculis
3042 3762 3448 3820 commendat.

2211 3855 2266 3908 2.
2307 3854 2470 3908 Tunc
2495 3852 2674 3909 etiam
2708 3852 3083 3924 Leovigildus
3115 3852 3452 3910 monachus
3481 3851 3582 3922 (3),
3616 3849 3807 3907 Elibe-

2140 3941 2190 3998 ri
2241 3942 2696 4015 primogenitus,
2744 3943 2931 4015 plena:
2985 3942 3335 4014 juventutis,
3388 3941 3476 3997 vir
3533 3945 3806 4012 sanctus,

2136 4032 2357 4103 justus,
2391 4035 2447 4087 et
2490 4031 2806 4088 timoratus
2846 4048 2916 4088 ex
2969 4031 3246 4088 cmnobio
3278 4035 3624 4086 sanctorum
3654 4029 3806 4085 Justi

2139 4125 2198 4177 et
2221 4120 2501 4188 Pastoris,
2533 4121 2701 4194 quod
2731 4126 2819 4178 est
2865 4121 2926 4177 in
2973 4120 3235 4176 interiori
3264 4124 3556 4176 montana
3580 4118 3808 4174 Cordu-

2139 4208 2334 4276 bensi,
2363 4207 2498 4266 loco
2540 4209 2644 4282 qui
2691 4209 2906 4266 dicitur
2943 4211 3168 4280 Fraga,
3199 4208 3352 4264 inter
3375 4207 3601 4264 clivosa
3629 4222 3806 4262 mon-

2140 4296 2311 4366 tium,
2344 4304 2401 4355 et
2442 4299 2748 4355 condensa
2777 4299 3084 4371 sylvarum
3134 4297 3357 4354 contini
3383 4295 3606 4352 vinculi
3634 4294 3806 4366 Leju-

2141 4386 2347 4455 lensis,
2391 4387 2495 4460 qui
2545 4403 2581 4444 a
2620 4387 2901 4446 Corduba
2951 4387 3132 4444 distat
3178 4386 3446 4459 quinque
3488 4383 3804 4440 milliarios

2141 4474 2360 4532 lustros
2401 4475 2436 4541 τ,
2481 4493 2604 4549 quo
2657 4493 2721 4533 se
2773 4491 2966 4550 nuper
3029 4479 3375 4531 moraturus
3442 4471 3801 4541 contulerat,

2141 4566 2430 4638 martyrio
2475 4566 2771 4639 potiturus
2799 4565 3061 4622 advenit.
3099 4567 3165 4620 Et
3204 4564 3560 4636 priusquam
3597 4560 3802 4618 forum

2139 4653 2404 4722 intraret,
2434 4653 2780 4711 instituendi
2811 4668 2872 4709 se
2902 4653 3095 4723 gratia
3123 4667 3236 4708 nos
3268 4651 3600 4724 inquirens,
3625 4648 3802 4706 obse-

2141 4747 2360 4812 eratur,
2419 4747 2718 4816 precatur,
2762 4746 3025 4816 exoptat,
3075 4746 3140 4798 ut
3190 4744 3445 4798 conatus
3489 4753 3634 4794 suos
3683 4753 3802 4794 nos

2137 4832 2418 4906 precibus
2471 4833 2841 4904 juvaremus,
2895 4831 3069 4905 eique
3125 4829 3608 4888 benedictionem
3655 4842 3801 4884 con-

2139 4922 2490 4980 summandi
2518 4937 2776 4993 agonem
2798 4921 3193 4987 traderemus,
3217 4918 3572 4993 promittens
3597 4932 3661 4972 se
3691 4931 3801 4972 no-

2137 5012 2208 5069 tri
2236 5029 2443 5070 curam
2473 5028 2676 5084 gerere
2708 5015 2845 5068 ante
2876 5011 3218 5068 Dominum.
3249 5010 3519 5081 Cumque
3551 5022 3589 5062 a
3614 5005 3795 5062 nobis

2135 5172 2209 5213 ex
2240 5155 2522 5212 Corduba
2551 5153 2802 5212 Parisios
2843 5153 2922 5210 ab
2964 5151 3237 5210 Usuardo
3267 5155 3325 5207 et
3353 5147 3637 5208 Odilardo
3670 5163 3797 5203 mo-

2135 5228 2345 5284 nachis
2391 5226 2590 5284 Gallis.
2625 5229 2894 5294 Quorum
2932 5224 3412 5292 translationem,
3439 5235 3628 5294 quam
3656 5223 3796 5274 Am-

2131 5298 2370 5356 brosius
2421 5297 2670 5355 Morales
2726 5296 3042 5367 ignoravit,
3097 5294 3471 5367 Mabillonius
3517 5305 3662 5367 vero
3696 5305 3795 5367 _ex

2131 5371 2436 5442 monacho
2464 5363 2970 5442 Aimoino'edidit
3009 5365 3208 5423 saecul.
3245 5382 3322 5442 iv,
3354 5369 3550 5442 Actor.
3586 5363 3666 5442 S_S_
3695 5363 3795 5416 Be-

2130 5441 2695 5514 nedictinor.,__part.
2725 5440 2780 5510 2,
2813 5439 3012 5514 visum
3046 5432 3350 5514 est_nobis_
3398 5432 3793 5514 transcribere

2130 5528 2241 5584 pro
2264 5505 2629 5583 Appeudi'ce,
2665 5516 2729 5567 ut
2758 5505 2867 5566 nec
2895 5511 3007 5565 hoc
3040 5505 3733 5584 desitnostraieditionAi.

2203 5583 2218 5614 '
2261 5573 2487 5654 Virg-inti
2533 5584 2710 5654 longe
2749 5584 3006 5638 circuitu
3057 5582 3376 5650 signiﬁcat.
3415 5581 3632 5654 illum“.
3678 5573 3793 5631 Sed

2128 5651 2363 5719 Schott':
2407 5651 2923 5726 Viginti'quinque
2947 5654 3147 5723 potius
3177 5651 3458 5707 censendi
3483 5653 3646 5704 sunt.
