3960 6394
132 273 230 330 793

1185 273 1612 330 MEMORIALIS
1654 271 2090 331 SANCTORUM.
2123 305 2190 316 —
2225 279 2352 334 LIB.
2391 279 2482 334 III.

3467 289 3573 343 ’194

133 398 403 452 firmatus
437 395 498 450 in
560 411 707 468 pace
765 395 1117 466 discederet,
1178 414 1316 452 mox
1361 413 1566 452 coram
1592 395 1796 466 judice
1831 397 2092 468 Amtatis,
2123 401 2369 459 nomine
2403 403 2729 472 Rogcllins,
2754 405 3191 462 advenitAItcr
3224 409 3576 466 Servio~Deo

139 502 313 542 suam
367 484 662 542 relaturus
689 485 1120 558 professionem
1174 487 1482 553 assistens,
1510 487 1615 542 dat
1647 484 1797 541 testi-

136 573 405 631 monium
433 572 574 630 ﬁdei
604 574 940 630 secundum
967 579 1323 632 ceeterorum
1353 573 1792 631 constantiam:

138 662 237 736 qui
254 678 447 719 caesus
466 661 681 736 alapis,
695 661 1098 737 conviciisque
1121 663 1433 732 distentus,
1456 663 1610 719 illico
1633 661 1796 735 apud

136 768 324 808 saevos
369 767 636 808 carceres
676 751 927 809 traditur
964 753 1324 824 alligandus.
1359 753 1442 809 lbi
1493 769 1558 809 se
1587 750 1796 809 famuli

136 839 231 897 Dei
246 839 476 897 alterno
502 839 703 898 fovent
722 841 1024 906 consultu,
1044 842 1406 900 roborantur
1430 843 1488 898 in
1507 842 1793 898 invicem:

137 930 338 1002 sicque
365 928 499 1003 pari
545 934 682 986 voto
735 931 1012 997 connexi,
1044 947 1182 988 cum
1235 931 1365 1003 jam
1417 929 1795 988 mactationis

136 1018 282 1076 hora
331 1018 598 1086 instaret,
627 1019 836 1092 praeire
888 1025 1131 1077 sanctus
1163 1020 1624 1094 Christophorus
1653 1019 1796 1076 bea-

138 1112 261 1166 tum
293 1107 701 1179 Leovigildum
731 1109 1064 1166 reverentia
1093 1111 1284 1166 aetatis
1339 1114 1600 1184 exoptat,
1634 1113 1796 1182 post-

135 1195 384 1254 modum
437 1197 565 1271 ipse
593 1197 876 1255 ruiturus.
913 1202 979 1256 Et
1005 1199 1087 1256 ita
1129 1199 1246 1257 hoc
1293 1200 1504 1257 ordine
1547 1204 1797 1272 uterque

137 1285 370 1357 interiit,
401 1303 504 1344 xui
554 1287 900 1345 Kalendasi
933 1289 1319 1363 Septembris,
1366 1306 1485 1346 aera
1533 1305 1657 1363 qua
1703 1305 1799 1344 su-

135 1392 258 1449 pra.
291 1379 563 1444 Quorum
594 1393 850 1451 corpora
881 1379 1207 1452 suppositis
1252 1379 1472 1436 adusta
1504 1379 1796 1436 incendiis

133 1472 456 1541 antequam
510 1469 748 1541 penitus
779 1475 1113 1538 urerentur,
1136 1470 1408 1526 ﬁdelium
1452 1487 1597 1527 cura
1625 1485 1796 1542 erep-

138 1557 214 1622 ta,
239 1555 405 1630 apud
425 1555 744 1614 basilicam
785 1557 978 1615 sancti
999 1557 1160 1630 Zoyli
1190 1558 1425 1632 sepulta
1456 1563 1614 1615 sunt.

771 1700 1001 1756 CAPUT
1042 1699 1154 1756 XII.

443 1787 650 1844 Emila
693 1793 748 1844 et
787 1789 1125 1846 Hieremias
1151 1795 1471 1860 martyres.

200 1916 338 1972 Post
363 1930 492 1971 non
521 1914 706 1986 longo
734 1915 951 1972 iterum
1006 1915 1338 1982 intervallo,
1390 1917 1513 1972 duo
1561 1915 1794 1972 adoles-

132 2009 323 2060 centes
353 2003 615 2060 illustres
664 2020 738 2060 ex
785 2005 1019 2060 civibus
1069 2005 1582 2073 Cordubensibus,
1610 2003 1795 2060 nobili

132 2093 350 2152 familia
389 2095 711 2168 procreati,
746 2094 826 2151 ad
866 2095 1208 2167 palazstram
1250 2095 1517 2168 martyrii
1544 2110 1796 2151 concur-

131 2189 348 2241 rerunt.
381 2185 580 2242 Emila
609 2185 835 2241 scilicet
856 2189 914 2241 et
936 2185 1286 2257 Hieremias,
1310 2186 1417 2258 qui
1441 2185 1519 2242 ab
1543 2185 1795 2242 infantia

139 2289 242 2330 sua
271 2273 442 2348 apud
471 2272 789 2330 basilicam
830 2278 1021 2330 sancti
1043 2274 1321 2347 Cypriani
1348 2273 1571 2332 litteras
1601 2281 1629 2322 b
1656 2274 1794 2330 edo-

138 2370 346 2433 centes,
380 2379 549 2420 unus
587 2362 667 2420 ad
699 2363 1100 2420 ministerium
1126 2363 1365 2421 diaconi
1389 2367 1793 2434 consecratus,

134 2452 274 2510 alter
300 2453 362 2510 in
381 2453 602 2510 habitu
631 2452 828 2509 Iaicali
857 2452 1116 2524 degebat
1155 2453 1518 2528 simpliciter.
1553 2457 1620 2511 Et
1647 2469 1796 2527 quo-

135 2543 287 2600 niam
314 2547 573 2616 uterque
619 2541 882 2598 Arabico
911 2541 1224 2612 insigniter
1252 2543 1647 2617 praepollebat
1673 2543 1796 2600 elo-

131 2632 286 2704 quio,
314 2632 522 2689 ferunt
551 2635 715 2688 tanta
745 2647 854 2704 per
877 2630 1157 2688 eamdem
1182 2632 1453 2703 linguam
1493 2633 1553 2688 in
1586 2648 1796 2689 eorum

135 2725 323 2778 vatem
354 2719 734 2778 volubilitate
761 2721 1068 2790 egregium
1102 2721 1353 2778 Emilam
1396 2737 1796 2792 exaggerasse

133 2809 476 2884 opprobria,
516 2814 582 2866 ut
623 2809 1090 2883 praecedentium
1138 2816 1474 2884 martyrum
1526 2809 1798 2867 convicia

134 2898 642 2963 obliviscerentur,
697 2903 1009 2955 cernentes
1064 2900 1285 2956 horum
1345 2901 1798 2973 prosecutiones

136 2993 333 3044 contra
357 3005 545 3044 suum
566 2987 1000 3058 dogmatistam
1017 2989 1214 3044 acrius
1235 2989 1516 3046 invalere.
1541 2992 1607 3045 Et
1626 2989 1800 3045 idcir.

141 3093 206 3134 co
225 3093 346 3134 non
373 3078 507 3150 jam
537 3076 923 3133 solummodo
954 3077 1029 3133 de
1059 3077 1355 3134 mortibus
1393 3078 1797 3134 resistentium
1833 3106 1874 3162 ο
1909 3108 2174 3178 sionem,

141 3166 243 3223 sibi
299 3167 644 3237 excogitare
673 3171 1006 3239 coeperunt,
1037 3183 1247 3223 verum
1279 3167 1458 3224 etiam
1488 3172 1674 3224 totam
1705 3185 1802 3224 ex—

143 3255 354 3329 tirpare
381 3255 710 3312 Ecclesiam
739 3255 1142 3312 ruminarunt.
1162 3255 1460 3322 Quoniam
1482 3256 1670 3312 nimio
1695 3260 1802 3312 ter-

138 3359 261 3400 rore
286 3349 370 3400 tot
384 3343 710 3401 hominum
726 3343 1160 3400 recurrentium
1183 3344 1262 3400 ad
1281 3345 1638 3417 martyrium
1663 3360 1802 3400 con-

145 3447 314 3490 cussa
341 3431 668 3504 gentilitas,
715 3432 884 3502 regni
932 3433 1024 3488 sui
1053 3432 1458 3490 arbitrabatur
1503 3433 1804 3490 excidium

140 3520 468 3591 imminere,
503 3537 644 3578 cum
677 3520 778 3577 tali
807 3521 988 3577 etiam
1049 3521 1262 3578 virtute
1294 3522 1647 3595 praecinctos
1672 3538 1805 3594 par-

150 3610 315 3668 vulos
341 3609 722 3685 praevideret.
758 3611 920 3676 Quos
945 3625 1054 3683 per
1085 3625 1386 3668 carcerem
1442 3617 1802 3680 maceratos,

151 3705 520 3773 postremum
569 3699 772 3772 gladio
825 3699 1063 3756 vindice
1110 3705 1512 3773 peremerunt.
1557 3703 1619 3756 Et
1663 3715 1801 3756 cum

151 3793 296 3846 totus
327 3790 425 3847 ille
455 3789 587 3847 dies
609 3789 771 3846 clara
790 3794 942 3845 esset
974 3791 1287 3846 serenitate
1309 3790 1616 3860 lustratus,
1647 3788 1807 3845 subi-

150 3880 203 3932 to
236 3879 447 3936 eadem
474 3879 630 3936 hora
654 3894 780 3950 qua
818 3877 1095 3934 decollati
1118 3883 1278 3947 sunt,
1311 3880 1637 3936 vehemens
1661 3877 1810 3934 toni-

153 3969 411 4025 truorum
428 3968 636 4038 fragor
660 3982 958 4037 exurgens
979 3967 1211 4023 mundo
1231 3969 1515 4025 incutitur
1538 3987 1550 4025 :
1581 3967 1810 4040 spargit

149 4055 435 4114 radiantia
464 4057 828 4130 lampadum
855 4055 1099 4125 fulgura
1119 4057 1333 4122 aether;
1362 4073 1614 4130 superos
1632 4056 1808 4116 avelli

149 4147 412 4203 cardines
467 4147 868 4203 existimares.
907 4151 1191 4202 Armatur
1231 4147 1394 4203 nube
1440 4147 1807 4217 grandinum

154 4236 310 4300 axis;
338 4238 610 4294 fuscatur
656 4237 816 4292 dies:
874 4235 1336 4308 turbinibusque
1382 4236 1642 4292 inﬁcitur
1669 4252 1802 4292 aer:

154 4324 277 4396 piOs
301 4327 587 4383 cecidisse
619 4325 872 4382 athletas
898 4325 1196 4381 elementa
1233 4325 1510 4381 fatentur.
1539 4329 1806 4392 Quorum

148 4430 394 4487 corpora
419 4415 694 4490 equuleis
744 4415 1201 4488 suspendentes,
1233 4414 1388 4471 ultra
1416 4431 1658 4472 amnem
1694 4420 1808 4472 sta-

152 4506 431 4577 tuunt(t),
461 4522 576 4562 xm
618 4504 916 4562 Kalendas
959 4503 1251 4574 Octobris,
1283 4519 1404 4560 tera
1432 4521 1558 4577 qua
1597 4521 1801 4578 supra.

767 4649 992 4705 CAPUT
1032 4648 1165 4702 XIII.

345 4739 433 4795 De
457 4739 705 4810 Rogelio
735 4743 789 4794 et
816 4736 1173 4794 Servio-Deo
1201 4737 1595 4808 martyribus.

216 4867 264 4918 t.
296 4866 440 4920 Cum
473 4863 675 4920 adhuc
717 4863 795 4936 (1)
824 4863 1102 4937 praefatos
1157 4867 1452 4935 martyres
1501 4863 1804 4934 ergastula

148 4951 445 5021 haberent,
478 4969 614 5009 ecce
671 4953 770 5009 alii
825 4953 950 5008 duo
999 4957 1492 5024 supervenerunt,
1521 4952 1801 5008 eamdem

149 5054 322 5110 quam
363 5042 559 5098 cmteri
599 5042 1112 5115 professionenem
1147 5045 1432 5107 tenentes,
1464 5040 1799 5113 eodemque

149 5133 278 5184 voto
306 5131 538 5188 hostem
569 5130 710 5187 fidei
739 5134 1182 5204 expugnantes.
1215 5131 1482 5192 Quorum
1513 5144 1670 5184 unus
1697 5129 1802 5186 Eli-

149 5213 266 5273 beri
295 5219 662 5292 progenitus,
695 5236 770 5276 ex
795 5220 927 5276 vico
962 5219 1068 5292 qui
1116 5219 1329 5275 dicitur
1369 5228 1391 5254 °
1420 5218 1796 5290 Parapanda,

149 5308 471 5366 monachus
523 5313 580 5366 et
629 5308 945 5367 eunuchus
994 5309 1123 5380 jam
1153 5323 1336 5364 senex
1386 5312 1798 5380 provecta-que

216 5471 232 5495 ‘
270 5468 399 5540 Dies
452 5470 515 5526 in
568 5469 858 5535 Usuardo,
891 5469 1118 5535 Adone,
1155 5467 1448 5540 Equilino,
1481 5471 1538 5522 et
1579 5468 1799 5523 Cordu-

151 5532 308 5594 bensi
337 5540 632 5597 breviario
663 5532 1012 5597 concordat.
1041 5532 1264 5596 nam.

218 5610 242 5649 δ
270 5613 422 5669 Fors.
457 5613 846 5670 addiscentes.

187 5687 241 5758 ,με
271 5682 512 5751 Ignotus
543 5686 936 5758 nuneivieus,
981 5683 1064 5739 ait
1104 5681 1396 5758 Morales:
1454 5681 1558 5736 sed
1584 5696 1794 5758 quam

156 5753 224 5806 sit
249 5759 421 5811 notus
449 5763 670 5814 norunt
711 5757 832 5814 fere
875 5771 1116 5815 omnes:
1135 5755 1211 5810 de
1237 5769 1359 5826 quo
1391 5753 1798 5810 consulendus

1909 493 2178 558 vocatus,
2203 492 2396 564 spado
2426 494 2626 550 adhuc
2667 495 2904 566 juvenis
2935 501 3070 552 ante
3100 513 3331 570 paucos
3381 515 3575 556 annos

1907 575 1984 631 ab
2018 577 2269 636 Orientis
2304 581 2577 654 partibus
2610 583 2763 640 ultra
2783 583 2977 640 maria
3015 585 3077 640 in
3103 585 3455 659 praedictam
3478 604 3575 643 ur-

1905 664 2045 722 bem
2072 667 2451 726 habitaturus
2482 672 2835 744 peregrinus
2867 674 3137 730 accessit.
3172 675 3240 730 Hi
3269 691 3413 732 vero
3442 677 3573 749 pari

1907 771 1970 809 se
1999 755 2222 814 f(edere
2244 758 2612 831 colligantes,
2640 776 2833 817 unum
2862 768 3108 835 propter
3129 763 3425 834 justitiam
3450 765 3570 834 Dei,

1909 859 2102 917 usque
2128 846 2208 902 ad
2237 853 2490 904 mortem
2523 850 2791 906 certandi
2816 856 3024 907 votum
3046 857 3378 923 gesserunt,
3405 854 3572 911 nullo

1906 947 2052 988 casu
2103 935 2182 991 ab
2239 935 2494 992 invicem
2552 939 2869 1010 recessuri,
2923 957 3244 1014 quousque
3306 941 3573 999 ctelestia

1906 1022 2200 1092 sanguine
2245 1031 2671 1082 mercarentur.
2704 1027 2963 1100 Ideoque
3015 1030 3090 1099 (2)
3139 1030 3348 1086 fanum
3423 1030 3571 1086 illud

1905 1111 2336 1184 sacrilegorum
2365 1120 2657 1187 petentes,
2709 1116 2770 1171 in
2818 1133 2941 1189 quo
2993 1124 3310 1191 exceptum
3359 1119 3572 1190 vulgus

1903 1199 2347 1258 abominabiles
2368 1203 2512 1260 ritus
2543 1204 2760 1277 saepius
2787 1205 3036 1261 reddere
3059 1208 3358 1277 convenit,
3383 1213 3571 1264 trans-

1904 1289 2170 1346 cendunt
2194 1291 2425 1359 limina,
2442 1293 2650 1348 turmis
2677 1309 2738 1348 se
2755 1294 3056 1363 ingerunt,
3076 1296 3363 1366 praedicat
3385 1300 3573 1352 Evan-

1905 1377 2150 1448 gelium,
2200 1385 2425 1436 sectam
2479 1382 2802 1454 impietatis
2851 1382 3253 1446 subsannant,
3305 1389 3572 1452 arguunt

1905 1468 2146 1520 coetum.
2188 1465 2730 1538 ApprOpinquasse
2758 1481 3012 1536 regnum
3068 1467 3355 1523 caelorum
3388 1468 3573 1523 fideli-

1902 1551 2041 1618 bus,
2072 1552 2417 1609 inﬁdelibus
2452 1560 2654 1610 autem
2679 1555 2970 1624 gehennae
3000 1561 3350 1627 proponunt
3375 1556 3572 1612 interi-

1904 1645 2054 1713 tum,
2103 1659 2286 1715 quem
2310 1643 2713 1717 proculdubio
2765 1643 2879 1717 ipsi
2930 1644 3322 1714 incurrerent,
3349 1645 3462 1701 nisi
3492 1645 3573 1701 ad

1904 1731 2089 1788 vitam
2121 1737 2514 1790 recurrerent.

1976 1862 2028 1913 2.
2064 1858 2160 1914 His
2190 1863 2248 1915 et
2287 1859 2638 1930 hujusmodi
2671 1859 2869 1915 verbis
2907 1860 3203 1932 populum
3250 1861 3569 1917 exhortan-

1905 1954 2010 2013 tes,
2040 1947 2302 2004 necdum
2341 1948 2418 2004 ab
2463 1963 2566 2004 ore
2617 1963 2828 2004 eorum
2885 1964 3082 2004 sermo
3133 1954 3476 2020 recesserat,
3516 1954 3572 2006 et

1905 2051 2060 2102 ecce,
2093 2036 2196 2108 qui
2218 2037 2515 2109 crepitans
2554 2037 2614 2092 in
2656 2036 2924 2092 sentibus
2953 2053 3162 2109 rogus,
3195 2039 3410 2093 cohors
3443 2054 3571 2094 ma-

1901 2124 2263 2195 lignantium
2318 2126 2608 2182 adversus
2679 2126 2778 2183 Dei
2836 2125 3097 2182 famulos
3149 2127 3568 2198 exardescens,

1905 2215 2096 2282 caedit,
2127 2215 2369 2283 lacerat,
2397 2215 2670 2288 percutit,
2706 2215 2925 2284 obruit,
2955 2215 3280 2289 nititurque
3319 2217 3573 2289 perime-

1904 2320 1968 2362 re
1999 2309 2257 2372 sanctos,
2287 2305 2391 2378 qui
2433 2304 2757 2361 delubrum
2783 2321 2962 2361 suum
2989 2305 3211 2361 intrare
3241 2320 3573 2378 praesump-

1906 2394 2319 2467 serant(quod
2349 2394 2516 2467 apud
2572 2394 2704 2450 illos
2761 2409 3006 2468 quoque
3059 2394 3288 2465 grande
3338 2394 3571 2450 facinus

1903 2485 2228 2557 reputant),
2274 2489 2330 2540 et
2392 2483 2506 2539 nisi
2570 2483 2758 2555 judex
2820 2483 3080 2553 adesset,
3131 2483 3237 2556 qui
3300 2483 3572 2556 quodam

1905 2572 2216 2646 privilegio
2259 2572 2566 2646 potestatis
2625 2572 2979 2628 insanientis
3038 2572 3248 2645 populi
3295 2588 3574 2628 murmur

1906 2662 2296 2735 compescuit,
2341 2667 2479 2718 tunc
2514 2662 2644 2733 jam
2696 2662 2828 2717 vitae
2895 2661 3328 2734 spiraminibus
3375 2662 3572 2734 priva-

1905 2756 2129 2806 rentur.
2163 2753 2321 2816 Quos
2351 2754 2589 2824 ereptos
2615 2749 2974 2806 caedentium
2999 2749 3304 2814 manibus,
3352 2750 3574 2806 carceri

1905 2839 2226 2913 deputans,
2250 2839 2496 2910 astringi
2540 2840 2696 2896 ferro
2723 2839 2966 2904 gravius
2994 2839 3184 2911 jubet,
3220 2839 3574 2912 furibusque

1905 2930 2216 2986 admiscet.
2247 2929 2333 2986 Ibi
2362 2928 2543 2985 etiam
2573 2929 2730 2986 aduc
2757 2928 3111 3001 praedicant,
3134 2929 3570 3002 prophetizant,

1907 3018 2128 3074 instare
2154 3023 2410 3073 mortem
2459 3022 2716 3089 tyranno
2747 3017 3129 3085 annuntiant,
3161 3017 3412 3074 laudant
3443 3017 3572 3073 reli-

2205 3106 2539 3162 vanitatem
2587 3105 2883 3162 refellunt.
2919 3109 2987 3162 Et
3036 3122 3174 3162 cum
3206 3106 3444 3179 penitus
3493 3107 3576 3161 vi-

1912 3212 2022 3268 gor
2058 3196 2348 3253 membris
2376 3195 2633 3266 deesset,
2671 3195 2776 3268 qui
2829 3194 3006 3251 ferret
3039 3194 3422 3268 supplicium,
3451 3209 3576 3251 non

1911 3290 2112 3342 tamen
2137 3285 2358 3342 destitit
2407 3284 2614 3355 lingua
2650 3299 2842 3356 usque
2871 3284 2950 3340 ad
2981 3289 3237 3340 mortem
3277 3300 3313 3340 a
3355 3299 3580 3357 praeco-

1910 3375 2116 3432 nando
2148 3374 2406 3430 veritatis
2436 3372 2703 3430 oraculo.
2729 3375 2803 3429 At
2831 3389 2972 3429 vero
3004 3389 3114 3446 pro
3141 3389 3212 3429 eo
3243 3373 3409 3446 quod
3433 3379 3576 3429 tem-

1910 3464 2083 3538 plum
2115 3479 2295 3519 suum
2327 3460 2799 3533 evangelizando
2856 3461 3197 3529 intrassent,
3249 3461 3581 3518 decernunt

1913 3569 2014 3609 eos
2046 3551 2288 3625 tyranni
2317 3556 2376 3608 et
2402 3553 2426 3590 ἀ
2459 3549 2758 3619 consules,
2789 3550 2956 3624 prius
2979 3551 3264 3606 manibus
3291 3551 3577 3624 pedibus-

1912 3659 2031 3716 que
2065 3641 2369 3708 abscissis,
2404 3639 2686 3697 decollari
2708 3640 3316 3713 postremo.Gaudent
3345 3640 3445 3697 tali
3479 3641 3579 3696 de—

1913 3737 2074 3788 creto
2111 3731 2322 3788 famuli
2348 3729 2559 3788 Christi
2588 3747 2600 3785 :
2631 3729 3044 3786 exhilarantur
3074 3728 3301 3802 oppido
3324 3729 3577 3799 hujusce

1914 3821 2122 3878 mortis
2151 3819 2506 3878 sententiam
2559 3817 2884 3891 excepturi.
2933 3821 3119 3874 Instat
3168 3817 3578 3873 ferocissimus

1914 3910 2197 3978 carnifex,
2232 3909 2472 3976 clamat,
2530 3907 2783 3977 frendet,
2852 3907 3125 3976 miratur,
3176 3905 3453 3963 festinare
3499 3907 3579 3962 ad

1913 4017 2160 4075 poenam
2184 3999 2358 4072 jubet
2386 3998 2626 4064 electos,
2659 4013 2814 4069 quos
2850 3997 3052 4069 utique
3079 3995 3363 4052 cernebat
3389 3996 3582 4067 majo-

1912 4107 2041 4147 rem
2073 4088 2373 4158 migrandi
2426 4085 2648 4143 habere
2702 4086 3005 4150 affectum,
3035 4101 3223 4158 quam
3252 4085 3410 4140 idem
3438 4083 3582 4140 infe-

1913 4179 2086 4236 rendi
2112 4178 2413 4234 interitum
2445 4175 2710 4247 gerebat.
2762 4175 2905 4240 Quis
2955 4173 3113 4230 illius
3147 4175 3330 4244 horae,
3363 4175 3576 4230 fratres

1915 4269 2272 4340 charissimi,
2329 4265 2740 4323 crudelitatem
2790 4267 3118 4338 exponat?
3178 4265 3315 4338 quis
3363 4263 3580 4321 referat

1915 4358 2156 4416 clades?
2191 4358 2327 4430 quis
2358 4371 2565 4412 cruces
2603 4355 2966 4412 annuntiet?
2997 4354 3134 4428 quis
3166 4354 3427 4427 denique
3477 4353 3580 4408 ad-

1837 4461 1880 4514 ο
1917 4447 2254 4504 mirabilem
2297 4451 2644 4502 sanctorum
2686 4447 2924 4500 enarret
2953 4443 3395 4500 constantiam?
3430 4445 3578 4497 Cum

1917 4542 1974 4594 et
2002 4538 2133 4610 ipsa
2156 4536 2454 4606 gentilitas
2480 4534 2581 4590 tali
2628 4532 2971 4606 spectacqu
2989 4533 3343 4604 stupefacta,
3375 4531 3578 4586 nescio

1914 4627 2064 4701 quid
2088 4626 2164 4682 de
2194 4624 2650 4683 Christianismo
2678 4621 3090 4691 indulgentius
3121 4620 3432 4676 sentiebat.

1985 4776 2036 4828 3.
2088 4769 2270 4840 Igitur
2311 4767 2512 4824 statuti
2556 4766 2617 4821 in
2662 4765 2796 4820 loco
2837 4761 3254 4820 decollationis
3284 4765 3580 4831 martyres

1913 4859 2122 4929 sancti,
2155 4861 2486 4928 antequam
2503 4853 2675 4909 lictor
2701 4851 3074 4918 admoneret,
3104 4848 3347 4921 palmas
3372 4853 3578 4903 exten-

1911 4949 2083 5015 dunt,
2116 4948 2368 5003 lacertos
2385 4946 2624 5019 parant,
2646 4941 3055 5012 injectumque
3080 4953 3102 4975 ο
3111 4937 3395 5009 jugulum
3419 4936 3578 4992 ulnis

1911 5038 2296 5109 excipientes,
2329 5035 2388 5090 in
2418 5033 2656 5088 diversa
2717 5045 2936 5085 manus
2983 5026 3300 5082 dissiliunt.
3362 5027 3580 5083 Deinde

1910 5126 2185 5182 cruribus
2207 5123 2555 5196 amputatis,
2589 5119 2754 5175 nulla
2777 5118 3122 5191 compuncti
3151 5118 3402 5187 tristitia,
3449 5117 3581 5173 alis-

1910 5215 2080 5273 cissis
2109 5214 2312 5270 denuo
2358 5210 2524 5267 collis
2557 5213 2927 5266 corruerunt.
2963 5209 3231 5274 Quorum
3261 5206 3581 5262 cadavera,

1911 5312 1976 5364 ut
2021 5309 2189 5361 erant
2218 5306 2509 5370 truncata,
2543 5298 2830 5372 patibulis
2877 5297 3208 5370 afﬁgentcs,
3269 5295 3421 5351 ultra
3469 5295 3582 5350 flu-

1917 5466 2202 5520 Henricus
2254 5463 2475 5531 Florcz,
2508 5465 2652 5516 tom.
2684 5460 2785 5513 XII
2836 5461 3010 5528 Hisp.
3055 5460 3230 5514 Sacr.
3285 5458 3452 5511 tract.
3492 5459 3582 5519 37,

1917 5554 2046 5608 cap.
2081 5543 2131 5598 6,
2166 5537 2478 5608 ηιιωῶΠ.
2511 5531 2895 5608 Parapanda
2919 5533 3117 5608 Graeca
3161 5543 3277 5581 vox
3303 5531 3408 5592 est,
3443 5542 3584 5598 quae

1921 5601 2121 5664 Latine
2151 5609 2233 5662 ad
2255 5607 2456 5660 munia
2488 5609 2683 5665 sonat,
2710 5602 2905 5672 inquit
2934 5601 3116 5672 idem.

1989 5680 2014 5714 ἀ
2042 5679 2103 5733 Id
2139 5683 2226 5734 est
2251 5677 2669 5746 magistratus.
2697 5669 2974 5746 Boium“
3007 5671 3089 5726 ad
3121 5675 3186 5726 I6
3219 5669 3584 5739 Septembris

1990 5760 2010 5784 °
2043 5751 2105 5806 Id
2136 5754 2221 5805 est
2251 5744 2546 5818 gladium,
2585 5744 2677 5801 vel
2699 5745 2975 5800 securim.
3013 5747 3086 5798 In.
