3960 6374
402 250 506 308 795

399 370 566 429 vium
599 368 880 426 crucibus
925 371 1276 424 cmterorum
1318 365 1684 433 adsciscunt,
1722 379 1821 423 xvi
1851 363 2069 421 Kalen.

401 461 513 521 das
542 467 559 489 ⁸
588 458 881 527 Octobris,
903 473 1023 516 aera
1050 472 1175 530 qua
1194 472 1399 530 supra.

900 581 1144 637 CAPUT
1187 583 1317 636 XIV.

407 673 728 731 Consilium
762 670 1136 728 Christianos
1166 669 1569 739 disperdendi,
1604 668 1763 739 quod
1790 683 1900 725 rex
1937 682 2069 723 cum

968 742 1318 811 proceribus
1347 741 1504 799 iniit.

475 852 756 906 Praeterea
789 862 1106 921 maryrum
1153 863 1339 904 causa
1410 846 1629 903 ethnici
1710 844 2069 912 conturbati,

404 923 654 1012 ipseque
677 952 784 993 rex
811 936 873 993 in
895 935 1158 993 furorem
1174 935 1508 992 maximum
1535 935 1872 992 concitatus
1901 932 2074 990 varia

403 1026 581 1084 corde
640 1025 1090 1100 prmmeditatur
1147 1024 1369 1097 quibus
1418 1027 1622 1097 posset
1684 1023 2073 1079 intentionem

404 1119 752 1173 sanctorum
774 1114 1119 1187 reprimere.
1153 1114 1495 1170 Sciscitatur
1522 1112 1703 1169 etiam
1749 1113 2072 1185 sapientes,

404 1205 676 1279 explorat
701 1204 1120 1277 philosophos,
1152 1202 1443 1276 regnique
1474 1203 1568 1258 sui
1595 1202 1872 1259 consules
1894 1215 2078 1274 super

404 1296 519 1351 hac
541 1310 605 1351 re
629 1297 1034 1367 percontatur.
1070 1293 1182 1359 Qui
1205 1308 1417 1349 omnes
1448 1292 1813 1348 unanimiter
1840 1291 1899 1347 in
1937 1305 2076 1364 per-

405 1384 623 1440 niciem
650 1381 1067 1455 conspirantes
1096 1381 1387 1451 ﬁdelium,
1419 1380 1849 1454 comprehendi
1879 1380 2075 1437 Chris-

404 1474 603 1530 tianos
633 1476 691 1528 et
719 1470 1011 1527 vinculari
1042 1470 1158 1526 sub
1188 1470 1555 1527 arctissimos
1581 1485 1849 1526 carceres
1868 1468 2075 1525 decre-

406 1565 623 1617 verunt
641 1561 683 1633 (ί
699 1560 736 1633 ).
764 1559 935 1615 Tunc
957 1560 1085 1630 jam
1111 1559 1509 1635 proculdubio
1534 1558 1823 1616 enecandi
1840 1574 1941 1614 eos
1962 1556 2077 1613 dif-

407 1648 645 1705 ﬁcultas
685 1647 794 1704 fuit
824 1648 1127 1721 adempta,
1161 1648 1212 1704 si
1242 1648 1571 1722 quisquam
1597 1647 1751 1704 vatis
1783 1647 1874 1703 sui
1889 1651 2075 1703 teme-

407 1740 602 1796 rarius
633 1739 1026 1812 exprobrator
1052 1738 1207 1795 ultra
1237 1741 1593 1795 occurreret.
1620 1741 1738 1793 Hac
1758 1753 1873 1793 nos
1904 1736 2077 1792 mise-

409 1829 458 1888 ri
489 1828 772 1902 opinione
802 1831 1110 1901 comperta
1164 1826 1538 1897 diffugimus,
1568 1826 1829 1897 abimus,
1862 1841 2078 1895 evaga-

408 1933 565 1988 mur,
596 1916 1020 1983 delitescimus,
1065 1915 1396 1989 timidoque
1444 1915 1723 1976 discursu
1761 1919 1819 1975 et
1864 1914 2077 1973 habitu

406 2006 715 2065 demutato
761 2012 1057 2066 nocturna
1116 2006 1350 2065 silentia
1393 2005 1718 2080 carpimus.
1761 2004 2078 2065 Decidente

405 2095 548 2153 folio
574 2094 987 2164 exturbamur,
1016 2095 1229 2155 crabro
1261 2095 1610 2153 mansiones
1636 2098 1967 2163 mutamus,
1989 2098 2081 2155 tu-

407 2184 559 2243 tiora
586 2184 722 2244 loca
748 2184 1133 2258 requirimus,
1161 2200 1232 2243 ac
1261 2183 1639 2243 tremebundi
1668 2184 2081 2256 undequaque

405 2272 906 2342 dilabimur,mori
932 2271 1324 2335 formidantes
1355 2288 1462 2347 per
1490 2272 1783 2345 gladium.
1801 2272 2080 2346 quando-

406 2378 526 2436 que
579 2362 849 2423 morituri
898 2378 1007 2437 per
1035 2361 1328 2423 debitum.
1362 2362 1472 2431 Qui
1502 2360 1640 2419 ideo
1678 2360 1828 2422 forte
1856 2364 2081 2433 marci-

406 2450 564 2510 rium
614 2450 902 2520 fugimus,
932 2466 1058 2509 non
1087 2450 1232 2524 quia
1283 2450 1565 2511 timemus
1612 2454 1893 2519 mortem,
1945 2466 2080 2520 quin

405 2538 778 2614 quandoque
806 2545 1058 2598 ventura
1072 2543 1192 2609 est;
1253 2538 1360 2597 sed
1407 2538 1557 2611 quia
1584 2537 1819 2612 indigni
1867 2554 2079 2595 sumus

407 2628 698 2702 martyrio
738 2629 834 2700 (2),
866 2627 1036 2701 quod
1081 2627 1475 2700 quibusdam,
1524 2631 1582 2684 et
1622 2642 1745 2685 non
1790 2626 2078 2687 omnibus

409 2715 622 2773 datum
645 2719 756 2773 est.
776 2716 888 2782 Qui
917 2716 1078 2777 enim
1100 2731 1262 2772 nunc
1289 2715 1753 2788 martyrizantur
1777 2720 1834 2777 et
1856 2719 2081 2787 marty-

410 2804 639 2863 rizandi
669 2807 826 2873 sunt,
861 2804 940 2863 ab
987 2799 1167 2863 initio
1187 2805 1399 2865 mundi
1424 2804 1752 2877 prtescripti
1797 2809 1959 2872 sunt,
1988 2804 2082 2865 di-

411 2895 581 2950 cente
623 2892 937 2963 Apostolo:
992 2894 1147 2962 Quos
1171 2895 1498 2964 praesciuit,
1551 2899 1605 2950 et
1644 2894 2082 2963 predestinavit

412 2981 749 3051 conformes
776 2983 913 3052 ﬁeri
940 2983 1221 3054 imaginis
1250 2984 1399 3041 Filii
1438 2984 1555 3051 sui,
1587 2990 1654 3041 ut
1683 2984 1758 3039 sit
1789 2984 1914 3054 ipse
1956 2984 2083 3053 pri~

410 3071 743 3140 mogcnitus
773 3072 837 3129 in
890 3073 1095 3129 multis
1126 3072 1443 3131 fratribus.
1477 3073 1631 3142 Quos
1687 3079 1883 3133 autem
1921 3088 2081 3142 prm-
2107 3083 2152 3139 ο

410 3158 753 3229 destinavit,
788 3160 891 3221 hos
926 3166 981 3219 et
1004 3163 1262 3229 vocavit,
1287 3168 1341 3220 et
1381 3178 1525 3234 quos
1558 3163 1811 3233 vocavit,
1856 3163 1993 3221 illos
2025 3167 2081 3224 et

406 3249 774 3317 gloriﬁcavit
805 3250 993 3322 (Rom.
1022 3266 1150 3321 vni,
1177 3254 1269 3321 29,
1299 3252 1413 3323 30).

1052 3377 1276 3432 CAPUT
1325 3378 1432 3433 XV.

415 3460 901 3518 Christianorum
940 3465 1338 3535 perturbatio,
1388 3472 1440 3522 et
1501 3467 1838 3522 earumdem
1894 3466 2079 3522 varia

483 3535 790 3659 senteuttia:
812 3536 872 3589 in
898 3536 1152 3590 concilio
1173 3537 1586 3606 episcoporum
1619 3536 1911 3593 Corduba?
1933 3553 2075 3594 con-

487 3619 672 3659 areaa
702 3621 753 3659 ο.

485 3619 753 3677 gregale.

489 3716 539 3767 1.
570 3710 728 3769 Multi
755 3711 934 3783 igitur
978 3712 1196 3770 horreo
1248 3713 1487 3770 inutiles
1532 3715 1865 3785 Dominico,
1907 3715 2079 3786 ejecti

413 3800 573 3857 foras
597 3803 673 3857 de
716 3806 838 3858 rete
887 3801 1220 3875 apostolica
1247 3803 1327 3860 ab
1356 3818 1446 3869 eo,
1481 3804 1585 3875 qui
1622 3819 1744 3859 non
1772 3808 1839 3859 ut
1877 3804 2075 3860 bonos

412 3890 574 3947 vasis
603 3892 949 3961 recondere,
981 3893 1087 3949 sed
1105 3893 1305 3965 potius
1334 3896 1402 3950 ut
1430 3893 1650 3967 stipula
1678 3894 2080 3963 exstinguibili

414 3984 763 4037 meruerunt
801 3981 1083 4039 incendio
1111 3981 1429 4054 deputari;
1461 3982 1785 4039 nobiscum
1814 3983 1909 4039 vel
1932 3984 1961 4027 ι»
1987 3983 2079 4039 fu-

415 4083 574 4139 gere,
630 4068 725 4124 vel
779 4070 1062 4142 compati,
1115 4070 1211 4126 vel
1266 4071 1447 4127 etiam
1500 4070 1846 4129 delitescere
1913 4087 2081 4128 recu-

416 4160 636 4227 santes,
668 4157 949 4230 pietatem
992 4158 1356 4233 relinquunt,
1382 4160 1558 4221 ﬁdem
1590 4161 2077 4235 praevaricantur,

418 4244 707 4302 abdicant
731 4246 1102 4317 religionem,
1133 4248 1495 4305 Cruciﬁxum
1524 4250 1908 4313 detestantur.
1941 4253 2081 4308 Sese

417 4334 594 4407 (proh
623 4334 797 4391 dolor
814 4335 853 4408 l)
881 4336 1170 4408 impietati
1200 4339 1521 4407 tradentes,
1543 4339 1901 4401 submittunt
1928 4340 2082 4397 colla

1593 244 1647 298 S.
1694 240 1975 301 EULOGII
2013 238 2340 302 ARCHIEP.
2381 239 2624 301 TOLET.

3718 238 3835 299 790

2175 363 2295 420 lere
2335 363 2724 421 studuerunt:
2765 361 3139 435 quibusdam
3168 376 3241 417 ex
3279 362 3413 433 lege
3454 361 3849 427 sententiolis.

2174 452 2655 511 immutationem
2688 452 2808 511 oris
2850 451 2961 521 sui,
3005 467 3077 511 ac
3129 451 3348 521 linguae
3402 450 3850 509 versibilitatem

2175 540 2353 613 quasi
2404 542 2691 601 roborare
2719 541 2992 599 nitentes.
3040 544 3166 599 Non
3200 541 3638 614 perpendentes
3675 539 3851 613 quod

2175 629 2378 686 nullus
2402 634 2581 689 tantm
2625 631 2978 704 prmeriptus
3023 630 3269 701 militiae,
3303 634 3361 693 et
3401 629 3625 689 omlesti
3661 627 3847 686 curiae

2178 719 2696 788 annumerandus,
2724 721 2981 783 instante
3026 719 3178 780 hora
3206 719 3556 789 vocationis,
3586 716 3849 781 nexibus

2176 807 2413 867 retineri
2439 812 2646 881 posset
2682 808 3075 869 mortalibus:
3108 824 3250 867 cum
3278 807 3546 881 quotidie
3561 808 3625 870 in
3652 804 3848 877 Scrip-

2178 897 2326 957 turis
2374 898 2559 961 sacris
2605 896 2922 960 nobiscum
2974 897 3302 970 pertegant,
3335 897 3502 970 quod
3548 912 3661 958 nec
3697 894 3844 964 vita,

2178 1000 2289 1042 nec
2315 1002 2476 1049 saeva
2503 985 2793 1059 pericula,
2823 1001 2933 1043 nec
2960 986 3094 1059 ipsa
3130 986 3309 1045 etiam
3341 1001 3508 1049 mors
3532 989 3777 1047 sanctos
3808 998 3849 1046 a

2178 1075 2466 1139 charitate
2497 1076 2731 1135 Domini
2758 1076 2947 1137 nostri
2990 1078 3128 1137 Jesu
3171 1076 3381 1139 Christi
3431 1075 3686 1139 avellere
3728 1089 3850 1135 una

2180 1181 2367 1239 quam
2397 1166 2767 1239 prevaleant
2792 1167 2982 1238 (Rom.
3011 1182 3134 1235 Vlu.
3166 1171 3234 1229 35
3265 1172 3318 1227 et
3347 1167 3549 1238 εϐρού-

2251 1259 2305 1317 2.
2338 1254 2423 1315 Illi
2452 1260 2678 1328 autem,
2693 1256 2841 1329 quid
2867 1256 3131 1318 abinitio
3161 1261 3330 1319 actus
3342 1270 3466 1317 non
3493 1252 3857 1317 destiterunt

2181 1343 2475 1405 infamare
2504 1350 2875 1411 sanctorum,
2901 1345 3185 1419 foedaque
3208 1343 3619 1406 susurratione
3634 1357 3855 1403 eorum

2183 1434 2382 1493 conati
2432 1438 2573 1495 sunt
2625 1435 3016 1492 intentionem
3067 1438 3361 1501 evertere;
3409 1432 3635 1493 bellum
3682 1429 3858 1503 quod

2184 1524 2471 1587 militibus
2503 1524 2779 1595 gloriosis
2809 1524 3207 1596 nequiverunt
3234 1521 3471 1589 inferre.
3495 1522 3557 1581 in
3578 1536 3691 1582 nos
3722 1535 3857 1581 cru-

2184 1612 2392 1669 deliter
2415 1614 2737 1686 vertunt(l)
2762 1630 2773 1667 :
2808 1629 3041 1685 nosque
3066 1617 3339 1669 auctores
3366 1611 3548 1682 hujus
3595 1608 3680 1665 rei
3700 1607 3857 1664 exis-

2100 1729 2145 1783 Β
2186 1705 2304 1757 tere
2328 1707 2679 1769 asserentes,
2725 1707 2934 1757 nostro
2960 1701 3243 1758 instinctu
3272 1700 3372 1757 illa
3402 1698 3609 1758 omnia
3632 1713 3853 1771 perpe-

2183 1792 2340 1846 trata
2368 1790 2552 1846 fuisse
2582 1794 2888 1847 accusant.
2937 1788 3101 1845 Adeo
3133 1794 3197 1845 ut
3223 1787 3476 1861 quidam
3516 1786 3672 1843 illius
3703 1790 3855 1841 tem-

2182 1880 2345 1952 poris
2374 1879 2630 1952 publicae
2657 1881 2741 1939 rei
2772 1884 3072 1952 exceptor.
3102 1883 3445 1953 praepotens
3474 1876 3630 1940 vitiis
3672 1880 3733 1939 et
3757 1874 3856 1933 di-

2183 1968 2359 2040 vitiis,
2391 1968 2523 2029 solo
2560 1968 2996 2029 Christianismi
3051 1968 3298 2029 nomine
3330 1967 3671 2034 denotatus,
3702 1980 3855 2037 cpe-

2184 2058 2351 2116 ribus
2383 2063 2586 2123 autem
2615 2059 2736 2119 Deo
2760 2064 2818 2123 et
2866 2057 3096 2128 angelis
3115 2058 3247 2129 ejus
3277 2057 3542 2127 ignotus,
3575 2071 3613 2115 a
3634 2053 3859 2127 princi-

2183 2148 2289 2220 pio
2330 2147 2759 2211 certaminibus
2810 2147 3127 2212 beatorum
3178 2147 3476 2213 infensus.
3528 2144 3857 2211 detractor.

2185 2237 2505 2307 derogator
2533 2241 2592 2297 et
2617 2237 2942 2302 infamatur
2976 2252 3211 2307 eorum.
3238 2235 3509 2308 iniquus,
3554 2232 3857 2303 tumidus.

2185 2325 2395 2396 elatus,
2445 2325 2744 2399 superbus
2796 2329 2855 2387 et
2906 2325 3259 2400 improbus;
3311 2323 3582 2397 quodam
3626 2322 3725 2388 die
3783 2322 3859 2394 (2)

2184 2414 2461 2488 praesenti
2504 2414 2759 2479 consilio
2807 2415 3233 2495 episcoporum
3275 2413 3496 2479 multas
3526 2412 3862 2478 adversum

2187 2520 2306 2576 me,
2335 2504 2608 2575 linguam
2628 2521 3042 2575 commovens,
3071 2502 3519 2575 exaggeraverit
3541 2506 3863 2567 contumax

2185 2592 2317 2655 lias.
2350 2594 2867 2659 Anathematilare
2925 2598 3168 2659 sanctos
3205 2593 3471 2657 decernit
3497 2591 3641 2655 talia
3668 2592 3865 2656 medi-

2187 2686 2400 2749 tantes,
2451 2683 2810 2748 maledicere
2860 2684 3143 2757 imperat,
3170 2682 3453 2759 persequi
3506 2681 3665 2754 ctylo
3685 2681 3866 2752 jubet

2189 2770 2660 2835 electos.Verens
2680 2773 3121 2836 infelicissimus
3150 2772 3526 2842 omniumule
3550 2770 3864 2842 iacturam

2189 2859 2435 2921 honoris
2450 2860 2848 2933 patiatur.Qui
2859 2876 2983 2923 non
2994 2860 3192 2924 mlum
3212 2860 3444 2922 nullam
3458 2859 3862 2922 reverentiam

2191 2947 2413 3009 sanctis
2450 2947 2732 3009 exhibere
2763 2949 3011 3019 studuit,
3050 2964 3261 3011 verum
3304 2947 3485 3012 etiam
3526 2946 3864 3019 praedicare

2191 3035 2495 3097 sinistrum
2526 3053 2678 3101 esse,
2710 3037 2876 3109 quod
2920 3042 3111 3108 agunt
3157 3037 3220 3094 in
3244 3035 3514 3110 populis,
3542 3036 3853 3108 praecepit.

2261 3129 2312 3185 3.
2346 3128 2411 3185 Et
2437 3141 2797 3198 quanquam
2828 3131 2997 3190 metu
3025 3125 3344 3198 compulsi,
3377 3141 3488 3190 seu
3514 3123 3861 3197 metropoli.-

2187 3218 2471 3275 tanorum
2495 3213 2746 3286 judicio.
2778 3214 2884 3289 qui
2912 3214 2993 3279 ob
3024 3214 3307 3278 eamdem.
3348 3228 3599 3278 causam
3647 3215 3797 3273 tunc
3827 3227 3859 3275 ρ

2187 3302 2437 3363 diversis
2466 3302 2791 3376 provinciis
2815 3319 2853 3365 a
2885 3319 3025 3373 rege
3056 3303 3289 3365 fuerant
3315 3302 3585 3371 adunati,
3626 3300 3859 3373 aliquid

2187 3397 2760 3460 commentaremur,
2781 3392 2949 3465 quod
2994 3392 3185 3465 ipsius
3212 3390 3455 3465 tyranni
3499 3406 3571 3455 ac
3594 3389 3859 3463 populo-

2186 3497 2322 3543 rum
2352 3487 2615 3555 serperet
2643 3497 2823 3544 aures
2851 3483 2932 3554 (3)
2955 3500 2968 3551 ;
2991 3482 3312 3544 inhibitum
3335 3496 3468 3543 esse
3496 3478 3861 3552 martyrium

2186 3590 2297 3631 nec
2324 3573 2501 3633 licere
2529 3573 2815 3645 cuiquam
2846 3572 3133 3645 deinceps
3163 3572 3242 3637 ad
3262 3571 3590 3646 palastram
3624 3569 3861 3647 profes-

2186 3662 2369 3725 sionis
2399 3662 2754 3731 discurrere,
2784 3662 3101 3734 praemisso
3130 3660 3458 3734 pontificali
3487 3659 3749 3729 decreto,
3777 3659 3864 3732 ip-

2187 3767 2271 3807 sua
2299 3751 2503 3809 litterae
2534 3752 2922 3814 nuntiarunt:
2973 3751 3309 3823 eademque
3349 3748 3577 3811 scheda
3605 3748 3860 3811 minime

2185 3841 2607 3903 decedendum
2653 3857 2913 3910 agonem
2956 3840 3348 3913 impugnans,
3397 3839 3567 3912 quod
3622 3838 3860 3897 futuros

2185 3929 2566 3994 laudabiliter
2595 3930 2899 3993 extolleret
2926 3929 3143 3991 milites
3170 3929 3529 4003 percipitur:
3556 3934 3861 3988 verumta-

2187 4035 2326 4081 men
2377 4018 2694 4089 allegorice
2741 4020 2921 4083 edita.
2968 4018 3084 4077 nisi
3115 4034 3153 4078 ο,
3180 4017 3578 4091 prudentibus
3624 4016 3859 4077 adverti

2188 4125 2311 4172 non
2339 4113 2594 4182 poterat.
2615 4112 2741 4172 Non
2773 4114 2975 4170 tamen
2998 4110 3075 4180 (4)
3102 4106 3468 4181 inculpabile
3495 4105 3647 4168 illud
3670 4105 3857 4164 fuisse

2186 4202 2475 4272 putamus
2514 4197 2889 4261 similationis
2926 4196 3290 4265 consultum,
3322 4196 3491 4269 quod
3525 4194 3693 4255 aliud
3722 4210 3855 4265 ges-

2188 4292 2324 4351 tans
2364 4292 2422 4351 et
2450 4286 2613 4348 aliud
2641 4302 2891 4352 sonans.
2917 4287 3095 4360 quasi
3136 4302 3175 4347 a
3205 4286 3483 4347 discursu
3522 4283 3856 4356 martyriali

2190 4376 2430 4449 plebem
2485 4391 2870 4447 compescere
2923 4374 3243 4437 videbatur
3274 4375 3365 4447 (5).
3396 4373 3700 4441 Quinimo,
3742 4373 3859 4429 nisi

415 4422 1298 4536 ETPSEE’332}315’132222‘3*3
1330 4426 1672 4536 Ῠῗῖνέδυξῗζ
1699 4428 2081 4536 ῗἾΡΪῨῘῨυῗΫ
2116 4438 2162 4493 θ
2190 4422 2457 4535 legitima
2485 4422 3136 4532 εδιίεῖαοιίοηθνεαιιθω
3162 4422 3466 4536 pro‘tllege
3513 4422 3857 4525 ῑιιιυδίθῐωε

415 4526 534 4583 que
575 4511 971 4569 Christicolas.
1003 4513 1250 4570 Plurimi
1275 4526 1298 4557 ε
1329 4515 1530 4584 etiam,
1570 4515 1675 4588 qui
1705 4516 1939 4588 pridem
1979 4531 2084 4572 no.

413 4599 652 4657 hiscum
687 4615 837 4658 sano
883 4618 1069 4658 sensu
1120 4596 1402 4661 victorias
1426 4608 1764 4677 martyrum
1801 4604 2084 4677 prtedica-

413 4688 581 4764 bant,
639 4690 1039 4751 constantiam
1070 4692 1417 4763 efferebant,
1449 4692 1787 4751 laudabant
1836 4698 2086 4768 tropaea,

2193 4550 2617 4609 remittendum
2645 4567 2774 4608 esse
2796 4550 3175 4608 conﬁtemur.

2831 4696 3054 4756 CAPUT
3082 4694 3209 4754 XVI.

415 4778 778 4883 extollebant
799 4795 1082 4857 agonem,
1112 4785 1237 4840 tam
1258 4783 1773 4885 er'sacerdotibus
1793 4799 1979 4886 quam
2018 4801 2089 4841 ex
2192 4803 2749 4928 Habdm-rahﬁman
2801 4817 2928 4886 rex.
2960 4803 3153 4865 subito
3196 4803 3488 4884 mon-(um.
3533 4801 3699 4870 ﬁlius
3730 4804 3855 4871 ejus

415 4868 613 4928 laicis;
646 4873 970 4928 sententias
998 4876 1256 4928 mutant.
1287 4872 1455 4928 aliter
1503 4878 1784 4928 sentiunt.
1817 4873 2089 4928 iudicant
2613 4874 2875 4928 ahomad
2904 4891 2965 4928 in
2996 4890 3182 4928 reano
3211 4874 3495 4928 succedit.

414 4868 613 4939 laicis;
646 4873 970 4930 sententias
998 4876 1256 4945 mutant,
1287 4872 1455 4930 aliter
1503 4873 1784 4945 sentiunt,
1810 4872 2089 4945 judicent

416 4959 766 5018 indiscretos
796 4979 951 5036 quos
991 4963 1283 5021 hactenus
1310 4963 1687 5020 felicissimos
1716 4963 2083 5035 asserebant,

418 5063 529 5119 pro
546 5063 617 5104 eo
633 5051 798 5123 quod
817 5053 932 5124 ipsi
948 5054 1139 5109 sancti
1168 5053 1602 5111 infirmioribus
1633 5053 1902 5111 nolentes
1919 5070 2084 5111 com-

417 5137 563 5211 pati,
612 5156 734 5194 suae
765 5141 963 5212 potius
989 5143 1432 5216 tranquillitatis
1457 5148 1515 5201 et
1547 5145 1714 5218 pacis
1737 5146 2081 5219 commoda,

418 5245 555 5301 quae
580 5229 641 5285 in
663 5228 1001 5285 caelestibus
1020 5234 1312 5302 sanguine
1333 5235 1587 5291 mercari
1602 5234 2086 5308 ﬁdebant,quam

418 5317 654 5374 nutanti
682 5318 954 5374 Ecclesiae
979 5319 1130 5376 inter
1150 5323 1430 5394 scopulos
1467 5323 1839 5397 perﬁdorum
1870 5340 2085 5381 consu-

489 5502 514 5531 α
538 5494 605 5550 In
635 5495 907 5568 sequenti
931 5500 1067 5568 post
1096 5498 1346 5557 Emilam
1395 5505 1453 5557 et
1480 5501 1839 5559 Hieremiam
1886 5502 1981 5557 die
2022 5502 2084 5558 hi

420 5568 715 5636 martyres
772 5567 1163 5644 perimuntur,
1219 5588 1373 5644 quos
1430 5572 1662 5630 nullum
1718 5572 2082 5631 Breviarium

421 5643 872 5695 commemorat.
905 5643 1122 5698 MOBAL.

490 5705 518 5744 ι)
547 5706 668 5761 Hoc
684 5723 945 5784 namque
970 5716 1098 5774 erat
1115 5712 1625 5784 imbecillioribus,
1655 5718 1712 5773 et
1736 5714 1843 5790 qni
1857 5718 2081 5787 marty-

2613 4874 2875 4930 ahomad
2904 4875 2965 4930 in
2996 4890 3182 4947 regno
3211 4874 3495 4931 succedit.

2266 4981 2610 5062 l.Denique,
2629 4997 2769 5043 cum
2794 4997 2867 5037 ex
2897 4981 3063 5039 omni
3092 4984 3262 5060 parte
3293 4979 3639 5045 Christianis
3663 4978 3853 5037 immi-

2192 5075 2359 5128 neret
2379 5070 2992 5144 interitus.adensque
3021 5070 3273 5129 immani
3300 5070 3500 5139 furore
3530 5069 3855 5133 commina-

2196 5162 2274 5218 tio
2308 5159 2592 5239 principis
2625 5159 2844 5219 multos
2878 5160 3203 5225 electorum
3232 5176 3430 5219 errare
3452 5158 3852 5233 compelleret,

2192 5250 2461 5325 plerique
2505 5249 2681 5305 nobis
2712 5248 2879 5307 illam
2923 5250 3421 5323 exprobationem
3450 5248 3851 5313 Israelitieam.

2195 5355 2333 5395 cum
2365 5354 2427 5393 se
2454 5337 2695 5408 gravius
2733 5338 2995 5411 opprimi
3029 5344 3358 5404 cernerent,
3391 5337 3750 5403 inferebant,
3776 5336 3854 5393 di-

2194 5498 2282 5554 rio
2310 5500 2571 5570 impares
2600 5503 2787 5566 erant,
2816 5500 3183 5572 permissum
3235 5500 3453 5557 divinae
3482 5498 3631 5571 legis
3669 5497 3853 5555 indul-

2194 5573 2410 5642 gentia.
2444 5574 2658 5627 MORAL.

2263 5652 2287 5678 α
2317 5646 2535 5716 contra
2558 5643 2674 5716 hos
2695 5647 2822 5716 tum
2848 5643 3248 5716 primoilibro,
3271 5646 3399 5699 tum
3422 5643 3605 5700 etiam
3625 5642 3690 5699 in
3710 5648 3853 5713 Apo-

2193 5712 2450 5784 logetico
2472 5713 2754 5784 Eulogius
2785 5712 2975 5772 fusius
3003 5714 3289 5787 disputat.
3320 5718 3395 5772 In.
