3960 6400
113 285 219 337 797

114 407 323 460 centes

113 494 327 550 foetere
357 492 580 550 fecistis
612 493 895 550 sudorem
925 501 1200 552 nostrum
1227 513 1433 553 coram
1463 498 1578 552 hoc
1603 501 1797 568 tyran-

112 599 193 639 no
222 587 280 638 et
334 583 527 639 servis
574 583 726 653 ejus,
789 587 845 640 et
898 585 1238 657 prtebuistis
1288 586 1373 643 eis
1429 587 1697 656 gladium
1734 591 1797 642 ut

118 672 475 729 occiderent
504 688 634 728 nos.
677 694 696 725 ι
753 676 1060 731 Crescente
1108 676 1326 732 etenim
1358 691 1611 732 numero
1639 691 1797 732 mare

117 767 346 832 tyrum,
385 761 691 817 crescebat
722 763 780 818 in
810 764 1009 834 majus
1031 765 1346 822 iracundia
1365 763 1794 837 principis,au-

116 851 501 923 gebaturque
534 850 811 908 ﬁdelibus
856 853 1254 921 conturbatio,
1306 859 1371 910 ut
1418 869 1571 926 pene
1617 869 1795 910 casus

115 941 303 996 nostri
339 940 487 997 olim
516 941 950 999 Pliaraoniticis
975 949 1185 1001 contra
1228 944 1408 1001 Israel
1434 945 1793 1016 persecutio-

115 1030 297 1086 nibus
326 1035 846 1102 computarentur.
906 1033 1016 1097 Qui
1063 1033 1221 1089 sicut
1264 1034 1345 1090 ob
1390 1034 1791 1090 interventum

115 1120 334 1191 Moysis
399 1120 480 1176 ad
534 1121 906 1179 Pharaonem
963 1138 1074 1194 pro
1138 1124 1364 1196 populo
1441 1123 1540 1179 Dei
1595 1122 1792 1178 acrius

115 1208 378 1280 rEgyptii
412 1209 767 1278 desaeviunt,
801 1214 858 1266 et
887 1227 1142 1284 operum
1166 1213 1656 1280 graviSSImornm
1683 1211 1790 1266 im-

113 1297 406 1368 portabili
427 1298 766 1357 calamitate
799 1299 1074 1358 subditos
1101 1303 1454 1374 opprimunt
1488 1320 1499 1368 ;
1526 1302 1606 1358 ita
1635 1317 1788 1372 quo-

119 1403 235 1458 que
267 1391 326 1444 et
344 1404 466 1444 nos
501 1404 571 1446 ex
603 1403 693 1454 eo,
729 1405 851 1460 quo
879 1390 1068 1447 sancti
1122 1392 1199 1447 ad
1236 1391 1508 1464 praelium
1542 1391 1787 1446 descen-

115 1477 353 1544 derunt,
392 1483 460 1533 ut
505 1477 895 1550 loquerentur
933 1495 1001 1535 ex
1046 1480 1292 1537 nomine
1325 1481 1559 1537 Domini
1603 1480 1790 1536 nostri

113 1569 247 1622 Jesu
279 1567 500 1624 Christi
533 1583 738 1624 coram
792 1583 952 1640 rege,
999 1573 1056 1625 et
1084 1570 1505 1642 proﬁterentur
1533 1569 1790 1626 consuli-

116 1657 224 1712 bus
271 1662 328 1712 et
366 1657 678 1728 judicibus
727 1659 1143 1728 evangelicam
1200 1661 1523 1724 veritatem,
1576 1659 1790 1732 prode-

1247 282 1682 341 MEMORIALIS
1721 282 2163 342 SANCTORUM.
2197 317 2260 328 —-
2292 286 2425 342 [ΑΒ.
2465 287 2524 342 ΙΙ.

386 419 399 457 :
460 423 490 456 ‹
520 402 735 460 Videat
785 405 1070 462 Dominus
1125 412 1181 463 et
1228 408 1474 478 judicet,
1503 407 1792 479 quoniam
1829 409 1878 461 A
1924 407 1945 451 δ
1981 425 2328 468 ΟΒΒΕΟΙΙΑΤῙΟ
2373 429 2444 466 AD
2493 428 2774 468 cnmsrnn
2822 430 3054 468 mussi-2n
3099 432 3318 471 sumen
3348 434 3400 472 ιη
3427 433 3567 473 con-

3464 297 3568 351 798

1986 498 2312 539 PLEMENTUH
2369 500 2577 540 LIBELLI
2637 502 2762 540 Sth‘
2801 501 2912 542 PRO
2962 502 3098 542 OMNI
3147 504 3323 546 LAPSU
3369 506 3460 552 QUI
3512 507 3566 546 ΙΝ

1983 568 2090 608 HOC
2122 570 2294 612 OPERE
2335 571 2648 612 COMXISSUS
2683 572 2805 612 EST.

1979 681 2144 736 Ecce.
2175 682 2424 737 Domine
2450 682 2606 736 Deus
2636 698 2828 748 meus,
2848 683 3043 754 Alpha
3074 689 3128 739 et
3155 687 3566 758 0mega,prin-

1903 766 2126 832 cipium
2156 774 2213 825 et
2233 770 2575 838 ﬁnis,verus
2611 772 2962 828 Emmanuel
2985 779 3206 839 noster,
3240 774 3565 830 initiumvi-

1906 860 1975 911 tae
2004 874 2174 922 mete,
2210 859 2519 930 plenitudo
2549 861 2768 918 animas
2809 877 2978 930 meas,
3021 862 3303 934 perfectio
3359 864 3566 923 salutis

1900 961 2073 1014 meae,
2104 947 2226 1003 zelo
2246 953 2346 1003 tuo
2377 965 2686 1017 accensus,
2721 965 2926 1006 amore
2948 956 3292 1007 sanctorum
3322 957 3562 1008 tuorum

1901 1035 2272 1107 compulsus,
2319 1036 2568 1092 fratrum
2617 1038 2905 1094 charitate
2948 1044 3214 1102 coactus,
3247 1041 3562 1113 parvipen-

1900 1121 2171 1179 dentium
2200 1138 2222 1167 ο
2254 1126 2550 1182 nutationi
2598 1143 2974 1199 compassus,
3009 1129 3149 1185 odio
3179 1130 3561 1186 inimicorum

1901 1215 2142 1268 tuorum
2177 1219 2536 1282 commotus,
2565 1215 2832 1272 tantillus
2864 1217 3129 1280 scientia,
3165 1218 3406 1287 ingenio
3423 1235 3562 1291 par-

1900 1315 2024 1369 cus,
2070 1302 2274 1358 exsilis
2300 1302 2620 1372 intellectu,
2655 1307 3022 1377 spectamine
3050 1306 3332 1363 bonitatis
3362 1323 3432 1363 ac
3458 1308 3566 1364 mi-

1900 1389 2237 1447 sericordiae
2293 1395 2406 1447 tuae
2457 1392 2908 1461 magnanimus,
2953 1393 3138 1449 fretus
3181 1395 3419 1468 pietate,
3452 1396 3563 1452 cle-

1897 1479 2124 1535 mentia
2153 1480 2494 1549 roboratus,
2529 1496 2889 1552 aggressum
2915 1499 3091 1555 opus,
3122 1487 3176 1539 te
3212 1484 3559 1554 adjuvante,

1898 1567 2118 1639 perfeci
2149 1574 2332 1642 atque
2354 1569 2642 1637 conclusi,
2677 1570 2831 1627 sicut
2851 1572 3173 1644 potui,non
3206 1573 3359 1629 sicut
3378 1573 3562 1629 debui

1896 1656 2020 1712 imo
2056 1657 2208 1714 sicut
2238 1662 2303 1714 tu
2338 1659 2485 1714 mihi
2515 1675 2692 1732 posse
2718 1660 2952 1717 dedisti.
2988 1661 3210 1733 Aperui
3229 1677 3299 1717 os
3332 1678 3558 1730 meum,

119 1749 372 1816 rentque
432 1744 753 1802 falsitatem
810 1747 964 1803 vatis
1018 1748 1230 1821 iniqui,
1293 1748 1464 1805 solito
1513 1748 1788 1821 asperius
1817 1761 1862 1816 Β
1901 1746 2169 1815 Domine,
2201 1751 2260 1804 et
2284 1748 2520 1804 locutus
2551 1765 2710 1819 sum,
2740 1750 2885 1821 quia
2917 1755 2973 1805 tu
2997 1750 3228 1820 jussisti
3259 1756 3354 1819 ;et
3374 1767 3563 1823 quan-

118 1835 465 1904 evertimur,
518 1839 575 1890 et
602 1833 874 1892 funditus
929 1853 966 1894 a
1003 1837 1289 1894 ministris
1345 1838 1788 1894 daemoniorum

126 1922 423 1994 perdendi
442 1923 840 1996 insequimur.

181 2015 235 2069 2.
269 2013 551 2085 Cumque
579 2017 743 2071 tanta
774 2015 1057 2071 coarctati
1080 2016 1365 2086 angustia
1395 2015 1661 2072 crebrius
1691 2029 1788 2085 ge-

118 2118 444 2175 meremus,
491 2107 547 2159 et
594 2103 918 2161 latentibus
951 2121 1023 2161 ac
1063 2105 1428 2176 vagantibus
1470 2105 1647 2161 nobis
1689 2105 1784 2177 (1),

124 2191 320 2247 denuo
351 2192 628 2265 pontifex
657 2192 928 2248 horribili
967 2209 1275 2250 carcerum
1302 2195 1503 2268 specui
1532 2195 1786 2251 tradere-

121 2287 228 2349 tur,
261 2281 595 2354 nullusque
641 2281 936 2338 nobilium
978 2283 1269 2340 laicorum
1318 2285 1549 2354 ingredi
1579 2285 1735 2340 fores
1762 2297 1786 2324 α

120 2372 381 2442 auderet,
415 2372 689 2428 futurum
709 2372 770 2428 in
799 2374 1081 2445 perendie
1111 2375 1483 2444 ergastulum
1514 2380 1786 2431 metuen-

120 2464 198 2516 tes
233 2481 245 2530 ;
278 2461 464 2535 coepit
507 2477 610 2517 rex
651 2461 771 2517 alta
803 2462 1022 2518 aedium
1045 2468 1262 2536 petere,
1299 2463 1653 2537 scanditque
1686 2479 1786 2520 su-

120 2549 291 2606 blime
329 2550 648 2617 solarium,
678 2551 906 2624 oppida
933 2551 1314 2615 lustraturus,
1349 2553 1787 2626 confestimque

120 2655 146 2693 e
176 2639 420 2709 regione
470 2641 551 2711 (2)
586 2640 911 2712 pendentia
957 2642 1255 2714 stipitibus
1284 2647 1629 2698 sanctorum
1661 2659 1786 2699 cor-

121 2745 260 2800 pora
286 2730 574 2786 intuetur.
609 2731 904 2787 Continuo
931 2733 1260 2804 suppositis
1289 2732 1532 2803 ignibus
1558 2748 1784 2789 crema-

118 2817 161 2872 ri
190 2835 258 2874 ea
291 2819 601 2892 praecepit.
645 2821 913 2884 Quorum
961 2821 1209 2890 cineres,
1246 2825 1364 2877 Deo
1390 2821 1644 2887 fautore,
1675 2838 1782 2895 per

119 2906 247 2964 loca
270 2914 484 2965 sancta
516 2909 756 2981 repositi
788 2915 947 2965 sunt.
980 2913 1064 2978 Et,
1116 2927 1151 2966 ο
1184 2911 1547 2967 admiranda
1566 2916 1780 2985 poten-

120 2997 194 3054 tia
225 2999 576 3066 Salvatoris,
617 3003 675 3054 et
727 3000 1029 3071 stupenda
1068 3003 1255 3056 virtus
1305 3001 1540 3056 Domini
1590 3001 1781 3057 nostri

1901 1839 2028 1890 tum
2061 1835 2321 1904 voluisti,
2355 1836 2634 1910 implesti,
2669 1842 2850 1910 atque
2899 1837 2978 1893 ad
3005 1839 3414 1896 enarrandum
3435 1841 3560 1911 jus-

1897 1928 2096 1979 torum
2125 1929 2367 1981 tuorum
2397 1932 2566 1982 actus
2591 1926 2965 1997 justissimos
2993 1942 3096 1983 cor
3120 1927 3430 2000 iniquitate
3459 1929 3560 1985 de-

1891 2013 2120 2083 jectum
2151 2013 2415 2083 coegisti.
2451 2015 2710 2070 Armasti
2741 2014 2820 2070 ad
2851 2016 3324 2087 praeconandum
3349 2017 3560 2072 laudes

1894 2105 2030 2157 tuas
2056 2101 2414 2174 impeditam
2444 2103 2771 2160 sceleribus
2798 2104 3072 2175 linguam
3109 2122 3122 2172 ;
3156 2110 3214 2160 et
3237 2120 3305 2160 os
3326 2120 3554 2174 meum,

1894 2190 2062 2263 quod
2092 2206 2226 2248 sera
2255 2191 2535 2248 vitiorum
2581 2191 2687 2248 diu
2736 2192 3139 2260 obstruxerat,
3177 2193 3374 2251 subito
3412 2210 3558 2266 qua-

1894 2278 2037 2334 dam
2068 2279 2383 2351 praeditum
2416 2280 2656 2350 agonia,
2688 2281 2766 2337 ad
2794 2285 2898 2337 tua
2923 2281 3337 2338 elucubranda
3355 2281 3558 2338 ﬁdelia

1893 2372 2254 2427 testamenta
2277 2370 2868 2439 reserasti.Verebar,
2904 2372 3154 2428 Domine
3181 2374 3334 2428 Deus
3357 2387 3554 2442 meus,

1895 2473 2081 2530 opera
2130 2473 2290 2529 mea,
2322 2462 2379 2516 et
2409 2459 2696 2516 sollicitus
2746 2460 2820 2515 de
2854 2460 3101 2532 proprio
3135 2476 3388 2516 manens
3416 2461 3556 2516 faci-

1893 2562 2062 2619 nore,
2088 2547 2225 2603 licet
2252 2547 2692 2603 emendationis
2723 2547 3027 2604 differrem
3053 2550 3410 2616 remedium,
3433 2564 3556 2606 me-

1893 2636 2130 2692 ditabar
2157 2641 2357 2692 tamen
2384 2636 2459 2692 de
2491 2636 2906 2708 iniquitatibus
2945 2637 3094 2692 meis
3123 2653 3308 2710 penes
3338 2653 3558 2694 meme-

1893 2727 2119 2800 tipsum
2145 2727 2472 2798 probatum
2493 2725 2712 2798 saepius
2739 2727 3146 2783 testimonium
3173 2745 3185 2782 :
3218 2728 3555 2801 perpende-

1890 2815 2034 2872 bam
2065 2815 2382 2888 judicium,
2408 2816 2680 2872 debitum
2707 2817 2825 2871 mei
2848 2821 3050 2872 reatus
3074 2816 3415 2887 cogitabam
3433 2816 3557 2873 vin-

1889 2906 2135 2961 dicium.
2169 2907 2401 2961 Etcum
2433 2905 2598 2977 apud
2649 2911 2700 2960 te
2751 2906 3027 2962 notitiam
3080 2906 3216 2962 facti
3244 2908 3333 2962 sui
3383 2922 3556 2961 mens

1889 2998 2272 3050 consternata
2300 2995 2577 3067 deliquiis
2609 3011 2851 3052 manere
2873 3001 3281 3066 cognosceret,
3313 2996 3413 3052 vix
3444 3012 3557 3051 caa-

119 3088 246 3143 Jesu
272 3088 530 3144 Christi!
565 3088 669 3160 qui
700 3104 939 3161 semper
969 3090 1252 3161 quaesitus
1287 3090 1348 3145 in
1399 3089 1777 3146 tribulatione
1809 3117 1848 3173 ρ
1886 3079 2014 3136 lum
2043 3080 2309 3173 audebat
2345 3081 2674 3173 intendere.
2727 3086 2813 3139 Tu
2851 3100 2994 3140 vero
3044 3084 3317 3173 ιίξιειιαω
3353 3097 3552 3139 meam

121 3177 349 3242 assistit,
376 3177 656 3250 pulsatus
686 3178 896 3250 aperit,
924 3177 1240 3234 invocatus
1271 3180 1688 3235 exaudit.Nam
1710 3195 1778 3234 os

121 3261 278 3327 illud,
302 3267 474 3338 quod
510 3271 752 3322 sanctos
776 3266 878 3322 Dei
907 3267 1502 3340 comi.»uri'praecepit,
1534 3272 1778 3340 repente

120 3352 324 3409 eadem
353 3355 510 3412 hora
557 3355 842 3411 divinitus
866 3356 1212 3428 obstruitur,
1245 3356 1454 3425 lingua
1482 3373 1645 3423 vero,
1670 3371 1776 3412 an-

124 3440 244 3508 gelo
269 3444 661 3515 percutiente,
694 3460 986 3518 repressa,
1029 3461 1139 3501 suo
1167 3446 1404 3501 haerens
1435 3446 1658 3516 palato,
1693 3445 1778 3500 ul-

122 3532 200 3585 tra
221 3531 326 3588 fari
355 3549 484 3589 non
517 3534 726 3606 potuit.
761 3535 973 3607 Sicque
1004 3536 1372 3606 portantium
1403 3535 1686 3591 manibus
1715 3535 1777 3591 in

122 3624 362 3679 stratum
391 3623 700 3692 reductus,
730 3625 1000 3697 quadam
1045 3625 1236 3680 noctis
1275 3625 1463 3697 ipsius
1489 3626 1640 3681 hora
1663 3625 1780 3697 spi-

120 3708 287 3766 ritum
319 3712 606 3779 reddens,
637 3712 994 3786 priusquam
1025 3729 1211 3783 rogus
1232 3718 1581 3770 sanctorum
1603 3715 1777 3770 cada-

123 3813 319 3856 verum
347 3803 844 3870 exstingueretur,
868 3803 1028 3859 idem
1055 3804 1171 3860 vita
1197 3808 1531 3876 exemptus,
1554 3809 1776 3861 aeterno

123 3887 346 3946 clibano
370 3891 699 3964 deputatus
725 3897 834 3960 est,
857 3892 1204 3965 relinquens
1227 3909 1641 3950 successorem
1669 3894 1778 3950 im-

124 3977 257 4044 perii
306 3981 625 4038 Mahomad
674 3981 1168 4053 primogenitum,
1223 3983 1460 4039 hostem
1502 3983 1775 4038 Ecclesiae

127 4065 232 4132 Dei,
283 4074 338 4125 et
388 4071 865 4128 Christianorum
897 4070 1253 4127 malivolum
1303 4077 1770 4144 persecutorem.

126 4153 223 4217 Qui
248 4157 508 4229 ingenito
541 4160 811 4233 quodam
838 4161 978 4217 odio
1011 4162 1229 4234 saepius
1251 4164 1648 4234 quaestionem
1671 4163 1775 4219 ad-

125 4257 317 4303 versus
369 4250 580 4308 ﬁdeles
635 4265 1003 4322 proponens,
1050 4266 1174 4307 non
1223 4250 1324 4307 illo
1354 4251 1597 4308 inferior
1642 4268 1771 4308 esse

125 4335 330 4391 meritis
363 4340 663 4412 apparuit,
696 4341 869 4410 cujus
898 4340 1144 4396 nomine
1165 4340 1484 4410 insignitus
1506 4342 1769 4398 ostendi-

126 4423 377 4520 tur.rlam
403 4427 537 4500 ipso
569 4429 686 4495 die,
718 4445 841 4501 quo
868 4433 1172 4500 sceptrum
1191 4429 1361 4499 regni
1391 4430 1765 4501 adeptusest,
1798 4467 1844 4520 Β

124 4507 473 4572 Christianos
505 4515 770 4573 abdicari
814 4516 1036 4589 palatio
1081 4516 1278 4588 jussit,
1339 4517 1626 4587 dignitate
1652 4520 1766 4591 pri-

123 4599 288 4670 vavit,
317 4603 545 4662 honore
576 4606 840 4662 destituit
868 4623 879 4660 :
914 4605 1106 4662 multa
1140 4607 1531 4678 postmodum
1561 4607 1620 4662 in
1652 4624 1765 4665 nos

125 4687 271 4744 mala
302 4690 550 4765 irrogari
571 4695 922 4769 disponens,
958 4695 1007 4750 si
1025 4696 1194 4767 regni
1224 4695 1500 4753 felicitate
1527 4702 1584 4752 et
1605 4713 1766 4769 pros-

127 4777 271 4844 peris
300 4783 586 4852 potiretur
613 4785 926 4841 eventibus
959 4786 1056 4856 (3).
1117 4789 1234 4841 Nos
1264 4789 1487 4847 autem,
1522 4787 1767 4844 instanti

124 4861 702 4947 ﬁncopusculi,spem
721 4880 942 4930 nostris
966 4875 1393 4931 incolumitatis
1419 4876 1479 4931 in
1515 4877 1768 4933 Domino

125 4952 613 5031 collocantes,non
629 4964 950 5020 timeamus
975 4964 1123 5036 quid
1145 4965 1320 5020 nobis
1347 4965 1526 5021 faciat
1555 4966 1762 5023 homo.

125 5038 419 5106 Credentes
447 5068 560 5108 nos
591 5053 817 5125 ubique
848 5053 1121 5110 advocati
1151 5053 1337 5109 nostri
1367 5053 1600 5110 Domini
1631 5057 1769 5110 Jesu

128 5127 320 5190 Christi
367 5138 838 5215 interpellatione
875 5142 1113 5213 salvari,
1161 5143 1267 5216 qui
1323 5141 1473 5197 dixit
1528 5160 1540 5196 :
1615 5144 1770 5200 Ecce

127 5231 219 5286 ego
247 5227 535 5288 vobiscum
568 5248 696 5288 sum
736 5234 1007 5289 omnibus
1048 5233 1254 5288 diebus
1304 5247 1490 5302 usque
1522 5233 1604 5288 ad
1633 5249 1766 5288 con-

127 5319 550 5378 summationem
600 5324 808 5379 saeculi
858 5323 1099 5389 (Matth.
1145 5339 1346 5392 xxvm,
1405 5327 1519 5380 20).
1575 5326 1766 5378 Amen

170 5633 209 5695 ,ο
245 5623 354 5680 Hoc
380 5638 465 5688 est
500 5651 510 5687 :
544 5635 709 5691 domi
734 5651 796 5690 sc
820 5635 1190 5692 continerent
1221 5633 1452 5690 nobiles
1486 5633 1758 5689 Christia-

130 5698 200 5754 m»
227 5697 426 5762 Pedem
452 5704 587 5763 inde
618 5708 825 5764 efferre
849 5723 973 5764 non
1003 5707 1312 5767 audentes.
1347 5710 1565 5764 Momm.

1886 3169 2066 3242 quasi
2140 3170 2482 3226 ministeriis
2560 3172 2676 3226 tuis
2746 3175 2951 3244 aptam
3034 3172 3112 3228 ad
3172 3175 3553 3228 sacramenta

1887 3259 2151 3315 caelestia
2230 3260 2570 3316 ordinanda
2647 3261 2916 3330 dignaris
2992 3261 3316 3334 impellere.
3404 3264 3552 3316 Nam

1885 3348 2050 3419 quod
2095 3347 2322 3419 exiguis
2364 3353 2512 3404 meis
2570 3349 2791 3405 meritis
2844 3350 3157 3407 materiam
3217 3350 3362 3406 tanti
3437 3365 3554 3403 me-

1885 3437 1978 3492 riti
2003 3442 2350 3494 construere
2380 3438 2687 3505 intentavi,
2723 3443 2779 3494 et
2799 3439 2968 3511 quod
2986 3438 3339 3494 immundus
3371 3452 3545 3492 mun-

1885 3524 1965 3580 da
1990 3525 2267 3595 disserui,
2327 3532 2383 3583 et
2431 3528 2598 3600 quod
2630 3527 2916 3584 sordidus
2963 3531 3171 3583 sancta
3197 3531 3547 3582 sanctorum

1884 3614 2158 3687 disposui
2187 3635 2200 3684 ;
2235 3633 2358 3672 non
2389 3617 2684 3690 superbiae
2708 3623 2942 3674 tumore
2971 3617 3287 3686 subnixus,
3305 3616 3412 3672 sed
3443 3617 3552 3671 hu-

1885 3705 2040 3761 milis
2071 3710 2126 3762 et
2167 3707 2458 3777 abjectus,
2514 3707 2705 3778 gratia
2734 3707 3242 3780 acquirendarum
3272 3705 3552 3778 praemio-

1884 3811 2041 3864 rum,
2070 3801 2127 3852 et
2173 3797 2510 3868 patrocinio
2556 3797 2824 3869 potiendi
2876 3801 3219 3852 sanctorum
3274 3796 3389 3850 hoc
3415 3795 3547 3863 egi:

1884 3884 1978 3940 vel
2007 3888 2162 3942 certe
2197 3890 2259 3942 ut
2290 3901 2476 3958 penes
2506 3889 2562 3942 te
2608 3886 2880 3956 ingratus
2919 3901 3042 3941 non
3102 3899 3301 3940 essem
3343 3883 3550 3939 talenti

1885 3974 2103 4044 collati,
2139 3978 2244 4031 aut
2271 3976 2454 4031 etiam
2485 3991 2560 4030 ne
2590 3990 2684 4030 res
2718 3975 2866 4030 coelo
2882 3973 3102 4043 dignae,
3125 3973 3291 4029 nullo
3324 3972 3550 4044 astipu-

1880 4063 2062 4132 lante,
2086 4063 2374 4120 oblivioni
2391 4065 2767 4121 traderentur
2796 4063 3062 4137 perenni.

1954 4154 2317 4224 Tu,Domine
2340 4157 2496 4210 Deus
2519 4153 2878 4218 meus,scisti
2903 4151 3186 4209 affectum
3211 4167 3549 4224 meum,pe-

1882 4243 2126 4298 netrasti
2158 4243 2574 4310 intentionem,
2607 4247 2818 4300 votum
2840 4241 3196 4309 intellexisti,
3227 4246 3284 4298 et
3299 4257 3548 4298 causam

1882 4331 2024 4387 talia
2055 4332 2507 4388 commentandi
2547 4347 2670 4388 non
2708 4331 3018 4404 ignorasti.
3043 4334 3126 4387 Tu
3169 4331 3424 4404 parvulo
3464 4331 3550 4386 in-

1883 4421 2164 4478 stinctum
2205 4422 2445 4491 dedisti,
2477 4421 2885 4478 miserrimum
2925 4420 3208 4492 adjuvisti
3238 4425 3548 4484 conatum,

1881 4510 2119 4567 erexisti
2131 4511 2210 4569 ad
2229 4512 2484 4580 grandia
2502 4511 2949 4578 imbecillem,et
2968 4509 3306 4567 invalidum
3320 4510 3550 4566 animo-

1881 4617 2017 4656 sum
2048 4601 2462 4674 fecisti.Neque
2479 4601 2919 4669 enim,Domine
2943 4603 3096 4656 Deus
3118 4599 3398 4669 meus,ad
3417 4603 3546 4654 tan-

1882 4695 1941 4746 ta
1967 4706 2064 4746 me
2097 4690 2479 4762 praeelectum
2509 4689 2640 4746 ﬁeri
2672 4690 2956 4760 opinatus
2991 4703 3149 4758 sum,
3183 4691 3248 4742 ut
3277 4701 3390 4756 ego
3420 4691 3548 4742 tan-

1879 4779 2017 4834 dem
2048 4794 2243 4834 essem
2270 4778 2656 4834 elucubrator
2685 4783 2989 4847 gestorum
3023 4779 3391 4842 sanctorum,
3441 4774 3545 4845 qui

1878 4884 2047 4925 eram
2086 4867 2364 4939 gravium
2396 4871 2679 4939 operator
2702 4865 3147 4938 peccaminum.
3168 4861 3451 4936 Nunquid
3495 4863 3544 4916 si

1877 4973 1990 5028 ego
2012 4957 2360 5025 mentior,tu
2377 4957 2543 5012 testis
2562 4970 2685 5010 non
2705 4956 2797 5010 es?
2814 4955 2862 5009 si
2874 4953 3092 5009 falsum
3111 4956 3545 5020 astruo,nonne

1879 5047 2046 5102 vides
2071 5048 2100 5102 ?
2129 5046 2176 5102 si
2203 5045 2371 5102 aliter
2395 5061 2585 5117 quam
2607 5044 2715 5099 fuit
2747 5043 3005 5105 afﬁrmo,
3035 5047 3100 5096 tu
3119 5041 3342 5113 poteris
3369 5041 3542 5110 igno-

1874 5136 2036 5191 rare?
2070 5135 2126 5191 Si
2156 5150 2274 5190 non
2299 5133 2541 5207 profero
2559 5132 3021 5197 veritatem,non
3049 5129 3232 5187 latere
3248 5135 3303 5186 te
3323 5133 3542 5202 potest,

1874 5224 1979 5297 qui
2007 5223 2214 5280 omnia
2243 5222 2418 5279 nosti.
2442 5225 2607 5279 Certe
2630 5225 2692 5278 tu
2723 5225 2942 5277 cuncta
2972 5220 3342 5280 consideras,
3360 5233 3542 5289 pene-

1875 5319 1996 5370 tras
2028 5312 2628 5380 universa,secretum
2647 5309 3117 5380 intelligis,vides
3144 5305 3538 5381 profundum,

1873 5417 2176 5474 omneque
2209 5400 2314 5456 tibi
2336 5404 2498 5473 patet
2529 5415 2844 5469 arcanum,
2876 5402 2934 5454 et
2963 5401 3156 5453 totum
3177 5396 3238 5450 in
3264 5393 3538 5466 praesenti

1873 5491 1978 5548 tibi
2006 5506 2282 5557 manens,
2317 5489 2663 5560 preteritum
2699 5493 2757 5542 et
2782 5487 3051 5542 futurum
3083 5484 3142 5540 in
3173 5489 3276 5540 tuo
3324 5485 3541 5537 cuncta

1942 5617 1968 5655 ι)
1999 5617 2090 5671 Sic
2114 5615 2291 5670 fuitin
2309 5612 2638 5684 exemplari
2658 5611 2754 5666 hic
2782 5605 3539 5682 titulus,qucmadmodum

1869 5687 2041 5745 etille
2069 5687 2374 5758 sequentis
2406 5684 2788 5758 praecationis
2815 5685 3036 5741 Morus.

1941 5772 1963 5800 ο
1998 5757 2217 5816 Schott.
2260 5757 2605 5815 mutationi.
