3960 6390
347 284 452 339 799

1566 276 1622 331 S.
1657 274 1936 330 EULOGII
1965 272 2302 328 ARCHIEP.
2333 273 2572 330 TOLET.

3673 269 3820 327 800

348 401 657 460 volumine
717 399 1105 457 ascribentur.
1159 402 1221 454 Et
1267 399 1432 471 quod
1485 398 1872 472 inspiratione
1910 401 2013 453 tua
2043 399 2090 451 Α
2131 395 2226 452 cul
2256 400 2360 463 est,
2390 412 2570 452 omne
2599 395 2764 468 quod
2788 399 2840 450 te
2870 395 3494 467 ignorat,eunctaqum
3523 394 3627 449 tibi
3655 393 3815 449 obs-

353 510 526 549 mens
564 495 896 564 provocata
934 489 1279 556 ruminavit,
1331 495 1387 544 et
1422 490 1590 561 quod
1616 488 1871 562 praedita
1897 505 2012 543 cne-

353 581 592 638 lestium
643 580 973 649 gratiarum
1018 578 1228 633 virtute
1285 577 1503 648 elicuit,
1557 577 1810 649 etquod
1840 592 2014 633 vanae

354 669 552 727 laudis
603 668 908 723 stimulata
961 665 1530 738 compunctionibus
1577 664 1898 738 affectavit,
1957 668 2016 721 et

355 755 523 830 quod
547 754 772 811 ibidem
804 752 981 825 lapsu
1019 752 1236 823 linguis
1275 753 1488 809 nolens
1539 751 1806 820 incurrit,
1848 752 2016 824 apud

355 851 410 902 te
440 843 702 916 reposita
752 847 1018 912 manent,
1052 843 1455 915 universaque
1486 842 1602 900 tuis
1627 841 2019 899 examinatio-

354 949 502 989 num
530 932 698 988 libris
720 935 966 988 exarata
995 936 1153 987 sunt.

425 1020 573 1076 Hinc
604 1019 684 1076 ad
714 1027 789 1087 te,
819 1019 1066 1076 Domine
1098 1021 1252 1075 Deus
1278 1035 1475 1084 meus,
1503 1018 1670 1076 vario
1697 1023 2017 1092 corruptus

356 1109 618 1166 facinore
665 1108 928 1176 rediens,
985 1107 1356 1180 multiplicus
1411 1107 1650 1171 scelere,
1705 1107 2018 1180 iniquitate

356 1197 709 1272 praelargus,
743 1212 972 1269 quaeso,
995 1201 1157 1270 peto,
1189 1196 1466 1270 imploro,
1497 1201 1564 1252 ut
1590 1196 1666 1253 de
1691 1196 1792 1252 illa
1812 1197 2018 1252 ineffa-

355 1286 569 1342 bilium
602 1285 1063 1342 clementiarum
1090 1286 1231 1341 sede
1261 1286 1441 1342 beata
1467 1285 1884 1342 obsecrantem
1925 1285 2018 1340 in-

358 1375 592 1442 tendas,
621 1374 884 1446 aspicias
922 1379 1397 1442 consternatum,
1451 1374 1613 1431 adsis
1668 1374 1924 1445 roganti,
1957 1378 2023 1430 ut

358 1464 525 1536 prius
575 1464 780 1519 abdita
840 1463 1036 1519 cordis
1085 1463 1204 1518 mei
1260 1463 1624 1533 emundans,
1674 1463 1931 1518 liberum
1958 1462 2021 1518 in

361 1553 709 1608 conﬁtendo
740 1557 793 1608 te
839 1568 1080 1624 semper
1109 1558 1354 1608 statuas.
1411 1554 1756 1624 Purgesque
1804 1551 2021 1607 deinde

363 1645 562 1696 satum
592 1640 867 1712 opusculi
913 1641 1117 1711 hujus,
1151 1640 1200 1696 si
1246 1641 1394 1712 quid
1425 1641 1660 1696 zizaniaa
1690 1640 1862 1713 pravi
1891 1655 2022 1695 sen-

365 1745 470 1783 sus
499 1727 731 1784 subtilis
757 1728 1181 1785 circumventio
1211 1729 1518 1785 tentatoris
1546 1728 1609 1785 in
1637 1744 1730 1799 ea,
1770 1743 1868 1784 me
1898 1743 2023 1788 non
2053 1758 2094 1812 Β

363 1816 620 1885 volente,
651 1817 905 1890 aspersit
940 1835 952 1885 ;
988 1817 1035 1872 si
1065 1818 1230 1889 quod
1266 1817 1546 1874 loliorum
1590 1817 1777 1874 deviae
1817 1831 2022 1889 prose-

367 1906 644 1970 cutionis,
691 1905 1004 1976 ignorante
1032 1923 1150 1969 me,
1190 1907 1526 1962 seminavit.
1581 1906 1886 1980 Quidquid
1915 1907 2027 1962 ibi-

363 1995 504 2049 dem
528 1995 742 2050 erroris
773 2011 918 2050 casu
951 1995 1218 2067 respirat,
1241 1995 1540 2067 quidquid
1569 1999 1810 2050 resonat
1837 1995 2030 2067 impo-

362 2081 556 2151 litum,
577 2081 874 2154 quidquid
903 2101 938 2138 θ.
963 2088 1017 2138 te
1038 2082 1302 2139 alienum
1323 2082 1735 2156 est,quidquid
1762 2099 1799 2138 a
1821 2087 1874 2138 te
1894 2098 2030 2155 pro-

2131 490 2278 549 tant,
2334 492 2620 558 tuamque
2653 485 3025 540 voluntatem
3079 483 3372 552 refellunt,
3429 488 3484 538 et
3515 484 3816 538 nesciunt

2129 574 2436 647 pietatem;
2463 580 2526 630 tu
2555 577 2794 642 cuncta,
2825 574 3208 645 omnipotens
3242 574 3397 628 Deus
3431 588 3622 640 meus,
3652 588 3809 628 eru-

2123 663 2292 734 dera,
2317 663 2498 720 ablue
2528 663 2828 729 universa,
2863 665 3105 734 totaque
3127 660 3507 733 puriticando
3524 659 3810 717 sanctifi-

2125 767 2197 808 ca
2232 771 2244 820 ;
2277 757 2344 808 ut
2364 757 2486 808 tam
2517 752 2591 808 sit
2621 751 2874 808 Domino
2909 751 3028 806 Deo
3057 767 3194 806 meo
3242 750 3357 806 hoc
3387 767 3543 823 opus
3574 766 3808 824 accep-

2124 843 2274 912 tum,
2301 856 2488 913 quam
2507 841 2730 896 sanctis
2759 839 2987 909 angelis
3009 839 3122 894 tuis
3136 839 3807 910 gratiosissimum.lm-

2123 933 2312 1002 petret
2343 929 2487 984 mihi
2511 929 2760 1000 gratiam
2781 933 3324 995 tuam,sanctorum
3345 927 3585 984 hauriat
3604 927 3807 983 bene-

2125 1017 2470 1087 dictionem,
2503 1017 2771 1073 obtineat
2821 1033 3035 1090 pacem
3081 1016 3501 1073 Ecclesiarum.
3555 1016 3809 1074 Deferat

2125 1105 2231 1162 tibi
2258 1106 2575 1162 articulum
2617 1105 2904 1179 temporis
2928 1106 3129 1177 hujus,
3163 1111 3470 1162 recenseat
3498 1121 3712 1161 coram
3747 1110 3808 1161 te

2125 1194 2334 1268 populi
2390 1195 2473 1251 tui
2524 1194 2916 1264 calamitates,
2999 1199 3174 1267 teque
3238 1211 3418 1268 super
3471 1193 3809 1250 latibulum

2128 1302 2354 1355 meum,
2387 1301 2510 1357 quo
2540 1285 2655 1342 ista
2683 1286 2868 1350 dicto,
2889 1290 3163 1358 respectu
3183 1283 3510 1340 miserandi
3540 1299 3810 1340 conver-

2129 1379 2278 1442 tens,
2310 1373 2498 1429 diluat
2523 1389 2702 1430 omne
2733 1373 2989 1444 facinus,
3055 1373 3134 1428 ad
3162 1373 3328 1446 quod
3358 1389 3455 1429 me
3485 1372 3808 1428 tentatoris

2127 1460 2390 1516 versutia
2417 1462 2533 1517 ritu
2561 1460 2765 1533 priori,
2823 1461 3069 1517 cedente
3120 1462 3454 1533 fragilitate,
3482 1461 3684 1517 illexit.
3722 1461 3812 1517 Sit

2129 1555 2329 1605 custos
2359 1565 2594 1606 coronae
2619 1551 2875 1617 meae,sit
2905 1555 3061 1606 tutor
3087 1551 3217 1606 vitae
3247 1550 3506 1619 mem,sit
3522 1549 3640 1605 mei
3657 1564 3809 1622 pro-

2131 1643 2331 1694 vector
2360 1639 2436 1694 ad
2455 1639 2703 1710 praemia
2720 1640 3102 1712 sempiterna,
3136 1645 3199 1696 ut
3224 1640 3384 1695 idem
3407 1656 3512 1712 per
3536 1644 3588 1695 te
3621 1654 3808 1694 sanc-

2130 1727 2410 1795 tificatus,
2443 1729 2791 1786 Memoriale
2813 1735 3157 1786 sanctorum
3179 1729 3496 1798 dicatur,et
3519 1743 3616 1784 me
3645 1727 3812 1784 inter

2137 1817 2461 1874 memorias
2494 1817 2819 1874 electorum
2848 1824 3089 1875 tuorum
3120 1834 3230 1874 sua
3247 1818 3594 1875 conscribas
3620 1816 3798 1872 obse-

2137 1906 2422 1961 cratione.
2455 1909 2562 1962 Per
2589 1911 2640 1963 te
2679 1907 2994 1963 Dominum
3013 1911 3307 1969 nostrum,
3334 1906 3438 1979 qui
3466 1922 3605 1962 cum
3632 1908 3809 1961 Patre

2137 1999 2196 2050 et
2220 1995 2438 2066 Spiritu
2469 2000 2675 2052 sancto
2698 2012 2873 2061 unus,
2905 1997 3322 2069 sempiternus,
3355 2000 3413 2051 et
3441 1993 3808 2050 immortalis

2137 2098 2202 2140 es
2231 2083 2388 2140 Deus
2417 2083 2479 2140 in
2509 2084 2728 2141 saecula
2759 2085 3138 2141 saeculorum.
3168 2090 3376 2141 Amen.

1558 2373 1927 2468 LIBER
2021 2374 2602 2473 TERTIUS.

1016 2691 1403 2748 PR/EFATIO.

448 2784 599 2838 Cum
630 2782 808 2852 igitur
840 2781 1308 2853 prmcedentium
1334 2779 1714 2836 voluminum
1734 2779 1914 2836 series
1946 2779 2036 2836 af-

2143 2695 2460 2755 locutionis
2499 2703 2852 2773 residcmus,
2907 2703 3195 2776 pigrequc
3265 2706 3354 2770 (ut
3394 2702 3476 2758 ita
3524 2699 3801 2770 dixerim)

2145 2800 2358 2856 gressu
2377 2789 2473 2844 vix
2493 2791 2922 2863 opusculorum
2948 2793 3196 2847 limitem
3216 2791 3650 2861 contingentes,
3675 2788 3808 2844 ubi-

373 2870 541 2927 fatirn
563 2871 890 2942 impiorum
921 2869 1505 2942 crudelitatem,quae
1525 2870 1628 2925 diu
1652 2869 2036 2980 inexpugna-
2068 2924 2108 2980 Ο
2146 2892 2264 2948 que
2293 2878 2476 2934 ﬁnem
2505 2880 2792 2953 loquendi
2822 2887 3126 2955 optamus.
3163 2885 3230 2938 Et
3254 2886 3394 2937 tunc
3438 2879 3633 2950 magis
3679 2894 3808 2934 ma-

376 2959 866 2980 L,.:______=_.-_-____
913 2959 1296 2980 -___,._‘.=__-
1338 2959 1488 2980 ωε--
1543 2962 1624 2980 ,Α
1679 2958 1894 2980 Διεμυ
1958 2958 2009 2980 ,ιι
2193 2967 2201 2976 .
2401 2969 2415 2980 .
2459 2969 2474 2980 ς
2661 2972 2671 2980 .
2723 2976 2731 2980 -
3064 2979 3069 2980 κ
3444 2971 3454 2980 .
3608 2970 3622 2980 -

374 2959 589 3017 bilinm
608 2959 874 3015 virorum
903 2959 1305 3016 constantiam
1331 2959 1498 3015 enisa
1537 2962 1627 3015 est
1649 2957 1920 3028 fatigare,
1951 2958 2040 3014 di-

377 3048 647 3120 gesserit,
674 3064 936 3122 veroque
964 3048 1310 3105 assertionis
1349 3064 1563 3119 gressu
1584 3053 1773 3115 ortus,
1807 3051 2035 3118 aetates,

377 3143 667 3212 actusque
691 3137 1010 3210 belligeros
1033 3143 1343 3211 percurrat
1367 3142 1749 3206 sanctorum;
1775 3137 1911 3210 plus
1941 3137 2038 3194 ali-

378 3227 526 3300 quid
553 3243 707 3296 reor,
753 3227 989 3284 saevitia:
1019 3227 1080 3283 in
1111 3242 1223 3284 nos
1265 3227 1659 3284 commissum
1705 3227 1910 3283 tertius
1941 3225 2037 3282 hic

377 3315 528 3373 liber
551 3331 675 3372 non
697 3315 827 3372 sine
855 3315 1080 3385 ingenti
1108 3315 1354 3372 vulnere
1385 3315 1630 3388 pandet.
1655 3319 1768 3371 Nec
1786 3330 1883 3371 me
1909 3314 2041 3386 qui-

380 3405 522 3460 dem
553 3405 873 3477 supercilio
899 3405 1222 3476 arrogandi
1253 3406 1367 3460 hac
1395 3405 1715 3461 occasione
1748 3404 1830 3460 uti
1850 3403 2042 3460 inten-

381 3492 548 3559 dant,
581 3492 747 3564 quod
778 3497 956 3549 tantae
989 3493 1250 3549 materia:
1276 3493 1448 3566 parvi
1478 3493 1836 3562 admodum,
1867 3496 1926 3548 et
1951 3492 2043 3563 (ut

381 3581 463 3637 ita
489 3580 760 3652 dixerim)
793 3581 1061 3637 vilissimi
1096 3581 1383 3652 ingenioli
1425 3581 1708 3638 fuleimen
1753 3579 2044 3637 adhibue-

382 3666 497 3722 rim
525 3685 540 3736 ;
572 3674 677 3724 aut
695 3668 844 3726 forte
871 3684 994 3725 non
1023 3685 1117 3725 res
1140 3685 1314 3726 veras
1343 3683 1457 3724 nos
1489 3667 1876 3724 elucubrasse
1903 3681 2044 3722 con-

383 3756 688 3828 demnent,
719 3758 824 3831 qui
853 3774 925 3814 eo
952 3759 1170 3816 intuitu
1201 3757 1398 3831 operis
1438 3757 1620 3828 hujus
1661 3755 2046 3812 concinnavi-

383 3863 520 3902 mus
550 3853 932 3918 structuram,
950 3859 1073 3922 quo
1095 3847 1383 3904 nimirum
1407 3845 1612 3902 omnia
1627 3844 1905 3917 aaquitate
1927 3843 2044 3898 dis-

382 3937 532 3992 tricti
556 3937 775 4008 judicis
806 3939 868 3993 in
899 3938 1099 3994 futuro
1129 3936 1408 3993 novimus
1424 3932 1841 4006 dijudicanda,
1859 3948 2043 4005 quem

383 4041 494 4081 nec
525 4026 726 4082 fallere
751 4027 957 4082 abdita
985 4027 1442 4097 cogitationum,
1469 4040 1581 4080 nec
1610 4023 1870 4094 qualitas
1899 4038 2044 4095 ope-

384 4129 521 4168 rum
551 4119 766 4184 potest.
800 4118 949 4170 Nam
979 4131 1114 4186 ego,
1145 4114 1250 4186 qui
1279 4114 1402 4170 scio
1434 4129 1546 4168 suo
1571 4128 1878 4186 quemque
1907 4127 2046 4168 ones

383 4201 435 4257 ri
466 4217 670 4257 coram
705 4202 958 4257 Domino
989 4202 1322 4274 subjacere,
1361 4218 1468 4258 cur
1488 4202 1747 4274 propriis
1777 4201 1882 4257 diu
1912 4216 2046 4270 gra-

384 4295 587 4346 vatam
616 4290 1015 4346 substantiam
1036 4267 1236 4348 meam
1257 4267 1518 4348 molibus
1543 4267 1787 4348 externo
1816 4267 2042 4363 ponde-
2074 4267 2116 4321 D

385 4394 449 4436 re
469 4378 804 4450 deprimere
835 4379 1051 4435 vellem
1081 4381 1108 4436 ‘I
1133 4386 1248 4437 Aut
1270 4381 1418 4454 quid
1450 4381 1755 4438 commodi
1781 4379 2042 4451 compic-

387 4472 448 4524 to
494 4467 813 4525 mendacio
870 4469 1015 4524 mihi
1067 4470 1319 4526 conferri
1379 4485 1708 4543 sperarem,
1751 4485 1825 4525 ex
1874 4466 2044 4524 omni

387 4557 780 4630 postmodum
817 4559 1002 4616 verbo
1031 4559 1325 4616 rationem
1349 4575 1649 4633 pensurus
1679 4560 1707 4615 ?
1761 4557 1876 4616 Sed
1903 4557 2044 4614 hinc

390 4647 649 4716 agitatur
665 4649 856 4704 tenuis
872 4648 1032 4704 scien
1040 4648 1128 4705 tiae
1145 4649 1372 4705 venulis
1381 4663 1554 4705 mens
1575 4645 2045 4719 contenta,quod

389 4752 537 4805 rem,
565 4752 691 4792 non
720 4737 918 4794 dicam
953 4739 1158 4808 magni
1187 4737 1454 4793 ﬂuminis
1479 4735 1923 4803 tantummodo,
1952 4750 2047 4791 ve-

391 4843 525 4882 rum
566 4827 745 4882 etiam
788 4828 1067 4884 immensi
1098 4828 1360 4900 aequoris
1384 4827 1673 4883 alluentia
1703 4825 2048 4882 necessario

391 4913 762 4984 irrigandain
801 4923 1070 4984 attentat,
1101 4933 1237 4989 quae
1271 4917 1366 4971 vix
1399 4915 1743 4988 parvissimi
1773 4913 2049 4970 stillicidii

395 5010 676 5058 sudorem
714 5004 998 5075 irrorans,
1049 5006 1224 5078 quasi
1255 5004 1557 5078 quasdam
1583 5004 1834 5060 coactitii
1870 5008 1926 5058 et
1952 5019 2051 5058 ex-

396 5093 530 5146 torti
586 5093 834 5164 liquoris
895 5096 1156 5164 guttulas
1209 5096 1468 5168 proﬂuit.
1529 5098 1642 5150 Nec
1695 5095 1773 5150 ab
1824 5109 1887 5150 re
1939 5097 2052 5148 fes-

394 5179 443 5236 si
471 5181 714 5238 viatoris
758 5184 1211 5256 comparatione
1250 5184 1546 5256 impetiar,
1597 5184 1700 5256 qui
1744 5183 1948 5253 vigore
1974 5183 2052 5238 vi-

393 5272 551 5329 rium
580 5277 918 5340 enervatus,
979 5273 1197 5345 saapius
1237 5274 1300 5329 in
1343 5274 1548 5329 itinere
1588 5273 1822 5341 sedens,
1854 5289 1924 5329 eo
1957 5289 2054 5330 ve-

394 5362 731 5418 hementius
784 5361 1183 5432 eonlassatur,
1251 5378 1374 5435 quo
1436 5362 1700 5418 crebrius
1767 5379 1875 5436 per
1920 5362 2054 5418 loca

395 5454 562 5508 varia
593 5457 1042 5524 compausatur.
1086 5453 1170 5506 Ita
1212 5459 1267 5507 et
1298 5468 1408 5508 nos
1437 5452 1612 5507 totius
1645 5453 1929 5508 ubertatis
1958 5468 2056 5508 ex-

399 5550 590 5612 pertes
642 5542 922 5604 scientiae,
969 5541 1143 5612 quasi
1197 5542 1502 5598 debilitate
1535 5543 1726 5611 gradu
1761 5558 1864 5614 per
1893 5544 2058 5598 invia

2149 2967 2358 3040 gisque
2380 2969 2594 3026 debilis
2617 2972 2808 3028 viator
2827 2979 3170 3046 quassatur,
3191 2989 3328 3027 cum
3352 2989 3413 3026 se
3435 2971 3566 3041 jam
3587 2970 3660 3025 de
3677 2985 3810 3042 per-

2147 3059 2425 3114 ventione
2451 3060 2671 3116 itineris
2698 3062 2959 3131 gaudere
2972 3077 3242 3134 sperans,
3271 3060 3473 3116 denuo
3495 3075 3566 3114 ex
3582 3058 3805 3130 impro-

2147 3146 2276 3202 viso
2292 3165 2594 3220 emergere
2613 3151 2723 3206 sibi
2745 3151 2944 3208 adhuc
2959 3152 3337 3224 inopinatum
3362 3147 3804 3206 conﬁciendum

2147 3237 2334 3293 cernit
2364 3240 2646 3310 Spatium.
2674 3241 2840 3296 Unde
2867 3246 2923 3297 et
2949 3257 3081 3311 nos,
3107 3241 3209 3314 qui
3226 3241 3352 3310 jam
3382 3238 3584 3294 finisse
3620 3251 3805 3309 opus-

2149 3325 2352 3382 culum
2379 3328 2801 3400 credebamus,
2827 3346 2898 3385 ac
2923 3330 3098 3386 veluti
3129 3329 3530 3402 procellosum
3563 3341 3726 3382 mare
3745 3324 3802 3379 in

2149 3417 2467 3487 naufragio
2514 3420 2940 3478 transmissum
2991 3420 3241 3492 remigio
3310 3418 3684 3482 laetabamur,
3748 3419 3806 3470 et

2150 3507 2338 3579 optati
2359 3513 2565 3580 portus
2592 3510 2743 3567 salvi
2769 3510 3120 3567 fruebamur
3161 3510 3397 3583 quiete;
3453 3524 3613 3564 nunc
3643 3504 3805 3562 aliud

2151 3595 2390 3653 fortuito
2412 3603 2766 3655 contuemur
2796 3599 3236 3672 supervenisse,
3269 3597 3430 3671 quod
3457 3612 3653 3669 operte
3681 3609 3808 3667 pre-

2153 3685 2298 3741 tium
2323 3688 2648 3758 praemissis
2670 3689 2977 3761 opusculis
2996 3689 3068 3744 sit
3099 3685 3805 3744 addendum.Tendimus

2153 3775 2332 3845 igitur
2347 3777 2630 3848 parcitate
2653 3778 2948 3833 facundiae
2971 3778 3271 3843 coarctati,
3297 3777 3597 3833 tendimus
3618 3773 3810 3830 immi-

2153 3864 2422 3920 nentium
2435 3867 2924 3937 persecutionum
2941 3867 3201 3925 casibus.
3226 3865 3500 3939 occupati
3521 3883 3534 3921 :
3558 3871 3615 3920 et
3634 3859 3810 3936 quasi

2155 3954 2213 4010 in
2234 3955 2598 4011 contrarium
2616 3962 2794 4012 vento
2818 3949 3119 4027 surgente,
3139 3957 3198 4012 in
3221 3956 3408 4012 altum
3427 3972 3538 4011 nos
3561 3955 3803 4009 demum

2155 4042 2470 4100 devolutos
2502 4045 2754 4116 pelagus
2784 4045 3270 4101 inhorrescimus.
3302 4045 3672 4100 Contidimus
3701 4060 3804 4098 au-

2157 4135 2275 4187 tem
2306 4133 2436 4203 ejus
2453 4149 2572 4190 non
2593 4134 3009 4190 incunctanter
3028 4134 3310 4190 bonitatis
3339 4133 3650 4205 juvamine
3674 4148 3806 4204 pro-
3885 4127 3890 4132 ’

2157 4222 2404 4294 sperari,
2438 4222 2544 4295 qui
2576 4223 2794 4293 dignos
2817 4239 2928 4279 nos
2953 4239 3162 4279 eorum
3193 4223 3332 4279 visu
3360 4227 3417 4279 et
3435 4222 3694 4279 amicitia
3718 4221 3804 4277 di-

2151 4311 2462 4382 judicavit,
2496 4315 2844 4385 utquorum
2874 4311 3226 4371 fruebamur
3255 4311 3591 4380 dulcedine,
3633 4311 3807 4366 etiam

2152 4401 2389 4472 tropaeis
2418 4399 2851 4456 imbueremur.

2707 4561 2938 4616 CAPUT
2975 4561 3263 4616 PRIMUM.

2475 4687 2722 4742 Initium
2749 4687 2924 4757 regni
2957 4685 3286 4742 Mahomad
3317 4687 3493 4755 regis.

2229 4833 2539 4895 Caeterum,
2572 4834 2636 4885 ut
2663 4829 2724 4885 in
2748 4830 2868 4886 line
2897 4829 3147 4886 secundi
3204 4828 3403 4901 operis
3456 4831 3808 4884 annotatum

2158 4925 2263 4986 est,
2294 4919 2512 4992 adepto
2539 4919 2857 4976 Mahomad
2886 4919 3072 4992 patris
3100 4918 3373 4991 imperio,
3406 4917 3716 4974 confestim
3749 4918 3808 4974 in

2159 5015 2507 5082 promptum
2520 5009 2728 5064 odium
2745 5013 2954 5064 contra
2975 5024 3088 5063 nos
3107 5023 3532 5080 prorumpens,
3550 5007 3682 5078 ipso
3698 5006 3806 5072 die,

2159 5115 2281 5172 quo
2312 5097 2574 5153 fascibus
2595 5096 2898 5165 infulatus,
2921 5096 3136 5152 solium
3157 5100 3514 5165 regnaturus
3533 5110 3810 5149 conscen-

2160 5186 2264 5254 dit,
2298 5186 2664 5241 Christianos
2689 5200 2900 5239 omnes
2923 5183 3143 5256 palatio
3171 5184 3485 5252 abdicans,
3538 5182 3810 5251 indignos

2162 5275 2979 5350 aulmprincipaliministerio
2991 5275 3415 5346 promulgavit.
3433 5273 3807 5339 Quositerum

2163 5370 2299 5439 post
2327 5381 2450 5421 non
2475 5364 2656 5433 longo
2687 5363 2998 5419 intervallo
3017 5363 3132 5418 sub
3151 5362 3458 5418 tributario
3476 5378 3660 5417 censu
3677 5378 3809 5433 prae-

2167 5455 2456 5521 scribens,
2489 5453 2689 5526 plures
2711 5453 2959 5524 praemio
2977 5452 3450 5525 regaliprivavit,
3471 5449 3809 5523 quidudum

2167 5545 2522 5600 militaribus
2547 5557 2570 5583 ιι
2602 5543 2998 5597 vescebantur
3029 5543 3304 5597 annonis.
3365 5545 3428 5595 Et
3485 5540 3626 5611 quia
3677 5539 3808 5592 scri-

465 5680 489 5705 a
521 5669 588 5720 in
621 5668 858 5724 Sanctio
912 5673 1175 5738 martyre
1223 5668 1300 5724 de
1350 5669 1443 5724 his
1507 5668 1865 5724 Christianis
1913 5670 2240 5736 nobilibus,
2305 5667 2616 5726 Sarraceni
2670 5666 2827 5736 regis
2874 5667 3208 5738 tyronibus,
3260 5667 3388 5736 jam
3435 5665 3662 5721 dictum
3709 5667 3806 5720 est.

403 5739 621 5794 MOBAL.
