3960 6406
151 263 244 316 801
1197 261 1625 321 MEMORIALIS
1667 261 1815 317 ΒΑΝ(

2001 265 2115 322 ΗΜ.
2156 296 2224 308 -
2265 269 2392 324 LIB.
2438 273 2528 325 Ill.

3481 280 3585 332 802

147 387 321 458 ptum
343 387 466 440 est:
501 385 844 441 Secundum
866 386 1133 454 judicem
1155 388 1388 456 populi,
1413 388 1498 441 sic
1522 392 1579 441 et
1611 385 1815 439 minis-
1844 390 1892 444 Α
1927 389 2073 456 tum,
2103 390 2338 449 elidere.
2368 395 2497 458 Qua
2545 393 2860 450 occasione
2912 399 3168 467 satrapa:
3201 395 3586 454 tenebrarum

150 476 236 529 tri
252 477 383 543 ejus
406 475 618 543 (Eccli.
650 491 704 543 x,
732 478 786 544 2)
813 493 824 541 ;
860 474 1005 546 ipsis
1035 477 1319 547 peridem
1346 482 1583 546 tempus
1604 474 1819 544 guber-

148 561 372 618 nacula
400 563 567 618 urbis
593 563 928 629 committit,
962 564 1065 636 qui
1097 564 1391 620 consimili
1423 566 1546 619 zelo
1577 568 1817 620 contro-

149 651 357 706 versiae
387 651 709 708 adversum
754 652 855 707 Dei
913 652 1208 726 populum
1261 653 1627 720 laborantes,
1675 668 1814 708 eum

148 738 379 812 ubique
419 737 776 809 afﬂigerent,
815 744 1168 811 everterent,
1196 745 1253 797 et
1275 740 1720 814 opprimerent;
1754 743 1819 796 ut

147 844 273 884 non
301 828 502 885 solum
531 833 734 884 vatem
758 846 938 884 suum
969 829 1314 886 nullatenus
1360 829 1636 885 infamari
1667 845 1816 902 pree-

148 923 479 987 sumercnt,
508 934 719 974 verum
752 918 929 974 etiam
963 918 1287 974 terroribus
1333 917 1629 990 compulsi
1677 919 1819 974 abo-

146 1007 505 1064 minabilem
554 1006 980 1063 contilcrcntur
1043 1007 1360 1063 culturam.
1424 1008 1516 1063 Sic
1570 1022 1815 1080 quoque

147 1112 376 1153 mceror
403 1096 802 1169 importabilis
850 1103 906 1152 ct
951 1097 1283 1168 persecutio
1327 1095 1665 1152 truculenta
1711 1112 1818 1151 un-

150 1184 335 1258 dique
381 1184 558 1241 nobis
611 1184 891 1254 obvians,
938 1185 1259 1258 plerosque
1306 1184 1815 1258 przevaricationis

146 1273 369 1348 laqueo
399 1273 818 1344 immergebat.

826 1397 1061 1454 CAPUT
1102 1399 1146 1454 ΙΙ

146 1503 587 1562 Praevaricatio
615 1504 786 1560 illius
830 1505 1186 1575 exceptoris,
1218 1506 1324 1576 qui
1360 1503 1594 1574 pridem
1646 1519 1816 1561 sanc-

442 1599 530 1648 tos
581 1593 1092 1651 anathematizarl
1132 1593 1525 1664 compulerat.

1926 476 2065 533 inde
2092 485 2288 552 capta,
2324 483 2502 538 etiam
2552 498 2622 538 ea
2665 483 3026 555 templorum
3073 484 3340 542 culmina
3369 487 3586 542 subru-

1925 571 2053 636 unt,
2084 585 2220 640 quae
2261 586 2297 626 a
2329 575 2596 644 tempore
2627 571 2797 644 pacis
2827 573 3026 628 studio
3055 578 3112 629 et
3155 573 3459 631 industria
3478 591 3586 648 pa-

1925 659 2085 712 trum
2115 663 2330 724 erecta,
2363 675 2516 732 pene
2541 665 2940 716 trecentorum
2974 677 3010 717 a
3044 661 3260 718 diebus
3297 664 3589 721 conditio-

1924 744 2019 799 IllS
2045 762 2168 802 SHE
2198 763 2522 805 numerum
2549 748 2923 806 excedebant
2945 765 3267 807 annorum.

2569 839 2800 895 CAPUT
2853 841 2946 894 ιν.

2295 927 2382 982 De
2417 927 2706 983 seditione
2726 929 3208 997 provinciarum.

1996 1014 2074 1083 (t)
2100 1014 2165 1086 Et
2194 1013 2338 1085 quia
2364 1014 2634 1087 undique
2659 1015 3052 1072 dibellionum
3075 1018 3446 1088 insurgentia
3461 1019 3586 1076 bel-

1922 1098 1982 1156 la
2005 1115 2296 1169 magnam
2325 1103 2377 1158 ei
2415 1103 2752 1160 molestiam
2776 1105 3114 1162 inferebant
3137 1108 3301 1178 (nam
3315 1107 3500 1164 libere
3524 1109 3588 1164 in

1922 1190 2155 1245 cunctis
2187 1191 2484 1264 Hispaniae
2514 1192 2791 1265 urbibus,
2822 1210 2976 1267 quas
3017 1195 3218 1265 vigore
3278 1197 3588 1270 potestatis

1923 1284 1982 1336 et
2017 1281 2238 1351 egregii
2286 1282 2555 1354 potentia
2597 1282 2953 1354 intellectus,
2994 1284 3286 1358 largoque
3338 1302 3587 1344 munere

1923 1370 2311 1443 praamiorum
2340 1375 2512 1444 pater
2537 1389 2682 1428 suus
2730 1373 3100 1446 acquirendo
3126 1376 3499 1446 domaverat,
3532 1381 3589 1433 et

1923 1459 2262 1523 obsederat,
2330 1461 2426 1517 hic
2473 1462 2852 1534 privilegium
2894 1463 3252 1520 dominandi
3307 1467 3585 1535 gerebat:

1924 1550 2254 1622 praesertim
2287 1567 2426 1606 cum
2458 1555 2516 1608 et
2544 1568 2618 1608 ex
2657 1551 2964 1625 aliquibus
2993 1553 3141 1610 locis
3171 1555 3250 1625 (2)
3282 1570 3507 1610 caesum
3533 1559 3592 1611 et

1924 1637 2200 1708 fugatum
2224 1639 2548 1696 exercitum
2581 1656 2759 1696 suum
2811 1657 3063 1698 cernens
3114 1641 3343 1714 ubique
3397 1642 3593 1698 immi-

220 1718 380 1775 Multi
414 1721 618 1775 autem
643 1734 756 1775 sua
788 1734 851 1775 se
877 1723 1090 1792 sponte
1123 1735 1162 1776 a
1191 1719 1421 1777 Christo
1450 1717 1813 1775 divertentes
1846 1743 1885 1798 Β
1924 1729 2043 1801 nui.
2075 1728 2299 1802 ubique
2331 1745 2393 1785 se
2415 1735 2678 1800 gemeret
2725 1731 2787 1786 in
2827 1731 3126 1788 deteriora
3147 1732 3473 1801 conveni);
3504 1732 3591 1788 id.

149 1807 547 1864 adhaerebant
588 1807 842 1880 iniquis,
894 1812 1242 1881 sectamque
1295 1806 1520 1864 diaboli
1574 1823 1815 1863 summo

149 1898 434 1955 colebant
483 1897 721 1969 affectu,
754 1898 926 1955 sicuti
966 1898 1061 1954 ille
1089 1897 1350 1971 spurius,
1383 1903 1441 1954 et
1469 1901 1814 1953 sanctorum

145 1987 571 2044 benedictione
597 1987 906 2058 indignus,
949 1986 1025 2042 de
1054 2003 1178 2059 quo
1229 1986 1291 2041 in
1348 1986 1501 2042 libro
1547 1985 1815 2041 secundo

146 2077 562 2145 meminimus,
592 2077 733 2147 agit.
782 2076 893 2142 Qui
923 2076 1225 2132 saecularis
1252 2076 1596 2132 reverentiae
1642 2090 1816 2148 pom-

146 2183 293 2240 pam
341 2166 527 2222 rebus
582 2181 944 2239 praeponens
1001 2164 1365 2227 coelestibus,
1422 2163 1817 2236 inauditaque

146 2256 396 2314 libidine
427 2271 540 2329 pro
569 2257 690 2312 Deo
720 2254 987 2311 ofﬁcium
1018 2270 1334 2319 venerans,
1381 2259 1518 2327 post
1569 2253 1816 2310 bisseno

149 2361 381 2414 mense,
426 2361 552 2418 quo
605 2348 845 2401 sanctos
903 2344 1400 2400 anathematizari
1447 2343 1815 2412 decreverat,

149 2451 390 2510 nosque
423 2434 600 2491 fmdis
625 2434 912 2491 conviciis
941 2434 1298 2507 impetierat,
1330 2435 1561 2490 honore
1610 2433 1813 2504 dejec-

53 2543 61 2560 ι
151 2530 245 2582 tus
271 2529 385 2582 est.
410 2523 608 2581 Gratia
632 2523 834 2597 itaque
875 2523 1293 2580 dissertudinis
1336 2523 1555 2594 linguae
1609 2522 1818 2579 Arabi-

149 2631 255 2684 cae,
281 2630 410 2687 qua
432 2612 690 2668 nimium
719 2612 1006 2685 praeditus
1036 2617 1184 2678 erat,
1215 2612 1378 2669 solus
1407 2628 1439 2668 e
1467 2611 1817 2668 Christianis

155 2721 193 2762 a
219 2702 574 2760 consulibus
607 2701 669 2758 in
717 2701 914 2759 ofﬁcio
960 2701 1291 2776 exceptoris
1343 2702 1644 2771 detentus,
1677 2705 1818 2774 post

148 2793 392 2866 aliquos
425 2807 664 2848 menses
693 2795 750 2847 et
778 2791 1006 2864 palatio
1037 2796 1092 2846 et
1121 2790 1449 2848 ministerio
1506 2795 1594 2848 est
1649 2789 1817 2847 abdi-

145 2887 339 2940 catus.
365 2881 539 2948 Quod
567 2882 793 2938 factum
814 2897 938 2937 non
965 2881 1168 2938 leviter
1195 2880 1416 2950 ferens,
1449 2896 1589 2937 cum
1624 2896 1688 2937 se
1714 2880 1816 2936 de-

137 2975 375 3046 jectum
395 2972 708 3046 aspiceret,
742 2971 1170 3045 privatumque
1214 2975 1383 3028 tanta
1409 2970 1696 3042 dignitate
1726 2969 1812 3026 a1-

1925 1817 2081 1874 circo
2104 1823 2312 1874 contra
2349 1835 2462 1876 nos
2491 1819 2597 1876 diu
2644 1820 3002 1877 meditatum
3033 1821 3094 1877 in
3126 1822 3394 1877 futurum
3425 1821 3592 1878 diffe-

1923 1907 2094 1963 rebat
2113 1907 2466 1980 perditionis
2495 1909 2820 1980 interitum,
2855 1910 3150 1983 tardoque
3180 1926 3252 1966 ac
3279 1910 3454 1982 pigro
3481 1911 3590 1967 im-

1923 2001 2067 2070 petu
2092 1996 2481 2054 ecclesiarum
2513 1999 2886 2072 operabatur
2911 1999 3142 2056 ruinas.
3197 2003 3349 2056 Nam
3388 2000 3588 2056 nullos

1924 2085 2104 2141 credo
2131 2085 2602 2143 Christianorum
2633 2087 2770 2159 (nisi
2821 2089 2936 2144 ista
2963 2087 3330 2144 difﬁcultatis
3383 2087 3588 2146 obsta-

1924 2178 2057 2230 rent
2082 2173 2390 2247 repagula)
2418 2192 2627 2232 secum
2671 2181 2972 2250 pateretur
3001 2177 3248 2246 morari,
3282 2177 3586 2250 Quinimo,

1923 2267 1990 2319 ut
2013 2263 2142 2334 jam
2171 2263 2312 2319 alibi
2343 2263 2730 2336 praemissum
2776 2270 2888 2335 est,
2946 2265 2996 2322 si
3052 2267 3445 2324 commodam
3497 2283 3590 2324 re-

1925 2351 2153 2423 gnandi
2189 2351 2439 2408 haberet
2486 2351 2809 2421 licentiam,
2837 2353 3076 2411 Judaaos
3100 2355 3279 2412 etiam
3311 2371 3348 2412 a
3409 2373 3472 2413 se
3501 2372 3589 2413 re-

1924 2442 2064 2516 pelli
2095 2442 2496 2515 compelleret.
2526 2445 2656 2510 Quo
2679 2444 2863 2500 solius
2885 2445 3079 2516 gentis
3126 2463 3249 2502 suae
3299 2447 3588 2504 comitatu

1923 2531 2204 2598 vallatus,
2237 2531 2330 2586 his
2357 2547 2618 2604 praeesse
2653 2532 3036 2590 solummodo
3068 2541 3411 2604 mereretur,
3445 2552 3586 2592 cum

1923 2620 2146 2693 quibus
2192 2620 2628 2677 inextricabilia
2675 2623 2882 2678 aeterni
2930 2622 3199 2680 barathri
3252 2625 3443 2687 lueret
3470 2629 3589 2682 tor-

1923 2715 2150 2778 menta,
2202 2726 2312 2765 nec
2359 2710 2604 2766 alterius
2649 2711 2992 2769 diversitate
3035 2713 3339 2785 religionis
3388 2715 3588 2770 unitas

1922 2797 2291 2855 damnabilis
2317 2799 2566 2855 culturae
2599 2799 2986 2857 scinderetur.
3019 2804 3102 2857 Ex
3130 2819 3275 2876 qua,
3316 2805 3438 2860 Deo
3488 2819 3589 2860 vo-

1924 2893 2119 2957 cante,
2149 2893 2207 2944 et
2252 2904 2360 2960 per
2415 2887 2796 2961 splendentia
2839 2889 2978 2946 fidei
3031 2897 3254 2949 sancta:
3297 2893 3589 2965 mysteria

1924 2979 2390 3048 compungente,
2449 2967 2653 3048 plures
2710 2977 3048 3034 admodum
3106 2979 3474 3052 recedentes,
3533 2985 3591 3037 et

143 3065 263 3121 tius
290 3062 638 3135 suspiraret,
689 3062 1071 3136 praestantius
1102 3065 1222 3118 Deo
1259 3061 1435 3130 mori,
1466 3077 1656 3134 quam
1687 3077 1813 3117 non
1843 3101 1884 3157 Ο
1921 3065 2126 3138 pietati
2151 3065 2546 3133 adhaerentes,
2570 3070 2948 3139 mortemque
2986 3083 3091 3140 spe
3133 3069 3382 3125 ﬁrmiori
3411 3084 3591 3142 prop-

141 3153 350 3210 vivere
383 3151 599 3208 saeculo
631 3151 877 3223 eligens,
911 3150 1198 3207 continuo
1227 3150 1414 3206 ﬁdem
1441 3154 1662 3206 sanctae
1689 3150 1812 3207 Tri-

139 3241 347 3298 nitatis
381 3256 690 3314 spernens,
741 3240 896 3297 cedit
926 3244 1100 3296 sectae
1151 3239 1575 3312 perversitatis,
1630 3243 1686 3295 et
1712 3255 1815 3295 ne-

139 3346 463 3404 quaquam
502 3346 564 3386 se
612 3329 1019 3386 Christianum
1066 3328 1194 3385 vult
1233 3329 1364 3400 jam
1395 3328 1552 3385 ultra
1599 3327 1808 3384 videri.

141 3425 528 3495 Quapropter
553 3421 615 3477 in
638 3420 935 3477 deteriora
967 3435 1318 3488 conversus,
1350 3420 1456 3492 qui
1501 3435 1812 3492 nusquam

142 3510 446 3584 simplicia
467 3509 792 3566 meditatus
820 3509 1032 3576 fuerat,
1052 3509 1222 3566 exsul
1255 3508 1605 3566 Christianis
1635 3508 1811 3564 effec-

143 3606 262 3673 tus,
304 3600 612 3657 adunatus
644 3600 986 3671 gentilibus,
1010 3599 1341 3672 crebroque
1361 3598 1644 3655 discursu
1664 3597 1810 3654 illud

141 3689 472 3763 impietatis
511 3689 856 3758 delubrum,
888 3689 1064 3762 quasi
1095 3705 1254 3745 unus
1285 3705 1316 3744 e
1347 3688 1636 3745 ministris
1688 3687 1812 3745 dia-

146 3781 270 3838 boli
324 3780 668 3852 frequenter
715 3779 1065 3849 ingreditur,
1115 3778 1404 3852 expulsus
1453 3779 1528 3835 de
1585 3777 1810 3851 templo

144 3870 406 3940 Domini,
433 3870 603 3943 quod
622 3869 770 3925 dum
792 3870 992 3925 adhuc
1037 3869 1231 3925 fidelis
1252 3870 1544 3938 existeret,
1579 3885 1713 3926 sera
1739 3884 1811 3926 ac

140 3961 318 4035 pigra
347 3961 683 4018 visitatione
713 3959 979 4016 incoluit.
1008 3960 1305 4032 Scriptum
1334 3965 1422 4016 est
1446 3961 1609 4016 enim
1632 3977 1646 4016 :
1670 3961 1808 4016 Non

144 4051 442 4109 habitabit
466 4052 530 4107 in
553 4051 743 4108 medio
775 4050 984 4107 domus
1012 4050 1418 4120 mearfaciens
1444 4051 1807 4120 superbiam:

143 4147 198 4199 et
230 4142 337 4213 qui
357 4141 569 4212 iniqua
603 4140 887 4212 loquitur,
951 4155 1072 4194 non
1115 4139 1338 4195 direxit
1383 4140 1448 4194 in
1493 4145 1810 4208 conspectu

142 4231 461 4286 oculorum
486 4244 752 4286 meorum
774 4229 955 4300 (Psal.
991 4245 1038 4284 e.
1073 4231 1150 4300 7).
1189 4228 1350 4284 Idem
1375 4243 1518 4284 vero
1537 4231 1676 4301 post
1711 4243 1814 4282 ne-

143 4319 454 4389 gationem
474 4318 535 4373 in
561 4318 857 4374 honorem
888 4317 1204 4390 pristinum
1236 4317 1564 4381 restitutus,
1587 4315 1811 4389 palatio

142 4408 529 4476 reformatur,
571 4423 696 4480 quo
727 4407 945 4481 pedica
964 4412 1022 4463 et
1041 4407 1260 4463 hamus
1291 4410 1538 4462 caeteros
1571 4405 1812 4462 illicien-

143 4498 207 4555 di
238 4499 522 4566 existens,
558 4497 707 4554 foret
737 4497 868 4553 aliis
916 4497 978 4552 in
1005 4496 1517 4570 praevaricationis
1563 4494 1814 4552 scanda-

141 4588 296 4658 lum,
320 4588 428 4661 qui
471 4603 659 4644 causa
687 4586 890 4657 gloriae
919 4585 1268 4658 temporalis
1311 4585 1427 4641 sibi
1476 4585 1673 4642 fuerat
1723 4584 1811 4642 la-

141 4693 362 4750 quens.

795 4802 1021 4857 CAPUT
1073 4803 1162 4856 ΙΙΙ.

580 4909 920 4965 Destructio
967 4909 1381 4965 basilicarum.

216 5038 448 5090 Interea
475 5049 616 5088 cum
646 5033 868 5106 saepius
914 5036 1124 5089 contra
1165 5032 1268 5089 Dei
1297 5036 1600 5089 catervam
1651 5047 1815 5090 saeva

141 5121 436 5197 principis
513 5121 880 5195 conspiratio
944 5120 1315 5193 inolesceret,
1401 5120 1812 5193 afﬂigeretque

139 5213 372 5286 ubique
407 5211 806 5275 Christicolas,
852 5215 908 5268 et
932 5227 1046 5268 nec
1078 5211 1166 5266 sic
1205 5225 1418 5266 omnes
1441 5208 1704 5281 generali
1724 5209 1811 5265 di-

138 5305 344 5376 lapsu,
377 5306 444 5358 ut
470 5301 718 5375 ﬁdebat,
756 5301 836 5358 ad
865 5301 1045 5358 ritum
1078 5316 1260 5356 suum
1312 5302 1693 5373 proruerunt,
1717 5299 1811 5371 ju-

139 5391 250 5448 bet
276 5391 562 5448 ecclesias
583 5406 779 5464 nuper
807 5394 1064 5446 structas
1089 5389 1348 5456 diruere,
1397 5393 1455 5444 et
1510 5387 1811 5461 quidquid

142 5497 308 5538 novo
328 5481 494 5538 cultu
522 5481 584 5536 in
612 5480 875 5553 antiquis
905 5479 1171 5536 basilicis
1191 5477 1566 5551 splendebat,
1594 5477 1810 5534 fuerat-

140 5587 263 5644 que
293 5570 666 5643 temporibus
697 5569 959 5625 Arabum
1009 5568 1142 5624 rudi
1195 5567 1549 5623 formatione
1610 5566 1805 5636 adjec-

1921 3160 2010 3211 ter
2026 3154 2324 3210 Christum
2356 3154 2736 3226 excipientes,
2768 3155 2930 3211 idem
2958 3156 3392 3225 ingemiscebat
3411 3173 3590 3231 ;praa-

1923 3249 2010 3300 ter
2048 3259 2170 3311 eos,
2204 3243 2308 3316 qui
2339 3243 2529 3299 nimia
2553 3243 2749 3299 carnis
2805 3244 3082 3317 impediti
3109 3246 3446 3314 formidine,
3491 3262 3587 3302 ar-

1921 3331 2045 3390 dua
2073 3333 2271 3389 cordis
2303 3332 2656 3388 contritione
2687 3332 2917 3390 Christo
2947 3334 3072 3405 regi
3125 3335 3239 3391 sub
3267 3335 3588 3407 chlamyde

1921 3421 2122 3479 adhuc
2150 3421 2425 3478 militant.

2598 3546 2824 3603 CAPUT
2883 3549 2927 3602 V

1920 3656 2007 3712 De
2021 3654 2155 3711 odio
2185 3670 2426 3711 suorum
2458 3653 2778 3711 adversum
2798 3670 3016 3726 regem,
3049 3661 3105 3712 et
3135 3656 3207 3713 de
3232 3657 3418 3726 ipsius
3445 3672 3584 3714 ava-

2074 3745 2240 3812 ritia,
2269 3750 2323 3800 et
2351 3745 2423 3800 (Ie
2452 3744 2690 3799 tribulis
2721 3743 3086 3800 Christianis
3114 3747 3422 3814 impositis.

1995 3872 2265 3941 Cumque
2298 3867 2614 3924 ecclesiam
2643 3868 2745 3924 Dei
2773 3867 3038 3924 ﬂammis
3057 3869 3298 3925 invidia
3341 3869 3585 3925 inuren-

1921 3957 2023 4027 do,
2090 3957 2324 4013 interno
2383 3956 2745 4027 cogitamine
2796 3958 3467 4026 corrosus-tabesceret,
3529 3962 3588 4015 et

1923 4063 2170 4103 suorum
2192 4062 2406 4119 pacem
2427 4047 2751 4115 atfectaret,
2776 4045 2903 4101 hth
2926 4051 2983 4102 et
3001 4046 3104 4117 huj
3115 4047 3354 4103 usmodi
3379 4051 3589 4104 contra

1921 4152 2034 4192 nos
2059 4150 2333 4190 exercere
2362 4134 2740 4206 disponeret;
2760 4135 2822 4190 in
2839 4134 3005 4190 nullo
3024 4140 3290 4192 attamen
3317 4136 3586 4193 divinam

1922 4224 2434 4297 dispensationem
2480 4224 2752 4279 humana
2781 4224 3116 4296 procacitas
3167 4225 3452 4297 praevalet
3481 4225 3588 4281 im-

1921 4317 2177 4370 mutare.
2207 4314 2346 4379 Quae
2380 4328 2518 4368 eum
2542 4312 2769 4368 cunctis
2800 4313 3109 4380 odibilem,
3136 4314 3430 4370 universis
3450 4331 3588 4371 exo—

1923 4419 2080 4471 sum,
2114 4401 2522 4475 omnibusque
2547 4401 2945 4458 execrabilem
2976 4403 3257 4475 reddens,
3283 4404 3463 4461 etiam
3483 4402 3589 4460 do-

1921 4493 2189 4560 mestico,
2223 4496 2281 4547 et
2337 4495 2402 4547 ut
2431 4492 2646 4563 ferunt,
2678 4490 2962 4564 pellicum
3013 4507 3261 4548 suarum
3297 4493 3459 4565 odio,
3492 4491 3588 4548 vel

1921 4580 2241 4638 maledicto
2267 4579 2593 4653 impetitur.
2625 4583 2840 4636 Verum
2875 4584 2938 4637 ut
2962 4579 3254 4653 scriptum
3281 4586 3406 4636 est:
3458 4583 3588 4636 Rea:

1911 4674 2117 4744 justus
2156 4671 2332 4742 erigit
2365 4676 2610 4737 terram,
2663 4671 2759 4726 vir
2799 4676 3000 4727 autem
3051 4685 3276 4727 avarus
3327 4671 3584 4726 destruit

1921 4777 2053 4819 eam
2083 4761 2288 4832 (Prov.
2318 4775 2466 4826 xxix,
2498 4758 2584 4830 4);
2621 4755 2718 4813 hic
2757 4757 2920 4814 idem
2961 4757 3250 4814 inauditis
3292 4755 3585 4830 cupidita-

1921 4856 2048 4909 tum
2079 4848 2344 4906 fascibus
2378 4847 2619 4917 ardens,
2651 4846 2908 4902 militum
2939 4861 3216 4902 annonas
3246 4845 3580 4914 demutilat,

1922 4941 2302 4997 tribunorum
2334 4941 2600 4993 coarctat
2646 4934 2922 5005 donaria,
2981 4935 3380 5008 lunaremque
3438 4951 3585 5008 prte-

1921 5029 2213 5086 miorum'
2239 5027 2583 5083 discursum
2635 5024 2957 5080 imminuit.
2992 5027 3058 5080 Et
3111 5039 3248 5080 cum
3301 5024 3414 5081 sibi
3442 5023 3585 5082 vilia

1921 5117 2258 5175 admodum
2287 5119 2346 5171 et
2367 5129 2520 5187 pene
2541 5113 2758 5183 exigua
2787 5129 2825 5170 a
2848 5112 3232 5169 vicinioribus
3261 5113 3409 5171 locis
3452 5113 3583 5169 red-

1921 5207 1984 5263 di
2010 5203 2326 5276 vectigalia
2345 5206 2611 5259 cerneret
2627 5202 2793 5275 (quia
2819 5202 3094 5260 videlicet
3130 5202 3178 5258 si
3207 5203 3388 5276 culpa
3415 5201 3579 5270 vulgi

1919 5295 1971 5352 is
2053 5294 2136 5352 ad
2219 5296 2524 5365 sceptrum
2615 5295 2736 5348 Deo
2814 5292 3204 5365 dispensante
3298 5291 3583 5347 admotus

1920 5390 2027 5454 est,
2086 5389 2290 5440 tamen
2341 5381 2524 5453 hujus
2569 5382 2918 5438 meritorum
2975 5381 3359 5454 improbitate
3400 5379 3582 5435 urbes

1923 5491 1993 5532 ac
2039 5473 2311 5531 nationes
2367 5470 2429 5526 in
2480 5471 2790 5527 stimulum
2846 5469 3331 5526 recalcitrationis
3376 5468 3584 5525 induc-

1922 5570 2164 5633 tee,non
2195 5561 2272 5616 ad
2314 5561 2609 5630 integrum
2665 5560 2897 5616 tributis
2946 5559 3393 5632 provinciarum
3442 5574 3582 5613 eum

215 5676 233 5699 '
256 5670 633 5742 Stipendium
657 5667 922 5737 intelligo
947 5667 1113 5739 quod
1144 5666 1392 5737 singulis
1425 5664 1734 5720 mensibus
1775 5663 2062 5719 militibus
2096 5657 2570 5733 persolvebatur.
2620 5661 2838 5715 MOIuL.
2886 5659 3036 5712 Hinc
3085 5661 3283 5730 potest
3316 5657 3582 5729 suppleri

144 5740 521 5800 Glossarium
557 5740 971 5810 Cangeanum.
