3960 6400
1634 276 1691 330 S.
1720 273 2002 331 EULOGII
2028 268 2347 327 ARCHIEP.
2380 272 2624 333 TOLET.

3740 273 3849 332 an

421 399 647 474 perfrui
677 400 1024 473 patiuntur),
1054 398 1191 455 ideo
1214 398 1274 453 in
1303 414 1418 454 nos
1463 412 1633 454 arma
1683 397 2069 455 districtionis
2104 396 2153 450 Α
2182 395 2603 464 abduxit?Qui
2625 398 2858 455 dudum
2871 398 3117 455 concitis
3135 397 3441 468 gressibus
3467 399 3737 455 certatim
3769 401 3849 456 ad

420 495 791 558 convertens,
818 494 876 544 et
901 492 963 543 ut
984 488 1179 544 lutum
1207 487 1541 561 platearum
1573 487 1825 545 dominii
1858 488 2071 560 planc-

422 582 487 635 tu
514 578 895 647 contribulat,
944 575 1356 649 quorumdam
1412 576 1890 633 Christianorum
1945 576 2074 647 ejus

422 667 670 740 optioni,
699 666 951 736 favente,
984 665 1251 737 nequitia
1296 664 1367 736 (si
1400 668 1601 721 tamen
1631 665 1973 733 Christiani,
2021 668 2075 720 et

423 771 547 811 non
576 754 770 824 magis
800 754 1056 826 operarii
1087 753 1418 825 iniquitatis
1446 754 1794 827 appellandi
1816 752 2072 825 sint)qui

427 848 486 900 ut
514 841 889 916 privilegium
918 848 937 871 ⁸
968 842 1371 915 chirographa
1404 842 1681 913 exigendi
1742 842 2070 909 obtineant,

420 936 638 988 sortem
670 930 906 987 Domini
934 930 1327 1004 fideliumque
1354 938 1721 989 conventum
1754 949 1864 988 suo
1913 930 2075 987 vadi-

416 1019 624 1076 monio
648 1018 742 1076 vel
788 1018 1036 1076 crimine
1059 1034 1098 1076 a
1124 1033 1263 1090 rege
1293 1025 1656 1092 mercantes,
1706 1018 2075 1094 importabili

414 1127 636 1168 census
665 1127 847 1169 onere
867 1110 1022 1168 colla
1047 1117 1380 1183 aggravant
1407 1112 1791 1181 miserorum,
1808 1111 2074 1185 quotidie

416 1200 658 1273 plebem
707 1201 944 1258 Domini
999 1201 1402 1274 pessimantes
1451 1218 1464 1256 :
1523 1200 1627 1258 illa
1670 1201 2073 1275 proculdubio

415 1289 716 1362 plectendi
744 1290 805 1346 in
836 1289 1103 1347 futurum
1145 1290 1457 1361 sententia,
1498 1306 1635 1363 quae
1676 1290 1888 1346 talium
1937 1305 2075 1346 con-

414 1378 717 1435 demnans
740 1392 1045 1446 excessus,
1072 1380 1186 1435 ait:
1224 1380 1302 1435 Et
1333 1381 1440 1451 qui
1468 1380 1798 1449 pessimam
1838 1380 2073 1450 plebem

416 1474 604 1531 tuam,
635 1469 946 1525 inveniant
996 1469 1395 1539 perditionem
1446 1469 1657 1539 (Eccli.
1715 1485 1905 1537 xxxvn,
1967 1467 2073 1539 ll).

415 1555 647 1622 Quibus
670 1556 875 1629 utique
901 1557 1238 1613 secundum
1266 1558 1529 1614 veritatis
1566 1557 1829 1613 edictum
1849 1556 2075 1613 felicius

415 1649 545 1702 erat
570 1646 833 1716 gravatis
862 1646 1165 1703 molarum
1192 1645 1461 1718 pondere
1487 1645 1738 1702 collibus
1769 1645 2072 1719 profunde

2180 488 2657 558 expugnandum
2686 489 3111 559 dogmatistem
3135 491 3412 544 nostrum
3439 494 3846 555 occurrentes,

2181 574 2387 631 debita
2414 576 2636 633 ultione
2667 578 2963 651 perempti
2992 578 3167 645 sunt;
3205 590 3369 632 nunc
3412 576 3635 642 adsint,
3683 593 3847 633 nunc

2178 663 2440 733 veniant,
2465 665 2649 722 modo
2671 670 3010 739 properent,
3044 666 3094 721 si
3134 665 3418 722 divinitus
3456 665 3759 739 inspirati,
3784 667 3848 722 il-

2178 751 2286 808 lud
2311 753 2372 809 in
2401 754 2641 811 veritate
2671 760 3033 812 conservant
3078 760 3412 811 certamen.

2835 880 3067 938 CAPUT
3094 883 3186 937 Vll

2680 989 2765 1044 De
2790 988 3058 1046 Fandila
3086 994 3376 1060 martyre.

2257 1097 2305 1147 t.
2331 1094 2484 1148 Dum
2509 1108 2654 1163 ergo
2680 1094 2742 1150 in
2764 1111 2877 1149 nos
2903 1094 3329 1166 hujuscemodi
3352 1094 3732 1153 irrisionibus
3760 1094 3847 1151 in-

2180 1180 2489 1249 sultarent,
2515 1186 2571 1238 et
2614 1183 2728 1239 hoc
2757 1183 3002 1240 deludio
3039 1190 3311 1242 nostram
3362 1199 3514 1257 pene
3552 1199 3844 1242 consum-

2181 1274 2407 1326 matam
2438 1270 2712 1327 cladibus
2743 1272 3056 1343 fatigarent
3108 1274 3434 1343 miseriam,
3494 1272 3849 1330 adolescens

2181 1358 2434 1429 quidam
2465 1359 2728 1430 Fandila,
2752 1361 3023 1432 ephebus
3043 1367 3287 1434 aspectu
3320 1362 3595 1430 decorus,
3629 1361 3851 1417 hones-

2182 1450 2299 1505 tate
2330 1446 2461 1502 vitae
2488 1447 2842 1519 probabilis,
2888 1454 3133 1506 sanctus
3164 1454 3223 1505 et
3250 1449 3561 1507 timoratus
3592 1449 3846 1523 presby-

2185 1538 2271 1590 ter
2298 1534 2452 1591 inter
2493 1533 2605 1591 has
2656 1537 2851 1593 caedes
2904 1554 3180 1611 saevaque
3222 1536 3570 1595 discrimina
3618 1537 3844 1595 ostium

2185 1624 2536 1697 aditumque
2566 1623 2798 1698 primus
2830 1625 3142 1683 exercendi
3175 1627 3533 1699 martyrium
3580 1628 3697 1683 sub
3738 1627 3847 1682 hu-

417 1713 626 1803 mergi,
658 1750 844 1807 quam
878 1738 1043 1791 tanto
1064 1713 1480 1808 pusillanimes
1509 1734 1842 1808 perturbari
1902 1749 2065 1790 scan-

2254 1730 2281 1767 s
2308 1714 2549 1785 tyranni
2574 1721 2590 1745 °
2622 1715 2930 1786 privilegio
2961 1716 3260 1788 patefecit]
3296 1716 3396 1772 Hic
3435 1716 3637 1790 itaque
3669 1716 3743 1787 (t)
3773 1732 3846 1772 ex

417 1823 557 1880 dalo
578 1824 819 1895 (Matth.
855 1840 1031 1894 xvm,
1064 1827 1142 1895 ϐ),
1175 1828 1280 1881 aut
1328 1828 1563 1880 tantam
1592 1824 1713 1879 vim
1746 1823 1911 1894 gregi
1940 1838 2075 1896 par.

417 1928 495 1969 vo
524 1912 863 1985 inferre,cui
882 1912 1040 1969 Patri
1062 1912 1208 1969 dare
1229 1928 1486 1980 regnum
1516 1912 1880 1986 complacuit
1906 1913 2070 1983 (Luc.

416 2017 513 2070 xu,
546 2004 668 2073 32):
700 2002 764 2058 in
792 2017 1053 2075 quorum
1099 2007 1428 2074 conspectu
1468 2005 1622 2058 Deus
1664 2017 1789 2057 non
1820 2006 1927 2072 est,
1958 2006 2016 2057 et
2039 2018 2076 2056 a

416 2106 680 2163 quorum
706 2091 925 2148 intuitu
949 2090 1179 2163 judicia
1210 2091 1312 2147 Dei
1363 2091 1603 2147 sublata
1633 2095 1793 2148 sunt.
1826 2093 2075 2162 Semper

417 2180 628 2250 invidi,
652 2196 890 2253 semper
918 2180 1363 2254 iniqui,ubique
1416 2180 1730 2249 malitiosi;
1764 2181 1827 2237 in
1856 2180 2073 2236 alteru-

420 2271 579 2324 trum
608 2268 902 2335 iracundi,
938 2269 997 2325 in
1040 2269 1295 2325 aliorum
1344 2268 1657 2325 eversione
1698 2268 1954 2342 paciﬁci,
2013 2268 2075 2323 in

420 2356 1031 2414 confmderationibus
1060 2357 1325 2425 inﬂdi,in
1351 2357 1905 2430 conspirationibus
1934 2373 2074 2412 con-

417 2446 535 2513 citi,
567 2446 629 2501 in
660 2446 1163 2503 circumventione
1191 2447 1428 2517 versuti,
1455 2446 1518 2502 in
1552 2450 1851 2519 apparatu
1876 2446 2079 2502 noxis-

419 2536 554 2593 tatis
588 2537 884 2609 aptissimi
922 2553 1034 2610 pro
1063 2554 1126 2594 se
1170 2537 1431 2593 invicem
1484 2537 1801 2610 disparati,
1834 2537 1909 2593 ad
1943 2552 2078 2609 per-

418 2625 697 2693 dendum
714 2631 962 2683 cteteros
986 2626 1256 2692 adunati,
1275 2625 1357 2682 ad
1367 2625 1792 2699 decipiendum
1821 2625 2075 2693 excitati,

416 2714 499 2772 ad
524 2715 936 2772 miserendum
969 2715 1122 2788 pigri
1149 2735 1162 2784 ;
1186 2715 1247 2771 in
1278 2715 1512 2771 incessu
1539 2715 1772 2786 tumidi,
1794 2716 1855 2771 in
1882 2732 2076 2771 asser-

418 2805 577 2861 tione
606 2804 873 2878 superbi,
919 2805 1003 2860 im
1050 2804 1454 2877 promissione
1504 2804 1695 2869 dubii,
1729 2804 1789 2859 in
1831 2804 2076 2861 (latione

415 2894 605 2966 avari,
636 2895 698 2951 in
725 2894 1042 2965 largitione
1063 2896 1252 2967 parci,
1294 2895 1355 2950 in
1407 2894 1757 2967 acceptione
1787 2894 1969 2951 avidi.
2014 2894 2074 2950 Id

415 2984 831 3057 promittentes
873 2983 1042 3056 quod
1081 2983 1214 3041 dari
1256 2988 1545 3055 nequeat:
1598 2982 1661 3039 id
1703 2983 2075 3040 conferentes

412 3088 540 3146 quo
566 3072 809 3130 fruinon
831 3072 1024 3142 liceat;
1050 3073 1156 3147 qui
1173 3087 1297 3130 non
1324 3073 1651 3140 dormiunt,
1692 3072 1811 3128 nisi
1834 3072 2076 3129 malefe-
2105 3100 2146 3152 ο

414 3162 605 3219 cerint
623 3162 822 3234 (Prov.
853 3179 931 3232 iv,
966 3164 1071 3234 16),
1097 3166 1156 3219 et
1179 3177 1546 3232 consurgere
1575 3161 1658 3218 ad
1694 3162 2074 3234 iniquitatem

416 3250 733 3320 festinant;
769 3251 875 3324 qui
904 3250 1179 3309 laetantur
1198 3267 1339 3308 cum
1365 3251 1524 3308 male
1552 3251 1817 3322 fecerint,
1841 3255 1900 3307 et
1914 3251 2073 3307 exul-

417 3342 546 3396 tant
569 3338 634 3394 in
661 3340 844 3396 rebus
889 3340 1167 3411 pessimis
1206 3341 1382 3408 (Ibid.
1422 3356 1481 3408 ιι,
1535 3341 1651 3412 te);
1709 3344 1768 3397 et
1822 3356 1963 3398 cum
2010 3353 2073 3396 se

417 3426 781 3482 Christianos
810 3443 938 3483 esse
966 3430 1374 3500 pronuntient,
1405 3430 1705 3486 Christum
1728 3430 2073 3503 quotidiein

416 3513 706 3569 membris
729 3514 861 3586 ejus
916 3515 1293 3587 cruciﬁgunt,
1323 3517 1489 3574 Judae
1533 3518 1855 3590 proditoris
1883 3519 2071 3580 docu-

416 3606 622 3658 menta
648 3607 966 3673 sectantes,
1012 3604 1117 3677 qui
1151 3610 1604 3678 praeceptorem,
1636 3606 1926 3665 venaliter
1953 3608 2068 3665 dis-

416 3689 710 3747 trahendo
741 3690 1051 3765 pecunias,
1096 3689 1476 3765 crucifigens,
1526 3693 1640 3750 sibi
1687 3695 1936 3767 quidem
1986 3695 2063 3753 1a-

411 3794 640 3852 queum
669 3777 1022 3853 perditionis
1045 3780 1269 3853 eﬂodit,
1322 3781 1556 3838 mundo
1585 3786 1790 3839 autem
1827 3782 2068 3841 liberta-

412 3872 533 3927 tem
553 3869 821 3928 debitam
850 3871 1117 3929 contulit.
1160 3872 1227 3930 Hi
1266 3888 1413 3931 vero
1438 3888 1502 3929 se
1548 3872 1747 3931 eidem
1789 3873 2066 3947 incorpo-

410 3963 633 4030 rantes,
680 3976 822 4017 cum
844 3961 1191 4035 redemptos
1221 3963 1355 4035 ejus
1403 3962 1632 4020 crudeli
1682 3965 2068 4021 accusatione

413 4046 707 4118 afﬂigunt,
733 4053 792 4106 et
817 4050 1010 4122 (quod
1037 4066 1161 4107 non
1191 4051 1321 4108 sine
1344 4051 1513 4123 gravi
1557 4051 1758 4109 cordis
1787 4053 1909 4110 mei
1934 4053 2065 4110 vul-

412 4149 554 4191 nere
582 4135 843 4207 profero)
891 4152 1047 4210 quos
1076 4139 1227 4195 tueri
1277 4139 1632 4209 debuerant,
1677 4141 1822 4215 quia
1851 4156 2066 4200 sumus

412 4224 669 4282 invicem
686 4227 967 4284 membra
993 4227 1204 4285 Christi
1221 4229 1460 4301 (Ephes.
1496 4247 1576 4301 IV,
1597 4232 1711 4307 25),
1733 4247 1875 4290 eum
1887 4233 2066 4306 (proh

412 4312 585 4371 dolor
610 4313 649 4386 ι)
675 4329 901 4386 negare
921 4316 1312 4390 compellunt.

1055 4443 1282 4501 CAPUT
1331 4444 1419 4501 VI.

509 4548 595 4604 De
623 4544 1014 4609 insultatione
1025 4566 1353 4622 procerum
1397 4558 1609 4613 contra
1635 4559 1958 4626 martyres.

480 4653 581 4710 His
609 4652 848 4712 interim
874 4655 1329 4717 imminentibus
1344 4658 1541 4728 malis,
1565 4664 1624 4717 et
1641 4661 2068 4732 hujuscemodi

408 4743 698 4801 aerumnis
720 4745 986 4806 Ecclesia
1014 4749 1355 4822 vapulante,
1382 4749 1584 4807 ferunt
1602 4749 1685 4807 ob
1716 4749 1834 4807 hoc
1862 4764 2066 4820 regem

406 4830 634 4903 ingenti
649 4835 1028 4908 erapulatum
1046 4837 1268 4907 laetitia,
1284 4838 1584 4911 ampliora
1601 4837 1883 4895 ﬁdelibus
1897 4854 2067 4896 scan-

408 4917 549 4978 dala
575 4921 981 4994 irrogaturum
1008 4943 1072 4983 se
1100 4927 1467 5000 promittere.
1498 4931 1577 4993 et,
1602 4929 1667 4984 ut
1694 4926 1879 4983 alibih
1898 4931 2064 4985 taxa-

407 5010 537 5065 tum
567 5014 682 5080 est,
710 5011 845 5069 dira
870 5013 1299 5086 incursatione,
1341 5014 1742 5088 molestiaque
1782 5018 2065 5075 contritu-

408 5109 568 5165 rum,
597 5095 649 5151 si
670 5101 1065 5159 commodum
1099 5102 1396 5172 regnandi
1444 5117 1796 5161 successum
1840 5105 2066 5164 diutius

408 5181 739 5251 obtineret;
764 5186 919 5243 adeo
946 5192 1013 5244 ut
1032 5189 1303 5261 plerique
1332 5205 1654 5262 procerum
1700 5193 1848 5251 olim
1898 5195 2066 5254 dece-

407 5270 680 5329 dentium
700 5277 1041 5347 martyrum
1058 5274 1507 5334 subsannantes
1524 5282 2062 5353 constantiammos-

405 5358 500 5417 bis
524 5360 831 5419 referrent:
858 5364 989 5430 Quo
1017 5379 1183 5420 nunc
1216 5364 1363 5423 abiit
1384 5366 1488 5425 illa
1514 5373 1847 5428 vestrorum
1877 5374 2063 5431 virtus

407 5449 825 5520 agonistarum
845 5452 873 5507 ‘I
889 5467 1015 5524 quo
1034 5451 1269 5523 aufugit
1288 5457 1757 5528 magnanimitas
1777 5463 1805 5518 ?
1822 5476 1949 5535 qua
1958 5463 2066 5520 ab-

407 5541 568 5594 sorta
597 5540 901 5594 temeritas
921 5539 1242 5597 delitescit?
1258 5542 1362 5599 ubi
1384 5560 1446 5600 se
1470 5552 1752 5605 enervata
1775 5549 2061 5609 fortitudo

477 5649 498 5727 ἡ
528 5642 651 5727 llos
678 5647 787 5727 est,
820 5648 886 5700 ut
904 5643 1146 5727 tributis
1172 5664 1279 5720 per
1304 5651 1714 5726 chirographa
1747 5656 2058 5727 exigendis

407 5710 867 5782 praeﬁcerentur.
903 5717 1122 5774 MORAL.

2186 1802 2334 1858 urbe
2364 1804 2647 1861 Aceitano
2678 1805 3026 1876 progenitus
3054 1806 3398 1863 Cordubam
3416 1806 3689 1862 discendi
3712 1821 3845 1876 gra-

2184 1891 2266 1948 tia
2292 1892 2561 1961 veniens,
2594 1897 2782 1950 totam
2821 1910 2976 1967 pene
3022 1895 3402 1967 pubertatem
3450 1895 3677 1952 ibidem
3728 1896 3845 1953 sub

2184 1981 2503 2053 ptedagogi
2534 1982 2853 2040 traditione
2882 2000 3201 2057 peragens,
3234 1984 3550 2042 confestim
3580 1989 3646 2042 ut
3703 1986 3849 2042 ado-

2182 2068 2530 2127 lescentiam
2561 2072 2729 2143 adiit,
2774 2074 3110 2131 monastica
3153 2074 3487 2131 oblectatus
3524 2090 3844 2133 conversa-

2183 2159 2365 2230 tione,
2396 2159 2552 2216 illico
2584 2161 2898 2218 monachis
2930 2180 2994 2219 se
3054 2164 3173 2221 Deo
3210 2164 3433 2236 iugiter
3482 2162 3845 2221 militaturus

2180 2248 2519 2306 admiscuit.
2556 2250 2666 2315 Qui
2695 2250 2997 2324 aliquibus
3011 2252 3158 2309 locis
3178 2253 3511 2325 peragratis
3530 2268 3602 2310 ac
3629 2254 3843 2311 demu-

2186 2338 2340 2406 tatis,
2368 2340 2429 2396 in
2458 2341 2680 2412 quibus
2719 2341 2937 2398 ardens
2978 2343 3199 2399 devota
3253 2359 3426 2399 mens
3470 2343 3845 2416 requiescere

2183 2444 2306 2484 non
2338 2433 2589 2501 poterat,
2620 2430 2827 2486 ultimo
2857 2433 2927 2501 (2)
2947 2448 3008 2488 se
3037 2431 3100 2487 in
3128 2432 3479 2489 Tabanense
3494 2432 3845 2489 coenobium

2185 2517 2452 2574 contulit.
2487 2516 2570 2574 lbi
2591 2518 2948 2591 aliquandiu
2970 2519 3085 2576 sub
3113 2520 3375 2590 regulari
3397 2520 3723 2593 disciplina
3751 2521 3845 2576 vel

2182 2605 2477 2673 regimine
2502 2606 2741 2664 abbatis
2772 2608 2998 2665 Martini
3027 2608 3377 2677 demorans,
3422 2608 3746 2682 perfectius
3780 2610 3845 2666 in

2186 2694 2395 2751 timore
2424 2695 2659 2752 Domini
2681 2696 2911 2754 claruit.

2255 2787 2310 2841 2.
2344 2787 2411 2842 Et
2459 2785 2753 2857 quoniam
2782 2803 3038 2843 summas
3074 2786 3425 2845 humilitatis
3478 2774 3848 2860 magnisque

2183 2872 2543 2930 obedientiaa
2572 2878 2716 2937 erat,
2738 2875 2961 2933 idcirco
2983 2876 3175 2947 gratia
3202 2876 3552 2949 sanctitatis,
3583 2893 3711 2949 qua
3729 2893 3848 2934 oae-

2182 2962 2323 3020 litus
2351 2963 2703 3035 refulgebat,
2734 2965 2839 3022 diu
2862 2965 3328 3039 implorantibus
3371 2982 3442 3025 ac
3487 2966 3849 3037 rogantibus

2184 3054 2500 3111 monachis
2528 3055 2785 3112 coenobii
2830 3056 3023 3113 sancti
3069 3056 3417 3126 Salvatoris,
3461 3057 3630 3129 quod
3675 3056 3848 3114 haud

2184 3142 2396 3215 procul
2450 3159 2489 3201 a
2519 3143 2754 3201 civitate
2784 3144 3077 3202 Corduba
3119 3144 3185 3203 in
3213 3150 3384 3219 parte
3425 3144 3848 3218 septentrionis

2181 3232 2263 3290 ad
2292 3232 2557 3290 radicem
2586 3232 2835 3291 Mellaris
2863 3233 3172 3306 pinnaculi
3211 3234 3391 3292 situm
3439 3239 3548 3301 est,
3596 3232 3680 3291 ad
3716 3233 3847 3291 ofﬁ-

2181 3321 2344 3379 cium
2372 3321 2745 3379 sacerdotale
2773 3322 3121 3395 praeelectus
3147 3322 3329 3380 invite
3366 3326 3423 3379 et
3451 3327 3543 3391 (ut
3567 3323 3651 3381 ita
3677 3323 3847 3380 dixe-

2180 3411 2319 3483 rim)
2349 3410 2636 3468 violenter
2663 3411 2954 3470 instantia
2983 3412 3073 3470 vel
3091 3411 3446 3485 prasjudicio
3476 3412 3718 3470 abbatis
3749 3413 3844 3468 sui

2180 3505 2457 3558 sanctum
2479 3500 2875 3558 ministerium
2895 3501 3167 3574 suscipit,
3191 3506 3248 3560 et
3278 3500 3765 3573 nihilominusjej
3776 3518 3842 3557 ιι-

2178 3588 2439 3661 nierum,
2466 3589 2831 3660 vigiliarum,
2861 3590 3329 3663 orationumque
3368 3589 3541 3648 solito
3580 3606 3846 3663 propen-

2179 3677 2304 3734 sius
2344 3677 2581 3736 labores
2622 3678 2959 3749 adaugens,
2989 3678 3267 3738 ambulat
3289 3679 3366 3737 de
3392 3678 3607 3736 virtute
3636 3680 3697 3735 in
3730 3679 3847 3734 vir-

2177 3770 2368 3824 tutem
2387 3766 2626 3823 visurus
2649 3767 2975 3824 Dominum
3001 3767 3065 3824 in
3084 3768 3246 3835 Sion,
3272 3767 3449 3825 scalis
3482 3768 3842 3824 meritorum

2176 3856 2543 3929 evectus.Cuj
2556 3873 2622 3912 us
2642 3856 3051 3914 venerabilem
3068 3857 3258 3914 vitam
3270 3857 3621 3930 cunctisque
3634 3873 3843 3913 neces-

2175 3945 2335 4002 sario
2344 3944 2696 4003 imitabilem
2707 3946 3395 4017 eonversationem,cum
3411 3945 3641 4004 affatim
3650 3945 3843 4017 digno

2174 4032 2428 4091 laudum
2471 4035 2776 4109 praeconio
2799 4035 3156 4092 earumdem
3177 4034 3429 4092 fratrum
3466 4039 3650 4107 atque
3673 4050 3842 4092 soro—

2173 4139 2331 4192 rum,
2348 4122 2570 4197 quibus
2588 4124 3157 4197 praeerat,relatione
3178 4123 3512 4198 pandetur;
3536 4140 3609 4182 eo
3632 4128 3839 4181 tamen

2172 4212 2660 4283 magniﬁcentius
2693 4212 3053 4286 declaratur,
3075 4230 3198 4287 quo
3233 4213 3721 4271 ﬂorentissimam
3745 4215 3842 4286 ju-

2175 4306 2476 4360 ventutem
2523 4301 2729 4359 animo
2762 4302 3098 4361 robustiore
3128 4302 3599 4374 transgrediens,
3632 4302 3838 4374 gladio

2173 4390 2505 4463 martyriali
2533 4406 2657 4447 non
2682 4395 2995 4450 cunctatus
3023 4392 3199 4450 fuerit
3226 4391 3511 4451 subdere.

2098 4453 2143 4507 θ
2246 4485 2299 4537 3.
2329 4453 2542 4551 igitur,
2573 4481 2897 4539 comitante
2949 4482 3152 4556 ipsum
3195 4481 3559 4555 perfectione
3602 4482 3839 4539 timoris

2175 4570 2433 4643 Domini,
2464 4587 2604 4628 cum
2633 4571 2842 4629 omnia
2887 4575 3122 4629 terrena
3176 4572 3514 4646 despiciens
3567 4575 3833 4629 mentem

2175 4658 2324 4715 caelo
2364 4661 2776 4733 suspenderat,
2827 4665 3192 4734 cuperetque
3244 4661 3494 4718 dissolvi
3524 4662 3743 4719 melius
3777 4667 3837 4718 et

2173 4763 2313 4804 cum
2343 4748 2571 4805 Christo
2593 4766 2862 4821 manere,
2884 4766 3073 4823 quam
3101 4750 3285 4807 rebus
3308 4752 3535 4807 haerere
3564 4750 3832 4817 caducis;

2173 4838 2443 4911 quodam
2460 4838 2557 4895 die
2572 4838 2892 4897 obﬁrmato
2914 4839 3084 4896 vultu
3094 4838 3283 4911 judici
3304 4844 3528 4908 astans,
3549 4840 3839 4914 praedicat

2174 4927 2581 4998 Evangelium,
2631 4929 3010 5001 impudicum
3060 4928 3382 5002 exprobrat
3429 4934 3651 4999 vatem,
3713 4946 3834 4986 cce-

2173 5021 2424 5093 tumque
2491 5019 2690 5078 noxia:
2764 5020 3181 5078 combinatum
3252 5021 3503 5078 culturae
3579 5022 3837 5094 peedori-

2171 5106 2287 5164 bus
2342 5109 2483 5177 (nisi
2512 5109 2870 5181 resipiscens
2912 5110 3147 5182 pietatis
3173 5110 3359 5168 ﬁdem
3392 5111 3837 5183 apprehendat)

2172 5196 2481 5255 ultricibus
2509 5198 2799 5256 luiturum
2837 5215 3153 5272 paenarum
3199 5199 3493 5256 incendiis
3544 5204 3840 5273 protesta-

2172 5289 2285 5343 tur.
2313 5287 2458 5344 Hinc
2486 5303 2725 5344 carcere
2767 5292 2992 5355 trusus,
3043 5293 3101 5346 et
3159 5288 3412 5346 vinculis
3468 5292 3835 5355 coarctatus,

2168 5373 2474 5433 latronum
2522 5375 2943 5433 mansionibus
2972 5376 3271 5447 alligatur,
3303 5376 3623 5451 principali
3672 5382 3835 5451 post-

2168 5464 2423 5522 modum
2455 5466 2748 5523 sententia
2770 5464 3185 5524 decollandus.

2237 5557 2293 5610 4.
2317 5554 2492 5619 Quod
2512 5553 2737 5612 factum
2753 5555 2942 5626 judex
2970 5556 3136 5626 regio
3162 5555 3425 5612 intimari
3446 5556 3686 5613 auditui
3708 5574 3833 5615 non

2241 5661 2505 5734 ysupra,
2537 5678 2670 5734 cap.
2708 5667 2756 5718 t.

2244 5728 2261 5749 °
2281 5728 2503 5790 Videsis
2522 5728 2647 5791 not.
2682 5734 2795 5791 sub
2824 5749 2993 5792 num.
3028 5742 3081 5804 7,
3109 5734 3211 5792 lib.
3244 5751 3286 5791 ι.
