3960 6396
109 284 210 345 θοι

1160 284 1595 345 MEMORIALIS
1637 278 2078 344 SANCTORUM.
2120 310 2190 327 ιιι-
2230 282 2366 343 LIB.
2408 288 2500 343 IlI.

3452 289 3557 346 806

106 412 414 479 differens,
444 411 791 468 accenditur
819 412 956 483 igne
984 406 1202 467 furoris
1224 411 1526 475 immensi,
1552 415 1610 467 et
1628 424 1778 484 quo-
1809 404 1859 465 Α
1891 409 2217 484 suppliciis,
2246 410 2304 467 et
2331 420 2494 467 nunc
2523 409 2671 484 veni,
2686 407 2921 483 partem
2960 402 3068 467 tibi
3106 412 3397 484 purpurei
3429 422 3560 469 mu-

103 501 249 558 dam
270 501 589 557 hebetatus
613 501 862 557 horrore
880 499 1133 556 miratur
1155 500 1602 574 stupidus,quaa
1624 502 1784 556 esset

106 590 205 647 illa
218 589 435 646 victrix
457 588 733 659 audacia,
753 600 889 662 quae
906 591 1084 646 tantae
1110 587 1314 659 glorise
1331 604 1454 645 non
1473 586 1785 661 eXpaverit

104 692 334 751 regem,
352 683 600 753 tamque
622 678 878 735 sublime
893 679 1158 736 vanitate
1179 682 1237 736 et
1262 678 1552 752 superbia
1578 680 1782 750 caput,

107 773 292 842 atque
318 769 404 840 (ut
424 781 490 824 se
515 767 791 841 putabat)
814 780 996 840 super
1012 767 1219 824 omnia
1242 764 1542 824 excellens
1564 765 1785 824 talibus

107 866 233 915 non
256 858 609 915 reverentiae
651 856 901 915 ausibus
941 854 1339 931 propulsaret.
1376 855 1786 924 Quamobrem

105 948 330 1006 eodem
390 949 702 1004 momento
760 945 876 1003 sub
934 958 1082 1004 voce
1135 944 1379 1004 terribili
1430 945 1787 1020 episcopum

106 1034 546 1112 comprehendi
575 1036 879 1105 decernit;
914 1034 1021 1093 sed
1056 1034 1210 1109 ipse,
1252 1032 1412 1107 fugae
1442 1036 1786 1111 praeventus

108 1126 381 1185 remedio
407 1124 697 1183 salvatur.
731 1126 881 1183 Nam
907 1124 1106 1182 ferunt
1128 1125 1259 1197 jam
1294 1129 1434 1182 tunc
1455 1140 1596 1181 eum
1624 1121 1791 1181 nulla

106 1214 516 1273 intercedente
545 1214 834 1271 dilatione
864 1213 1079 1288 punire
1108 1210 1479 1270 decreverat.
1520 1210 1793 1270 Jusserat

112 1306 298 1363 etiam
336 1318 550 1362 omnes
578 1303 951 1362 Christianos
1005 1303 1270 1375 generali
1318 1302 1612 1360 sententia
1655 1316 1789 1376 per-

112 1396 281 1463 dere,
346 1394 723 1466 feminasque
774 1392 1021 1467 publico
1078 1393 1367 1450 distractu
1422 1392 1788 1466 disperdere,

120 1487 341 1557 praeter
371 1491 477 1540 eos
503 1482 610 1555 qui
642 1474 845 1557 spreta
890 1481 1176 1553 religione
1216 1479 1295 1538 ad
1338 1479 1567 1538 cultum
1612 1490 1793 1536 suum

108 1572 499 1629 diverterent.
536 1573 603 1627 Et
623 1570 738 1627 nisi
757 1571 873 1627 hoc
893 1569 1158 1627 edictum
1177 1570 1457 1627 consultu
1480 1573 1793 1643 satrapum

110 1664 512 1733 quassraretUr
535 1659 663 1732 (qui
683 1674 793 1732 pro
818 1673 891 1716 eo
912 1657 1080 1733 quod
1103 1657 1304 1714 nullus
1326 1656 1590 1731 sapiens,
1610 1671 1793 1713 nemo

1890 500 2049 556 neris
2075 500 2258 571 hujus
2298 498 2587 557 conferre.
2630 499 2845 573 Accipe
2875 496 3069 556 libens
3112 494 3457 571 donarium,
3502 507 3562 559 et

1890 587 2133 646 viriliter
2162 600 2274 660 age
2297 589 2361 646 in
2390 588 2646 646 Domino
2674 607 2687 659 ;
2715 604 2859 646 nam
2884 586 3168 664 reliquias
3196 604 3474 648 rosarum
3505 595 3560 648 et

1891 677 2173 747 liliorum,
2209 692 2364 752 quas
2398 679 2459 735 in
2511 674 2795 736 manibus
2843 692 3042 750 servo,
3093 680 3231 749 post
3259 685 3314 738 te
3342 694 3415 737 ex
3443 679 3559 738 hoc

1892 766 2027 824 loco
2054 764 2272 825 datura
2296 784 2432 825 sum
2463 767 2830 840 migraturis.
2874 784 2905 821 ›
2945 762 3069 826 Tali
3099 762 3360 843 denique
3390 769 3559 841 virgo

1893 852 2303 914 sacratissima
2356 857 2485 914 visu
2542 872 2613 915 ac
2667 870 2918 914 munere
2969 852 3287 928 illustrata,
3342 874 3481 916 cum
3528 875 3561 916 e

1895 944 2140 1002 dextera
2176 944 2573 1019 eolloqueutis
2616 958 2819 1002 rosam
2866 940 3211 1020 susciperet,
3257 945 3412 1004 ruris
3451 944 3559 1005 ad-

1896 1030 2074 1092 mista
2103 1032 2445 1091 cmlestibus
2468 1034 2547 1091 ab
2574 1030 2763 1091 oculis
2794 1034 3076 1093 intuentis
3105 1036 3466 1095 elevabatur.

1969 1127 2021 1181 3.
2050 1121 2188 1180 Haec
2214 1128 2420 1181 autem
2450 1123 2675 1197 puella,
2707 1136 2847 1180 cum
2885 1139 2996 1198 pro
3036 1139 3283 1183 summa
3320 1120 3561 1183 humili-

1897 1210 2015 1269 tate
2046 1216 2226 1286 atque
2254 1210 2598 1269 obedientia
2626 1212 2780 1269 inter
2795 1212 3229 1283 convirginales
3257 1215 3468 1272 ultima
3499 1226 3562 1271 se

1895 1300 2211 1374 judicaret,
2247 1306 2526 1376 essetque
2566 1301 3026 1374 incomparabili
3055 1308 3355 1377 apparatu
3386 1300 3561 1361 obse-

1899 1390 2238 1460 cundatrix,
2269 1405 2613 1464 numquam
2655 1394 2854 1447 tamen
2889 1390 3180 1464 appellari
3207 1408 3269 1449 se
3307 1392 3563 1463 Dignam

1896 1480 2260 1554 patiebatur,
2286 1478 2647 1552 dicebatque
2677 1492 2817 1535 cum
2847 1479 3131 1551 lacrymis
3161 1478 3240 1549 (5)
3274 1498 3286 1535 :
3318 1504 3347 1532 «ς
3379 1478 3565 1537 Nolite

1900 1584 1999 1626 me
2043 1564 2291 1641 Dignam
2339 1580 2579 1637 vocare,
2626 1568 2731 1624 sed
2781 1566 2977 1640 magis
3019 1566 3376 1641 Indignam;
3421 1569 3567 1644 quia

1902 1660 2075 1732 cujus
2103 1656 2298 1715 meriti
2325 1670 2463 1714 sum
2493 1656 2673 1715 etiam
2703 1657 2950 1715 nomine
2979 1657 3172 1716 debeo
3202 1659 3492 1730 insigniri.
3537 1682 3565 1710 »

120 1749 426 1820 urbanus,
456 1748 780 1821 nullusque
808 1762 1129 1822 procerum
1172 1746 1648 1803 Christianorum
1684 1745 1793 1801 hu-
1824 1764 1866 1822 Β
1903 1750 1971 1805 Et
2000 1760 2139 1805 cum
2171 1760 2208 1806 a
2244 1744 2343 1805 die
2373 1745 2756 1805 revelationis
2789 1760 2935 1818 suae,
2969 1763 3175 1805 amore
3204 1751 3570 1822 compuncta

112 1838 465 1912 juscemodi
501 1852 632 1895 rem
677 1840 1098 1912 perpetrasset,
1137 1831 1362 1894 idcirco
1403 1850 1529 1895 non
1575 1835 1795 1893 debere

116 1931 441 1986 universos
486 1928 781 2003 perimere
830 1927 1202 1996 asserebant,
1246 1943 1404 1999 quos
1446 1941 1571 1983 non
1624 1926 1797 2000 praeit

113 2018 460 2093 personalis
486 2019 612 2075 dux
651 2016 730 2074 ad
763 2016 1098 2090 praelium);
1128 2025 1154 2052 ει
1184 2016 1400 2073 exhinc
1440 2016 1619 2072 credo
1663 2016 1795 2088 jam

116 2110 399 2166 funditus
433 2106 956 2166 Christianismum
994 2110 1271 2162 nostrum
1308 2104 1528 2179 partim
1568 2104 1792 2175 gladio,

111 2199 343 2272 partim
394 2196 893 2271 praevaricatione
933 2195 1339 2267 exstingueret
1382 2196 1485 2267 (3).
1539 2194 1798 2251 Fortissi-

114 2304 292 2346 mum
335 2300 482 2345 vero
527 2286 809 2343 athletam
850 2285 1051 2355 gladio
1097 2284 1480 2354 interﬁciens,
1525 2282 1796 2357 patibulo

115 2377 281 2435 ultra
308 2390 555 2435 amnem
586 2373 877 2448 suspendi
907 2374 1208 2448 praecepit.

752 2535 985 2592 CAPUT
1022 2537 1160 2591 VIII.

199 2667 379 2724 Gesta
407 2662 737 2732 Anastasii,
778 2664 998 2721 Felicis
1030 2667 1087 2720 et
1115 2663 1330 2735 Digna?
1359 2668 1720 2733 martyrum.

199 2812 254 2867 1.
289 2812 482 2876 Quem
518 2823 779 2881 sequens
824 2807 904 2878 (1)
944 2806 1062 2863 alio
1106 2805 1202 2862 die
1241 2804 1595 2862 Anastasius
1633 2818 1799 2877 pres-

118 2904 323 2975 byter,
355 2897 461 2972 qui
491 2897 571 2954 ab
601 2897 843 2953 ineunte
870 2900 1045 2953 aetate
1074 2894 1243 2969 apud
1260 2895 1578 2952 basilicam
1604 2894 1799 2951 sancti

116 2989 348 3049 Λαίδοιὶ
376 2985 784 3048 Gordubensis
810 2986 1145 3060 disciplinis
1175 2990 1233 3043 et
1260 2985 1467 3042 litteris
1500 2984 1795 3055 eruditus,

1903 1836 2197 1911 martyrii,
2237 1832 2416 1895 tacito
2454 1835 2837 1908 cogitamine,
2876 1837 3102 1911 quibus
3146 1837 3225 1895 ad
3261 1832 3325 1894 id
3366 1839 3571 1912 posset

1903 1925 2139 1983 indiciis
2181 1924 2473 2000 aspirare,
2525 1925 2744 1999 saepitls
2797 1926 3104 1982 ruminare
3152 1925 3450 2000 coepisset,
3503 1927 3573 1983 ﬁt

1904 2014 2135 2072 affatim
2215 2012 2402 2072 laetior
2457 2019 2676 2071 norum
2730 2014 3023 2072 instructa
3082 2012 3396 2087 martyrio,
3445 2028 3569 2088 quo

1902 2104 2079 2178 quasi
2106 2103 2198 2160 his
2221 2103 2701 2178 praecedentibus
2727 2104 2856 2160 haec
2878 2102 3127 2160 ﬁrmiori
3158 2119 3402 2174 gressus
3438 2118 3573 2160 suc-

1906 2193 2142 2251 cederet
2166 2190 2242 2250 ad
2275 2208 2587 2250 coronam.
2623 2192 2887 2267 Ideoque
2918 2192 3139 2267 apertis
3171 2193 3411 2250 silenter
3449 2208 3569 2249 caa-

1906 2283 2072 2341 nobii
2110 2282 2402 2352 claustris,
2439 2299 2578 2339 cum
2617 2284 2749 2356 jam
2792 2283 3002 2341 beatos
3031 2283 3294 2357 pendere
3324 2298 3570 2357 compe-

1904 2373 2079 2430 risset
2100 2378 2415 2447 martyres,
2448 2372 2682 2430 concito
2710 2370 2904 2443 gradu
2920 2371 3188 2445 judicem
3209 2377 3442 2447 petens,
3463 2385 3573 2430 cur

1905 2464 2116 2521 fratres
2148 2478 2291 2519 suos
2318 2476 2631 2537 praecones
2664 2462 2907 2535 justitiae
2936 2462 3343 2535 trucidaverit,
3374 2476 3570 2521 asser-

1904 2552 2065 2610 tione
2094 2550 2397 2626 intrepida
2422 2554 2831 2627 percontatur.
2868 2574 2896 2601 α
2921 2550 3009 2608 An
3031 2551 3199 2624 quia,
3220 2549 3436 2625 inquit,
3471 2552 3573 2608 Dei

1905 2641 2163 2698 cultores
2209 2641 2548 2712 existimus,
2596 2644 2993 2714 sanctamque
3033 2639 3287 2698 ﬁdeliter
3315 2640 3572 2697 colimus

1902 2728 2269 2796 Trinitatem,
2291 2731 2551 2798 Patrem,
2571 2732 2629 2786 et
2643 2727 2877 2796 Filium,
2894 2733 2950 2785 et
2969 2729 3250 2802 Spiritum
3268 2734 3569 2799 sanctum,

1906 2830 2097 2876 unum
2122 2820 2181 2876 et
2201 2831 2412 2875 verum
2436 2818 2628 2875 Deum
2658 2817 2931 2886 fatentes,
2973 2821 3030 2874 et
3060 2830 3241 2874 omne
3283 2817 3453 2891 quod
3492 2815 3572 2875 ab

1905 2909 2021 2968 hac
2048 2907 2395 2965 credulitate
2423 2907 2712 2975 dissentit,
2740 2923 2864 2963 non
2895 2906 3095 2963 solum
3119 2922 3441 2978 negamus,
3472 2921 3571 2963 ve-

1907 3012 2045 3055 rum
2071 2997 2252 3054 etiam
2282 2995 2671 3063 detestamur,
2703 2993 3146 3065 maledicimus,
3173 3000 3231 3052 et
3261 2995 3574 3053 confundi-

118 3092 324 3154 usque
354 3078 435 3136 ad
462 3077 709 3151 plenam
732 3076 1110 3148 juventutem
1145 3074 1375 3131 ibidem
1412 3074 1474 3130 in
1513 3073 1800 3131 Diacona-
1830 3126 1872 3183 Ο
1908 3098 2046 3143 mus
2071 3104 2086 3155 ς
2116 3082 2342 3142 idcirco
2368 3083 2751 3141 confodimur
2771 3084 2801 3141 εξ
2826 3100 2858 3137 ›

120 3178 226 3230 tua
257 3167 461 3226 omnia
477 3166 709 3238 degens
740 3165 787 3234 ι),
818 3168 1146 3239 postquam
1167 3163 1569 3221 monasticam
1588 3162 1797 3236 vitam,

1980 3174 2034 3232 4.
2066 3172 2206 3232 Haec
2236 3177 2294 3231 et
2318 3170 2413 3230 his
2442 3172 2662 3229 similia
2700 3175 2907 3229 sancto
2955 3175 3010 3228 et
3050 3166 3441 3229 immaculato
3472 3184 3574 3228 ore

116 3275 257 3335 qua
292 3256 532 3314 dudum
582 3255 778 3312 fuerat
825 3257 1059 3327 spretoc
1087 3252 1418 3310 ministerio
1464 3251 1779 3309 obiectam:

1980 3268 2240 3321 sserente
2277 3261 2501 3336 puella,
2538 3260 2687 3317 nihil
2718 3262 3034 3318 cunctatus
3074 3259 3315 3333 arbiter,
3354 3258 3573 3316 lictori-

119 3350 228 3422 (2),
273 3347 338 3403 in
382 3343 634 3401 “nibus
682 3347 907 3414 983mb
949 3342 1201 3399 demum
1240 3339 1575 3397 sacerdotio
1612 3339 1802 3414 δΡΡῙίσ
1912 3353 2027 3411 bus
2075 3351 2499 3410 decollandam
2548 3348 2882 3417 committit,
2927 3347 3029 3423 qui
3085 3354 3262 3406 mox°
3308 3346 3576 3405 delicatis

120 3444 323 3497 catur.
359 3434 604 3492 Concito
637 3446 874 3504 gressu,
902 3432 1196 3506 palatium
1216 3435 1428 3504 petens
1448 3429 1649 3487 adstat
1666 3443 1779 3486 con

1980 3440 2176 3500 ferunt
2200 3437 2484 3513 jugulum
2527 3438 2803 3497 collibus.
2836 3442 2952 3496 Nec
2982 3451 3155 3496 mora
3183 3438 3577 3496 consternatis

121 3527 393 3595 salibus.
454 3524 814 3597 δοδίθωεὶυθ
865 3520 1007 3578 ﬁdei
1069 3519 1349 3577 “Fidias
1405 3519 1805 3579 δεθθνῑίοῑιιιω
1914 3542 2201 3589 corruens
2246 3528 2559 3603 membris,
2600 3528 2858 3603 equuleo
2896 3527 3182 3585 deorsum
3228 3542 3404 3585 versa
3452 3540 3578 3583 sus-

124 3615 399 3675 stimulis
432 3613 675 3677 feriens,
712 3611 918 3684 gladio
957 3610 1271 3668 confestim
1306 3608 1638 3677 abscissus,
1680 3623 1779 3664 sus

1980 3619 2213 3686 inditur,
2251 3617 2601 3690 caeterisque
2623 3620 2789 3673 trans
2806 3614 3035 3673 ﬂumen
3058 3615 3427 3673 adsciscitur.
3455 3617 3579 3672 Hoc

124 3704 442 3783 Pendit”.
469 3702 619 3759 Cum
648 3716 774 3775 quo
800 3704 860 3757 et
886 3699 1050 3756 Felix
1079 3698 1444 3767 monachus,
1476 3714 1549 3753 ex
1578 3696 1806 3771 οΡΡίάο
1915 3720 2183 3781 namque
2214 3704 2425 3763 ordine
2450 3705 2513 3762 hi
2537 3710 2656 3762 tres
2684 3705 2905 3771 vocati,
2940 3703 3315 3775 Anastasius,
3362 3704 3583 3761 scilicet

124 3791 550 3869 Complutensi
593 3789 946 3864 progenitus
981 3789 1088 3862 (3),
1136 3788 1382 3845 natione
1435 3785 1702 3856 Gentius,
1751 3801 1779 3842 e

1980 3798 2250 3870 esbyter,
2282 3793 2441 3852 Felix
2470 3790 2833 3861 monachus,
2872 3797 2934 3851 et
2976 3792 3163 3865 Digna
3197 3792 3367 3865 virgo
3401 3790 3583 3850 beata

120 3885 414 3964 quadam
449 3881 778 3940 occasione
806 3879 914 3937 in‘i
941 3878 1210 3936 Asturias
1238 3876 1580 3949 devolutus,
1618 3875 1726 3932 ubi
1751 3891 1779 3932 e

1980 3884 2132 3943 idem
2178 3883 2275 3942 die
2326 3882 2649 3957 dispariter
2708 3876 3075 3949 ceciderunt,
3134 3894 3277 3938 xvm
3328 3874 3578 3938 Kalend.

126 3976 325 4036 ﬁdem
390 3971 788 4035 catholicam,
864 3966 923 4026 et
993 3966 1349 4040 religionem
1410 3965 1809 4024 monasticam
1916 3975 2075 4046 Julii,
2104 3986 2228 4032 mra
2255 3983 2505 4031 meum,

126 4065 367 4134 didicit,
412 4062 635 4121 eodem
675 4060 779 4118 die
820 4059 937 4118 hac
973 4058 1354 4133 professione
1398 4056 1639 4114 decisus
1681 4053 1810 4113 am

128 4160 606 4316 ξι(Ιιιιιινειιιθ
670 4240 800 4298 dies
860 4238 964 4296 illa
1038 4234 1375 4294 maximum
1436 4250 1655 4293 cursus
1719 4237 1813 4293 sui

126 4336 391 4411 expietis
423 4330 825 4397 metabulum,
866 4330 990 4402 iam
1028 4340 1183 4401 pene
1222 4327 1303 4399 (4)
1350 4324 1412 4382 in
1449 4325 1665 4383 horam
1699 4338 1810 4382 nm

129 4410 285 4486 nam
344 4423 701 4493 divergeret,
766 4420 939 4490 virgo
995 4416 1286 4491 quaedam
1340 4410 1808 4485 adolescentula,

2580 4100 2804 4157 CAPUT
2843 4100 2928 4157 1X.

2318 4207 2591 4267 Benildt's
2619 4211 2903 4265 matrona
2927 4211 3190 4276 martyr.

1988 4329 2259 4407 Denique
2288 4331 2402 4389 hos
2430 4346 2694 4406 sequens
2726 4324 2984 4387 Beniidis
3012 4327 3239 4387 femina
3258 4329 3439 4386 aetate
3457 4326 3588 4402 jam

1920 4427 2228 4499 provecta,
2266 4425 2325 4479 et
2361 4425 2428 4479 ut
2464 4419 2684 4492 ferunt,
2725 4432 2851 4477 non
2879 4418 3079 4476 medie
3122 4416 3422 4487 timorata,
3472 4412 3590 4474 sub

128 4477 472 4575 ill—mia
499 4477 746 4568 nomine
793 4477 1124 4579 Diénafex
1162 4504 1418 4577 collegio
1453 4504 1779 4563 venerabili

1980 4477 2296 4570 rofessione
2344 4477 2699 4569 caeterorum
2763 4505 3046 4567 occubuit
3109 4520 3228 4564 xvu
3285 4502 3591 4563 Kalendas

132 4603 471 4673 Elisabeth,
521 4600 699 4672 cujus
750 4597 1050 4656 rationem
1107 4594 1258 4653 liber
1308 4595 1613 4653 secundus
1656 4594 1814 4651 edis.

128 4696 303 4763 eam,
348 4694 477 4749 Deo
527 4687 833 4747 revelante
878 4691 939 4745 et
975 4685 1371 4755 confortante,
1413 4683 1497 4742 ad
1542 4684 1813 4758 palmam

130 4783 459 4859 processit.
498 4778 684 4838 Paule
718 4788 990 4851 uanique
1030 4779 1173 4833 ante
1212 4775 1571 4849 martyrium
1606 4786 1811 4842 suum,

132 4874 423 4935 assistere
480 4869 595 4927 sibi
648 4880 759 4942 per
803 4866 1118 4923 somnium
1166 4864 1329 4922 videt
1372 4863 1660 4938 puellam,
1714 4864 1817 4920 bav-

134 4966 276 5024 bitu
330 4966 392 5019 et
436 4945 639 5035 specie
685 4960 1107 5032 percomptam
1168 4953 1467 5025 angelico,
1522 4968 1696 5011 rosas
1741 4968 1815 5010 ac

135 5055 269 5113 lilia
296 5064 490 5108 manu
521 5050 882 5122 gestantem.
914 5047 1111 5112 Quam
1130 5056 1272 5101 cum
1298 5042 1374 5100 de
1394 5042 1643 5099 nomine
1671 5050 1813 5098 cau-

136 5150 338 5216 saque
368 5139 461 5196 sui
503 5138 844 5212 exploraret
878 5134 1174 5193 adventus
1217 5147 1230 5189 :
1277 5152 1307 5181 α
1361 5134 1484 5201 Ego
1533 5142 1692 5197 sum,
1731 5126 1819 5183 in-

137 5233 297 5307 quit,
344 5229 599 5301 Agathe,
638 5226 786 5284 etim
821 5234 1046 5298 proper
1091 5220 1393 5280 Christum
1429 5217 1575 5275 diris
1623 5216 1820 5274 attrita

216 5385 247 5412 ι
275 5374 522 5432 Exhinc
540 5369 845 5446 ponimus
864 5382 1008 5446 cum
1038 5362 1414 5446 lienschenio
1452 5361 1536 5446 ad
1560 5360 1722 5446 diem
1756 5364 1818 5446 ui

145 5428 642 5519 Juniivquamlvis
668 5438 937 5508 Morales,
972 5436 1368 5501 Schottusque
1402 5428 1740 5503 ediderunt,
1767 5435 1822 5488 et

148 5520 451 5645 minimae
488 5586 693 5644 locum
724 5586 1045 5657 sequentes
1076 5575 1523 5657 Henschenium
1547 5575 1633 5657 ad
1662 5574 1822 5657 diem

155 5665 223 5719 14
258 5660 417 5717 Junii
459 5659 541 5715 sic
571 5647 965 5722 restituimus,
1004 5666 1147 5710 cum
1177 5650 1424 5708 Morales
1447 5654 1506 5705 et
1545 5647 1823 5722 Schottus

151 5718 439 5806 eerrupte
450 5731 703 5806 lcgant:
735 5730 881 5786 Post
900 5718 1234 5784 iiscausam
1249 5724 1377 5780 vita
1516 5718 1825 5778 incenibus

156 5801 385 5878 egerat.
422 5801 550 5862 νέα.
582 5801 717 5861 Sch.
1248 5811 1253 5817 δ

1920 4603 2075 4673 Julii,
2106 4619 2226 4661 sera
2263 4616 2387 4676 qua
2429 4612 2618 4675 supra
2662 4598 2761 4673 (1).
2809 4603 3082 4667 Quorum
3121 4591 3417 4654 cadavera
3451 4596 3594 4666 post

1923 4688 2154 4767 aliquot
2181 4692 2311 4748 dies
2346 4690 2575 4762 ingenti
2602 4692 2989 4746 concremata
3018 4680 3320 4755 incendio,
3353 4680 3434 4740 ad
3463 4680 3593 4738 ulti-

1923 4794 2095 4840 mum
2121 4778 2287 4837 ﬂuvii
2312 4779 2605 4853 projecta,
2630 4776 2913 4850 dispersa
2942 4779 3103 4832 sunt.

2592 4902 2734 4964 CAP
2742 4905 2831 4960 UT
2870 4904 2932 4959 Χ.

2313 5014 2550 5072 Sancta
2594 5009 2895 5070 Columba
2932 5012 3201 5076 martyr.

2001 5149 2050 5200 1.
2082 5141 2368 5213 Cogimur
2396 5139 2492 5197 vel
2519 5134 2948 5196 numerositate
2972 5130 3350 5206 certantium,
3372 5133 3471 5192 vel
3499 5133 3598 5190 de-

1926 5233 2051 5293 bita
2066 5229 2393 5306 sponsione
2411 5232 2715 5297 votorum,
2733 5225 2797 5283 in
2814 5223 3065 5298 longam
3082 5220 3359 5282 dictionis
3379 5217 3594 5279 seriem

2000 5367 2027 5429 εξ
2054 5354 2299 5429 Diaconi
2327 5352 2569 5429 ordinis
2594 5354 2769 5425 cujus
2793 5355 2897 5429 est
2931 5349 3389 5429 praesrtimnut
3416 5361 3596 5429 voca-

1928 5425 2143 5487 bulum
2166 5428 2368 5500 ipsum
2393 5420 2605 5482 Graecis
2632 5418 2827 5492 sonat,
2854 5423 2916 5479 in
2931 5418 3208 5477 Ecclesia
3232 5418 3595 5475 ministrare.

1933 5505 2150 5559 MORAL.

2003 5571 2024 5600 ⁴
2054 5571 2200 5628 Hinc
2240 5568 2493 5642 quidam
2534 5567 2697 5642 hunc
2735 5566 2981 5622 nomine
3011 5567 3069 5642 et
3096 5578 3159 5619 re
3187 5561 3321 5642 ipsa
3350 5560 3601 5619 Felicem

1935 5635 2281 5719 martyrem"
2298 5641 2360 5696 in
2382 5638 2632 5719 asturiis
2661 5650 2915 5719 passum
2945 5635 3370 5719 scripsere-in.

2005 5723 2030 5751 ο
2055 5702 2184 5770 Non
2204 5712 2299 5769 hic
2320 5702 2721 5785 astipulamur
2750 5702 3148 5785 Henschenio,
3177 5707 3282 5781 qui
3302 5702 3563 5765 correxit
3586 5724 3597 5761 :

1942 5787 2188 5847 delicati
2215 5782 2507 5858 impetu—Is!
2528 5783 2825 5856 jugutum
2850 5782 3014 5841 caui.
