3960 6378
428 235 527 288 807

1633 237 1688 290 S.
1733 232 2011 288 EULOGII
2051 227 2378 284 ARCHIEP.
2420 225 2668 283 TOLET.

3763 231 3863 285 808

430 356 656 428 stylum
686 357 1062 430 protendere.
1095 355 1236 410 Hinc
1266 361 1372 423 est,
1395 354 1562 428 quod
1589 354 1740 410 ultra
1768 369 1955 425 quam
1985 367 2092 424 pu-
2119 355 2166 406 A
2203 349 2527 405 serandum
2573 351 2856 418 clemens,
2900 349 2980 408 ad
3025 348 3466 419 indulgendum
3517 349 3754 422 facilis,
3808 353 3877 408 ad

432 445 804 502 tal)amus.in
827 461 1112 514 magnum
1134 443 1400 497 codicem
1421 444 1699 499 materies
1717 447 1892 497 aucta
1909 457 2090 513 Opus-

433 534 572 604 culi,
612 550 767 606 pene
796 533 1045 588 modum
1076 531 1504 587 mediocritatis
1551 531 1888 587 excesserit.
1941 529 2091 594 Quia

432 628 568 696 post
589 627 667 678 tot
690 619 1446 692 funeraetimportabilium
1466 635 1876 676 aerumnarum
1888 617 2091 673 discri-

431 712 596 767 mina
633 710 868 765 nullum
900 724 1150 780 prorsus
1182 708 1319 766 talia
1348 709 1736 782 opinaremur
1779 722 2092 777 aggressu-

430 816 584 856 rum.
611 803 725 854 Nos
751 803 946 854 tamen
969 796 1048 852 ab
1075 797 1368 854 inchoatis
1390 798 1729 854 nullatenus
1750 796 2085 857 reticemus,

429 904 550 960 quo
571 892 922 943 cunctorum
936 887 1216 957 rationes,
1227 893 1284 942 ut
1299 887 2084 959 promisimus,enarremus.

495 982 549 1031 2.
595 980 822 1032 Interea
851 977 960 1031 fuit
989 977 1153 1046 virgo
1183 976 1466 1048 quaedam
1497 976 1716 1032 nobilis
1752 981 1809 1032 et
1845 975 2085 1039 decora,

427 1066 720 1122 Columba
740 1067 986 1121 nomine
1007 1082 1079 1120 ex
1099 1065 1346 1138 oppido,
1363 1065 1732 1122 Cordubensi
1753 1064 2084 1138 progenita,

424 1154 656 1228 praefati
686 1154 926 1210 abbatis
952 1153 1200 1219 Martini,
1242 1159 1298 1210 et
1323 1153 1643 1224 Elisabeth,
1673 1153 1748 1209 de
1771 1153 1996 1226 quibus
2025 1153 2088 1208 in

425 1243 906 1317 praecedentibus
929 1242 1426 1311 memoravimus,
1451 1258 1639 1299 soror.
1658 1245 1820 1312 Quae,
1845 1258 1982 1298 cum
2003 1242 2088 1297 in-

426 1337 514 1389 ter
539 1333 705 1388 bona
735 1337 1055 1404 parentum
1091 1331 1400 1388 tenerrime
1426 1331 1488 1386 in
1517 1331 1689 1388 annis
1715 1331 2086 1404 puellaribus

427 1421 678 1492 degens,
720 1422 1099 1493 propositum
1148 1420 1447 1476 Elisabeth
1486 1420 1705 1476 sororis
1749 1435 1892 1489 suae,
1923 1419 2088 1492 quod

429 1526 570 1565 cum
591 1509 716 1564 viro
735 1518 882 1564 suo“
912 1509 1204 1564 Hieremia
1225 1509 1424 1564 adhuc
1449 1509 1632 1579 vulgo
1657 1509 1899 1565 admisti
1927 1525 2090 1578 gere-

1035 1587 1040 1594 η

427 1597 596 1667 bant,
637 1603 988 1669 agnosceret
1026 1595 1151 1670 (qui
1191 1597 1369 1668 longe
1409 1602 1736 1671 antequam
1785 1604 2085 1654 monaste-

2201 437 2651 508 praedicandum
2693 440 2938 503 diserta,
2981 438 3058 494 ad
3096 437 3515 494 instruendum
3556 447 3876 513 prompta.

2200 525 2296 580 His
2333 542 2578 599 quoque
2617 529 2932 584 virtutibus
2979 527 3230 597 clarens,
3283 533 3652 585 cunctorum
3705 530 3772 585 in
3824 546 3878 586 se

2199 615 2570 686 provocabat
2589 617 2891 684 affectum,
2915 615 3198 673 omnibus
3219 631 3500 672 normam
3521 618 3878 690 speculum-

2197 719 2316 776 que
2347 706 2672 762 sanctitatis
2703 707 2978 763 existens.
3008 707 3077 762 Et
3114 705 3260 778 quia
3288 705 3499 762 crebro
3531 707 3876 764 adversarii

2196 792 2623 850 tentationibus
2652 794 3141 868 propulsabatur,
3183 793 3318 851 ideo
3356 794 3874 868 frequentioribus

2198 895 2260 935 se
2286 897 2493 937 coram
2523 883 2776 940 Domino
2801 883 3040 939 ﬂetibus
3073 887 3332 951 mactat;
3373 899 3613 949 verens,
3666 901 3751 942 ne
3777 886 3874 942 diu

2197 975 2483 1039 congesta
2523 970 2806 1027 laborum
2865 971 3137 1027 vilissimi
3185 971 3488 1044 praedonis
3531 972 3873 1047 irruptione

2193 1059 2472 1130 perirent.
2505 1059 2649 1116 Hinc
2703 1059 2782 1116 ad
2837 1061 3134 1132 majorem
3181 1060 3510 1117 sanctitatis
3562 1063 3874 1120 cautelam

2194 1147 2455 1217 erigitur,
2479 1153 2764 1222 metuque
2793 1149 2981 1206 hostis
3014 1148 3231 1206 adacta
3261 1148 3537 1206 solertius
3576 1149 3666 1208 ad
3714 1168 3874 1208 sum-

2193 1252 2361 1292 mam
2386 1238 2671 1294 virtutum
2693 1239 3030 1296 districtiori
3060 1238 3182 1296 vita
3205 1239 3533 1296 contendit.

2268 1330 2319 1381 5.
2358 1328 2518 1383 Hanc
2550 1343 2709 1400 saepe
2753 1327 3114 1398 aegrimoniis
3146 1332 3401 1384 tentator
3428 1335 3731 1399 macerat,
3772 1330 3874 1386 im-

2195 1413 2374 1470 mittit
2401 1414 2728 1484 fastidium,
2763 1416 3025 1489 speciem
3063 1415 3329 1472 virorum
3369 1417 3717 1490 praetendit,
3753 1417 3873 1474 lon-

2197 1517 2342 1572 gum
2370 1504 2581 1560 astruit
2602 1505 2846 1571 victum,
2877 1505 3244 1578 diversisque
3270 1504 3480 1577 fatigat
3508 1507 3869 1579 phantasiis.

2199 1591 2426 1657 Quibus
2463 1593 2730 1649 horribili
2765 1598 2933 1650 metu
2958 1593 3272 1666 compulsa
3295 1593 3460 1666 luget
3496 1595 3870 1665 immaniter,

425 1688 582 1744 rium
615 1692 899 1760 peterent,
932 1687 1134 1743 multis
1165 1703 1226 1743 se
1257 1687 1490 1743 Christo
1519 1687 1909 1758 religionibus
1938 1688 2089 1743 inter
2121 1707 2158 1758 Β
2197 1697 2271 1737 ne
2297 1680 2472 1754 lapsu
2502 1683 2709 1740 mortis
2743 1699 2778 1739 θ.
2809 1683 3108 1740 consortio
3138 1683 3453 1739 dirimatur
3497 1685 3742 1756 sponsi,
3774 1700 3871 1740 cu-

428 1781 760 1832 conventus
801 1775 1008 1848 populi
1046 1776 1516 1847 consecrarunt),
1557 1791 1824 1848 persaepe
1864 1777 2088 1845 genito-

425 1880 562 1920 rum
588 1863 790 1918 relicto
819 1863 1136 1929 consortio,
1171 1863 1424 1919 domum
1456 1864 1679 1920 sororis
1715 1863 2087 1937 frequentius

424 1950 697 2019 visitans,
733 1949 954 2006 talibus
1003 1967 1064 2006 se
1115 1951 1596 2022 consignandam
1635 1952 1784 2007 votis
1822 1956 2085 2024 exoptat,

425 2037 762 2112 anhelaque
806 2038 988 2110 hujus
1029 2040 1355 2112 propositib
1386 2056 1570 2096 verna
1607 2040 1769 2114 cupit
1817 2041 2083 2097 existere.

425 2128 750 2184 Confestim
786 2128 987 2196 itaque
1027 2133 1261 2184 terrena
1299 2130 1504 2186 omnia
1536 2145 1820 2202 spernere
1849 2129 2086 2186 deside-

425 2224 555 2287 rat;
607 2217 712 2273 sed
741 2217 1090 2274 adversatur
1121 2218 1332 2291 puellae
1366 2219 1672 2276 intentioni
1713 2218 1966 2289 genitrix
2002 2236 2088 2275 re-

426 2312 787 2381 pugnatura.
827 2308 968 2373 Quae
1008 2307 1188 2364 etiam
1232 2313 1440 2366 contra
1479 2309 1748 2365 sobolem
1789 2308 2087 2366 Elisabeth

426 2398 677 2470 ejusque
718 2396 910 2452 virum
952 2395 1122 2452 foedis
1163 2396 1486 2452 iracundiae
1517 2397 1782 2454 motibus
1812 2398 2083 2466 excitata,

425 2485 680 2557 graviter
701 2484 1104 2558 conqueritur,
1133 2485 1300 2558 quod
1329 2485 1411 2541 ita
1431 2484 1824 2542 adolescentis
1846 2485 2086 2543 illiceret

425 2575 720 2645 animum,
749 2574 914 2647 quod
937 2574 1090 2630 sicut
1113 2590 1197 2641 se,
1223 2579 1279 2629 et
1297 2574 1474 2630 istam
1502 2574 1890 2648 disperderet,
1913 2591 2086 2631 mun-

423 2663 692 2738 dumque
713 2664 858 2720 ﬂore
880 2680 989 2719 suo
1018 2668 1363 2720 veruantem
1387 2662 1681 2736 dissipato
1700 2664 2084 2721 matrimonio

421 2754 844 2826 relinquentes,
866 2752 928 2808 in
944 2751 1158 2810 solatio
1180 2755 1520 2808 exterorum
1539 2752 1602 2808 id
1633 2757 1920 2826 cuperent
1939 2769 2082 2809 con-

426 2859 652 2914 gerere.

492 2936 545 2988 3.
598 2931 753 2986 Inter
793 2929 950 2986 hanc
993 2933 1197 2986 autem
1240 2929 1745 2986 conﬂictationem
1791 2930 1878 3002 (ut
1917 2929 2080 3001 vulgi

419 3035 553 3076 mOS
570 3020 700 3114 est),
723 3018 1072 3114 disquiritur
1091 3019 1170 3114 ad
1196 3018 1479 3114 copulam
1504 3018 1831 3114 nuptialem
1854 3019 2076 3114 puella,
2110 3059 2150 3114 Ο

418 3107 762 3181 crebrisque
785 3107 1358 3181 interpellationibus
1386 3108 1756 3165 secularitate
1775 3108 2078 3164 involvere

417 3202 703 3270 exoptant
745 3197 1075 3254 caelestium
1109 3197 1508 3254 thalamorum
1545 3198 1766 3271 nuptiis
1795 3198 2080 3254 divinitus

417 3287 810 3355 assignatam.
837 3289 1060 3342 Etcum
1081 3303 1189 3342 nec
1219 3286 1320 3342 illa
1359 3290 1737 3358 consentiret,
1760 3303 1870 3342 nec
1889 3291 2081 3344 mater

416 3373 747 3442 desisteret,
767 3389 887 3444 quo
909 3373 1299 3429 nihilominus
1319 3375 1535 3446 nuptui
1563 3375 1890 3431 traderetur
1910 3395 1922 3445 ;
1947 3377 2083 3448 ipsa

418 3466 609 3518 mater
626 3461 747 3532 (Dei
766 3461 1160 3533 providentia)
1177 3479 1249 3518 ex
1271 3462 1600 3534 improviso
1621 3464 1896 3522 molestia
1918 3466 2082 3535 aegri-

419 3550 642 3606 tudinis
699 3554 1010 3622 occupata,
1083 3550 1194 3605 sub
1253 3551 1424 3607 celeri
1480 3554 1792 3610 vocatione
1848 3554 2080 3611 mundo

417 3643 695 3712 exempta
734 3639 995 3696 recessit.
1042 3643 1327 3696 Remanet
1366 3640 1466 3696 Dei
1506 3641 1752 3710 famula,
1794 3658 1918 3698 non
1958 3647 2080 3699 tam

414 3729 626 3786 matris
669 3728 836 3785 obitu
879 3728 1248 3796 contristata,
1289 3745 1478 3801 quam
1515 3729 1706 3785 laetior
1734 3732 1926 3799 gratia
1955 3747 2078 3787 suae

412 3818 745 3875 devotionis
758 3818 885 3874 sine
899 3819 1261 3891 cujusquam
1275 3818 1418 3891 praej
1428 3817 1626 3874 udicio
1650 3817 2076 3891 adimplendae.

483 3911 538 3965 4.
579 3910 794 3964 Verum
834 3907 1126 3964 nonnullo
1166 3913 1433 3980 tempore
1465 3907 1524 3962 in
1557 3913 1763 3964 sancta
1791 3908 2077 3978 religione

412 3996 579 4068 apud
609 3997 823 4053 urbem
852 3997 1118 4070 utrisque
1149 3997 1456 4052 sororibus
1482 3997 1862 4054 versantibus
1889 3998 2075 4054 conti-

412 4099 536 4140 nuo
576 4084 808 4156 expleto
844 4085 973 4154 jam
1015 4085 1272 4156 propriis
1299 4086 1387 4156 (ut
1415 4084 1700 4159 diximus)
1732 4088 2073 4160 sumptibus

411 4171 748 4228 Tabanensi
797 4172 1096 4242 coenobio,
1141 4188 1212 4228 eo
1263 4188 1324 4228 se
1367 4173 1476 4230 viri
1529 4191 1666 4231 cum
1722 4176 2074 4234 mulieribus

413 4259 642 4316 Christo
673 4259 978 4315 militaturi
1019 4261 1351 4319 conferunt.
1386 4263 1471 4319 lbi
1503 4269 1709 4321 saneta
1747 4264 1914 4334 virgo
1960 4267 2072 4319 ter-

411 4346 572 4404 renis
604 4363 666 4403 se
697 4364 942 4418 exuens,
974 4349 1160 4406 haeret
1196 4351 1558 4423 orelestibus,
1598 4358 1655 4409 et
1691 4359 1956 4409 mentem
1995 4351 2074 4408 ad

413 4436 678 4493 studium
726 4437 1166 4510 Scripturarum
1209 4446 1583 4512 convertens,
1629 4442 1695 4497 ﬁt
1737 4441 2073 4497 admodum

410 4526 696 4584 eruditior
732 4528 1132 4599 investigandi
1169 4546 1238 4586 ac
1276 4530 1608 4587 disserendi
1647 4530 2075 4588 sententiarum

408 4617 684 4676 obscura.
712 4618 931 4675 Crescit
949 4618 1142 4675 beata:
1173 4619 1420 4690 virginis
1451 4620 1939 4690 sanctimonia,et
1957 4621 2073 4678 late

407 4707 634 4764 diffusa
664 4707 922 4765 caanobii
952 4708 1118 4765 fama
1146 4711 1324 4767 etiam
1356 4709 1567 4783 procul
1605 4710 1854 4766 sitarum
1892 4711 1972 4767 ad
2010 4727 2072 4767 se

408 4796 652 4853 urbium
677 4799 985 4855 discursus
1011 4798 1241 4868 invitat,
1274 4815 1397 4872 quo
1429 4798 1635 4854 talium
1657 4799 2072 4872 exemplorum

408 4886 766 4955 magisteriis
823 4889 1252 4946 imbuercntur.
1318 4892 1450 4944 Haec
1498 4892 1699 4944 autem
1746 4888 1912 4958 virgo
1958 4888 2070 4945 sub

408 4972 604 5028 fratris
646 4976 738 5031 sui
768 4978 993 5033 Martini
1033 4984 1090 5035 et
1119 4978 1421 5034 Elisabeth
1457 4976 1746 5047 regimine
1789 4994 2068 5048 manens,

407 5063 689 5136 praecellit
743 5065 984 5133 meritis,
1047 5072 1102 5123 et
1158 5068 1350 5138 gratia
1401 5067 1729 5123 honestatis
1785 5068 2069 5125 omnibus

406 5151 594 5225 praeit.
648 5153 712 5207 In
756 5155 1205 5212 conversatione
1252 5155 1595 5226 laudabilis,
1635 5156 1698 5211 in
1736 5157 2070 5215 humilitate

406 5241 705 5334 sublimis,
746 5241 806 5334 in
840 5241 1105 5299 castitate
1143 5243 1425 5334 perfecta,
1466 5244 1527 5300 in
1558 5245 1842 5303 charitate
1868 5247 2066 5334 firma,

402 5332 464 5389 in
493 5331 814 5420 .exorando
841 5335 1085 5397 attenta,
1115 5331 1195 5388 ad
1221 5332 1627 5390 obediendum
1659 5340 1821 5408 apta,
1855 5336 1934 5394 ad
1956 5331 2066 5393 mi?-

475 5519 499 5544 δ
670 5526 730 5580 ιι,
749 5526 883 5590 cap.
909 5512 963 5575 4,
983 5513 1184 5590 aperte
1204 5511 1577 5590 ostendimus
1598 5513 1758 5590 hunc
1780 5514 2064 5590 eumdem

403 5581 928 5656 essetlieremiam.
942 5581 1050 5656 qui
1063 5588 1370 5656 martyrco
1383 5599 1514 5656 cap.
1533 5586 1828 5641 scribitur.
1844 5589 2060 5642 MonAL.

474 5652 500 5689 ι»
526 5651 654 5726 _Ho_c
696 5658 827 5726 est;
863 5653 1160 5726 cupiebat,
1201 5651 1414 5726 relictis
1446 5651 1815 5726 parentibus,
1848 5658 1910 5712 in
1939 5674 2065 5712 mo~

403 5720 732 5777 nasterium
754 5720 1056 5778 Hieremiae
1076 5720 1500 5797 transmigrare
1522 5731 1578 5783 et
1601 5720 1914 5800 tamquam
1934 5743 2060 5783 ver-

2189 1773 2292 1842 jus
2325 1775 2486 1827 tanto
2521 1788 2582 1828 se
2637 1772 2850 1830 ardore
2905 1772 3210 1830 charitatis
3257 1773 3569 1830 asserebat
3617 1773 3871 1830 interius

2197 1875 2330 1916 esse
2368 1861 2824 1930 conﬂagratam,
2862 1866 2922 1917 ut
2948 1862 3124 1934 quasi
3157 1861 3370 1918 excisas
3412 1861 3612 1918 carnis
3646 1862 3873 1919 cicatri-

2197 1964 2264 2004 ce
2293 1965 2402 2021 pro
2434 1949 2564 2021 ejus
2619 1949 2918 2006 desiderio
2972 1954 3172 2005 mente
3224 1949 3532 2006 vulnerata
3578 1951 3865 2019 existens,

2197 2036 2312 2092 nisi
2342 2037 2470 2093 solo
2491 2038 2620 2109 ejus
2641 2037 2857 2094 intuitu
2878 2037 2939 2093 in
2961 2037 3146 2108 caelis,
3177 2037 3344 2094 nullo
3373 2037 3558 2095 modo
3585 2045 3603 2068 °
3636 2056 3705 2095 se
3737 2055 3868 2112 per—

2195 2126 2445 2182 hibebat
2468 2142 2650 2199 posse
2689 2143 2926 2183 sanare.
2972 2126 3212 2184 Nullum
3266 2143 3540 2200 unquam
3593 2133 3867 2202 peccato-

2195 2231 2323 2272 rem
2388 2217 2666 2289 quamvis
2725 2215 3102 2287 gravioribus
3180 2231 3540 2289 oppressum
3606 2217 3871 2291 peccatis

2198 2321 2475 2362 sermone
2505 2322 2614 2362 suo
2667 2306 2838 2375 laesit,
2873 2305 2947 2362 de
2986 2305 3209 2362 nullius
3264 2306 3495 2363 actibus
3548 2306 3867 2379 judicavit,

2194 2394 2270 2452 de
2308 2395 2531 2451 nullius
2556 2395 2896 2468 desperavit
2925 2395 3136 2466 salute,
3169 2411 3279 2452 nec
3324 2411 3712 2469 quemquam
3742 2396 3872 2451 licet

2195 2483 2370 2540 foedis
2419 2483 2779 2541 infamatum
2823 2484 3092 2557 despexit
3137 2484 3502 2541 rumoribus.
3541 2486 3681 2542 Scio
3709 2485 3870 2558 (refe-

2192 2574 2384 2646 rebat)
2413 2575 2700 2631 versutias
2729 2575 3101 2642 daemonum,
3126 2575 3252 2632 scio
3294 2574 3648 2632 insolentias
3683 2574 3870 2632 homi-

2193 2681 2364 2730 num,
2394 2665 2498 2738 qui
2545 2665 2846 2722 interdum
2901 2664 3106 2738 ipsum
3135 2665 3575 2722 maledictionis
3603 2666 3865 2722 subsan-

2192 2755 2433 2812 natione
2456 2756 2970 2828 impctunt,quem
2986 2756 3311 2830 probatum
3336 2756 3725 2828 dignioribus
3752 2772 3863 2812 me-

2189 2839 2314 2896 ritis
2365 2839 2552 2896 habet
2606 2839 3016 2914 Omnipotens.
3050 2839 3227 2897 Multa
3268 2845 3408 2897 sunt
3434 2840 3595 2898 enim
3631 2841 3860 2914 judicio

2191 2929 2616 2985 condemmata
2643 2930 2934 2997 humano,
2965 2946 3100 3002 quae
3123 2929 3328 2986 divino
3357 2935 3498 2986 sunt
3524 2932 3794 3004 probata
3813 2932 3862 2984 et

2190 3020 2559 3077 sanctificata
2588 3019 2839 3076 consilio
2865 3037 2878 3088 ;
2907 3025 2962 3075 et
2991 3019 3347 3093 plerumque
3399 3020 3855 3094 opinationibus

2190 3110 2314 3171 suis
2335 3109 2852 3180 transgrediuntur
2871 3109 3148 3166 homines
3177 3109 3444 3167 divinam
3469 3111 3853 3175 sententiam;

2188 3200 2337 3256 dum
2359 3200 2530 3271 cujus
2560 3199 2752 3256 meriti
2783 3199 2946 3272 apud
2976 3199 3145 3255 illum
3178 3200 3434 3272 quisque
3477 3203 3853 3273 permaneat,

2189 3289 2485 3356 nesciant;
2508 3293 2564 3344 et
2595 3293 2796 3345 tamen
2822 3289 2954 3360 jam
2981 3288 3157 3361 quasi
3177 3289 3430 3362 praesagi
3457 3289 3853 3349 occultorum.

2189 3378 2283 3434 vel
2329 3378 2584 3449 dignum
2625 3377 2972 3451 praedicent,
3011 3376 3106 3433 vel
3150 3377 3480 3450 reprobum
3540 3377 3850 3436 infament.

2191 3469 2340 3524 Cum
2371 3469 2575 3541 utique
2595 3467 3043 3540 inculpabilius,
3071 3468 3120 3523 si
3149 3467 3229 3524 ad
3259 3483 3322 3524 se
3355 3472 3746 3536 reverterent,
3764 3467 3853 3540 ju-

2189 3557 2476 3627 dicarent,
2513 3557 2623 3614 etsi
2651 3562 2878 3630 quanto
2922 3556 3015 3613 vel
3047 3556 3213 3630 quali
3241 3557 3407 3614 oneri
3434 3558 3854 3630 unusquisque

2191 3647 2517 3718 subjaceat,
2539 3646 2633 3703 vel
2663 3663 2785 3719 quo
2807 3646 2882 3702 sit
2909 3646 3109 3702 debito
3132 3663 3270 3703 reus
3292 3647 3647 3718 intenderet,
3664 3645 3852 3703 nulla-

2187 3751 2303 3791 nus
2359 3735 2730 3808 culpabiliter
2784 3735 2860 3792 de
2915 3735 3232 3806 incognitis
3291 3735 3693 3809 disputarent.
3745 3731 3854 3792 Sed

2188 3828 2378 3896 agunt
2405 3823 2678 3880 nonnulli
2715 3825 2862 3896 haec,
2888 3840 3014 3897 quo
3063 3823 3127 3879 in
3179 3823 3425 3880 veritate
3469 3821 3850 3897 exprobratio

2185 3913 2392 3970 divina
2417 3917 2626 3970 contra
2651 3929 2765 3969 nos
2785 3912 2929 3969 olim
2955 3912 3188 3986 prolata
3233 3913 3524 3980 ﬁrmetur,
3567 3928 3699 3985 qua
3733 3910 3810 3967 ait
3836 3924 3847 3962 :

2183 4003 2494 4058 Attendite
2521 4008 2576 4058 et
2597 4003 2955 4059 auscultate.
2985 4003 3172 4058 Nemo
3202 4002 3362 4074 quod
3393 4003 3609 4058 bonum
3639 4007 3729 4060 est
3779 4000 3849 4054 ιο-

2184 4091 2432 4164 quitur:
2463 4091 2673 4147 nullus
2711 4096 2794 4147 est
2836 4091 2942 4162 qui
2986 4097 3131 4162 agat
3157 4091 3573 4161 paenitentiam
3601 4093 3849 4161 propter

2177 4189 2488 4251 peccatum
2520 4195 2712 4248 suum,
2746 4179 2946 4237 dicens
2972 4199 2985 4237 :
3021 4180 3176 4248 Quid
3190 4181 3316 4250 feci
3331 4183 3359 4235 Ρ
3385 4181 3619 4248 (Jerem.
3651 4177 3847 4246 vm,6)-

2184 4269 2295 4336 Qui
2334 4269 2559 4343 proprii
2607 4269 2888 4325 facinoris
2939 4269 3107 4326 trabe
3138 4268 3431 4340 neglecta,
3479 4269 3554 4326 de
3611 4264 3845 4326 festucis

2187 4359 2442 4416 aliorum
2491 4357 2719 4414 solliciti
2749 4363 3192 4431 permanentes,
3226 4359 3393 4432 quod
3420 4358 3533 4414 levi
3563 4371 3841 4416 susurra-

2184 4448 2432 4504 rationis
2479 4463 2623 4504 aure
2677 4447 3051 4520 captaverint
3101 4464 3311 4504 verum
3365 4447 3756 4505 nihilominus
3795 4444 3845 4498 el

2184 4537 2526 4594 nullatenus
2553 4536 2901 4593 incredibile
2928 4553 3057 4593 esse
3086 4535 3410 4594 afﬁrmant.

2242 4629 2345 4682 6.N
2350 4641 2623 4698 unquam
2641 4630 2844 4682 autem
2861 4625 3032 4696 virgo
3045 4624 3514 4682 clementissima
3525 4624 3652 4681 sine
3665 4634 3842 4681 causa

2182 4714 2336 4770 iram
2358 4713 2621 4771 admovit
2627 4714 2774 4786 ,nisi
2789 4731 2929 4770 cum
2957 4714 3106 4771 forte
3135 4718 3240 4770 aut
3265 4713 3593 4783 infantulis,
3617 4717 3724 4770 aut
3739 4708 3838 4768 alis

2182 4819 2368 4876 quam
2399 4819 2430 4860 e
2461 4803 2771 4860 sororibus
2792 4803 3194 4874 negligentem
3223 4803 3535 4876 aspiceret,
3548 4819 3704 4875 quas
3719 4797 3837 4856 solo

2181 4893 2397 4950 intuitu
2415 4893 2732 4950 oculorum
2752 4893 3159 4964 redarguebat
3177 4892 3497 4949 humiliter.
3516 4891 3834 4965 Nunquam

2180 4982 2508 5055 aliquando
2520 4981 2583 5037 in
2593 4981 2957 5054 cujusquam
2970 4980 3837 5054 prorupitcontumeliam,nun-

2179 5087 2368 5144 quam
2393 5087 2462 5127 os
2485 5072 2614 5142 ejus
2643 5070 2991 5143 vaniloquio
3029 5074 3119 5126 est
3145 5074 3509 5143 occupatum
3538 5077 3834 5142 nusquam

2180 5161 2368 5218 aniles
2381 5165 2437 5217 et
2447 5160 2675 5217 otiosas
2689 5159 2925 5216 fabulas
2939 5159 3062 5214 suis
3076 5175 3260 5232 passa
3275 5163 3365 5216 est
3380 5158 3612 5216 admitti
3629 5151 3832 5215 auditi-

2178 5249 2313 5307 bus.
2334 5249 2631 5306 Christum
2645 5247 3156 5316 corde,Christum
3181 5264 3284 5304 ore
3305 5248 3525 5321 smpius
3542 5246 3832 5303 meditans

2178 5337 2344 5394 illam
2357 5336 2728 5410 frequentius
2740 5352 2880 5393 eum
2898 5336 3066 5392 omni
3080 5336 3303 5393 affectu
3317 5336 3576 5395 canebat
3586 5329 3826 5406 antipho

2176 5515 2394 5571 naeula
2424 5515 2640 5570 ancilla
2662 5515 2716 5570 ei
2743 5514 3176 5570 adhaerescere.
3208 5519 3285 5571 Ιι).

2248 5597 2268 5658 ‘F
2301 5591 2469 5642 Recte
2509 5587 2930 5643 Constantinus
2971 5588 3324 5658 Suyskenus
3353 5587 3431 5641 ad
3468 5591 3531 5640 l7
3571 5587 3822 5657 Septem-

2174 5657 2299 5712 bris
2334 5659 2502 5738 :.Pro
2541 5658 2900 5729 perhibebat
2939 5657 3064 5729 lege
3101 5658 3458 5730 perhiberet,
3492 5659 3585 5712 uti
3611 5665 3668 5714 et
3696 5660 3824 5710 mox

2177 5744 2378 5783 sanari
2399 5745 2515 5798 pro
2539 5744 2775 5784 sanare.
