3960 6402
79 211 193 268 809

1160 207 1588 268 MEMORIALIS
1630 202 2073 266 SANCTORUI.
2113 237 2182 251 -
2224 212 2356 269 LIB.
2395 214 2488 271 Ill.

3443 223 3550 279 8i0

83 349 262 403 nam,
323 347 517 406 quam
562 332 623 388 in
663 331 909 388 laudem
965 336 1317 389 sanctorum
1363 331 1524 390 beati
1579 333 1778 388 Patres
1806 332 1855 385 Α
1884 328 2101 388 lectam
2128 333 2261 390 urbi
2289 336 2656 406 admoveret,
2706 337 2770 394 in
2793 337 3174 411 praediolum,
3223 342 3392 415 quod
3437 344 3551 402 du-

86 421 270 478 suavi
298 427 487 478 cantu
519 427 898 495 aptaverunt,
928 444 957 472 «
989 423 1164 494 Aperi
1186 422 1353 493 mihi,
1384 421 1776 492 Domine,pa-

84 511 279 567 radisi
299 511 587 583 januam,
632 515 696 568 ut
743 509 821 567 ad
865 510 1031 567 illam
1070 511 1333 584 patriam
1362 514 1640 578 revertar,
1672 507 1778 564 ubi

86 616 282 672 mors,
321 615 448 656 non
480 605 591 669 est,
645 599 750 655 ubi
802 598 977 656 dulce
1027 599 1319 670 gaudium
1350 601 1711 673 perseverat.
1746 617 1775 646 ››

87 690 241 744 Cum
271 689 376 745 his
402 688 663 762 colloqui
689 687 1120 759 delectabatur,
1161 705 1424 762 quorum
1453 703 1626 744 mens
1657 685 1778 760 spi-

86 779 248 836 ritali
274 779 499 835 virtute
539 778 861 846 succincta,
915 777 1273 835 mortiﬁcata
1323 794 1465 835 cum
1517 776 1674 833 vitiis
1723 788 1783 841 et

87 868 606 940 concupiscentiis
645 867 924 924 membra
973 867 1280 937 gerebant,
1327 883 1439 924 nec
1489 866 1774 938 cuiquam

91 975 178 1029 se,
207 957 332 1013 nisi
383 957 532 1014 forte
584 957 994 1031 spiritualibus
1025 957 1183 1025 viris,
1238 961 1296 1014 et
1348 957 1410 1013 id
1462 970 1776 1030 perrarum

91 1065 160 1104 ac
187 1047 415 1119 serius,
450 1047 686 1103 visendi
726 1047 1057 1120 praestabat
1085 1063 1420 1103 accessum.
1456 1045 1567 1112 Qui
1618 1043 1780 1101 clau-

92 1142 212 1194 stra
236 1137 616 1194 feminarum
647 1153 684 1194 a
712 1136 939 1194 cellulis
961 1137 1402 1194 monachorum
1435 1135 1567 1192 altis
1596 1135 1778 1191 inter-

87 1228 262 1300 jectis
291 1227 612 1300 disparata
634 1227 933 1297 maceriis,
958 1227 1093 1284 licet
1118 1227 1298 1283 unius
1338 1226 1525 1300 patris
1565 1224 1780 1296 guber-

89 1317 315 1374 naculo
348 1320 723 1389 regerentur,
755 1316 847 1373 hee
876 1321 1079 1373 tamen
1108 1315 1504 1390 sequestratis
1532 1331 1598 1372 se
1627 1329 1774 1371 man

97 1406 395 1464 siunculis
428 1405 820 1473 retrudentes,
870 1405 1019 1462 nulli
1048 1405 1297 1462 omnino
1338 1403 1665 1462 contuendi
1712 1419 1775 1460 se

92 1495 452 1552 facultatem
487 1495 858 1568 praebebant.
901 1495 1016 1552 Sed
1048 1495 1096 1550 si
1128 1493 1385 1551 subinde
1431 1497 1535 1550 aut
1581 1491 1776 1549 fratri-

95 1585 209 1642 bus
237 1600 519 1656 congrua
547 1585 793 1642 instaret
821 1585 1167 1652 necessitas,
1196 1589 1300 1640 aut
1326 1583 1636 1657 hospitum
1675 1582 1778 1656 pia

1886 419 2036 478 dum
2069 423 2183 479 sibi
2206 425 2268 481 in
2299 427 2562 484 conﬁnio
2589 427 2852 484 basilica:
2892 429 3081 485 sancti
3101 430 3126 465 ἀ
3153 431 3436 504 Cypriani
3459 451 3556 492 ex-

1887 514 2244 580 struxerant,
2293 531 2421 571 sese
2461 515 2776 573 conferunt
2827 516 3230 575 retrudendaa.
3277 521 3381 577 Hic
3422 523 3555 595 jam

1887 599 2210 658 constituta
2252 602 2602 662 beatissima
2639 605 2806 678 virgo
2853 606 3410 681 incomparabiliter
3454 612 3557 670 tle-

1885 685 2011 756 bat,
2041 688 2410 765 lugebatque
2441 694 2720 767 ubertim,
2751 699 2808 752 et
2836 712 3012 752 suam
3055 697 3322 770 quietem
3363 717 3555 774 quam

1889 777 2135 846 gerebat
2161 779 2223 836 in
2251 783 2583 852 montibus,
2617 790 2674 841 et
2702 785 2997 842 tumultus
3028 802 3183 860 quos
3203 787 3266 845 in
3292 789 3442 847 urbe
3469 791 3558 848 in-

1888 874 2171 926 currerat.
2203 872 2450 946 Semper
2473 877 2676 930 tamen
2708 879 2765 931 et
2791 875 2971 932 corde
3002 880 3059 932 et
3095 877 3306 950 lingua
3333 879 3558 940 clama-

1886 953 1995 1012 bat
2021 973 2033 1012 :
2069 959 2157 1013 Tu
2186 961 2361 1032 nosti,
2383 963 2654 1035 Domine,
2673 967 2817 1036 quia
2831 965 2986 1022 diem
3004 965 3260 1024 hominis
3278 984 3399 1026 non
3422 985 3558 1027 con-

1887 1047 2093 1114 cupiui
2117 1063 2299 1118 super
2320 1055 2434 1106 terr
2447 1068 2544 1108 am
2578 1054 2815 1121 (Jerem.
2837 1071 2982 1118 xvn,
3010 1059 3117 1126 l6).
3143 1057 3390 1131 Semper
3409 1075 3561 1132 prae-

1886 1132 2149 1207 dicabat,
2181 1152 2420 1211 semper
2447 1140 2680 1210 orabat,
2713 1158 2953 1216 semper
2980 1143 3248 1202 Psalmos
3278 1147 3556 1217 canebat,

1888 1239 2130 1297 semper
2156 1223 2221 1282 in
2245 1243 2347 1283 ore
2376 1229 2508 1300 ejus
2535 1229 2671 1286 laus
2715 1236 2773 1287 et
2812 1231 3150 1290 benedictio
3195 1235 3433 1292 Domini
3468 1253 3560 1294 re-

1888 1313 2167 1371 sonabat.
2200 1314 2271 1372 Et
2312 1317 2458 1390 quia
2503 1318 2807 1390 virginum
2846 1321 3086 1378 mansio
3134 1324 3366 1396 praefati
3414 1343 3557 1384 san-

1886 1402 2098 1459 ctuarii
2137 1405 2466 1477 parietibus
2515 1408 2856 1466 cohaerebat
2903 1414 3262 1485 tantumque
3314 1414 3557 1487 objectu

1885 1492 2162 1549 maceriae
2188 1510 2226 1551 a
2256 1496 2550 1554 vestibulo
2577 1498 2779 1556 altaris
2817 1499 3211 1558 dirimebatur
3237 1521 3251 1572 ;
3293 1503 3342 1560 si
3371 1521 3558 1578 quem

1889 1580 2036 1638 forte
2065 1587 2310 1640 cantum
2341 1591 2687 1644 sanctorum
2716 1588 3003 1646 laudibus
3032 1596 3422 1649 resonantem
3451 1609 3562 1667 per

95 1683 120 1711 ⁸
141 1675 501 1750 impetraret
529 1675 895 1740 humanitas,
928 1674 1056 1731 sola
1083 1673 1443 1731 venerabilis
1477 1671 1778 1730 Elisabeth
1819 1691 1860 1746 Β
1886 1671 2112 1728 natalia
2140 1678 2477 1747 martyrum
2508 1677 2777 1735 audisset
2806 1695 2844 1736 a
2882 1679 3110 1737 clericis
3138 1681 3558 1756 psallentibus,

97 1782 201 1839 per
225 1765 564 1822 fenestram
591 1781 654 1820 se
684 1764 1008 1822 exhibebat
1037 1763 1424 1833 cernendam,
1456 1781 1591 1837 quas
1613 1762 1778 1837 prior

97 1860 151 1913 et
179 1856 365 1912 totius
398 1860 531 1912 erat
559 1860 751 1913 mater
779 1872 922 1912 vera
949 1855 1320 1913 monasterii.

165 1951 220 2003 7.
253 1944 544 2012 Quodam
567 1945 747 2016 igitur
777 1949 1042 2018 tempore
1074 1944 1241 2018 petiit
1268 1961 1306 2002 a
1351 1943 1778 2001 consororibus

101 2034 423 2102 Columba,
453 2038 520 2090 ut
543 2033 696 2090 inter
723 2033 860 2107 ipsa
888 2033 1151 2090 claustra
1179 2033 1240 2088 in
1261 2032 1532 2106 quodam
1554 2031 1778 2102 angulo

102 2122 311 2179 cellula
343 2123 463 2179 sibi
494 2122 758 2192 daretur,
792 2139 915 2195 quo
943 2138 1149 2178 secum
1177 2122 1308 2179 sola
1329 2123 1654 2178 demorans
1673 2121 1781 2178 im-

102 2213 297 2269 munis
329 2229 369 2270 a
400 2217 760 2269 caeterarum
809 2211 1058 2284 strepitu
1099 2211 1287 2268 ﬁeret.
1334 2215 1624 2267 Annuunt
1668 2226 1780 2284 pro

105 2307 314 2373 rogatu
347 2306 581 2358 sanctae
609 2317 872 2372 sorores,
916 2300 1310 2374 praebentque
1341 2299 1779 2357 adminiculum

109 2409 212 2448 suo
250 2408 561 2450 consensu
593 2392 855 2462 augendi
903 2391 1152 2462 virginis
1201 2391 1601 2460 sanctitatem,
1642 2405 1780 2463 quae

111 2481 372 2556 aliquam
404 2482 590 2540 etiam
619 2481 760 2538 inde
785 2481 1092 2556 percipere
1135 2480 1528 2538 conﬁdebant
1552 2497 1782 2537 merce-

110 2570 260 2628 dem.
296 2575 368 2630 Ut
393 2571 556 2628 enim
586 2571 836 2644 praemio
867 2571 1122 2642 dignum
1161 2575 1250 2628 est
1275 2575 1498 2628 sanctae
1539 2586 1783 2627 conver-

112 2661 352 2717 sationis
388 2659 683 2729 studium,
706 2661 788 2717 ita
819 2664 875 2717 et
919 2676 1060 2730 erga
1086 2661 1182 2734 pie
1230 2660 1493 2716 viventes
1543 2659 1781 2730 religio-

112 2765 206 2805 sus
236 2749 516 2807 affectus.
549 2753 664 2807 Nec
696 2750 880 2807 distat
924 2767 962 2806 a
1010 2749 1180 2806 factis
1225 2749 1391 2806 bona
1437 2749 1780 2820 consensio,

111 2854 237 2911 quae
267 2855 393 2896 non
425 2838 641 2895 virtute
671 2838 879 2906 animi,
909 2839 1017 2895 sed
1057 2838 1276 2895 virium
1323 2841 1646 2912 quassatur
1676 2838 1782 2894 de-

112 2925 258 2984 fectu
283 2946 297 2998 ;
330 2933 397 2984 ut
429 2945 573 2985 cum
599 2927 748 2985 forte
777 2944 902 2984 non
931 2928 1107 2984 fuerit
1131 2928 1300 2998 vigor
1338 2927 1609 3001 corporis
1640 2927 1783 2984 talia

111 3017 443 3086 exercendi,
480 3017 554 3073 sit
581 3017 796 3107 mentis
825 3017 1072 3107 intentio
1102 3005 1778 3107 similibus'delectandi.
1817 3050 1859 3107 α

115 3107 470 3164 Communia
497 3111 640 3163 sunt
668 3105 828 3162 enim
859 3106 1058 3180 operis
1085 3106 1274 3162 sancti
1313 3105 1696 3173 commercia,
1727 3109 1789 3162 et

114 3207 180 3249 eo
207 3194 360 3250 ﬁunt
389 3194 625 3253 Christo
654 3194 1015 3266 gratissima,
1046 3211 1170 3268 quo
1196 3194 1544 3268 simpliciter
1563 3194 1623 3250 in
1646 3194 1785 3250 cha-

113 3282 272 3339 ritate
307 3283 578 3357 perfecta
606 3283 684 3340 ad
715 3288 996 3340 nostrum
1026 3283 1339 3340 referimus
1384 3283 1783 3341 commodum

115 3369 380 3429 fraternae
403 3373 737 3430 sanctitatis
758 3373 1048 3430 studium.

184 3465 234 3518 8.
261 3463 531 3538 Denique
548 3462 796 3536 indepta
816 3463 1234 3520 benedictione
1259 3479 1558 3535 sororum,
1577 3479 1784 3521 exsors

120 3553 276 3609 omni
305 3553 740 3611 ccenobialium
766 3554 1001 3611 actione
1021 3570 1327 3622 curarum,
1350 3553 1522 3625 virgo
1535 3569 1784 3610 venera-

120 3638 247 3696 bilis
273 3642 335 3699 in
361 3642 872 3716 contemplatione
893 3642 996 3700 Dei
1030 3647 1088 3700 et
1111 3642 1496 3700 meditatione
1525 3642 1787 3717 Scriptu-

121 3743 316 3788 rarum
345 3733 610 3789 multum
639 3733 927 3805 temporis
951 3747 1361 3806 perseverans,
1392 3735 1531 3805 post
1572 3732 1786 3789 crebra

125 3821 372 3892 suspiria
387 3827 445 3879 et
466 3821 645 3878 ﬂetus
675 3821 1033 3894 immensos,
1054 3821 1118 3878 in
1143 3820 1366 3894 quibus
1388 3821 1632 3895 speciali
1654 3837 1786 3877 mu-

122 3920 251 3964 nere
276 3926 464 3983 supra
492 3910 788 3985 plurimos
819 3911 1051 3968 coalitus
1089 3910 1413 3975 eminebat,
1461 3911 1663 3968 denuo
1703 3910 1785 3967 ad

124 3992 497 4056 instruendos
530 3999 751 4056 divinis
799 3999 1074 4074 pastibus
1122 4000 1623 4071 convirginalium
1659 4000 1784 4057 ani-

124 4098 250 4140 mos
267 4090 581 4146 revertitur
596 4089 675 4146 ad
696 4093 938 4146 coetum.
956 4092 1173 4145 Ferunt
1191 4104 1457 4162 namque
1468 4089 1635 4146 illam
1654 4105 1787 4163 per-

127 4188 272 4247 saepe
293 4182 492 4236 ternas
515 4183 572 4234 et
591 4182 917 4252 quaternas
959 4178 1162 4241 horas,
1211 4194 1452 4235 necnon
1498 4195 1694 4252 usque
1721 4179 1785 4236 in

128 4263 381 4322 medium
409 4267 575 4325 diem
590 4268 654 4324 in
679 4268 949 4325 oratione
965 4267 1359 4337 decumbere;
1382 4272 1594 4324 etcum
1616 4267 1785 4325 nulla

127 4362 462 4414 resonarent
490 4356 770 4431 suspiria,
791 4356 1081 4430 nulloque
1106 4356 1372 4428 singultu
1399 4359 1676 4415 membra
1694 4358 1784 4414 in-

131 4445 474 4513 cuterentur,
507 4445 572 4502 in
599 4461 826 4516 magno
866 4449 1069 4501 tamen
1113 4443 1347 4501 silentio
1394 4445 1601 4501 ﬂetum
1648 4461 1786 4518 pro-

133 4529 356 4588 mebat:
389 4534 546 4592 adeo
593 4539 657 4590 ut
698 4533 962 4591 subtusb
991 4538 1201 4604 matta,
1228 4534 1290 4590 in
1339 4550 1462 4607 qua
1489 4534 1594 4591 illa
1642 4549 1782 4607 pro-

135 4620 301 4675 strato
331 4637 582 4696 corpore
603 4622 913 4691 exorabat,
940 4623 1292 4679 humectum
1309 4623 1596 4696 lacrymis
1615 4622 1786 4697 pavi-

133 4712 389 4766 mentum
418 4711 853 4769 ostenderetur.
895 4712 1220 4770 Maximum
1266 4712 1449 4769 etiam
1501 4712 1562 4768 in
1608 4712 1784 4769 obse-

136 4795 483 4858 crationibus
501 4801 718 4859 stando
734 4802 1040 4875 spendens
1057 4802 1445 4871 curriculum,
1472 4803 1535 4859 in
1556 4805 1788 4860 tantam

138 4883 319 4943 subito
336 4888 634 4950 ferebatur
657 4901 680 4928 °
706 4893 1023 4964 theoriam,
1055 4896 1121 4948 ut
1149 4893 1490 4964 geminatus
1518 4909 1593 4950 ex
1622 4898 1786 4950 utro-

137 4985 244 5043 que
272 4980 442 5037 oculo
459 4982 694 5039 rivulus
712 4981 1126 5056 lacrymarum
1153 4982 1234 5040 ad
1254 4989 1529 5040 mentum
1545 4983 1791 5040 descen-

138 5057 294 5132 dens,
322 5067 382 5124 in
408 5087 600 5128 unum
639 5088 966 5129 conversus
1011 5076 1300 5141 meatum,
1345 5071 1557 5130 crebra
1605 5072 1790 5130 stilla-

141 5146 284 5208 tione
311 5160 577 5226 guttatim
609 5161 790 5234 quasi
815 5178 846 5218 e
878 5165 1030 5218 tecto
1080 5160 1143 5216 in
1189 5161 1451 5217 humum
1493 5159 1788 5217 inﬂueret.

203 5244 252 5298 9.
284 5247 502 5307 interea
526 5267 666 5307 cum
699 5250 867 5309 furor
913 5250 1373 5326 persecutionis,
1403 5250 1510 5324 qui
1533 5250 1596 5306 in
1640 5251 1794 5308 exci-

146 5322 297 5389 dium
325 5337 710 5399 ecclesiarum
740 5322 1057 5413 fremebat,
1087 5341 1250 5398 hanc
1274 5322 1640 5398 feminarum
1667 5340 1790 5399 col-

207 5473 768 5580 ;§3§e‘imperaret
791 5484 1098 5580 ‘Suysken.

260 5545 538 5630 Iptexturn
555 5573 628 5630 ex
643 5561 849 5630 sparto
867 5545 971 5612 s'eu
994 5558 1182 5628 junco
1205 5559 1623 5613 stramentum.
1648 5555 1792 5612 Inde

151 5616 298 5681 apud
317 5622 547 5684 0vid.in
570 5616 732 5685 Fas't.
761 5616 1015 5698 Scriped
1040 5634 1256 5687 matta.
1281 5631 1502 5686 MOBAL.

215 5686 504 5755 °Gmcum
523 5705 613 5757 est
639 5699 1035 5770 vocabulum,
1077 5699 1256 5775 quasi
1309 5704 1372 5757 tu
1418 5699 1612 5774 dicas,
1655 5714 1793 5756 noc-

1019 5741 1035 5770 9
1077 5741 1256 5774 ιιι-νισι
1310 5741 1372 5757 ιν·
1419 5741 1612 5774 ww“)

562 5789 813 5846 PATROL.
855 5791 1007 5846 CXV.

1887 1761 2201 1818 confestim
2231 1765 2499 1837 quadam
2521 1767 2899 1839 jucunditate
2937 1769 3275 1828 caelestium
3322 1771 3561 1829 deside-

1886 1849 2116 1907 riorum
2144 1860 2511 1926 compuncta
2540 1857 2978 1930 prorumpebat
3013 1858 3076 1914 in
3100 1859 3444 1934 lacrymas;
3495 1865 3565 1920 ut

1887 1955 2013 1996 non
2057 1940 2261 1998 minus
2297 1942 2463 2000 illam
2491 1944 2784 2002 introrsus
2823 1947 3098 2004 crederes
3125 1949 3507 2021 proclamare
3541 1967 3556 2008 :

1889 2029 2094 2086 Sitivit
2141 2031 2348 2087 anima
2376 2048 2507 2090 mea
2538 2035 2620 2090 ad
2662 2038 2844 2092 Deum
2895 2037 3140 2107 vivum;
3181 2038 3422 2109 quando
3470 2053 3565 2096 ve-

1889 2118 2055 2174 niam
2086 2125 2139 2175 et
2165 2121 2468 2190 apparebo
2497 2129 2638 2180 ante
2661 2124 2882 2194 faciem
2911 2126 3041 2182 Dei.
3089 2127 3367 2184 Fuerunt
3413 2127 3564 2184 mihi

1892 2208 2181 2279 lacrymae
2238 2225 2425 2280 panes
2459 2213 2555 2269 die
2602 2228 2674 2270 ac
2717 2221 2909 2282 nocte,
2957 2215 3101 2272 dum
3147 2216 3374 2273 dicitur
3410 2217 3566 2274 mihi

1891 2299 2196 2370 quotidie:
2231 2299 2343 2356 Ubi
2366 2307 2451 2358 est
2470 2303 2628 2359 Deus
2652 2307 2829 2360 tuus?
2853 2305 3047 2373 (Psal.
3068 2321 3184 2377 xm,
3217 2311 3272 2378 3,
3303 2308 3381 2379 4).
3405 2306 3558 2380 Ipsis

1890 2387 2111 2443 etenim
2140 2389 2397 2446 nexibus
2435 2391 2731 2465 corporis,
2764 2393 2989 2466 quibus
3036 2393 3098 2450 in
3137 2394 3252 2451 hac
3295 2395 3563 2470 peregri-

1891 2475 2134 2533 natione
2159 2494 2332 2534 mens
2363 2481 2555 2537 sancti
2600 2481 2895 2556 cujusque
2933 2487 3184 2553 retenta,
3237 2484 3316 2541 ab
3345 2484 3446 2541 illa
3475 2485 3564 2541 in-

1892 2564 2117 2622 effabili
2145 2565 2412 2624 claritate
2443 2574 2794 2627 sanctorum
2825 2587 2965 2627 cum
3000 2587 3226 2644 magna
3274 2589 3564 2647 superno-

1889 2669 2029 2711 rum
2045 2654 2480 2715 desideriorum
2510 2659 2604 2715 siti
2633 2664 2845 2717 exusta
2877 2678 2939 2718 se
2963 2662 3257 2735 jungitur,
3279 2663 3442 2720 velut
3460 2663 3565 2720 ob-

1893 2745 2193 2802 stantibus
2241 2764 2557 2805 murorum
2587 2751 2890 2823 repagulis
2917 2768 2994 2808 ne
3023 2753 3104 2809 ad
3150 2753 3450 2810 civitatem
3478 2752 3564 2810 vi-

1891 2835 2160 2892 ventium
2185 2838 2441 2906 concito,
2467 2855 2592 2911 quo
2617 2839 2765 2908 vult,
2794 2856 3006 2912 gressu
3037 2843 3359 2916 pertingat,
3385 2843 3564 2918 quasi

1891 2941 1924 2982 e
1949 2923 2194 2996 regione
2226 2943 2381 2983 onus
2405 2930 2823 2986 membrorum
2852 2931 2966 2988 sibi
2997 2933 3269 3002 credens,
3290 2932 3564 2990 resistere

1891 3015 2091 3089 plorat
2120 3021 2178 3072 et
2206 3016 2349 3073 dicit
2376 3035 2388 3073 :
2418 3019 2690 3075 Fuerunt
2720 3019 2874 3076 mihi
2900 3021 3189 3093 lacn/mae
3211 3038 3355 3080 mea;
3371 3037 3564 3093 panes

1892 3106 1989 3162 die
2012 3121 2085 3162 ac
2108 3111 2302 3178 nocte,
2347 3107 2492 3162 dum
2537 3108 2765 3164 dicitur
2791 3108 2945 3165 mihi
2969 3111 3234 3182 quotidie
3255 3127 3281 3168 ,ο
3330 3111 3441 3168 Ubi
3478 3117 3565 3168 est

1892 3197 2046 3252 Deus
2080 3199 2265 3251 tuus?
2303 3196 2452 3250 Cum
2502 3194 2602 3252 illo
2630 3196 2838 3269 utique
2869 3213 2998 3254 esse
3047 3198 3368 3272 desiderat,
3416 3215 3560 3256 cum

1892 3299 2017 3358 quo
2059 3283 2384 3357 Apostolus
2437 3284 2706 3342 resoluta
2743 3287 2876 3358 jam
2905 3286 3267 3345 mortalitate
3312 3288 3562 3362 cupiens

1891 3388 2268 3446 permanere,
2300 3373 2543 3430 dicebat
2573 3391 2588 3430 :
2620 3375 2882 3432 Dissolvi
2901 3382 2957 3434 et
2985 3393 3108 3436 esse
3137 3380 3286 3450 cum:
3319 3378 3562 3436 Christo

1890 3464 2103 3520 melius
2133 3468 2219 3520 est
2245 3464 2540 3534 (Philipp.
2574 3481 2614 3528 ι,
2643 3466 2759 3533 23).

1969 3553 2054 3608 lO.
2070 3551 2293 3608 Verum
2318 3552 2729 3610 indesinenter
2743 3554 2837 3611 his
2858 3555 3011 3612 votis
3038 3560 3247 3614 sancta
3269 3555 3564 3615 Columba

1889 3640 2192 3714 insistens,
2217 3658 2357 3698 cum
2380 3641 2518 3714 plus
2548 3642 2799 3718 aliquid,
2825 3648 2890 3701 ut
2911 3661 3066 3716 reor,
3088 3646 3151 3702 in
3174 3646 3562 3720 semetipsam

1891 3730 2191 3787 cruciatus
2221 3731 2356 3804 ipsa
2383 3731 2644 3801 inferret,
2675 3750 2868 3806 quam
2905 3734 3110 3792 furens
3138 3743 3160 3771 °
3203 3735 3564 3808 imploderet

1890 3819 2178 3890 carnifex,
2209 3819 2572 3891 vigiliarum,
2595 3821 2988 3893 jejuniorum,
3017 3829 3198 3897 atque
3218 3823 3562 3880 orationum

1891 3908 2114 3966 scilicet
2158 3909 2570 3967 continuando
2625 3911 2899 3982 labores;
2942 3913 3122 3986 quasi
3151 3929 3338 3986 parva
3361 3915 3564 3968 essent

1888 3998 2003 4055 ista
2030 3998 2508 4072 omnia,proprio
2529 4003 2586 4056 et
2611 3999 2882 4058 ultroneo
2905 4001 2966 4057 in
2993 4018 3055 4058 se
3083 4007 3224 4059 voto
3253 4001 3418 4059 illata
3439 4005 3560 4058 tor-

1894 4092 2117 4156 menta,
2147 4087 2311 4144 velut
2347 4087 2423 4145 de
2465 4089 2590 4146 suis
2643 4091 2824 4147 etiam
2869 4091 3116 4161 meritis,
3167 4091 3277 4148 etsi
3323 4091 3562 4162 majora

1892 4181 2216 4243 exerceret,
2259 4193 2385 4234 non
2415 4179 2778 4237 conﬁdebat.
2811 4184 2896 4236 Ac
2924 4185 3224 4249 metuens,
3254 4196 3332 4238 ne
3366 4185 3562 4238 cente-

1893 4267 2121 4322 simum
2149 4265 2502 4336 virginitatis
2533 4285 2656 4325 suae
2682 4269 2947 4327 fructum
2973 4287 3232 4328 vacuum
3260 4270 3428 4345 apud
3454 4271 3562 4327 Pa-

1892 4359 2043 4413 trem
2069 4355 2375 4413 commodi
2404 4359 2710 4430 reperiret,
2736 4358 2817 4416 ad
2840 4359 3145 4417 ineffabile
3175 4360 3446 4434 martyrii
3468 4359 3560 4416 in-

1893 4444 2081 4502 dubia
2109 4445 2346 4502 lucrum
2382 4447 2630 4520 aspirat,
2659 4449 2826 4522 quod
2855 4455 3202 4523 peccatores
3241 4451 3422 4507 etiam
3469 4449 3562 4506 di-

1891 4538 2055 4592 recto
2086 4536 2320 4592 tramite
2349 4535 2412 4592 in
2437 4552 2692 4609 regnum
2739 4538 2914 4594 mittit
2961 4539 3272 4612 caelorum,
3328 4539 3562 4596 dicente

1894 4624 2256 4696 Evangelia:
2288 4626 2559 4697 Regnum
2591 4629 2878 4684 caelorum
2911 4629 3029 4685 vim
3053 4630 3316 4700 patitur,
3347 4633 3402 4684 et
3438 4629 3561 4683 vio-

1898 4715 2046 4771 lenti
2071 4714 2372 4784 diripiunt
2392 4715 2553 4771 illud
2580 4716 2828 4787 (Matth.
2856 4734 2932 4784 x1,
2968 4718 3075 4789 i2).
3111 4717 3260 4772 Hinc
3304 4715 3435 4787 jam
3466 4730 3564 4770 ar-

1895 4801 2133 4858 dentius
2159 4802 2223 4858 in
2239 4818 2447 4858 amore
2471 4803 2681 4861 Christi
2708 4821 3023 4874 succensa,
3051 4805 3301 4862 concitis
3322 4803 3401 4860 ad
3423 4819 3566 4860 eum

1895 4891 2207 4964 gressibus
2225 4891 2318 4949 cui
2339 4891 2588 4950 ﬁdeliter
2607 4893 2892 4950 servierat
2912 4893 3206 4950 anhelans
3229 4892 3566 4968 pervenire,

1893 4980 2270 5055 quibusdam
2295 4982 2475 5039 etiam
2504 4982 2970 5039 revelationibus
3000 4982 3080 5040 ad
3121 4983 3184 5040 id
3225 4982 3570 5056 frequenter

1895 5069 2161 5143 impulsa
2184 5089 2198 5138 ;
2231 5071 2502 5144 quodam
2522 5071 2619 5128 die
2638 5070 2869 5144 irrupto
2889 5071 3162 5145 latibulo,
3184 5073 3464 5131 reseratis
3484 5075 3571 5129 ta-

1898 5158 2009 5215 cite
2030 5158 2260 5216 foribus
2290 5160 2350 5216 in
2377 5160 2578 5217 forum
2617 5160 2988 5235 digrediens,
3038 5161 3222 5220 licetf
3261 5161 3572 5232 incognita

1897 5249 2135 5305 viarum
2167 5249 2332 5305 urbis
2361 5251 2655 5319 existeret,
2685 5249 2935 5324 provido
2975 5256 3180 5310 tamen
3232 5250 3572 5325 exploratu,

1896 5353 2022 5412 quo
2043 5337 2234 5410 judex
2259 5345 2620 5404 moraretur,
2653 5338 2930 5398 addiscit.

1902 5483 2528 5639 ἰετξζῑῖῖῗξιῖὶᾯῗῗξεῇῐὶῗᾶθ
2553 5554 2710 5610 intra
2741 5551 2955 5639 urbem
2988 5555 3118 5613 fuit.
3151 5555 3232 5612 In.

1974 5634 1995 5660 θ
2025 5627 2089 5682 Id
2115 5631 2221 5694 est,
2257 5628 2604 5696 inﬂicturus
2636 5631 2806 5683 esset.
2835 5628 3110 5685 Sursum.

1982 5696 1996 5727 ‘
2021 5701 2132 5756 Pro
2163 5698 2407 5770 ignara.
2434 5699 2512 5756 In.

3083 5791 3153 5846 26
