3960 6378
483 199 577 266 in
1686 209 1739 265 s.
1787 205 2064 266 sumen
2102 189 2421 268 suculae.
2463 197 2702 270 terer.
2959 155 2974 175 ’
3825 215 3917 273 ιη

554 335 638 387 Η.
673 330 757 386 [bl
789 348 927 386 cum
957 331 1341 404 pervenisset,
1375 331 1625 402 ejusque
1655 335 1873 387 astaret
1921 330 2134 386 obtuti—
2161 335 2209 387 Α
2247 335 2449 390 Jesum
2481 335 2786 392 Christum
2833 336 2936 408 qui
2989 336 3130 392 vivit
3181 351 3320 391 cum
3373 337 3554 394 Patre
3606 343 3668 395 et
3711 340 3919 412 Spiritu

475 419 612 487 bus,
676 419 780 475 dat
834 420 1268 491 professionem
1325 419 1633 475 catholicte
1691 419 1851 489 ﬁdei,
1913 420 2135 492 profert
2247 427 2472 488 sancto,
2509 441 2666 480 unus
2697 430 2748 480 et
2775 425 3130 482 immortalis
3164 429 3336 493 Deus,
3388 442 3501 500 per
3532 427 3779 486 inﬁnita
3822 447 3919 484 sae-

475 509 884 579 evangelicam
916 509 1242 576 veritatem,
1275 508 1552 580 iniquum
1585 509 1812 578 dogma
1849 507 2131 580 retundit,

474 603 904 670 auctoremque
930 598 1137 669 magni
1167 613 1300 654 esse
1327 597 1566 654 sceleris
1595 597 1736 655 talia
1763 613 2133 674 praesumen-

473 692 592 744 tem
618 687 1003 755 annuntians,
1035 687 1236 760 ipsum
1261 687 1463 744 denuo
1491 686 1803 755 arbitrum,
1851 701 2039 760 quare
2069 703 2131 743 se

470 776 692 834 talibus
720 775 1043 846 sacrilegiis
1074 776 1467 846 combinaret,
1507 775 1746 832 blandis
1795 775 2129 832 admodum

465 865 666 922 verbis
690 865 979 923 hortatur.
1014 867 1196 938 Cujus
1230 867 1490 940 speciem
1524 865 1829 939 verbaque
1853 865 2127 936 miratus,

464 953 622 1012 illico
644 972 779 1013 eam
810 956 870 1012 in
895 954 1468 1029 palatium'ducens,
1515 960 1828 1028 satrapam
1877 953 2128 1010 concilio

461 1049 868 1119 repraesentat.
903 1044 992 1101 lbi
1037 1043 1239 1101 adhuc
1280 1043 1610 1118 proﬁtetur,
1667 1042 1972 1116 praedicat,
2025 1043 2128 1100 ad-

460 1139 688 1202 monet,
719 1148 931 1192 omnes
959 1151 1081 1190 sua:
1108 1135 1308 1206 potius
1335 1133 1554 1188 debere
1595 1132 1772 1188 saluti
1819 1132 2127 1189 consulere

459 1240 650 1298 quam
697 1225 872 1281 vanis
909 1223 1178 1280 insistere
1210 1223 1688 1296 deceptionibus,
1719 1222 1943 1296 quibus
1991 1237 2125 1278 eam

454 1316 854 1370 transvertere
902 1312 1300 1368 conabantur.
1347 1313 1588 1367 Dicebat
1617 1311 1818 1379 etiam,
1867 1325 1990 1367 non
2041 1315 2126 1368 ta-

459 1400 580 1458 lem
600 1402 866 1458 Christus
885 1401 1071 1457 habet
1096 1416 1406 1474 sponsam,
1427 1417 1564 1474 quae
1591 1399 1894 1456 immutari
1917 1401 1989 1455 de
2011 1400 2126 1472 pri-

460 1491 618 1548 stina
643 1489 1058 1564 compactione
1090 1505 1332 1546 ararum
1360 1490 1410 1561 ej
1422 1505 1490 1544 us
1540 1489 1877 1562 praevaleat.
1924 1511 1951 1538 «
1976 1493 2120 1545 Nam

459 1581 596 1654 quis
625 1581 804 1636 ditior
831 1579 934 1636 illo
967 1582 1073 1647 est,
1105 1583 1171 1636 ut
1199 1595 1309 1635 vos
1332 1595 1428 1634 me
1459 1578 1648 1651 copiis
1679 1594 1880 1634 rerum
1922 1577 2124 1634 creda-

2245 511 2381 568 cula
2413 515 2798 570 smculorum.
2833 517 3047 570 Amen.

2891 639 3118 696 CAPUT
3159 639 3250 697 XI.

2630 746 2926 816 Pomposa
2965 746 3136 816 virgo
3163 753 3222 804 et
3248 753 3511 818 martyr.

2314 874 2364 926 t.
2407 871 2590 939 Igitur
2613 882 2752 926 cum
2785 869 2863 928 ad
2889 871 3217 926 multorum
3233 872 3510 930 notitiam
3533 875 3676 948 ipso
3703 876 3803 934 die
3825 891 3918 933 ru-

2240 975 2372 1014 mor
2400 960 2801 1015 consummati
2831 961 3096 1033 martyrii
3131 961 3426 1034 praadictee
3478 963 3740 1036 virginis
3791 981 3912 1040 per-

2237 1049 2515 1118 venisset,
2571 1053 2788 1104 etnon
2838 1047 3036 1104 solum
3093 1053 3281 1106 totam
3339 1050 3646 1110 civitatem
3701 1071 3913 1112 verum

2236 1137 2415 1194 etiam
2442 1138 2730 1194 viciniora
2759 1137 2894 1194 loca
2922 1137 3270 1212 inserperet,
3303 1139 3474 1211 virgo
3497 1143 3801 1215 quaedam
3819 1159 3912 1200 ve-

2231 1226 2536 1291 nerabilis,
2584 1227 2829 1282 nomine
2879 1227 3200 1300 Pomposa,
3252 1245 3326 1285 ex
3377 1231 3665 1288 cmuobio
3717 1235 3912 1302 Sancti

2237 1315 2578 1382 Salvatoris,
2606 1315 2774 1389 quod
2805 1316 2880 1372 ad
2911 1316 3176 1372 radicem
3209 1317 3404 1374 Pinnae
3455 1320 3739 1378 Mellarias
3769 1337 3911 1378 con-

2235 1407 2501 1462 stitutum
2536 1409 2645 1475 est,
2676 1421 2799 1480 quo
2825 1405 3060 1462 dudum
3093 1424 3154 1463 se
3185 1421 3322 1463 cum
3366 1410 3755 1480 parentibus,
3799 1411 3910 1468 fra-

2231 1495 2426 1552 tribus
2454 1500 2512 1550 et
2539 1495 2812 1565 cognatis
2845 1495 3074 1552 Christo
3105 1495 3430 1554 militatum
3451 1499 3797 1556 contulerat
3817 1501 3905 1570 (ex

2231 1597 2356 1654 quo
2386 1587 2564 1639 antea
2593 1583 2977 1639 beatissimus
3019 1583 3268 1640 Fandila
3320 1585 3606 1657 ejuSdem
3649 1588 3767 1646 loci
3811 1606 3902 1647 sa-

457 1671 534 1728 tis
578 1669 795 1726 illicere
816 1668 844 1723 ?
891 1669 1034 1735 Quis
1085 1667 1394 1742 pulchrior
1443 1681 1515 1723 eo
1545 1673 1651 1734 est,
1687 1667 1858 1738 cujus
1905 1667 2118 1740 speciei
2153 1690 2192 1743 Β
2232 1671 2442 1727 cerdos
2475 1671 2617 1727 olim
2647 1671 3090 1744 descenderat);
3114 1690 3257 1730 mox
3286 1678 3352 1730 ut
3370 1673 3524 1731 illud
3547 1679 3903 1752 martyrium

457 1761 656 1818 forma
684 1773 806 1833 prae
833 1759 967 1814 ﬁliis
993 1759 1312 1814 hominum
1343 1757 1543 1827 claret,
1574 1762 1639 1814 ut
1667 1773 1774 1813 vos
1807 1773 1901 1812 me
1928 1761 2122 1830 nuptu

456 1854 692 1908 terreno
723 1848 1088 1905 arbitremini
1117 1846 1539 1903 oblectandam
1562 1848 1590 1902 ?
1634 1846 1776 1913 Quis
1807 1846 1998 1901 cultus
2029 1847 2120 1902 vel

455 1945 617 1996 secta
633 1937 991 2008 evangelicae
1009 1937 1146 1992 ﬁdei
1173 1937 1413 1993 veritate
1443 1937 1708 1992 sanctior
1732 1939 1836 2006 est,
1855 1951 1988 2009 quae
2015 1952 2120 2009 per

451 2033 646 2085 totum
695 2027 906 2084 orbem
956 2026 1368 2098 apostolorum
1419 2025 1669 2081 vocibus
1710 2025 2114 2098 promulgata,

452 2123 687 2174 aeternae
721 2116 846 2189 spei
886 2115 1266 2172 credentibus
1313 2115 1631 2188 praemium
1674 2115 2113 2188 repromittens,

452 2223 632 2264 omne
658 2206 1159 2280 prophetismum,
1187 2204 1351 2278 quod
1382 2203 1461 2261 ab
1507 2205 1608 2260 illa
1649 2204 1940 2273 dissentit,
1973 2221 2117 2262 ana-

447 2297 657 2354 thema
700 2311 830 2352 esse
861 2295 923 2351 in
967 2294 1214 2350 veritate
1244 2309 1367 2350 non
1413 2293 1669 2349 dubium
1713 2295 1854 2350 est?
1895 2295 2116 2360 Quam-

450 2385 661 2442 obrem
684 2385 886 2441 relicta
907 2383 1189 2449 vanitate,
1222 2399 1434 2438 verum
1465 2383 1765 2452 Evangelii
1790 2382 2005 2438 ducem
2027 2399 2116 2438 re-

450 2475 684 2548 quirite,
708 2484 831 2548 quo
849 2474 1068 2530 melius
1095 2473 1199 2528 ﬁlii
1219 2473 1390 2538 lucis,
1419 2488 1607 2544 quam
1631 2471 2114 2541 geniminatene-

449 2563 723 2630 brarum,
741 2564 1068 2637 mortisque
1089 2561 1327 2617 soboles
1349 2561 1752 2634 appellemini.
1775 2560 1872 2616 Ille
1895 2561 2116 2617 etenim

451 2651 599 2708 dixit
627 2669 639 2706 :
683 2651 796 2718 Qui
817 2650 1088 2721 sequitur
1116 2664 1226 2718 me,
1251 2665 1369 2704 non
1391 2648 1730 2704 ambulabit
1748 2649 1810 2702 in
1835 2647 2117 2704 tenebris:

452 2749 504 2798 et
536 2741 727 2796 omnis
755 2742 860 2813 qui
889 2741 1052 2806 vivit,
1095 2745 1149 2794 et
1181 2740 1371 2794 credit
1407 2739 1470 2793 in
1503 2754 1614 2808 me,
1663 2754 1785 2794 non
1825 2740 2118 2796 morietur

454 2833 520 2887 in
544 2835 837 2888 catmum
867 2830 1067 2897 (Joan.
1096 2843 1222 2899 vni,
1255 2830 1342 2891 t2,
1369 2831 1424 2884 et
1453 2843 1532 2893 x1,
1563 2827 1674 2897 26).
1704 2849 1733 2877 »

529 2922 612 2975 l2.
675 2918 858 2988 Igitur
913 2935 1053 2974 cum
1111 2917 1494 2974 fortissimam
1551 2917 1793 2987 virginis
1841 2920 2117 2975 constan-

447 3009 597 3067 tiam
625 3017 652 3045 ³
703 3008 980 3065 consules
1024 3007 1285 3064 universi
1337 3007 1732 3078 adverterent,
1764 3021 1960 3080 neque
2007 3007 2116 3063 im-
2145 3047 2185 3106 Ο

451 3098 671 3154 mutari
699 3113 882 3172 posse
911 3097 1133 3154 talibus
1159 3097 1458 3154 imbutam
1485 3096 1743 3152 oraculis
1783 3102 2112 3168 cernerent,

445 3202 645 3261 neque
697 3188 1001 3246 hortatum
1055 3187 1366 3244 assertioni
1417 3187 1548 3257 ejus
1593 3187 1743 3242 ferre
1799 3185 2110 3243 valerent:

447 3279 734 3334 continuo
765 3285 902 3335 ante
931 3282 1086 3334 fores
1137 3277 1347 3350 palatii
1391 3292 1526 3332 eam
1575 3275 1864 3332 trucidari
1907 3277 2114 3348 praeci-

437 3363 638 3438 ‘piunt.
675 3369 866 3433 Quam
915 3368 988 3440 (l)
1021 3383 1162 3422 cum
1205 3379 1446 3422 summa
1494 3367 1826 3421 reverentia
1877 3366 1952 3438 (2)
1982 3366 2112 3422 foro

446 3456 894 3523 constituentes,
927 3457 1002 3526 (3)
1035 3471 1158 3510 non
1191 3471 1252 3509 se
1281 3455 1449 3526 prius
1492 3455 1775 3511 decollari
1814 3456 2108 3528 permisit,

445 3559 635 3618 quam
666 3545 915 3617 praemio
949 3543 1215 3599 lictorem
1244 3543 1414 3613 virgo
1469 3544 1873 3598 sacratissima
1923 3545 2111 3599 hono-

441 3638 622 3692 raret.
659 3633 870 3706 Sicque
899 3631 1147 3706 pronior
1177 3631 1469 3686 cervicem
1501 3632 1814 3694 inclinans,
1849 3632 1908 3686 in
1931 3632 2108 3704 lapsu

441 3723 472 3764 ιι
494 3723 691 3796 jugali
720 3722 1043 3780 deﬁcatam
1082 3735 1302 3794 coerS
1334 3719 1633 3775 sternitur.
1668 3724 1782 3776 Nec
1819 3735 2014 3792 mora,
2047 3724 2109 3776 ut

443 3820 570 3871 crat
593 3813 765 3869 lineis
795 3813 1096 3879 indutum,
1125 3810 1386 3866 cadaver
1409 3812 1614 3880 sporta
1641 3807 1916 3863 imissum
1938 3808 2106 3864 alveo

440 3904 653 3978 projici
705 3903 1006 3977 principes
1073 3900 1536 3961 mandaverunt,
1596 3913 1713 3953 nec
1774 3897 1927 3953 sicut
1993 3913 2103 3954 cae-

439 3998 566 4049 tera
592 3994 929 4048 occisorum
969 3991 1285 4060 cadavera,
1319 3992 1422 4044 aut
1470 4003 1580 4059 pro
1631 3987 1862 4042 foribus
1911 3987 2106 4058 negle-

437 4088 676 4146 xerunt,
709 4087 811 4138 aut
841 4081 1098 4154 equuleo
1129 4077 1574 4150 suspenderunt
1609 4091 1687 4132 xv
1713 4077 1967 4134 Kalend.
2001 4079 2106 4136 0c-

439 4169 563 4226 tob.
597 4186 717 4226 aera
745 4185 986 4225 nccmm.
1022 4168 1195 4234 Quod
1223 4172 1366 4240 post
1396 4173 1629 4222 sextum
1659 4167 1819 4223 diem
1849 4168 2102 4224 illaesum

439 4263 498 4316 et
551 4259 849 4328 integrum
908 4258 1315 4331 quorumdam
1371 4257 1605 4314 solertia
1657 4259 2098 4314 monachorum

437 4348 722 4405 divinitus
759 4348 935 4404 nobis
979 4347 1227 4404 allatum
1276 4352 1381 4416 est,
1433 4348 1738 4420 dignoque
1786 4348 1984 4404 ofﬁcio
2036 4349 2098 4405 in

437 4437 684 4494 Basilica
733 4441 806 4509 (4)
852 4443 1074 4493 sanctae
1125 4437 1363 4494 Eulaliae
1404 4437 1647 4507 virginis
1689 4441 1746 4492 et
1797 4437 2096 4509 martyris,

434 4543 570 4600 quia
604 4528 662 4583 in
693 4529 826 4584 vico
853 4528 1152 4597 Fregellas
1180 4528 1500 4583 constituta
1537 4531 1648 4593 est,
1682 4527 2098 4583 honorabilem

437 4618 653 4674 meruit
682 4615 1075 4691 sepulturam.
1109 4620 1228 4673 Hoc
1255 4616 1432 4672 nobis
1459 4615 1538 4672 ad
1567 4615 1747 4671 ﬁdem
1791 4616 1867 4672 de
1908 4632 1980 4673 ea
2007 4633 2098 4672 re-

427 4707 623 4764 latum
645 4714 750 4765 est.

507 4801 592 4853 13.
627 4800 918 4855 Cmtcrum
945 4800 1009 4852 tu
1041 4794 1465 4865 sacratissima,
1496 4811 1633 4868 qua:
1662 4794 1878 4851 utiliter
1909 4795 2099 4852 Eccle-

431 4887 580 4942 siam
628 4886 984 4942 catholicam
1019 4890 1075 4942 ct
1119 4885 1324 4940 vivens
1378 4884 1846 4939 conversationis
1896 4900 2098 4940 exem-

430 4973 550 5046 plo,
567 4979 624 5030 et
643 4975 905 5031 moriens
922 4973 1078 5030 celso
1099 4974 1444 5028 meritorum
1464 4972 1722 5028 instituis
1741 4973 2095 5044 patrocinio,

429 5067 554 5118 esto
598 5079 833 5119 memor
878 5063 1118 5118 cultoris
1147 5064 1264 5131 tui;
1307 5079 1446 5118 erue
1478 5079 1573 5117 me
1604 5061 1834 5134 laqueis
1859 5063 2094 5134 mundi,

427 5151 711 5208 abstrahe
761 5151 1312 5224 perturbationibus
1367 5151 1590 5218 saeculi,
1624 5155 1680 5208 et
1728 5151 1931 5206 confer
1957 5158 2095 5224 post

425 5247 680 5300 mortem
711 5241 983 5316 requiem
1011 5241 1298 5315 paradisi.
1327 5243 1432 5297 Per
1458 5240 1778 5298 Dominum
1813 5245 2089 5299 nostrum

493 5413 519 5440 ι
550 5403 835 5460 Consules
863 5402 959 5476 hic
988 5401 1519 5476 promagistratus
1539 5401 1628 5457 vel
1655 5403 1844 5469 gentis
1869 5401 2092 5476 primo-

419 5473 587 5530 ribus
617 5474 950 5547 usurpavit.
986 5472 1076 5547 Sic
1106 5472 1207 5527 lib.
1236 5489 1292 5547 ll,
1338 5489 1468 5546 cap.
1503 5473 1550 5538 l,
1601 5490 1830 5529 annum
1871 5472 2088 5547 consu-

425 5548 582 5618 _latus
612 5544 1012 5618 Abdarrahmi
1043 5560 1154 5618 pro
1194 5544 1464 5618 ejusdem
1511 5549 1682 5618 regni
1712 5562 1873 5604 anno
1921 5544 2090 5604 διδω-

420 5614 568 5673 buit.
601 5621 875 5674 Suvsxes.
903 5614 1146 5670 Vidfibi
1179 5614 1376 5673 MOral.

492 5687 520 5726 δ
565 5691 828 5760 Jugutus
867 5688 964 5745 hic
989 5703 1100 5760 pro
1124 5689 1330 5759 gladio
1359 5689 1450 5746 vel
1487 5691 1704 5758 securi,
1737 5703 1861 5762 qua
1903 5690 2088 5760 jugu-

2231 1777 2268 1818 a
2292 1761 2628 1817 dicentibus
2651 1762 2961 1834 comperit,
2996 1761 3113 1818 alio
3151 1763 3248 1818 die
3275 1773 3299 1798 ε
3347 1765 3469 1820 cita
3500 1768 3782 1824 occurrit.
3833 1769 3901 1840 (t)

2231 1854 2364 1907 Haec
2389 1866 2654 1922 namque
2683 1850 2854 1920 virgo
2883 1849 3060 1906 beata
3090 1857 3413 1924 parentum
3442 1859 3504 1910 et
3535 1856 3904 1929 propinquo-

2227 1952 2363 1991 rum
2396 1943 2667 1994 sanctam
2697 1941 3241 2012 conversationem,
3279 1957 3468 2014 quam
3506 1944 3798 2013 gerebant
3842 1945 3900 2002 in

2227 2025 2528 2094 Corduba,
2561 2043 2634 2082 ex
2669 2043 2793 2100 qua
2819 2034 2989 2083 erant
3019 2030 3334 2102 progeniti,
3364 2047 3648 2101 cernens,
3701 2033 3897 2090 confe-

2228 2115 2364 2172 stim
2394 2115 2573 2172 avida
2597 2113 2796 2172 mente
2829 2118 2929 2173 tali
2959 2134 3020 2174 se
3047 2123 3184 2176 voto
3214 2119 3568 2190 assignans,
3623 2139 3761 2179 cum
3811 2124 3894 2179 his

2225 2204 2405 2260 simul
2433 2205 2731 2262 mundum
2767 2207 3008 2280 spernit,
3040 2207 3304 2266 labentia
3333 2209 3578 2280 deserit,
3601 2212 3898 2284 integrita.

2224 2297 2347 2350 tem
2374 2295 2683 2367 promittit,
2717 2310 3131 2370 mansuraque
3161 2299 3510 2370 perenniter
3545 2305 3674 2358 toto
3701 2301 3898 2359 nititur

2223 2388 2444 2439 conatu
2477 2388 2777 2456 appetere.

2295 2477 2348 2528 2.
2384 2473 2760 2544 Quapropter
2789 2477 3070 2546 parentes
3118 2475 3272 2547 ejus,
3302 2473 3600 2535 distracto
3619 2478 3899 2553 patrimo-

2221 2561 2346 2629 nio,
2371 2561 2690 2633 praefatum
2719 2563 3066 2620 coenobium
3092 2571 3534 2638 construentes,
3563 2568 3627 2624 in
3655 2585 3728 2625 eo
3748 2569 3892 2630 loco,

2222 2649 2329 2722 qui
2385 2665 2455 2705 ex
2514 2665 2586 2705 eo
2638 2651 2782 2723 quia
2825 2651 2905 2708 ab
2943 2653 3273 2726 antiquitus
3319 2662 3648 2726 congestos
3695 2657 3758 2714 in
3803 2657 3895 2713 illa

2225 2737 2456 2794 celsiori
2481 2754 2632 2813 rupe
2677 2755 2863 2812 apum
2888 2741 3184 2798 industria
3212 2741 3426 2815 ,favos,
3460 2747 3539 2816 (2)
3567 2745 3680 2819 qui
3708 2762 3890 2819 usque

2221 2826 2404 2882 hodie
2452 2833 2828 2900 permanent,
2864 2830 3124 2900 majores
3183 2831 3372 2888 nostri
3424 2833 3732 2906 viderunt,
3771 2833 3890 2892 Pin-

2221 2929 2305 2972 na
2369 2916 2625 2973 Mellaria
2673 2922 2921 2974 vocatus
2979 2924 3090 2976 est.
3151 2919 3379 2977 Ibidem
3433 2927 3642 2980 autem
3699 2933 3764 2980 se
3815 2921 3887 2980 ad

2223 2991 2571 3062 exercitium
2624 3007 2756 3062 vitae
2811 3008 3159 3064 monasticae
3207 3009 3599 3082 collocantes,
3649 3013 3886 3070 tradunt

2222 3095 2464 3152 beatam
2495 3097 2651 3152 hanc
2699 3097 2992 3168 virginem
3035 3098 3188 3154 inter
3228 3098 3399 3156 illum
3447 3117 3702 3158 suomm
3749 3115 3883 3158 con-

2221 3193 2470 3242 ventum
2511 3185 2918 3259 pulchriorem
2973 3187 3164 3257 gratia
3213 3189 3550 3248 sanctitatis
3581 3190 3879 3256 ﬂoruisse;

2221 3279 2279 3332 et
2305 3292 2442 3349 quae
2473 3276 2752 3332 ultimum
2793 3293 2900 3350 per
2937 3281 3173 3333 aetatem
3225 3279 3489 3348 gradum
3537 3281 3794 3347 tenebat,
3823 3279 3882 3334 ﬁt

2221 3365 2446 3420 caeteris
2479 3365 2875 3422 excellentiori
2919 3365 3180 3421 culmine
3227 3366 3591 3426 innocentia;
3633 3385 3704 3426 ac
3754 3369 3880 3424 sim-

2219 3453 2496 3526 plicitatis
2551 3456 2764 3511 merito
2841 3454 3182 3512 sublimata.
3253 3456 3575 3532 Tantaque
3628 3459 3690 3515 in
3742 3457 3879 3512 Scri-

2221 3547 2532 3615 pturarum
2565 3543 2948 3600 meditatione
2979 3544 3298 3601 fortissima
3345 3547 3769 3619 permanebat,
3799 3549 3876 3614 ut,

2220 3633 2267 3686 si
2325 3633 2451 3688 fieri
2495 3637 2716 3704 pesset,
2759 3647 2885 3690 non
2933 3632 3172 3700 diebus,
3199 3650 3323 3692 non
3373 3638 3659 3694 noctibus
3698 3651 3734 3693 ο,
3772 3635 3877 3691 lec-

2217 3720 2375 3778 tione
2404 3724 2660 3790 vacaret,
2688 3719 2800 3776 nisi
2830 3721 3238 3793 quarumdam
3279 3723 3694 3795 ingruentium
3737 3728 3876 3780 tem—

2216 3811 2516 3880 pestatum
2545 3809 2935 3880 impediretur
2963 3811 3257 3882 procellis.
3315 3813 3372 3870 Si
3421 3814 3574 3888 quid
3618 3813 3763 3874 forte
3803 3811 3875 3868 ad

2215 3912 2392 3953 suam
2450 3902 2878 3967 exaggeratum
2931 3898 3174 3954 sentiret
3227 3900 3540 3972 injuriam,
3598 3903 3699 3960 illa
3745 3916 3871 3976 quae

2215 3989 2409 4041 macte
2437 3985 2464 4022 ά
2491 3985 2839 4040 humilitatis
2863 3987 3052 4056 gratia
3103 3988 3508 4059 prominebat,
3536 3995 3751 4049 cuncta
3775 4004 3872 4062 pa-

2215 4076 2376 4132 tienti
2408 4075 2612 4132 animo
2643 4075 2994 4132 sustinebat.
3028 4077 3294 4134 Instabat
3343 4080 3581 4150 vigiliis,
3620 4078 3866 4154 jejunus,

2213 4171 2270 4223 et
2297 4165 2670 4221 orationibus
2699 4165 2968 4222 crebrius
3000 4166 3348 4237 incubabat,
3393 4172 3618 4244 quibus
3646 4171 3866 4226 favente

2209 4257 2464 4312 Domino
2514 4255 2932 4312 inviolabiliter
2989 4261 3194 4314 votum
3251 4265 3465 4331 posset
3527 4270 3865 4318 conservare

2211 4347 2600 4420 promissum.

2285 4440 2335 4492 3.
2367 4435 2545 4490 Plura
2571 4439 2728 4503 sunt,
2761 4450 2900 4507 qum
2927 4434 3004 4492 de
3033 4435 3166 4507 ejus
3198 4437 3536 4507 sanctitate,
3589 4435 3863 4495 referente

2209 4525 2386 4580 nobis
2408 4524 2636 4580 famulo
2652 4523 2866 4580 Christi
2888 4523 3080 4580 Felice
3096 4525 3422 4598 monacho,
3447 4527 3724 4599 ejusdem
3753 4539 3861 4579 cte-

2211 4613 2375 4670 nobii
2393 4613 2633 4680 abbate,
2648 4612 3070 4683 cognovimus:
3087 4629 3228 4686 quae
3243 4615 3498 4673 obtentu
3517 4613 3772 4672 evitandi
3788 4611 3861 4666 fa-

2211 4702 2454 4759 stidium
2474 4701 2896 4775 relinquentes,
2911 4702 2990 4760 ad
3009 4700 3176 4770 illud,
3195 4704 3363 4776 quod
3385 4719 3524 4762 eam
3548 4705 3676 4760 sine
3687 4699 3858 4758 dubio

2211 4791 2362 4848 ccelo
2387 4790 2885 4864 praemisit,quam
2899 4807 3156 4865 propere
3175 4788 3858 4851 festinamus.Menim

2209 4897 2464 4937 sumsz
2488 4881 2898 4938 sanctimoniae
2917 4882 3194 4938 studium
3224 4889 3473 4952 gereret,
3507 4882 3857 4950 serviretth

2211 4973 2327 5026 Deo
2357 4971 2626 5042 ﬁdeliter,
2660 4983 2801 5026 mox
2826 4976 2892 5027 ut
2921 4970 3115 5027 beatte
3163 4972 3470 5029 Columbae
3515 4969 3855 5044 martyrium

2207 5061 2516 5136 comperit,
2549 5061 2703 5117 illico
2731 5061 2978 5116 interius
3006 5061 3144 5130 igne
3177 5063 3552 5134 conﬂagrata
3578 5053 3853 5130 martyrii:

2205 5150 2272 5205 ﬁt
2301 5149 2635 5205 admodum
2663 5148 2852 5206 iratior
2872 5148 2973 5205 tali
2999 5149 3214 5206 nuntio
3233 5155 3520 5208 recreata.
3553 5151 3620 5205 Et
3643 5143 3851 5220 quibus

2204 5239 2284 5296 ad
2304 5238 2365 5296 id
2385 5242 2591 5312 posset
2618 5237 2952 5312 pertingere
2971 5237 3277 5313 passibus,
3295 5240 3478 5298 tacito
3493 5242 3554 5297 et
3576 5227 3850 5307 singulari

2200 5399 2310 5457 lari
2343 5397 2512 5474 solet,
2533 5398 2848 5474 _accipi_tur.
2876 5402 2954 5474 in.
2991 5399 3263 5474 Sgtvsm.
3505 5469 3541 5474 __
3713 5463 3750 5474 _,

2272 5481 2293 5506 ο
2327 5471 2467 5527 Hinc
2489 5463 2690 5544 plane-
2706 5471 3244 5544 deprehendimus,
3277 5477 3417 5544 cum
3466 5469 3646 5544 alium
3693 5463 3842 5543 diem

2202 5546 2293 5624 (ut
2307 5539 2534 5624 ⁹(δέξῃ-9)
2563 5539 2842 5614 Eulogius
2868 5544 3160 5610 nominat,
3187 5543 3514 5600 crastinum
3542 5539 3750 5596 debere
3765 5539 3844 5588 in-

2201 5615 2742 5743 teglmgtletllhac
2769 5699 2915 5743 voce
2940 5693 3080 5743 cum
3109 5686 3270 5745 Livio
3303 5686 3502 5743 utitur.
3533 5683 3608 5739 In.
