3960 6392
56 265 169 322 813

1111 263 1541 323 MEMORIALIS
1582 255 2042 317 SMRUM.
2083 283 2151 297 -ι
2190 257 2324 313 LIB.
2372 256 2461 313 Ill.

3402 262 3514 317 θη

60 390 436 460 cogitamine
465 390 750 446 ruminat.
784 392 869 456 Et,
900 407 937 446 ο
962 390 1183 445 miram
1210 388 1593 445 vocationem
1630 388 1736 440 Do-
1766 388 1813 439 Α
1846 382 2262 454 quorumdam
2291 386 2658 450 commento,
2686 381 2784 438 vel
2824 380 3038 438 fraude
3077 380 3412 455 gentilium,
3439 383 3521 440 ad

62 479 231 546 mini,
256 483 321 535 et
351 493 629 551 supernae
658 478 1066 551 dispositionis
1093 478 1327 535 aditum
1349 476 1740 551 patefactum,

60 583 187 640 quo
258 567 468 625 nullus
528 568 989 641 prmdestinatus
1031 573 1048 598 '
1115 568 1428 640 martyrio,
1470 561 1744 635 martyrii

65 657 259 727 gloria
303 657 735 727 defraudatur;
789 673 915 731 quo
954 673 1134 714 nemo
1170 656 1352 713 coetui
1383 656 1743 712 Sanctorum

62 748 395 820 ascriptus,
434 748 708 804 humana
740 746 1380 821 potestillaqueatione
1400 743 1617 801 teneri!
1647 744 1744 797 Fe-

66 842 206 893 runt
245 848 541 909 namque,
570 837 737 908 quod
770 836 959 893 multo
999 836 1142 891 satis
1182 841 1320 892 ante
1362 835 1477 890 hoc
1503 838 1743 905 tempus

67 927 196 982 haec
225 928 407 995 virgo
448 927 529 983 ad
559 928 919 999 martyrium
962 926 1356 995 convolasset,
1388 924 1502 980 nisi
1530 922 1746 995 quibu-

68 1015 249 1073 sdam
301 1031 556 1072 suorum
611 1016 1004 1089 impediretur
1059 1014 1384 1088 repagulis,
1429 1013 1534 1086 qui
1583 1026 1743 1080 eam,

69 1120 261 1162 causa
307 1105 687 1162 saevientium
726 1106 1241 1179 persecutionum,
1271 1103 1391 1161 alta
1418 1101 1748 1159 servabant

68 1194 375 1252 custodia.

135 1286 191 1340 4.
212 1282 347 1340 Sed
372 1283 522 1357 quid
543 1284 603 1339 in
629 1299 692 1340 se
715 1288 910 1357 potest
928 1284 1153 1340 habere
1170 1282 1463 1339 custodia
1484 1280 1747 1338 conditio

70 1372 457 1439 miserabilis,
479 1373 750 1445 quando,
774 1373 926 1429 sicut
943 1373 1234 1445 scriptum
1250 1378 1368 1428 est:
1393 1373 1527 1428 Nisi
1542 1371 1745 1426 Domi-

68 1476 176 1518 nus
200 1463 588 1529 custodierit,
613 1465 675 1518 in
707 1478 928 1519 vanum
960 1464 1217 1534 vigilant
1242 1463 1430 1533 (Psai.
1454 1475 1648 1529 cxxv1,
1670 1462 1743 1526 l),

61 1552 547 1625 quihumaniter
575 1567 638 1608 se
658 1552 976 1625 quippiam
1002 1552 1306 1608 custodire
1336 1549 1747 1608 arbitrantur?

73 1642 305 1697 Etenim
349 1641 487 1713 ipsa
522 1641 980 1713 superveniente
1010 1646 1203 1711 nocte,
1237 1644 1660 1697 consummata
1686 1638 1748 1694 in

1851 471 2207 543 martyrium
2238 471 2421 529 fuisse
2446 471 2467 501 "
2493 474 2882 544 pertractum.
2910 470 3031 527 Sed
3069 470 3167 527 ille
3196 470 3303 528 Dei
3327 471 3522 529 famu-

1851 558 1947 615 lus
1978 575 2119 616 cum
2167 575 2230 616 se
2276 560 2547 633 quadam
2583 560 2896 618 vocatione
2926 559 2988 616 in
3019 560 3380 618 sacriﬁcium
3426 578 3523 618 ve-

1851 664 1988 705 rum
2030 648 2259 705 caelitus
2306 649 2502 722 aptari
2529 650 2921 723 conspiceret,
2950 665 3076 722 quo
3098 648 3317 706 nolens
3344 649 3524 707 duce-

1853 736 2050 806 batur,
2084 740 2254 808 grato
2304 738 2508 794 animo
2553 738 2717 796 adiit.
2765 742 2847 794 Ac
2898 736 2985 794 sic
3042 737 3445 810 interrogatus
3486 755 3525 797 a

1847 823 2072 897 judice,
2106 824 2402 899 intrepida
2446 825 2839 900 responsione
2882 824 3177 883 rationem
3207 824 3349 884 ﬁdei
3376 844 3526 900 pan-

1853 912 2025 979 dens,
2082 913 2292 971 ultimo
2360 915 2725 972 scelerosum
2778 916 3210 987 dogmatistem
3267 915 3523 990 ejusque

1855 1002 2115 1060 cultores
2159 1002 2435 1060 veridicis
2482 1005 2883 1062 assertionum
2934 1001 3185 1078 objectis
3240 1002 3525 1065 inculcat.

1856 1090 2119 1166 Ideoque
2145 1091 2260 1149 sub
2299 1092 2475 1149 celeri
2517 1093 2931 1165 indignatione
2958 1096 3331 1168 peremptus,
3359 1094 3525 1152 cani-

1855 1179 1972 1238 bus
2002 1186 2059 1239 et
2100 1180 2308 1238 bestiis
2349 1181 2736 1240 devorandus
2778 1182 3100 1257 exponitur
3124 1200 3163 1239 v
3192 1180 3333 1241 idus
3362 1181 3524 1254 Julii,

1858 1287 1980 1329 tera
2011 1286 2285 1332 DCCCXCII.

2490 1358 2720 1418 CAPUT
2756 1359 2895 1416 XIII.

1856 1456 2228 1530 Martyrium
2244 1464 2587 1516 sanctorum
2611 1458 2940 1529 Amatoris,
2955 1455 3129 1515 Petri
3142 1464 3197 1516 et
3214 1458 3508 1516 Ludovici
3516 1526 3529 1539 ,

1931 1556 2283 1614 Succedenti
2307 1555 2571 1629 denique
2600 1562 2894 1629 tempore,
2923 1556 3177 1630 quidam
3213 1556 3531 1631 presbyter

1858 1644 2234 1717 adolescens,
2265 1645 2513 1703 nomine
2542 1649 2810 1715 Amator,
2842 1646 2948 1720 qui
2974 1644 3119 1702 olim
3147 1661 3222 1702 ex
3253 1645 3484 1720 oppido
3514 1647 3531 1682 ί

72 1731 170 1787 Dei
184 1730 484 1786 laudibus
502 1736 800 1786 nocturna
819 1730 1042 1800 vigilia,
1057 1746 1217 1785 unus
1237 1748 1271 1786 e
1294 1730 1576 1786 fratribus
1600 1728 1744 1795 suis,
1776 1748 1820 1805 κ
1857 1733 2179 1792 Tuccitano
2225 1751 2365 1790 cum
2418 1735 2683 1805 genitore
2723 1739 2781 1792 et
2806 1734 3093 1793 fratribus
3141 1735 3267 1791 suis
3300 1736 3530 1793 Cordu-

70 1820 302 1876 caateris
330 1819 648 1891 quiscendi
681 1820 871 1890 gratia
900 1820 1379 1890 regredientibus
1406 1820 1488 1874 ad
1528 1818 1745 1882 cubile,

74 1910 251 1981 quasi
272 1895 570 1965 divinitus
602 1914 967 1979 moneretur,
990 1915 1047 1965 et
1075 1915 1231 1966 certe
1251 1924 1377 1965 non
1404 1910 1531 1964 sine
1551 1907 1751 1980 provi-

80 1998 281 2055 dentia
308 1998 571 2063 Domini,
591 2006 829 2072 arrepta
851 1999 1018 2055 clave
1039 2004 1278 2071 portam
1305 1996 1652 2054 monasterii
1670 1996 1754 2051 in-

80 2091 410 2143 consuetus
436 2087 689 2159 aperuit,
720 2086 1099 2159 minimoque
1121 2087 1543 2142 tantummodo
1578 2084 1755 2140 clavo

85 2177 468 2249 superposito
484 2176 739 2232 retrusit.
753 2175 841 2231 Ad
858 2191 1047 2248 quam
1068 2174 1169 2231 illa
1189 2174 1426 2231 silenter
1436 2174 1753 2243 accedens,

86 2270 139 2320 et
162 2264 324 2322 clam
354 2265 583 2321 ostium
612 2280 906 2331 reserans,
928 2264 1094 2319 vadit
1121 2279 1229 2337 per
1256 2264 1532 2320 tenebras
1563 2262 1755 2319 noctis

90 2356 308 2412 ccclesti
329 2355 563 2412 lumine
586 2355 877 2412 illustrata
900 2372 915 2411 :
946 2361 1261 2428 totumque
1288 2355 1436 2411 illud
1457 2357 1566 2411 iter
1587 2359 1758 2410 vasta

92 2444 406 2501 horridum
454 2446 485 2485 δ
539 2445 863 2500 solitudine
929 2450 1068 2501 ante
1124 2445 1277 2500 lucis
1331 2444 1756 2517 crepusculum

93 2536 407 2598 transiens,
438 2534 800 2591 clarescente
828 2550 1010 2591 mane
1042 2536 1255 2591 urbem
1291 2536 1641 2605 ingreditur,
1675 2548 1761 2589 se-

93 2640 269 2697 seque
297 2625 615 2681 obtutibus
635 2624 854 2696 judicis
882 2625 1231 2697 praesentari
1268 2640 1392 2680 non
1423 2623 1636 2682 differt.
1671 2624 1760 2680 Ad

95 2729 269 2785 quem
304 2720 535 2771 sancta:
562 2714 706 2769 ﬁdei
732 2715 1026 2771 rationem
1054 2721 1761 2788 proponens,vatmnque

96 2805 475 2879 impudicum
532 2806 793 2879 simplici
864 2807 1278 2863 exhortatione
1341 2806 1757 2876 confundens,

98 2896 409 2951 confestim
436 2895 535 2950 ille
564 2894 765 2965 gladio
796 2894 1218 2953 trucidandam
1248 2895 1533 2958 decernit,
1558 2895 1762 2970 sicque

100 2989 227 3039 ante
257 2984 421 3041 fores
449 2990 469 3014 ⁸
500 2984 707 3056 palatii
736 2985 1078 3049 constituta,
1104 2990 1385 3059 exempto
1416 2986 1606 3059 capite
1626 3001 1765 3042 con-

99 3078 391 3131 sternatur
438 3090 539 3131 xm
587 3074 841 3130 Kalend.
870 3075 1080 3131 Octob.
1113 3078 1189 3144 (3)
1222 3090 1344 3131 aera
1381 3090 1626 3131 DCCCXCI.
1657 3076 1769 3132 Cu-

96 3163 190 3234 jus
212 3164 482 3221 cadaver
513 3164 575 3219 in
620 3164 847 3219 ﬂumen
879 3163 1279 3237 projicientes,
1310 3164 1721 3237 quorumdam
1747 3163 1769 3193 ⁴

98 3255 607 3310 merccnariorum
642 3254 843 3310 studio
873 3254 935 3309 in
979 3254 1250 3327 quadam
1300 3253 1471 3310 fovea
1500 3268 1527 3296 ο
1555 3269 1771 3325 conge-

102 3347 252 3399 stum
300 3344 567 3417 desuper
614 3344 805 3400 multo
850 3344 1099 3417 pulvere
1141 3344 1491 3400 tumulatur.
1523 3344 1603 3400 Ex
1644 3360 1767 3416 quo

103 3432 328 3503 iterum,
363 3435 598 3491 Christo
634 3434 889 3503 favente,
921 3438 1059 3506 post
1100 3433 1227 3490 dies
1260 3446 1418 3506 pene
1452 3433 1659 3505 viginti
1684 3434 1768 3489 in-

100 3520 325 3579 dustria
374 3524 790 3597 quorumdam
848 3522 1292 3579 monachorum
1344 3521 1485 3579 inde
1542 3522 1768 3579 abstra-

105 3615 277 3675 ctum,
308 3612 389 3667 ad
418 3611 781 3685 praedictum
812 3610 1005 3667 beatae
1054 3611 1300 3681 virginis
1352 3610 1589 3667 Eulaliae
1639 3627 1772 3667 san-

108 3700 392 3756 ctuarium
440 3705 847 3773 reportantes,
880 3699 1067 3770 digno
1111 3700 1337 3757 ibidem
1385 3701 1770 3757 sacerdotum

110 3792 165 3843 et
187 3788 605 3860 religiosorum
654 3790 1005 3855 ministerio,
1038 3790 1116 3846 ad
1162 3789 1352 3863 pedes
1398 3795 1618 3846 sanctae
1667 3791 1775 3847 Co-

112 3873 326 3934 lumbae
378 3879 703 3935 humatum
746 3882 851 3935 est.
910 3878 1083 3944 Quod
1129 3879 1521 3935 nihilominus
1568 3879 1774 3936 divina

115 3962 409 4022 credimus
450 3966 902 4039 dispensatione
941 3970 1278 4039 peractum,
1313 3971 1379 4024 ut
1416 3982 1552 4041 quae
1605 3984 1667 4023 se
1706 3968 1772 4023 in

116 4052 231 4110 vita
272 4071 385 4113 sua
425 4061 594 4115 tanta
650 4057 936 4113 charitate
978 4056 1329 4126 dilexerant,
1364 4062 1555 4115 morte
1591 4058 1774 4115 etiam

114 4154 183 4197 ac
207 4145 513 4216 sepultura
539 4144 811 4202 indivisa:
837 4149 1171 4217 manerent,
1198 4152 1491 4217 regnante
1524 4148 1775 4205 Domino

118 4231 247 4289 Iesu
266 4236 501 4294 Christo
522 4236 587 4293 in
615 4236 838 4293 saecula
869 4236 1248 4293 saeculorum.

750 4356 987 4416 CAPUT
1026 4357 1151 4415 XII.

425 4454 750 4514 Abundius
775 4456 1099 4527 presbyter
1119 4461 1175 4514 et
1202 4462 1464 4527 martyr.

192 4549 271 4605 Ex
295 4549 409 4609 hoc
441 4558 647 4611 autem
672 4559 964 4627 tempore,
996 4553 1209 4610 decem
1234 4554 1546 4611 mensibus
1575 4554 1591 4584 ¹
1608 4555 1785 4613 inter-

124 4632 573 4713 jectis,quidam
586 4642 1249 4716 presbyter,Abundius
1270 4644 1538 4712 nomine,
1561 4644 1637 4701 de
1654 4646 1788 4702 vico

130 4728 148 4756 ‘
160 4729 607 4805 Ananellos,qui
625 4737 719 4789 est
732 4732 794 4789 in
809 4737 1108 4789 montana
1122 4733 1787 4807 Cordubensi,exortus,

132 4811 463 4893 ibidemque
505 4821 912 4880 sacerdotium
957 4839 1139 4879 suum
1176 4838 1476 4896 peragens
1522 4825 1786 4897 (ferunt),

196 4961 213 4985 '
232 4956 492 5042 Verbum
517 4967 840 5048 martyrio,
854 4964 1031 5092 ἑαοά
1059 4964 1341 5048 Schottus
1374 4966 1581 5024 nescio
1603 4982 1791 5041 quare

196 5036 341 5092 mat.
364 5048 747 5092 occasionem
775 5036 851 5092 de
918 5039 1347 5092 tConstantmo
1375 5039 1691 5092 Suvskeno
1715 5039 1791 5092 ad

137 5036 341 5110 omisit,
364 5036 747 5110 occasionem
775 5036 939 5093 dedit
956 5037 1347 5110 Constantino
1375 5036 1691 5110 Suyskeﬁo
1715 5039 1794 5096 ad

138 5096 374 5181 distuli)
405 5109 770 5181 Septembris
798 5110 957 5166 hanc
985 5114 1195 5181 notam
1213 5096 1622 5179 stibjunéere:
1654 5113 1793 5167 Non

142 5173 375 5252 οαὶιίζὶει
390 5173 890 5252 ρνὲάεειίηαιαε;
916 5180 1022 5237 sed
1049 5181 1300 5252 quilibet
1323 5173 1407 5237 ad
1428 5173 1794 5252 martyrium

136 5246 765 5335 ﬂfdes‘tinatus,‘ejus
1034 5246 1155 5335 rion
1177 5253 1539 5335 fraudetur.
1576 5246 1796 5335 Super-

145 5308 847 5450 gpggmmsa
872 5325 939 5381 in
957 5308 1217 5381 lectione
1235 5308 1432 5381 tum
1446 5308 1642 5398 quam
1658 5308 1795 5381 ’edi-

211 5453 241 5541 ξ
266 5459 333 5517 Εἰ
369 5466 686 5541 aufragom
727 5466 915 5525 etiam
939 5481 1051 5541 per
1077 5465 1265 5524 clivos
1298 5471 1358 5525 et
1386 5480 1538 5524 saxa
1580 5467 1796 5524 itinere

149 5536 525 5597 menmium.
542 5536 780 5597 'MonAL.

161 5602 426 5728 Il)inyides
450 5609 666 5668 iterum
696 5612 895 5670 forum
922 5611 1002 5670 ad
1026 5626 1230 5670 arcem
1260 5610 1459 5684 ipsam
1479 5609 1797 5669 exstitisse.

225 5738 245 5769 ‘
271 5744 433 5808 Recte
458 5754 850 5829 Suysheuus:
897 5757 1134 5815 Passim
1160 5756 1495 5816 credantur
1519 5754 1617 5812 iui
1645 5768 1800 5813 mer-

1808 4464 1854 4523 D

1857 1825 2005 1882 bam
2033 1823 2307 1880 discendi
2339 1824 2530 1893 gratia
2562 1824 2954 1894 adventarat;
2987 1829 3046 1881 et
3075 1826 3285 1881 Petrus
3315 1841 3529 1884 mona-

1859 1913 2031 1981 chus,
2060 1928 2132 1969 ac
2163 1916 2235 1983 (l)
2266 1911 2603 1969 Ludovicus
2631 1912 2985 1969 contribulis
3010 1917 3236 1982 noster,
3262 1917 3321 1971 et
3350 1912 3535 1970 frater
3592 1966 3599 1969 .

1861 2002 2032 2058 Pauli
2085 2001 2347 2069 diaconi,
2400 2002 2572 2073 cujus
2626 2001 2988 2074 martyrium
3034 2001 3186 2058 liber
3230 2001 3534 2058 secundus

1863 2092 2127 2164 exponit,
2146 2107 2225 2148 ex
2245 2090 2477 2147 civibus
2499 2091 2651 2148 Cord
2660 2090 2969 2148 ubensbus
2979 2090 3113 2164 orti,
3126 2107 3327 2149 unose
3352 2090 3538 2150 fade-

1862 2196 1925 2237 re
1958 2179 2307 2251 colligantes
2337 2179 2415 2236 ad
2441 2179 2895 2253 praedicandam
2945 2179 3360 2251 evangelicam
3387 2181 3537 2238 veri-

1866 2274 2049 2326 tatem
2078 2273 2395 2343 aptarunt;
2440 2268 2698 2342 ideoque
2744 2268 3012 2327 celeriter
3055 2270 3171 2326 sub
3194 2269 3537 2343 praeceden-

1865 2355 2015 2412 tium
2046 2352 2418 2428 professione
2462 2354 2758 2427 perempti
2788 2357 2929 2411 sunt
2976 2371 3020 2410 n
3049 2354 3303 2412 Kalend.
3334 2355 3536 2427 Maias,

1865 2462 1986 2501 aera
2013 2460 2298 2501 ncccxmu.
2335 2445 2604 2509 Quorum
2635 2460 2894 2516 corpora
2919 2444 3265 2501 ﬂuvialibus
3292 2445 3539 2503 immer-

1867 2552 1933 2591 sa
1964 2533 2322 2603 gurgitibus,
2355 2533 2472 2590 Deo
2504 2532 2760 2601 fautore,
2790 2539 2927 2607 post
2952 2533 3183 2608 aliquot
3209 2534 3338 2591 dies
3358 2534 3542 2592 littori

1867 2629 2273 2697 exponuntur,
2301 2629 2529 2679 etcum
2578 2624 2816 2697 penitus
2864 2624 3100 2682 nullam
3154 2642 3275 2681 suae
3322 2621 3539 2699 quietis

1870 2719 2112 2769 sanctus
2144 2712 2426 2769 sacerdos
2470 2713 2735 2769 notitiam
2779 2713 3031 2785 dederit,
3058 2719 3310 2771 manent
3337 2720 3541 2771 tamen

1870 2803 2065 2860 caeteri
2095 2803 2284 2860 sancti
2313 2802 2732 2860 venerabiliter
2765 2803 2830 2860 in
2854 2805 3241 2878 priscognitis
3262 2804 3417 2861 locis
3448 2820 3542 2861 re-

1870 2893 2072 2967 positi.
2104 2898 2250 2949 Nam
2298 2892 2513 2949 beatus
2557 2894 2766 2950 Petrus
2804 2894 2866 2949 in
2909 2893 3109 2950 Pinna:
3163 2893 3545 2952 Hellariensis

1874 2982 2151 3039 coenobio
2193 2982 2547 3052 tumulatur,
2591 2982 2932 3038 Ludovicus
2980 2982 3044 3039 in
3089 2983 3224 3039 vico
3270 2984 3344 3055 (2)
3395 2982 3545 3040 Itali-

1795 3105 1837 3161 c
1875 3072 2069 3129 censis
2100 3070 2445 3143 provinciae,
2480 3070 2725 3127 nomine
2756 3072 2828 3143 (3)
2860 3070 3091 3142 Palma,
3114 3086 3256 3145 quas
3300 3071 3546 3143 Singilio

1877 3164 2125 3220 ﬂumine
2156 3162 2455 3235 praesidet,
2489 3161 2746 3234 digniter
2774 3162 3109 3235 requiescit.

2505 3267 2737 3326 CAPUT
2772 3268 2915 3326 XIV.

2320 3369 2409 3425 De
2457 3368 2785 3425 Witesindo
2812 3372 3105 3438 martyre.

1950 3470 2038 3524 Ea
2065 3470 2417 3539 tempestate
2433 3465 2807 3522 Witesindus
2832 3465 3089 3539 quidam
3114 3466 3206 3523 vir
3228 3469 3399 3523 aetate
3418 3466 3548 3538 jam

1880 3558 2121 3631 plenus,
2145 3575 2216 3613 ex
2231 3556 2562 3630 ,pi'ovincia
2604 3557 2679 3628 (ι)
2720 3556 3070 3627 Egabrensi,
3096 3556 3207 3630 qui
3230 3556 3441 3613 nostris
3464 3556 3549 3613 ab

1876 3664 2071 3720 quam
2100 3646 2582 3720 persecutionem
2613 3646 2849 3702 dudum
2879 3646 3021 3702 ﬁdei
3047 3650 3273 3703 sanctis
3306 3646 3550 3719 lapsum

1881 3740 2232 3805 incurrerat,
2265 3737 2417 3793 dum
2445 3735 2527 3793 ad
2562 3736 2921 3793 exercitium
2947 3750 3145 3809 nuper
3166 3736 3401 3810 indepﬁ
3428 3735 3553 3792 cul-

1884 3833 1979 3885 tus
2026 3828 2466 3894 adhortaretur,
2496 3826 2761 3896 abnegat
2798 3841 2862 3881 se
2890 3826 3201 3898 ejusmodi
3239 3822 3551 3895 sacrilegio

1882 3932 2129 3975 manere
2158 3917 2447 3974 infectum
2472 3933 2484 3971 :
2513 3916 2685 3988 quod
2710 3915 2804 3971 vel
2829 3916 3029 3972 carnis
3060 3915 3427 3979 inﬁrmitate,
3459 3913 3555 3971 vel

1884 4005 2390 4063 circumventioue
2426 4004 2651 4061 diaboli
2678 4004 2878 4062 subito
2918 4005 3039 4061 sibi
3063 4009 3416 4078 susceptum
3443 4006 3552 4061 ed.

1887 4096 1992 4153 illo
2021 4100 2333 4151 momento
2361 4111 2501 4150 cum
2533 4094 2675 4150 talia
2714 4094 3017 4158 fateretur,
3052 4094 3171 4151 sub
3201 4095 3377 4151 celeri
3404 4089 3559 4152 tudi-

1886 4185 2174 4257 gnatione
2201 4187 2552 4257 peremptus
2581 4188 2691 4255 est,
2722 4199 2846 4241 tera
2872 4198 2998 4258 qua
3018 4198 3230 4257 supra.

2528 4288 2759 4347 CAPUT
2802 4290 2909 4347 Χν.

1928 4388 2121 4446 Helias
2144 4387 2505 4459 presbyteri,
2535 4387 2724 4445 Pauli
2756 4396 2811 4446 et
2840 4386 3067 4446 Isidori
3089 4387 3523 4446 monachorum

2534 4462 2926 4531 martyrium.

1966 4561 2259 4615 Praeterea
2276 4558 2474 4614 Helias
2488 4558 2805 4632 presbyter
2819 4560 2949 4630 jam
2964 4570 3148 4616 senex
3164 4574 3237 4614 ex
3251 4553 3566 4630 provincia

1899 4648 2222 4714 Lusitania,
2236 4662 2374 4702 cum
2396 4647 2577 4702 Paulo
2603 4651 2662 4703 et
2678 4647 2905 4704 Isidoro
2928 4645 3244 4703 monachis
3263 4642 3567 4715 adhucju-

1896 4737 2076 4794 venili
2106 4740 2278 4791 aetate
2318 4734 2694 4803 ﬂorentibus,
2724 4734 2838 4791 sub
2884 4734 3156 4807 priorum
3193 4729 3566 4805 professione

1898 4824 2191 4900 perempti
2226 4826 2365 4879 sunt
2386 4836 2471 4877 xv
2504 4823 2629 4879 Kal.
2663 4823 2793 4879 Maii
2821 4824 2922 4894 (1),
2953 4837 3076 4879 aera
3100 4834 3388 4879 ncccxav.
3412 4820 3567 4886 Quc-

1903 4969 2134 5027 cenarii
2163 4966 2500 5025 Christiani
2526 4966 2732 5037 fuisse,
2764 4971 2871 5037 aut
2920 4979 2960 5022 a
2988 4963 3570 5037 (.Yltistianiscendu-

1903 5042 2002 5106 eti,
2055 5046 2123 5095 ut
2172 5035 2532 5095 venerabile
2565 5052 2783 5108 corpus
2825 5035 3135 5109 ﬂumini...
3186 5036 3566 5107 subductum,

1905 5112 2075 5168 humi
2108 5110 2491 5166 mandarent.

1972 5197 1999 5225 ε
2029 5185 2197 5239 Forte
2226 5185 2523 5251 congesto.
2554 5181 2829 5236 Sursum.

1978 5253 1992 5282 ¹
2028 5258 2237 5308 Annus
2266 5248 2594 5326 insequens
2620 5250 2751 5323 jam
2793 5267 2962 5308 nunc
2995 5251 3335 5309 denotatur.
3368 5252 3423 5307 ιε
3458 5248 3575 5306 fuit

1903 5327 2031 5383 854-.
2064 5326 2289 5382 locu.

1977 5395 2282 5522 (Frustra,
2315 5392 2464 5469 quid
2494 5392 2570 5452 de
2588 5391 2707 5451 hoc
2734 5392 2934 5450 viculo
2971 5392 3168 5451 dicere
3203 5391 3458 5466 possim,
3483 5387 3575 5449 in-

1977 5483 2167 5522 uram.
2228 5484 2279 5522 D.

1906 5483 2167 5542 quirem.
2195 5483 2279 5542 μ).

1976 5538 1998 5569 δ
2033 5542 2165 5594 Haec
2195 5536 2438 5593 latinius
2468 5533 2893 5605 emendanda;
2940 5538 3044 5593 aut
3068 5532 3430 5607 legendum:
3455 5536 3581 5607 fer-

1911 5617 2034 5679 tur,
2060 5615 2425 5681 pertractus.
2463 5611 2698 5681 Scnorr.

1986 5678 2107 5755 {ne
2136 5683 2271 5755 hoc
2296 5679 2525 5755 oppido
2574 5684 2734 5738 retro
2780 5678 3011 5738 dictum
3054 5680 3190 5753 jam
3214 5683 3325 5738 est.
3357 5678 3581 5739 Messi.
3678 5678 3683 5686 '

1914 5753 2111 5813 Schol.
2142 5754 2205 5812 in
2230 5751 2314 5811 lb.
2336 5751 2401 5823 it,
2422 5767 2538 5827 cap
2573 5793 2586 5809 .
2618 5755 2672 5809 8.
