3960 6384
444 257 547 310 815

1634 251 1692 306 S.
1732 248 2015 306 EUI.OGII
2061 244 2385 302 ARCHIEP.
2427 246 2670 302 TOLET.

441 395 579 435 rum
609 393 863 451 corpora
908 376 1193 450 patibulis
1242 375 1492 436 elevata.
1526 378 1662 448 post
1706 375 1928 431 multos
1971 371 2100 428 dies
2133 373 2178 425 Α
2210 369 2390 425 etiam
2448 384 2630 426 sacrae
2687 368 3022 425 devotionis
3077 370 3154 435 (2)
3204 365 3548 436 insignitam
3600 365 3885 437 stigmate

439 467 665 524 Bcatico
694 467 831 523 sinu
856 466 1216 523 conduntur.

1076 573 1299 629 CAPUT
1337 575 1467 630 XVI.

687 664 773 720 De
801 663 1110 734 Argimiro
1137 663 1430 720 monacho
1473 670 1525 719 et
1557 671 1850 735 martyre.

512 771 652 828 Inde
683 774 973 845 praeterea
1003 770 1335 841 Argimirus
1368 769 1619 842 quidam
1651 771 1730 842 (ί)
1768 768 2100 838 confessor,

435 865 524 922 vir
570 862 806 926 nobilis,
838 867 894 918 et
932 865 1098 917 aetate
1132 861 1262 932 jam
1310 860 1544 933 plenus,
1578 879 1650 917 ex
1698 861 1923 934 oppido
1955 862 2103 928 Ega-

434 952 637 1010 brensi
667 951 1090 1022 cognationem
1121 949 1410 1017 ducebat;
1444 955 1499 1005 et
1534 950 1806 1022 quodam
1833 953 2102 1020 tempore

437 1043 730 1102 Cordubae
763 1041 1027 1097 Patriciae
1058 1043 1136 1110 (2)
1173 1055 1386 1095 censor
1413 1056 1449 1095 a
1482 1056 1618 1110 rege
1660 1039 1974 1112 praefectus
2004 1052 2102 1092 ex-

441 1133 691 1189 stiterat.
725 1133 874 1187 Cum
903 1132 1170 1184 semotus
1215 1127 1293 1183 ab
1324 1126 1842 1184 administratione
1868 1124 2099 1197 judicii,

435 1223 625 1279 otium
682 1217 943 1276 ccnnobii
1006 1215 1290 1273 incoleret
1357 1216 1622 1289 quietus,
1692 1215 2101 1289 quorumdam

436 1311 817 1368 ethnicorum
846 1306 988 1363 dolo
1017 1306 1108 1361 vel
1132 1305 1272 1361 odio
1293 1305 1760 1373 circumventus,
1785 1309 2102 1362 accusatur

445 1415 650 1456 coram
677 1395 878 1468 judice
909 1394 983 1450 de
1016 1393 1347 1450 subsannio
1374 1395 1523 1450 vatis
1551 1395 1663 1464 sui,
1695 1399 1752 1450 et
1781 1393 2102 1467 exprobra-

435 1491 533 1544 tur
566 1487 641 1542 de
690 1483 1060 1558 professione
1105 1482 1430 1538 divinitatis
1482 1483 1608 1539 Filii
1660 1483 1780 1552 Dei,
1813 1482 2100 1556 quodque

435 1575 553 1632 isto
595 1572 1157 1645 omnipotentiorem
1204 1571 1438 1627 nullum
1493 1573 1678 1628 alium
1721 1571 1995 1641 fateatur,
2045 1575 2103 1626 et

437 1664 607 1720 illum
636 1662 916 1718 vanitatis
945 1666 1272 1731 auctorem,
1292 1661 1632 1734 ducemque
1658 1665 1885 1717 asserat
1910 1659 2102 1733 perdi-

436 1755 660 1808 torum.
688 1749 982 1805 Continuo
1007 1749 1107 1804 Dei
1140 1764 1347 1804 servus
1377 1748 1489 1804 sub
1537 1748 1751 1819 grandi
1776 1752 1832 1804 et
1858 1747 2099 1804 ferocis-

439 1839 594 1895 simo
644 1838 864 1910 judicis
917 1840 1087 1893 motu
1140 1837 1446 1908 conjectus
1504 1836 1821 1907 ergastulis
1879 1836 2099 1892 arctius

440 1931 767 1985 coactatur.
791 1929 977 1990 Quem
1001 1941 1204 1982 coram
1223 1943 1284 1981 se
1312 1932 1452 1998 post
1480 1925 1706 1999 aliquot
1735 1926 1862 1982 dies
1881 1925 2104 1997 jubens

439 2018 736 2084 assistere,
767 2017 916 2071 dum
959 2015 1082 2071 suis
1113 2015 1636 2072 adhortationibus
1668 2023 1723 2072 et
1751 2023 1769 2044 ⁸
1793 2013 2103 2072 lenociniis

438 2107 753 2182 quoddam
785 2105 1109 2162 verborum
1149 2103 1404 2178 profano
1447 2105 1959 2177 ritui‘fmancipare
1988 2108 2105 2159 stu-

439 2197 538 2254 det
569 2212 678 2252 nec
709 2194 1029 2270 praevalet:
1063 2195 1431 2268 pertinacem
1475 2197 1534 2250 in
1563 2200 1769 2250 sancto
1795 2193 2103 2266 proposito

439 2285 689 2342 militem
729 2284 944 2339 Christi
974 2283 1231 2356 equuleo
1266 2283 1564 2339 viventem
1591 2282 1898 2356 imposuit,
1933 2297 2102 2337 ense-

439 2390 559 2449 que
591 2372 987 2429 transfossum
1034 2371 1285 2444 peremit
1331 2388 1391 2426 1v
1413 2372 1718 2426 Kalendas
1747 2370 1953 2435 Julias,
1987 2385 2105 2426 aera

441 2479 729 2520 ncccxcw.
763 2461 945 2531 Cujus
971 2475 1192 2532 corpus
1243 2475 1381 2514 cum
1429 2464 1566 2532 post
1614 2458 1835 2514 multos
1873 2459 2000 2514 dies
2032 2476 2103 2514 ex

442 2555 746 2626 praecepto
793 2548 1015 2621 judicis
1066 2548 1141 2604 de
1188 2548 1458 2620 patibulo
1489 2549 1907 2620 deponeretur,
1941 2549 2106 2620 cuju-

444 2642 621 2697 sdam
650 2638 911 2709 religiosi
951 2637 1189 2694 solertia
1233 2638 1422 2693 sancti
1452 2637 1660 2693 Aciscli
1703 2637 1962 2695 basilicae
2007 2639 2106 2696 de-

443 2732 735 2804 portatur,
770 2743 839 2782 ac
885 2726 1072 2797 digno
1121 2727 1500 2782 sacerdotum
1548 2727 1877 2784 ministerio
1915 2744 2105 2801 prope

444 2816 749 2875 tumulum
777 2814 1045 2888 praedicti
1086 2815 1388 2887 martyris,
1421 2822 1476 2872 et
1504 2816 1692 2873 sancti
1717 2816 1959 2873 Perfecti
2000 2817 2108 2872 hu-

445 2910 682 2963 matum
710 2909 821 2961 est.

1066 2997 1294 3053 CAPUT
1332 2998 1484 3051 XVII.

793 3084 882 3142 De
905 3085 1108 3141 Aurea
1133 3085 1367 3155 virgine
1391 3090 1446 3142 et
1477 3091 1768 3156 martyre.

525 3193 572 3246 1.
614 3193 694 3250 Ea
727 3193 1076 3264 tempestate
1099 3191 1264 3262 virgo
1285 3191 1568 3265 quaedam
1599 3191 1838 3264 nobilis,
1861 3193 2108 3250 nomine

447 3283 663 3351 Aurea,
695 3286 1040 3336 sanctorum
1070 3279 1329 3352 Adulphi
1375 3284 1431 3336 et
1467 3281 1714 3336 Joannis
1746 3285 2104 3354 martyrum,

447 3369 524 3424 de
557 3368 782 3441 quibus
812 3368 875 3424 in
909 3367 1390 3440 praecedentibus
1440 3369 1990 3442 memoravimusgb
2020 3387 2110 3426 so-

447 3471 569 3527 ror,
598 3472 732 3528 quae
781 3471 818 3510 a
864 3461 1131 3529 tempore
1164 3455 1484 3512 collisionis
1517 3473 1748 3528 eorum,
1777 3458 2110 3514 devotionis

448 3543 698 3617 praemio
726 3543 1106 3614 fungebatur,
1131 3560 1269 3600 cum
1292 3545 1566 3601 revelatis
1591 3562 1775 3602 sacrae
1806 3546 2110 3617 religionis

450 3632 660 3688 studiis
705 3632 769 3688 in
808 3633 1085 3689 coenobio
1113 3633 1554 3697 Cuteclariensi,
1581 3635 1750 3707 quod
1779 3635 2108 3708 antiquitus

449 3725 670 3778 sanctae
705 3727 762 3780 et
791 3722 1068 3793 gloriosae
1109 3723 1354 3793 virginis
1387 3723 1576 3780 Maria:
1609 3725 1835 3780 nomini
1874 3725 2112 3781 dedica-

447 3815 577 3868 tum
607 3816 714 3882 est,
741 3815 1152 3868 commaneret
1189 3812 1261 3885 (l)
1302 3827 1411 3886 per
1437 3827 1632 3869 annos
1657 3812 1842 3868 ferme
1873 3814 2111 3885 triginta

446 3905 505 3957 et
547 3901 829 3973 amplius.
872 3902 1101 3958 cunctis
1148 3901 1290 3958 ﬁdei
1345 3918 1469 3958 suae
1525 3901 1793 3958 notitiam
1849 3903 2108 3976 donans,

447 4005 559 4045 nec
604 3990 737 4045 ullis
789 3990 1156 4047 adumbrata
1201 3991 1548 4063 pavoribus,
1591 3992 2107 4049 conversationem

447 4077 878 4132 Christianismi
894 4078 984 4133 sui
1003 4078 1208 4151 patulo
1240 4078 1487 4148 gerebat
1509 4095 1858 4150 congressu.
1877 4084 1942 4138 Et
1964 4081 2110 4154 quia

449 4169 576 4221 erat
625 4165 956 4221 stemmatis
1003 4171 1138 4222 ortu
1187 4167 1526 4239 praecincta,
1565 4169 1901 4243 grandique
1946 4172 2105 4228 fastu

447 4251 717 4308 Arabicae
761 4253 1023 4309 traducis
1073 4254 1497 4324 exornabatur,
1529 4257 1730 4314 nullus
1768 4263 2107 4316 exterorum

445 4341 694 4410 virginis
749 4341 934 4397 ﬁdem
981 4349 998 4372 ο
1047 4343 1351 4402 incursare
1406 4346 1688 4418 audebat,
1739 4349 1932 4405 donec
1977 4351 2108 4423 qui-

447 4430 592 4486 dam
621 4448 867 4488 suorum
903 4448 975 4489 ex
996 4434 1310 4507 provincia
1340 4437 1695 4509 Hispalensi,
1727 4439 1888 4495 unde
1915 4454 2106 4509 genus
2141 4435 2184 4488 D

446 4520 740 4587 trahebat,
803 4521 1105 4591 divinitus,
1171 4529 1235 4579 ut
1299 4525 1572 4591 arbitror,
1632 4529 1929 4597 concitati,
1983 4547 2108 4603 quo

437 4608 571 4680 jam
631 4609 832 4666 debita
889 4617 1028 4667 ante
1079 4613 1291 4668 mundi
1357 4615 1844 4672 constitutionem
1892 4620 2107 4691 virgini

445 4714 670 4755 corona
745 4701 1012 4774 martyrii
1086 4707 1417 4774 pararetur,
1473 4707 1528 4759 ct
1604 4708 1979 4776 praestantius
2043 4710 2105 4766 in

444 4789 783 4846 ccele~tibus
833 4791 908 4846 de
961 4796 1382 4848 consummato
1438 4792 1734 4851 laetaretur
1777 4797 2102 4872 triumpho,

444 4895 629 4935 causa
672 4880 1024 4952 explorandi
1077 4881 1156 4936 ad
1212 4897 1273 4937 se
1323 4881 1534 4953 perlati
1588 4886 1845 4940 rumoris
1896 4887 2101 4958 ﬁdem,

443 4984 514 5024 ac
563 4972 941 5041 propositum
992 4971 1263 5042 virginis,
1319 4972 1643 5043 venientes,
1701 4975 1910 5032 callide
1967 4995 2107 5034 con-

442 5055 726 5112 tribulam
772 5075 947 5114 suam
1001 5059 1192 5130 gratia
1238 5060 1264 5096 ά
1303 5061 1635 5134 sospitandi
1679 5081 1809 5121 sese
1852 5066 2104 5124 invisere

443 5143 832 5200 mentiuntur.
863 5147 1056 5211 Quam
1086 5163 1210 5203 non
1233 5148 1429 5205 solum
1461 5151 2104 5223 Christianam,verum

512 5277 536 5302 ιι
567 5267 734 5351 Forte
765 5269 1056 5351 lenocinio
1081 5273 1360 5343 quodam,
1391 5278 1494 5351 aut
1531 5277 1839 5351 lenociniis
1866 5282 2106 5351 quibus-

439 5340 1075 5469 ;lgngcggttlenociniis
1091 5340 1500 5414 ‘quorumdam
1534 5340 1891 5407 verborum:
1908 5357 1992 5409 Ita
2017 5369 2106 5409 re-

440 5427 532 5468 ϐῐθ
561 5427 780 5468 δΟΠΟῐῐ.

511 5483 538 5523 b
568 5483 845 5566 A'rtemiae
870 5484 1070 5566 igitur,
1102 5485 1176 5542 de
1207 5503 1328 5566 qua
1356 5488 1552 5566 lib.in,
1581 5507 1715 5566 cap.
1743 5496 1795 5559 8,
1825 5493 1967 5550 ﬁlia.
1994 5499 2105 5553 Mo-

435 5569 566 5608 BAL.
598 5555 718 5608 Hoc
746 5563 925 5636 caput
957 5557 1137 5636 vitam
1171 5555 1432 5616 continet
1463 5555 1558 5618 ες.
1594 5555 1862 5636 ῐεἸὸιγιξρι
1885 5568 2100 5636 Marim,

437 5641 624 5708 quain
652 5644 769 5708 nos.
791 5634 926 5698 post
955 5629 1384 5708 documentum
1417 5636 1686 5708 martyrii
1709 5635 1963 5708 edimus.

506 5701 524 5724 °
555 5698 720 5754 Forte
747 5699 1043 5758 incusare.
1077 5703 1376 5760 GUILLELM.
1407 5698 1662 5763 Curatius
1689 5705 1766 5762 ad
1795 5711 1858 5764 t0
1879 5709 2034 5765 Julii.

2211 462 2582 528 contuentes,
2614 457 2930 514 confestim
2981 457 3056 512 de
3101 472 3172 512 ea
3195 455 3383 527 judici
3408 455 3673 511 referunt
3713 471 3885 528 qum-

2212 547 2490 604 stionem.
2525 547 2634 614 Qui
2667 551 2722 603 et
2765 548 2894 619 ipse
2919 547 3053 618 jure
3082 544 3408 602 nativitatis
3435 543 3633 600 eidem
3663 544 3887 615 virgini

2209 635 2501 692 concretis
2531 635 2879 692 adherzebat
2913 633 3230 708 prosapiis.

2279 729 2333 780 2.
2375 724 2498 780 'l‘ali
2525 740 2670 795 ergo
2702 724 3042 780 stimulatus
3072 723 3379 791 relatione,
3413 723 3536 779 suis
3565 739 3702 780 eam
3735 722 3887 780 assi-

2210 818 2362 871 stere
2389 814 2610 886 jubens
2638 815 2970 882 obtutibus,
3005 830 3192 887 quate
3227 830 3291 869 se
3323 819 3445 870 tam
3470 813 3752 870 nobiliter
3778 827 3888 868 au-

2211 909 2371 960 ctam
2420 903 2715 960 famulatu
2762 905 2903 960 ﬁdei
2950 904 3298 960 Christianze
3341 903 3699 974 degenerem
3751 902 3890 958 red-

2211 993 2444 1063 diderit,
2499 992 2721 1065 vilique
2779 993 3086 1066 proposito
3136 997 3260 1049 tam
3308 993 3572 1066 praecelsi
3640 991 3885 1063 generis

2211 1077 2479 1133 infecerit
2507 1090 2530 1118 ο
2559 1077 2832 1143 infulam,
2866 1077 3141 1134 clementi
3188 1077 3521 1134 admodum
3559 1077 3888 1133 exhortatur

2210 1168 2548 1240 compellat.
2575 1191 2602 1218 «
2630 1167 2744 1224 Sed
2773 1169 3013 1240 poteris,
3039 1168 3252 1240 inquit,
3277 1183 3720 1241 quamprOpere
3739 1165 3884 1222 totis

2209 1257 2439 1314 absolvi
2468 1257 2830 1329 paedoribus,
2872 1258 3260 1330 debitamque
3291 1257 3660 1330 interpolatae
3704 1255 3888 1326 origi-

2209 1347 2304 1403 nis
2334 1347 2597 1419 recipere
2625 1347 2974 1415 claritatem,
3005 1349 3056 1402 si
3079 1347 3162 1402 tui
3191 1363 3404 1417 gerens
3431 1346 3801 1411 consultum,
3821 1344 3887 1398 ﬁ-

2209 1435 2306 1490 dei
2338 1439 2556 1491 nostrm
2611 1435 2871 1491 cultibus
2899 1435 3124 1491 intimis
3170 1441 3223 1491 te
3252 1436 3404 1491 votis
3437 1435 3882 1492 admittendam

2209 1523 2477 1593 elegeris,
2503 1523 2876 1595 summisque
2905 1522 3082 1578 nobis
3109 1522 3423 1579 affectibus
3453 1521 3880 1594 parens,quod

2212 1612 2524 1684 sequimur
2562 1613 2854 1684 sequaris,
2887 1616 2942 1667 et
2967 1627 3090 1684 quo
3121 1611 3419 1679 ducimur,
3450 1611 3532 1667 ire
3559 1610 3883 1668 contende-

2131 1725 2174 1778 Β
2210 1702 2310 1759 ris.
2337 1701 2395 1759 Si
2440 1718 2582 1758 vero
2613 1707 2668 1758 et
2699 1706 3075 1774 contemptos
3106 1718 3238 1768 nos,
3273 1707 3330 1757 et
3354 1702 3534 1757 etiam
3563 1717 3702 1773 quae
3737 1699 3881 1757 coli-

2213 1807 2350 1847 mus
2377 1791 2784 1862 abrogaveris,
2816 1795 2872 1846 et
2915 1790 3049 1846 illos
3079 1807 3236 1863 quos
3274 1791 3565 1846 hactenus
3600 1791 3884 1846 aemulata

2212 1896 2294 1945 es,
2326 1881 2541 1935 intuitu
2566 1880 2705 1935 ﬁdei
2724 1885 2948 1936 sectare
2977 1879 3310 1936 decreveris
3336 1898 3349 1948 ;
3384 1885 3522 1952 post
3545 1879 3711 1935 varia
3733 1880 3884 1935 dirae

2212 1969 2594 2025 cruciationis
2625 1973 2942 2031 tormenta,
2974 1973 3114 2040 post
3145 1969 3564 2041 multiplicium
3595 1967 3878 2024 dolorum

2210 2058 2511 2115 immensa
2541 2057 2855 2130 supplicia,
2889 2072 3023 2129 quae
3056 2057 3267 2113 merito
3299 2057 3444 2113 tanti
3475 2057 3742 2113 criminis
3777 2073 3882 2113 rea

2209 2147 2524 2220 rependes,
2556 2151 2860 2220 postremo
2890 2146 3244 2218 turpissimae
3276 2146 3483 2202 mortis
3513 2145 3877 2218 supplicium

2210 2237 2496 2294 incurres.
2527 2259 2554 2286 »
2601 2240 2816 2293 Ferunt
2844 2235 3058 2292 eodem
3088 2241 3397 2292 momento
3430 2235 3719 2306 virginem
3764 2235 3880 2292 sub

2208 2325 2426 2396 judicis
2446 2325 2866 2397 objurgatione
2887 2325 3164 2396 cessisse,
3188 2330 3246 2381 et
3273 2341 3452 2381 omne
3483 2325 3596 2380 sibi
3623 2325 3884 2398 impera-

2214 2419 2341 2470 tum
2385 2414 2635 2470 libenter
2665 2414 3123 2486 exsequendum
3169 2414 3454 2487 polliceri.
3491 2417 3556 2470 Et
3583 2413 3730 2486 quia
3758 2430 3884 2470 me-

2211 2503 2326 2560 lius
2365 2502 2440 2559 de
2488 2503 2668 2559 rebus
2711 2519 2834 2559 non
2865 2501 2879 2531 ¹
2909 2503 3166 2576 expertis
3209 2503 3505 2558 silendum
3549 2507 3656 2573 est,
3689 2520 3884 2576 quam

2212 2592 2542 2666 procaciter
2588 2592 2893 2663 incognita
2932 2591 3241 2657 ventilare,
3290 2593 3462 2663 cujus
3504 2593 3588 2648 rei
3626 2591 3884 2649 obtentu

2212 2677 2338 2734 haec
2373 2678 2506 2750 ipsa
2551 2677 2789 2748 negatio
2839 2682 3166 2748 martyrem
3197 2677 3459 2732 futuram
3487 2677 3880 2750 subrepserit,

2216 2772 2417 2823 utrum
2449 2767 2766 2823 formidine
2789 2767 3006 2834 carnis,
3040 2783 3117 2822 an
3149 2783 3333 2822 causa
3363 2767 3727 2840 disponendi
3752 2785 3882 2823 rem

2215 2851 2596 2918 familiarem,
2627 2851 3037 2923 incompertus
3065 2851 3376 2908 testiﬁcare
3398 2868 3519 2908 non
3546 2852 3768 2919 audeo,
3799 2853 3886 2909 ni-

2216 2941 2265 2995 si
2293 2939 2441 2995 forte
2489 2957 2562 2996 ex
2605 2939 2936 2995 subsecutis
2985 2940 3319 3007 eventibus,
3351 2940 3574 3012 quibus
3605 2945 3883 3014 postmo-

2217 3029 2365 3085 dum
2391 3029 2761 3085 obstinanter
2786 3029 2846 3084 in
2868 3028 3237 3102 professione
3258 3029 3614 3102 perdurans,
3638 3047 3882 3104 prome-

2215 3119 2392 3175 ritam
2449 3119 2669 3192 adepta
2724 3125 2815 3174 est
2863 3117 3156 3182 lauream,
3227 3123 3290 3175 ut
3345 3135 3478 3175 sese
3534 3123 3883 3192 conjectura

2216 3206 2540 3263 arbitratus
2566 3205 2820 3261 humani
2866 3205 3068 3274 habet,
3101 3208 3296 3262 carnis
3344 3207 3510 3264 illam
3537 3207 3881 3266 inﬁrmitate

2217 3312 2340 3352 non
2371 3295 2763 3352 succubuisse
2794 3295 3136 3351 credamus.

2289 3386 2340 3438 3.
2372 3380 2550 3450 Igitur
2588 3387 2724 3452 post
2765 3380 3037 3436 auditam
3080 3380 3268 3452 judex
3325 3381 3443 3437 oris
3487 3381 3616 3453 ejus
3656 3384 3881 3455 profes-

2218 3471 2469 3538 sionem,
2501 3486 2625 3542 qua
2649 3470 2818 3542 juxta
2850 3487 3062 3525 omnes
3109 3471 3256 3527 ritus
3302 3471 3446 3541 legis
3501 3489 3623 3527 suae
3665 3473 3881 3545 degere

2219 3559 2661 3634 spoponderat;
2684 3559 2839 3616 illico
2862 3560 3146 3631 abeundi,
3179 3577 3544 3634 quocunque
3565 3561 3710 3626 vult,
3739 3564 3882 3619 sibi-

2217 3656 2342 3706 met
2386 3649 2656 3705 libertate
2705 3648 2940 3714 collata,
2970 3667 3001 3705 e
3047 3649 3295 3720 vestigio
3326 3650 3577 3706 domum
3618 3653 3881 3722 regredi-

2219 3746 2330 3807 tur,
2364 3757 2434 3795 ac
2487 3739 2642 3795 sicut
2684 3739 2850 3812 prius
2881 3739 3145 3795 militans
3179 3739 3429 3809 Christo,
3458 3740 3798 3798 nullatenus
3849 3760 3883 3799 a

2218 3829 2529 3902 proposito
2575 3833 2799 3884 sancta:
2850 3828 2990 3884 fidei
3045 3828 3334 3899 desuevit,
3374 3845 3486 3884 nec
3535 3846 3570 3886 a
3612 3831 3881 3888 fidelium

2217 3918 2613 3974 contubernio
2645 3934 2708 3974 se
2733 3933 2917 3990 passa
2942 3923 3028 3972 est
3051 3917 3400 3988 disgregari,
3423 3919 3570 3991 quin
3600 3921 3800 3992 potius
3821 3923 3883 3977 il-

2215 4008 2414 4064 lorum
2442 4024 2711 4080 persaepe
2739 4024 2800 4062 se
2823 4007 3076 4063 cmtibus
3105 4023 3446 4078 conserens,
3469 4024 3623 4081 quos
3649 4010 3880 4082 pietatis

2215 4097 2422 4167 religio
2455 4097 2883 4169 perlustrabat,
2917 4095 3232 4166 condignis
3278 4095 3516 4153 ﬂetibus
3546 4098 3879 4174 affectuun

2213 4186 2448 4242 interno
2477 4186 2720 4259 lapsum
2748 4186 2966 4256 linguae
2998 4186 3343 4258 deplorans,
3374 4187 3500 4259 spei
3531 4204 3655 4244 suae
3675 4205 3878 4246 veram

2214 4275 2502 4332 ﬁduciam
2535 4275 2612 4330 ad
2639 4275 3051 4348 Redemptoris
3086 4275 3290 4345 alligat
3331 4275 3791 4350 indulgentiam,
3835 4282 3880 4337 si

2217 4364 2362 4420 forte
2423 4369 2590 4420 reatu
2645 4363 3152 4437 praevaricationis
3204 4364 3532 4420 obnoxiam
3580 4366 3875 4425 famulam

2215 4469 2336 4509 non
2368 4453 2632 4527 repellat,
2667 4452 2768 4526 qui
2803 4453 3137 4508 adulteram
3172 4451 3248 4507 ab
3291 4452 3468 4508 exitio
3497 4452 3876 4526 lapidationis

2215 4544 2471 4617 eripiens
2503 4545 2671 4601 (Joan
2730 4561 2846 4606 vm.
2885 4544 2991 4615 11),
3026 4547 3259 4599 Petrum
3307 4559 3341 4599 a
3392 4545 3574 4600 maris
3599 4545 3876 4604 ﬂuctibus

2214 4632 2603 4688 incubantem
2632 4632 2965 4705 apostolico
2997 4631 3344 4688 iuncturum
3384 4633 3647 4706 primatu
3675 4652 3874 4710 recep-

2214 4723 2298 4776 tat
2338 4722 2578 4792 (Matth.
2631 4738 2740 4788 xw,
2773 4723 2883 4794 31),
2936 4722 3250 4794 furemque
3289 4728 3309 4757 ⁸
3353 4721 3665 4794 patricidio
3716 4723 3873 4778 coin-

2213 4810 2533 4882 quinatum
2599 4827 2708 4866 suo
2768 4811 3074 4867 comitatui
3123 4809 3473 4883 paradisum
3520 4809 3874 4867 lustraturus

2214 4899 2470 4956 admittit
2537 4902 2712 4972 (Luc.
2780 4919 2935 4969 xxni,
3004 4902 3125 4972 43).
3191 4902 3311 4955 Nec
3376 4900 3588 4956 obesse
3654 4900 3876 4957 ﬁdebat

2212 4988 2519 5062 praelargae
2550 4994 2606 5046 et
2635 4989 3093 5063 incomparabili
3136 4989 3372 5046 Domini
3414 4989 3620 5061 pietati
3656 4989 3874 5047 inutilis

2213 5077 2455 5135 famulae
2486 5083 2981 5136 momentaneum
3013 5079 3262 5143 crimen,
3283 5077 3448 5152 apud
3467 5094 3653 5150 quem
3682 5079 3874 5135 multi-

2214 5163 2398 5220 moda
2425 5163 2727 5220 miseratio
2758 5169 2814 5219 et
2839 5163 3171 5236 redemptio
3205 5164 3450 5236 copiosa
3467 5167 3523 5218 et
3539 5162 3872 5221 exuberans

2283 5285 2303 5315 ⁴
2334 5286 2554 5342 Schott.
2587 5291 2644 5342 et
2669 5303 2808 5342 cum
2838 5302 2908 5341 eo
2936 5287 3204 5358 Cuperus
3234 5285 3601 5358 hospitamli.

2285 5366 2306 5392 °
2339 5359 2490 5412 Bene
2523 5360 2809 5429 Cuperus:
2838 5360 2957 5414 Per
2977 5357 3230 5413 infulam
3254 5359 3351 5413 hic
3375 5357 3778 5425 metaphorice
3800 5358 3871 5412 si-

2212 5429 2542 5499 gniﬁcatur
2572 5431 2766 5497 turpis
2814 5430 3100 5498 dignitas,
3131 5436 3195 5485 ut
3227 5445 3301 5485 ex
3337 5444 3511 5483 sensu
3541 5429 3865 5499 colligitur.

2285 5499 2298 5528 ‘
2328 5501 2390 5553 In
2412 5501 2592 5554 veteri
2617 5503 2877 5568 expertis
2907 5501 3326 5555 tantummodo
3358 5500 3485 5568 fuit,
3514 5498 3620 5554 sed
3660 5499 3870 5554 descri-

2214 5571 2398 5642 ptoris
2424 5571 2588 5626 haud
2615 5572 2794 5626 dubie
2819 5571 2978 5636 vitio,
2997 5589 3132 5626 cum
3167 5571 3365 5626 sensui
3394 5576 3594 5643 aperte
3615 5570 3868 5639 refraga-

2214 5648 2394 5713 retur.
2419 5643 2560 5713 Ideo
2592 5659 2701 5697 nos
2729 5644 3110 5710 negationem
3141 5643 3494 5713 adjecimus.
3519 5645 3735 5697 Momm.

2278 5727 2302 5765 ι
2331 5712 2457 5769 Vid.
2487 5714 2679 5770 Schol.
2719 5714 2782 5770 in
2812 5714 3202 5787 Apologetic.,
3223 5712 3398 5770 num.
3439 5719 3485 5769 ί.
