3960 6408
72 277 166 330 817
1120 269 1550 328 MEMORIALIS
1590 267 2039 327 SANCTORUM.
2081 301 2151 315 —
2192 271 2321 328 LIB.
2365 271 2458 326 Ill.

3413 278 3516 333 818

71 397 359 473 praevenit
382 395 585 466 gratiae
612 393 775 451 dono
804 395 1106 465 indignos,
1139 400 1196 450 et
1243 394 1466 466 quibus
1515 390 1739 447 strenui
1777 396 1824 448 Α
1854 397 2003 450 Tum
2023 396 2213 467 virgo,
2246 414 2383 470 quae
2407 413 2470 452 se
2503 401 2748 453 noverat
2778 397 2854 453 ad
2883 396 2999 454 tale
3049 399 3180 468 jam
3233 398 3518 454 divinitus

71 487 289 544 laboris
301 485 603 558 stipendia
620 485 788 540 nulla
803 484 1210 558 suppeditant,
1225 483 1503 539 consulta
1523 482 1741 554 pietate

69 576 379 650 justiticat.
394 579 584 645 Auget
603 577 894 647 praeterea
911 573 1084 643 virgo
1103 577 1310 628 sancta
1330 569 1744 644 compunctio—

73 684 228 733 nem,
261 665 536 722 studium
555 663 1000 721 lamentationis
1027 661 1402 735 multiplicat,
1424 660 1581 717 votis
1605 663 1744 716 vota

73 756 472 828 congeminat,
507 759 564 812 et
593 754 898 827 duplicato
922 770 1179 809 maerore
1209 752 1548 824 aﬂ'ectuque
1575 766 1742 806 men-

75 853 186 904 tem
217 861 579 919 perurgens,
597 861 672 900 ne
691 860 976 916 supremo
999 842 1275 899 examine
1298 846 1402 898 aut
1422 841 1496 896 de
1521 838 1742 894 scelere

76 936 480 991 condemnata
510 938 733 989 aeterno
760 932 1136 1005 mancipetur
1195 929 1514 1003 supplicio,
1573 931 1679 983 aut
1707 943 1745 982 a

78 1024 372 1081 consortio
394 1024 647 1079 fratrum
669 1037 939 1088 suorum,
966 1019 1226 1092 Adulphi
1249 1018 1471 1074 scilicet
1491 1021 1548 1072 et
1566 1017 1744 1072 Joan-

78 1114 162 1171 nis
185 1117 528 1185 martyrum
557 1112 900 1173 beatorum,
931 1109 1215 1179 congruis
1263 1107 1620 1164 meritorum
1658 1119 1745 1161 re-

80 1203 308 1276 pagulis
341 1201 717 1265 dctrudatur,
751 1199 1024 1255 felicibus
1048 1199 1201 1254 votis
1227 1196 1538 1253 adnititur.

142 1294 192 1348 4,
227 1291 375 1346 Exin
406 1291 570 1346 claro
599 1288 1018 1361 intrepidoque
1071 1302 1360 1361 processu
1406 1284 1746 1357 frequenter

82 1380 384 1437 ecclesiam
418 1380 654 1450 adiens,
681 1378 1060 1449 jamjamque
1087 1377 1148 1432 in
1163 1374 1377 1430 virtute
1397 1372 1633 1429 Domini
1654 1389 1745 1428 ro-

80 1469 302 1533 borata,
336 1469 588 1526 terrenis
613 1467 918 1524 abstracta
930 1465 1220 1536 contagiis
1242 1469 1299 1522 et
1319 1463 1544 1521 caelesti
1565 1462 1746 1519 curiae

20 1605 31 1628 ,
82 1559 312 1616 anhelat
343 1557 711 1614 ascribenda
754 1574 766 1612 :
815 1557 863 1612 si
893 1554 1043 1612 forte
1073 1555 1437 1626 cujusquam
1481 1551 1744 1608 recidivo

83 1647 522 1705 contestationis
550 1651 761 1702 eventu
788 1645 848 1701 in
875 1644 974 1716 jus
1006 1643 1208 1700 denuo
1244 1643 1594 1698 mitteretur.
1631 1639 1746 1698 Sed

81 1737 200 1796 haec
227 1737 484 1795 callidus
513 1741 803 1793 veterator
823 1751 946 1792 non
969 1734 1174 1790 leviter
1194 1734 1410 1801 ferens,
1438 1747 1579 1788 eum
1599 1730 1746 1786 ﬁde-

81 1827 200 1884 liori
227 1827 552 1884 conciliatu
584 1842 778 1899 nuper
803 1825 1102 1898 elapsam,
1131 1821 1393 1879 Creatori
1421 1837 1534 1876 suo
1582 1835 1745 1876 nunc

83 1926 252 1992 quam
286 1923 472 1974 antea
493 1916 746 1973 militare
765 1914 1055 1985 intelligit,
1075 1928 1186 1969 nec
1206 1913 1265 1968 in
1280 1912 1483 1986 aliquo
1508 1910 1748 1984 penitus

83 2007 364 2080 profuisse
383 2003 912 2063 circumventionis
941 2020 1062 2058 suae
1100 2002 1472 2075 praestigium
1505 2003 1749 2056 contue-

85 2102 188 2169 tur,
216 2098 364 2170 quin
389 2096 614 2168 injecto
642 2099 886 2167 stupore
913 2091 1119 2148 nescio
1145 2091 1319 2162 cujus
1339 2088 1746 2156 hebetudinis,

21 2203 36 2231 ι
88 2190 483 2243 transversam
518 2183 765 2255 virginis
790 2182 1063 2253 linguam
1087 2197 1123 2237 a
1146 2178 1523 2254 professione
1544 2177 1751 2234 verita“

89 2275 150 2331 tis
175 2275 376 2332 leviter
405 2280 469 2330 et
493 2272 893 2348 perfunctorie
940 2273 1398 2337 contestaverat,
1449 2283 1574 2339 ore,
1624 2280 1750 2323 non

92 2366 252 2422 corde
280 2365 472 2422 fuisse
497 2363 798 2420 sublatam
830 2361 1150 2418 advertens
1176 2359 1374 2429 ;haud
1391 2358 1574 2414 dubie
1605 2373 1750 2414 con-

92 2453 459 2512 daemonibus
484 2453 562 2509 de
590 2456 909 2509 extenuato
959 2465 1141 2506 cursu
1197 2448 1604 2522 conqueritur,
1664 2445 1752 2503 di-

94 2561 217 2600 cens
248 2563 262 2602 :
292 2568 319 2596 ‹‹
356 2547 494 2601 Haec
524 2543 742 2600 caelebs
770 2541 1008 2615 pridem
1040 2557 1136 2596 me
1167 2539 1341 2596 labiis
1367 2537 1609 2595 fortuito
1636 2537 1746 2592 ho-

93 2650 301 2690 norans
328 2634 520 2690 modo
551 2649 655 2689 cor
683 2632 815 2704 ejus
849 2630 1242 2702 prmcinctum
1271 2628 1488 2684 virtute
1545 2641 1750 2699 super-

97 2741 183 2790 na,
215 2725 428 2796 grandi
459 2724 705 2796 objectu
727 2739 764 2780 a
792 2722 942 2778 meis
972 2721 1315 2794 disparatur
1372 2717 1684 2775 illecebris.
1716 2741 1746 2767 »

21 2813 31 2827 '
97 2815 154 2870 Et
180 2814 395 2871 idcirco
421 2812 758 2888 quemdam
789 2813 851 2867 in
884 2809 1363 2884 persecutionem
1394 2809 1588 2864 beatae
1639 2807 1749 2863 vir-

97 2904 235 2972 ginis
264 2904 574 2977 pruritans
605 2902 827 2973 denuo,
861 2900 940 2957 ad
969 2896 1442 2973 perquirendam
1470 2902 1748 2970 tyronem

95 2991 220 3049 ﬁdei
241 3011 362 3050 sua:
393 2991 707 3065 compulit.

1853 486 2105 542 electam
2134 490 2458 554 certamen,
2493 491 2556 542 ut
2587 492 2711 543 erat
2757 486 3249 559 prudentioribus
3296 487 3520 545 diserta

1852 574 2172 646 facundiis,
2206 583 2416 633 sancto
2443 577 2571 647 jam
2597 576 2960 650 perlustrata
2984 581 3282 650 respectu,
3327 577 3521 648 judici

1851 665 2053 721 refert:
2071 685 2100 719 ‹
2125 669 2447 739 Nunquam
2461 682 2497 722 a
2515 666 2746 723 Christo
2769 667 2887 722 Deo
2903 681 3042 722 meo
3061 671 3337 739 seperate.
3357 684 3516 739 sum,

1850 770 2167 827 nunquam
2200 773 2236 812 a
2262 756 2548 826 religione
2579 755 2813 828 pietatis
2860 756 2991 827 ejus
3046 756 3316 826 discessi,
3365 773 3519 813 nune

1851 860 2039 916 quam
2066 844 2586 916 profanationibus
2607 845 2817 900 vestris
2866 845 2962 901 vel
3013 845 3091 902 ad
3141 851 3519 903 momentum

1850 933 2085 1004 inhaesi,
2111 935 2246 990 licet
2276 935 2510 990 dudum
2535 951 2742 991 coram
2775 939 2850 999 te,
2876 935 3054 1010 lapsu
3085 936 3356 1008 quodam
3395 953 3519 992 ser-

1851 1024 2071 1094 monis,
2102 1025 2310 1097 lingua
2337 1026 2739 1082 succubuerit.
2777 1029 2912 1082 Erat
2940 1031 3144 1083 autem
3170 1043 3273 1083 cor
3312 1043 3520 1083 meum

1851 1111 2142 1169 ﬁduciam
2173 1114 2409 1170 habens
2442 1114 2501 1169 iu
2534 1114 2810 1178 Domino,
2841 1115 2946 1187 qui
2974 1131 3071 1170 me
3102 1131 3351 1171 suarum
3377 1131 3519 1188 pro-

1853 1203 2213 1258 missionum
2234 1203 2528 1259 introrsus
2546 1203 2931 1259 adminiculis
2956 1204 3247 1274 erigebat,
3269 1205 3476 1260 dicens
3503 1223 3516 1260 :

1857 1292 1974 1360 Qui
1999 1293 2185 1348 credit
2216 1293 2279 1348 in
2306 1308 2415 1356 me,
2450 1293 2626 1348 etiam
2681 1293 2733 1347 si
2781 1298 3052 1348 mortuus
3094 1293 3304 1364 fuerit,
3364 1295 3521 1351 vivet

1857 1381 2046 1451 (Joan.
2074 1397 2134 1447 ιι,
2167 1381 2276 1452 25),
2311 1380 2452 1436 Inde
2493 1380 2775 1453 quamvis
2826 1381 3190 1437 verbotenus
3232 1381 3522 1455 laqueum

1853 1470 2364 1544 praevaricationis
2383 1469 2759 1537 incurrerim,
2793 1470 2998 1526 vivido
3043 1473 3246 1527 tamen
3299 1476 3523 1528 sanctae

1857 1559 2222 1617 credulitatis
2250 1566 2454 1617 tenore
2475 1576 2578 1616 cor
2593 1561 3025 1634 praemunitum
3043 1561 3350 1632 gerebam.
3372 1565 3524 1618 Nam

1859 1649 2062 1706 statim
2089 1667 2213 1724 quo
2245 1666 2282 1706 a
2307 1654 2362 1706 te
2379 1649 2656 1720 digressa
2683 1667 2844 1718 sum,
2867 1655 2924 1707 et
2943 1651 3095 1708 votis
3119 1655 3175 1708 et
3211 1650 3524 1708 affectibus

1787 1745 1830 1806 Β
1859 1739 2216 1812 lacrymosis
2247 1757 2433 1814 quem
2465 1740 2543 1796 ab
2574 1739 2826 1797 infantia
2852 1757 2992 1797 mea
3018 1740 3349 1798 didiceram
3407 1740 3528 1798 cul-

1859 1833 1991 1886 tum
2021 1829 2277 1897 exercui,
2312 1828 2497 1886 ﬁdem
2523 1829 2778 1898 servavi,
2809 1831 3191 1904 propositum
3212 1830 3389 1901 gessi.
3422 1834 3528 1887 Re-

1862 1923 1979 1975 stat
2007 1934 2150 1988 ergo
2177 1919 2305 1991 jam
2336 1935 2520 1983 nunc,
2580 1923 2646 1975 ut
2695 1919 3034 1976 secundum
3085 1920 3524 1994 profanationis

1857 2013 2069 2065 vestrae
2095 2009 2298 2076 ritum,
2328 2014 2431 2065 aut
2462 2009 2665 2080 gladio
2690 2009 2928 2066 vindice
2951 2009 3188 2082 puniar,
3221 2015 3327 2066 aut
3349 2010 3398 2065 si
3432 2011 3524 2066 in-

1859 2097 2052 2153 ultum
2068 2097 2368 2170 praeterire
2394 2097 2623 2153 factum
2644 2097 3069 2168 hujuscemodi
3095 2101 3312 2170 potest,
3341 2098 3416 2154 de
3436 2115 3526 2154 re-

1857 2185 2023 2259 liquo
2049 2190 2174 2241 tota
2194 2201 2290 2241 me
2316 2185 2584 2242 libertate
2603 2185 2682 2242 ad
2708 2185 3142 2242 cohaerentium
3164 2186 3393 2244 Christo
3419 2189 3526 2244 Do-

1858 2275 2026 2332 mino
2049 2275 2077 2314 b
2107 2275 2508 2348 praetermitte.
2536 2297 2565 2325 »

1931 2367 1982 2418 6.
2025 2366 2186 2420 Tunc
2202 2363 2683 2421 immanissimus
2701 2363 2922 2421 arbiter
2934 2363 3180 2435 virginis
3197 2364 3528 2421 assertione

1860 2469 2210 2525 succensus,
2244 2454 2507 2510 facturus
2530 2453 2605 2510 de
2637 2469 2710 2510 ea
2737 2454 2864 2525 regi
2891 2453 3265 2522 relationem,
3326 2469 3529 2524 ergas-

1860 2540 1994 2596 tulis
2020 2541 2763 2616 mancipavit,ingentique
2780 2542 3164 2599 vinculorum
3186 2558 3367 2598 onere
3384 2557 3526 2599 coa-

1857 2630 2084 2686 rctavit.
2104 2633 2296 2697 Quam
2315 2630 2431 2687 alio
2455 2631 2550 2686 die
2564 2647 2671 2704 per
2691 2631 2997 2687 decretum
3020 2629 3306 2704 principis
3323 2629 3526 2700 gladio

1860 2719 2192 2791 trucidans,
2219 2719 2534 2777 confestim
2570 2720 2848 2776 exanime
2897 2736 3120 2794 corpus
3165 2720 3295 2791 ejus
3331 2720 3530 2792 cujus-

1860 2809 2004 2865 dam
2025 2809 2343 2865 homicidae
2363 2808 2660 2882 patibulo,
2681 2809 2786 2882 qui
2805 2813 2944 2865 ante
2979 2823 3210 2882 paucos
3238 2807 3366 2864 dies
3404 2806 3530 2864 afﬁ-

1859 2915 1973 2954 xus
2003 2900 2218 2963 fuerat.
2250 2899 2445 2974 capite
2475 2899 2763 2956 deorsum
2783 2898 3074 2972 suspendi
3089 2897 3395 2971 praecipit;
3428 2913 3530 2953 cu-

1855 2989 1956 3060 jus
1976 2988 2224 3046 beatum
2250 2989 2510 3045 cadaver
2531 3004 2670 3044 cum
2696 2989 2924 3045 caeteris
2970 2987 3176 3044 furum
3215 2986 3526 3056 membris,

160 3088 206 3139 5.
247 3084 528 3142 Nonnulli
555 3084 784 3139 interea
816 3080 1128 3152 gentilium
1179 3079 1309 3150 ejus
1362 3077 1747 3174 explorante-s
1790 3119 1830 3174 Ο
1859 3078 1964 3150 qui
1987 3081 2127 3135 tunc
2157 3078 2236 3134 ob
2253 3077 2548 3148 ﬂagitium
2569 3077 2910 3148 interempti
2937 3081 3096 3146 sunt,
3144 3077 3374 3132 Baeticis
3420 3076 3530 3131 im-

97 3176 622 3239 conversalionem,
656 3172 1047 3228 nihilominus
1065 3171 1237 3241 juxta
1266 3168 1531 3242 priorem
1581 3164 1751 3222 habi-

101 3268 212 3319 tum
228 3265 434 3322 Christi
455 3264 753 3321 famulam
777 3261 1161 3334 reperientes,
1183 3259 1340 3314 illico
1361 3257 1435 3313 de
1457 3273 1529 3312 ea
1541 3271 1750 3312 coram

97 3352 278 3423 judice
299 3359 582 3427 questum
604 3353 937 3426 deponunt,
971 3349 1197 3404 crimen
1230 3350 1528 3414 asserunt,
1554 3344 1752 3401 dolos-

101 3459 204 3516 que
232 3444 614 3518 praetendunt
638 3462 651 3512 ;
686 3447 746 3498 et
765 3445 830 3497 ut
860 3441 1007 3497 tanti
1038 3439 1268 3496 abusus
1293 3434 1754 3510 praesumptioni

101 3530 303 3588 vindex
330 3536 630 3602 occurrat,
662 3530 933 3602 talesque
965 3543 1151 3584 ausus
1175 3525 1352 3598 legali
1403 3524 1751 3581 auctoritate

101 3619 382 3689 percellat,
413 3619 716 3694 perversis
736 3618 959 3688 linguis
990 3616 1384 3674 contendunt.
1419 3613 1528 3679 Qui
1566 3612 1751 3686 proti-

102 3721 203 3762 nus
231 3709 568 3766 vehementi
593 3710 682 3765 ira
715 3711 1076 3773 commotus,
1109 3704 1394 3761 ferocium
1418 3701 1750 3760 truculento

105 3797 398 3855 satellitum
426 3797 758 3855 ministerio
787 3797 908 3852 suis
939 3812 1075 3852 eam
1107 3798 1403 3851 attrahere
1421 3791 1751 3866 conspecti-

105 3883 205 3941 bus
225 3888 459 3959 jubens,
488 3888 649 3943 illico
678 3887 1003 3944 exhibitam
1047 3885 1120 3940 de
1161 3887 1510 3955 contemptu
1555 3897 1752 3955 nuper

107 3975 284 4048 adepti
308 3979 505 4035 cultus
533 3978 862 4048 redarguit,
891 3976 966 4032 de
989 3975 1264 4045 neglectu
1287 3973 1571 4047 promissi
1593 3989 1751 4028 com-

108 4065 348 4123 minatur
367 4068 682 4143 propositi,
708 4073 763 4123 et
784 4084 890 4123 cur
909 4067 1052 4122 tanti
1081 4079 1102 4104 ε’
1131 4066 1281 4137 juris
1303 4064 1608 4120 decretum
1627 4079 1748 4118 non

25 4151 38 4168 ’
109 4156 337 4213 reverita
386 4158 481 4218 sit,
542 4156 874 4213 horrisonis
921 4159 1308 4229 percontatur
1355 4151 1745 4209 clamoribus.

172 4309 193 4336 °
221 4298 434 4356 Forsan
454 4301 707 4371 judicis.

1860 3183 2126 3222 mersum
2159 3166 2495 3237 gurgitibus
2519 3165 2755 3222 nullum
2786 3167 3080 3221 hactenus
3134 3163 3529 3236 comparendi

1860 3258 2178 3328 vestigium
2199 3254 2472 3329 prirbuit.
2503 3255 2770 3311 Christus
2817 3259 3021 3310 autem
3046 3253 3202 3310 Deus
3232 3258 3287 3309 et
3331 3253 3528 3308 Domi-

1859 3365 1976 3405 nus
1989 3352 2212 3415 noster,
2244 3345 2350 3419 qui
2382 3349 2474 3401 est
2493 3344 2590 3418 adj
2600 3349 2734 3400 utor
2752 3344 3105 3400 bellantium
3117 3348 3174 3399 et
3189 3347 3528 3414 martyrum

1861 3442 2200 3504 coronator,
2225 3435 2332 3508 qui
2356 3435 2462 3491 dat
2488 3434 2666 3490 lassis
2696 3434 2992 3496 virtutem,
3024 3449 3088 3489 se
3145 3448 3390 3505 quoque
3434 3448 3527 3488 re-

1859 3525 2140 3599 quirendi
2162 3525 2445 3581 aﬂ‘ectum
2467 3522 3129 3595 insinuans,providam
3141 3520 3424 3595 pulsandi
3438 3521 3529 3592 ja-

1859 3632 2047 3672 nuam
2068 3612 2493 3670 misericordia:
2517 3629 2640 3667 suae
2663 3611 2891 3668 confert
2909 3611 3324 3680 intentionem,
3368 3608 3525 3665 mul-

1861 3704 2089 3762 timodo
2116 3720 2315 3758 rerum
2338 3701 2552 3758 effectu
2574 3700 2912 3757 secundum
2944 3699 3230 3773 placitam
3255 3699 3368 3754 sibi
3411 3699 3528 3754 dis-

1859 3795 2275 3868 pensationem
2291 3790 2626 3864 praescitam
2640 3794 2697 3846 et
2710 3790 3192 3863 praedestinatam
3206 3791 3342 3843 ante
3354 3802 3528 3842 mun-

1859 3884 1920 3938 di
1942 3881 2303 3956 principium
2325 3879 2403 3935 ad
2421 3895 2710 3934 coronam
2726 3878 2997 3949 martyrii
3018 3875 3310 3932 famulam
3347 3891 3524 3931 suam

1857 3973 1917 4029 in
1945 3989 2095 4045 pace
2126 3971 2408 4044 suscepit.
2435 3969 2539 4024 Cui
2561 3973 2650 4024 est
2667 3969 2863 4023 honor
2883 3972 2940 4023 et
2982 3965 3190 4038 gloria,
3231 3965 3419 4020 virtus
3467 3969 3524 4021 et

1858 4068 2123 4139 potestas
2143 4062 2202 4117 in
2226 4059 2446 4115 saecula
2463 4057 2842 4114 saeculorum.
2864 4063 3071 4112 Amen.
3119 4056 3415 4110 Coronata
3435 4059 3525 4111 est

1857 4153 1987 4209 haec
2003 4151 2170 4220 virgo
2190 4166 2286 4205 xxv
2319 4148 2627 4205 Kalendas
2650 4146 2923 4219 Augusti,
2985 4161 3105 4202 tera
3146 4160 3271 4218 qua
3314 4158 3517 4216 supra.

1927 4296 1953 4334 ι)
1993 4291 2380 4350 Connivendo
2411 4291 2610 4348 sinito.
2641 4293 2860 4348 MORAL.
