3960 6426
400 283 506 338 819

1595 274 1651 328 S.
1694 269 1976 327 EULOGI]
2013 267 2342 325 ΑΒοωΕΡ.
2382 266 2635 324 τους-ι’.

404 386 3833 435 W

1364 515 1738 634 ΒΑΝ
1740 511 2041 633 GT1
2146 510 2882 631 EULOGH

1087 901 2093 1023 DOCUMENTUM
2204 898 3157 1075 MARTiRIALE

1739 1191 2110 1251 EPISTOLJE
2147 1190 2486 1248 PRIEVIIE.

1905 1322 2318 1339 m—

951 1466 1222 1511 EULOGIUS
1257 1467 1499 1510 LLVARO.

396 1562 585 1620 Mittit
612 1560 695 1619 ad
719 1559 1019 1618 Alvarum
1040 1559 1473 1617 Documentum
1498 1559 1859 1627 martyriale
1899 1556 2057 1629 quod

469 1630 801 1758 virginibus
816 1631 1015 1687 Florae
1034 1636 1089 1688 et
1103 1629 1320 1686 Mariae
1333 1634 1680 1713 scripserat,
1699 1632 2055 1755 priusguam

470 1705 550 1758 eis
595 1718 684 1758 em
718 1702 1031 1758 leaendum
1064 1700 1348 1758 traderet.
1380 1701 1730 1758 Clmstzana
1769 1716 1861 1758 mo
1907 1706 2055 1758 estza

470 1700 684 1785 eisdem
718 1702 1031 1785 legendum
1064 1700 1348 1785 traderet,
1380 1700 1730 1785 Οξινξδίίίέηα
1769 1700 2057 1785 modestia

470 1779 528 1832 et
551 1774 797 1902 insigg‘z"
806 1774 1346 1844 circumspectione,
1378 1779 1446 1828 ut
1494 1774 1554 1829 in
1603 1775 1723 1843 fine
1779 1776 2055 1843 apparet,

470 1860 696 1903 comma
803 1886 816 1900 .

471 1950 837 2010 Charissimo
864 1949 1030 2006 fratri
1058 1964 1196 2007 meo
1226 1952 1461 2007 Annae
1503 1952 1800 2006 EULOGIUS.

468 2059 734 2132 Semper,
788 2056 873 2113 mi
916 2056 1118 2126 frater,
1186 2056 1600 2115 recordatione
1671 2059 2057 2131 peccatorum

395 2166 671 2208 meorum
708 2152 1130 2225 compunctus,
1157 2147 1384 2206 luctum
1433 2164 1557 2206 non
1604 2149 1811 2206 amitto
1867 2146 2058 2220 quoti-

395 2238 647 2295 dianum
673 2256 686 2306 ;
719 2236 1011 2310 quoniam
1036 2252 1109 2291 ex
1126 2235 1421 2308 frequenti
1444 2252 1558 2292 usu
1568 2251 1691 2292 non
1712 2235 1881 2294 deest
1904 2252 1940 2294 a
1961 2252 2058 2293 me

393 2326 687 2402 peccandi
717 2326 992 2383 affectus.
1027 2326 1215 2401 Super
1269 2324 1361 2380 his
1419 2341 1665 2402 quoque
1720 2325 2062 2383 vehementi

394 2416 649 2474 carceris
670 2430 928 2473 maerore
951 2413 1278 2485 confectus,
1306 2430 1429 2470 non
1459 2415 1662 2471 minus
1713 2431 1785 2470 ex
1837 2416 2061 2489 impro-

391 2505 520 2564 viso
548 2505 794 2563 taedium
819 2503 968 2560 mihi
992 2503 1249 2560 occurrit
1274 2518 1346 2560 ex
1377 2519 1447 2560 eo
1471 2504 1568 2561 die
1599 2506 1676 2579 (t)
1699 2520 1821 2578 quo
1848 2520 1942 2561 me
1965 2506 2062 2563 Se-

391 2596 615 2654 renitas
656 2597 846 2651 vestra
874 2591 1240 2667 praemonuit
1258 2608 1333 2648 ne
1361 2610 1397 2649 a
1424 2592 1851 2664 gloriﬁcatione
1904 2592 2057 2649 mili-

394 2688 528 2741 tum
562 2682 777 2741 Christi
805 2681 1175 2754 desisterem,
1204 2696 1281 2739 ne
1305 2681 1565 2757 primam
1589 2682 1663 2740 dc
1693 2682 1776 2741 eis
1821 2687 2056 2742 senten-

392 2772 541 2830 tiam
565 2786 769 2829 meam
798 2768 1026 2826 irritam
1074 2770 1335 2831 facerem
1391 2771 1489 2845 (2).
1534 2770 1683 2838 Quia
1738 2775 2058 2847 propterea

393 2858 563 2933 quod
589 2858 675 2915 illi
706 2858 950 2917 viriliter
978 2857 1221 2915 inimico
1246 2858 1488 2933 justitiae
1517 2859 1873 2929 restiterunt,
1929 2875 2058 2917 cru-

393 2945 609 3005 delitas
638 2963 750 3003 nos
780 2946 1022 3022 tyranni
1039 2947 1437 3004 carceralibus
1456 2947 1824 3021 mancipavit
1846 2963 2058 3007 aerum-

394 3035 506 3106 nis,
532 3035 749 3093 nostris
776 3035 1126 3108 deputando
1175 3036 1589 3108 hortamentis,
1645 3035 1811 3111 quod
1862 3036 1922 3093 in
1954 3054 2057 3094 eos

394 3123 679 3181 divinitus
708 3124 1070 3198 inspiratum
1112 3127 1219 3181 est.
1254 3125 1435 3192 Quasi
1470 3123 1671 3180 futura
1721 3123 1872 3181 foret
1927 3125 2057 3181 haec

392 3212 570 3270 nobis
594 3214 829 3270 occasio
852 3212 1042 3271 facilis
1075 3212 1455 3285 vituperandi
1479 3212 1667 3290 (quod
1694 3214 1871 3285 absit)
1901 3230 2057 3290 quos

392 3299 538 3358 olim
565 3300 980 3372 laudaveram,
1006 3301 1471 3377 laudandosque
1495 3300 1681 3356 verbo
1704 3306 1758 3357 et
1779 3302 1934 3375 stylo
1956 3318 2053 3358 ex-

390 3388 669 3447 tuleram.
697 3393 828 3458 Qua
855 3391 929 3447 de
960 3405 1022 3446 re
1053 3394 1297 3447 coactus
1356 3406 1493 3447 sum
1542 3390 1723 3464 hujus
1783 3390 2057 3467 opusculi

391 3476 664 3535 laborem
690 3476 956 3550 aggredi,
985 3477 1153 3551 quod
1177 3477 1326 3533 forte
1353 3481 1411 3534 et
1436 3481 1653 3533 nostrae
1695 3479 2057 3536 credulitatis

393 3563 470 3622 de
495 3564 740 3622 victoria
765 3581 976 3622 eorum
1014 3565 1226 3623 futuris
1248 3566 1735 3636 generationibus
1784 3567 2060 3625 redderet

393 3652 825 3726 testimonium,
857 3658 915 3711 et
942 3653 1068 3711 istis
1111 3653 1446 3725 virginibus
1496 3659 1741 3729 propter
1796 3657 2058 3713 veritatis

391 3742 830 3816 professionem
871 3743 1192 3802 nobiscum
1237 3743 1554 3815 devinctis,
1611 3744 1736 3818 spei
1794 3746 2057 3802 certandi

392 3831 686 3904 praeberet
717 3832 1174 3890 adminiculum.
1202 3832 1373 3900 Quod
1391 3848 1503 3903 ego
1523 3848 1632 3906 pro
1655 3833 1899 3889 arbitrio
1925 3851 2057 3891 meo

391 3936 759 3978 nocunenruu
792 3938 1059 3980 murum
1082 3921 1306 3979 credidi
1358 3920 1814 3996 appellandum.
1865 3925 2057 3980 Tuum

390 4012 480 4065 est
507 4015 732 4083 autem,
768 4010 950 4068 frater
969 4010 1344 4082 charissime,
1376 4011 1518 4066 huic
1538 4010 1826 4067 volumini
1849 4018 2054 4068 aucto-

2086 1451 2135 1503 Α
2167 1448 2476 1522 sapientia:
2504 1449 2604 1507 Dei
2633 1464 2671 1509 a
2690 1447 2867 1506 docto
2898 1446 3098 1505 scriba
3125 1461 3286 1505 nova
3312 1449 3369 1501 et
3391 1443 3570 1504 veteri
3613 1458 3845 1507 recorr-

2165 1537 2388 1595 ditione
2408 1537 2710 1609 prolatum
2731 1542 2841 1603 est,
2866 1536 2979 1596 alte
3002 1534 3419 1607 profundeque
3440 1538 3633 1593 totum
3650 1531 3845 1590 rima-

2167 1628 2244 1693 vi,
2272 1626 2539 1698 nihilque
2565 1626 2842 1695 dignum,
2870 1624 3036 1697 quod
3066 1627 3231 1681 tanto
3260 1620 3659 1693 rependerem
3689 1636 3844 1692 Ope-

2166 1714 2234 1781 ri,
2261 1714 2323 1771 in
2352 1714 2700 1775 tenuissimo
2721 1718 2960 1786 pectore
2981 1711 3264 1784 pauperis
3290 1711 3372 1766 tui
3420 1707 3643 1769 inveni.
3686 1711 3847 1769 Vere

2168 1804 2247 1862 ad
2263 1804 2448 1861 instar
2466 1803 2622 1863 illius
2639 1804 2862 1876 Joseph
2878 1801 3253 1862 reconditum
3276 1799 3532 1857 triticum
3556 1804 3847 1870 tempore

2166 1892 2532 1952 necessitatis
2555 1893 2895 1965 dispensus,
2937 1897 2995 1950 et
3034 1891 3195 1947 fame
3240 1889 3365 1947 veri
3409 1888 3847 1949 laborantibus

2168 1981 2467 2041 alimonia:
2496 1981 2719 2043 victum
2751 1980 3090 2054 impertiris,
3123 1984 3303 2051 atque
3355 1977 3535 2050 adipe
3581 1975 3846 2049 spiritali

2169 2070 2339 2129 aride.
2369 2071 2554 2131 corda
2578 2070 2945 2143 pinguescis.
2978 2067 3281 2140 Quidquid
3311 2068 3472 2127 enim
3502 2065 3577 2123 de
3604 2065 3843 2124 sanctis

2171 2160 2485 2232 Scriptura:
2507 2159 2771 2219 fontibus
2792 2174 2829 2217 δ.
2847 2174 3162 2231 quoquam
3179 2157 3372 2228 potuit
3393 2171 3667 2228 unquam
3687 2155 3843 2213 hau.

2168 2248 2286 2311 riri,
2320 2264 2356 2303 a
2378 2254 2432 2306 te
2461 2252 2863 2320 assumptum,
2894 2247 3238 2304 discussum
3269 2250 3374 2311 est,
3424 2250 3603 2316 atque
3662 2243 3842 2313 dige-

2170 2341 2348 2394 stum.
2373 2340 2441 2395 Et
2464 2336 2642 2409 plane
2669 2336 2846 2396 nobis
2868 2335 3153 2396 omnibus
3184 2334 3412 2407 aliquid
3458 2333 3675 2392 mutire
3727 2347 3841 2391 vo—

2169 2425 2426 2484 lentibus
2448 2426 2747 2485 silentium
2779 2425 3062 2496 deinceps
3092 2428 3297 2481 manet
3317 2422 3690 2495 impositum.
3710 2420 3846 2482 Elo-

2169 2520 2420 2588 quenter
2444 2531 2732 2588 namque,
2764 2520 2945 2587 atque
2976 2512 3289 2585 splendide
3310 2516 3620 2571 oratorum
3638 2527 3840 2578 more,

2169 2604 2292 2663 imo
2312 2604 2668 2663 scholastica
2687 2604 3019 2663 eruditione
3041 2608 3230 2662 totum
3257 2618 3411 2676 opus
3436 2602 3766 2671 digestum,
3785 2606 3844 2657 et

2169 2693 2440 2752 humana
2464 2694 2682 2765 pariter
2711 2709 2781 2749 ac
2809 2692 3016 2752 divina
3038 2690 3427 2750 instructione
3474 2690 3838 2762 perfectum,

2099 2807 2140 2862 Β
2170 2796 2293 2840 non
2322 2781 2701 2839 discussione
2730 2780 2976 2851 indiget,
3010 2778 3118 2837 sed
3146 2778 3343 2852 potius
3370 2778 3607 2839 laudari
3635 2776 3841 2855 inquis

2168 2869 2261 2929 rit.
2293 2871 2408 2927 Nec
2428 2873 2690 2938 egestate
2716 2867 3131 2928 laborantibus
3168 2867 3427 2927 scientim
3458 2867 3728 2943 seipsum
3753 2865 3841 2927 di-

2169 2956 2542 3013 scutiendum
2572 2957 2904 3027 committit,
2928 2959 3031 3011 sed
3060 2957 3122 3012 in
3153 2956 3339 3016 corde.
3368 2956 3445 3028 (1)
3501 2955 3839 3017 infularum

2166 3046 2480 3118 praeconiis
2494 3045 2700 3117 digna,
2716 3045 3064 3103 etvirtutum
3085 3044 3264 3103 laude
3286 3045 3312 3087 δ
3341 3044 3703 3103 cothurnata
3717 3042 3838 3099 alto

2169 3150 2231 3193 se
2257 3134 2663 3195 extollendum
2700 3135 2884 3191 boatu
2932 3133 3213 3195 infundit.
3262 3133 3434 3199 Quod
3496 3148 3635 3192 vero
3697 3148 3838 3193 meo

2169 3223 2361 3299 (quod
2381 3240 2539 3296 saepe
2564 3223 3127 3298 probastixSCientia
3142 3238 3333 3294 egeno
3351 3221 3578 3295 judicio
3598 3227 3837 3281 tantum

2166 3312 2462 3384 fulgorem
2493 3313 2833 3377 committis,
2865 3313 3003 3371 licet
3031 3312 3347 3373 humilitati
3380 3311 3552 3369 vobis
3605 3326 3831 3381 conge-

2166 3402 2304 3462 nitze
2329 3403 2443 3461 hoc
2475 3409 2684 3462 notum
2742 3403 2816 3460 sit
2837 3401 3174 3475 assignari;
3236 3407 3437 3463 tamen
3489 3401 3834 3475 cavendum

2166 3498 2277 3564 est,
2309 3509 2384 3551 ne
2411 3492 2608 3565 fulgor
2637 3493 2900 3553 materiae
2932 3498 2989 3548 et
3017 3491 3278 3553 auctoris
3315 3490 3599 3565 splendor
3655 3490 3832 3553 furvo

2166 3581 2463 3641 inﬁciatur
2490 3583 2756 3639 horrore.
2790 3583 3120 3643 Praesertim
3149 3580 3296 3657 quia
3325 3581 3582 3641 tenebrae
3627 3581 3831 3639 discu-

2167 3671 2392 3729 tiuntur
2422 3688 2458 3728 a
2484 3671 2637 3743 luce,
2661 3677 2717 3730 et
2745 3672 2994 3731 horrida
3024 3686 3264 3744 semper
3285 3670 3479 3745 caligo
3506 3670 3832 3743 splendore

2166 3760 2407 3830 fugatur
2436 3759 2713 3833 nubium,
2739 3776 2893 3833 quas
2917 3761 3143 3817 densas
3179 3760 3528 3831 grassedine
3574 3774 3831 3820 aureum

2161 3850 2345 3921 jubar
2374 3856 2625 3907 serenat.
2659 3854 2772 3907 Nec
2806 3856 3181 3923 compertum
3211 3855 3320 3915 est,
3355 3854 3419 3905 ut
3443 3849 3568 3905 vice
3599 3855 3832 3911 contra:

2165 3938 2256 3994 ria
2284 3938 2606 3996 discutiant
2634 3939 2893 3995 tenebrae
2914 3938 3132 4008 lucem,
3168 3942 3273 3999 aut
3300 3938 3529 3997 densus
3564 3954 3671 3999 aer
3723 3951 3831 3994 suo

2171 4027 2395 4082 subdat
2417 4027 2644 4098 judicio
2675 4028 2889 4084 solem.
2920 4031 3040 4098 Ego
3069 4043 3233 4097 vero,
3267 4028 3349 4083 mi
3378 4026 3646 4095 domine,
3680 4042 3830 4100 opuv

389 4097 887 4209 ritatemjflopafe
913 4100 1098 4209 aquis
1118 4094 1480 4209 priusquam
1503 4102 1853 4209 earumdem
1880 4102 2055 4209 virgi-
2097 4155 2140 4209 ο
2171 4094 2535 4175 εουιιιωύθί
2564 4116 2823 4177 Ecclesia
2847 4094 3123 4191 dignum,
3156 4094 3227 4177 et
3266 4116 3494 4172 Christo
3533 4094 3738 4188 opiﬁci
3779 4118 3834 4175 et

388 4201 541 4243 num
573 4188 763 4245 adiret
777 4189 1043 4260 obtutus,
1070 4193 1172 4245 tuo
1195 4189 1425 4246 elimari
1446 4206 1583 4245 eum
1601 4190 1829 4261 judicio
1850 4189 2012 4247 volui
2038 4210 2051 4261 ;

386 4290 466 4332 ne
495 4275 643 4334 forte
673 4293 876 4334 errore
903 4279 1244 4337 nescientiaa
1267 4279 1330 4338 in
1360 4279 1663 4352 aliquibus
1691 4285 2058 4354 repugnaret

386 4364 685 4423 catholico
722 4367 1014 4437 dogmati.
1051 4368 1171 4424 Ave
1200 4368 1262 4424 in
1311 4369 1564 4425 Domino
1611 4372 1749 4426 Jesu
1803 4371 2057 4440 Christo,

386 4449 570 4510 frater
610 4456 981 4514 charissima.

948 4580 1205 4621 ALVARUS
1256 4581 1322 4620 EU
1328 4579 1493 4620 LOGlO

382 4661 625 4725 Laudat
653 4682 801 4737 opus
821 4667 904 4723 ad
931 4682 993 4724 se
1011 4668 1277 4737 missum,
1312 4671 1367 4724 et
1382 4666 1687 4737 judicium
1709 4667 1782 4723 de
1797 4682 1862 4723 eo
1888 4669 2056 4737 ferre

466 4739 918 4868 fumtngodestiae
940 4754 1146 4808 causa,
1181 4744 1307 4796 tum
1327 4739 1524 4808 operis
1563 4741 1922 4807 praestantia
1961 4741 2055 4797 de-

484 4827 583 4868 rec
612 4826 651 4868 a
685 4851 698 4866 .

459 4818 698 4869 trectat.

456 4918 851 4975 Luminosum
874 4917 1053 4974 vestri
1084 4917 1281 4990 operis
1312 4919 1754 4972 Documentum
1813 4932 1887 4973 ex
1936 4918 2051 4975 illis

380 5021 408 5051 ι
437 5006 857 5076 Orientalibus,
873 5005 950 5062 de
969 5005 1193 5078 quibus
1209 5005 1445 5075 legitur,
1464 5004 1662 5077 pomis
1684 5004 1858 5061 valde
1873 5006 2050 5063 bonis

385 5095 688 5166 eleganter
702 5094 1040 5164 collectum,
1066 5098 1245 5167 atque
1275 5109 1348 5151 ex
1368 5093 1649 5150 vitalibus
1671 5095 1883 5160 succis,
1905 5102 1960 5153 et
1977 5114 2050 5154 ex

383 5184 729 5261 quadriﬁda
751 5183 913 5241 fonte
943 5184 1230 5240 virtutum
1260 5200 1518 5256 operosa
1540 5189 1663 5241 arte
1686 5186 2045 5259 confectum,

378 5275 554 5347 juxta
582 5271 971 5345 congenitum
994 5271 1327 5328 litterarum
1354 5273 1620 5329 studium
1635 5273 1785 5329 mihi
1801 5275 2045 5346 perlegi,

384 5368 442 5422 et
455 5380 580 5422 non
609 5362 1008 5430 discutienda,
1042 5360 1148 5417 sed
1174 5361 1554 5431 admirando,
1588 5367 1813 5419 textum
1870 5365 2047 5422 totius

382 5452 659 5524 opusculi
692 5450 1014 5508 laudabilis
1034 5450 1326 5523 percurri.
1363 5454 1429 5507 Et
1454 5451 1619 5524 quod
1640 5468 1712 5507 ex
1765 5452 2045 5509 thesauro

453 5610 477 5637 α
507 5595 728 5685 Alludit
758 5595 838 5650 ad
886 5594 1169 5685 paradisi
1204 5596 1494 5685 terrestris
1554 5596 2040 5668 descriptionem,

381 5682 517 5739 quae
550 5672 692 5724 Gen.
727 5682 861 5738 cap.
896 5682 959 5733 ιι,
993 5666 1265 5722 habetur.
1300 5671 1519 5723 MORAL.
1753 5666 1766 5668 ⁷

453 5737 480 5778 ιι
509 5738 676 5797 Elata
689 5743 747 5795 et
766 5736 1065 5796 sublimia.
1085 5739 1279 5796 Poetae
1300 5754 1468 5797 more
1487 5738 1773 5810 loquitur,
1798 5743 2041 5811 sumpta

2170 4207 2507 4261 coronatori
2534 4211 2869 4278 martyrum
2900 4207 2961 4260 in
2989 4205 3321 4278 primordio
3352 4205 3442 4260 sui
3471 4205 3673 4261 votiva
3704 4219 3830 4260 cor-

2168 4294 2263 4349 dis
2285 4294 2588 4350 oblatione
2620 4301 2923 4350 sacratum
2947 4311 3069 4350 non
3098 4295 3369 4350 humano
3395 4295 3593 4349 audeo
3612 4292 3828 4349 subde-

2166 4399 2229 4438 re
2249 4384 2501 4455 judicio,
2534 4385 2700 4457 quod
2733 4388 2961 4440 certum
2991 4383 3132 4440 novi
3181 4383 3575 4457 inspiratione
3621 4382 3827 4438 divina

2166 4488 2238 4528 ex
2260 4488 2481 4529 arcano
2510 4472 2768 4545 pectoris
2799 4472 2973 4528 vestri
2996 4473 3319 4545 prolatum.
3377 4474 3443 4528 Et
3496 4472 3633 4527 ideo
3676 4470 3825 4526 sicut

2163 4576 2272 4633 per
2299 4578 2408 4618 vos
2440 4565 2670 4635 Spritus
2692 4567 2936 4619 sanctus
2955 4562 3193 4618 locutus
3218 4565 3330 4632 est,
3362 4560 3445 4617 ita
3471 4565 3529 4617 et
3576 4573 3818 4626 nomen,

2164 4651 2331 4722 quod
2352 4651 2481 4722 ipse
2508 4656 2715 4706 auctor
2742 4650 3046 4707 bonorum
3071 4650 3488 4721 consensione,
3509 4649 3633 4705 imo
3681 4648 3819 4704 elec-

2163 4740 2321 4795 tione
2351 4745 2548 4795 vestra
2574 4740 2863 4813 imposuit
2891 4740 2963 4805 ei,
2998 4746 3062 4796 ut
3090 4740 3431 4813 perenniter
3472 4739 3713 4806 haereat,
3765 4738 3819 4791 et

2161 4833 2451 4901 perpetua
2477 4829 2773 4886 memoria
2802 4829 3016 4901 vigeat,
3069 4837 3276 4885 nostra
3321 4844 3510 4902 quam
3558 4824 3814 4884 consulis

2160 4917 2454 4990 pusillitas
2494 4918 2670 4974 videt.
2707 4920 2940 4991 Raptim
2970 4918 3313 4991 cursimque
3342 4918 3544 4990 ipsum
3565 4929 3816 4989 opuscu-

2158 5006 2287 5064 lum
2313 5007 2451 5079 legi,
2480 5007 2588 5064 sed
2610 5007 2690 5065 ad
2718 5008 3170 5064 rescribendum
3196 5007 3345 5063 illud
3371 5007 3622 5063 retinere
3642 5004 3811 5061 dubi-

2159 5097 2297 5166 tavi,
2327 5113 2402 5153 ne
2431 5097 2579 5153 forte
2607 5097 2922 5169 culpabilis
2954 5102 3151 5153 vestro
3181 5096 3428 5152 fuissem
3457 5096 3669 5151 amori.
3720 5096 3811 5148 Pe-

2160 5190 2218 5242 to
2244 5190 2467 5255 autem,
2494 5191 2554 5242 ut
2580 5186 2640 5241 in
2667 5186 2784 5242 alio
2805 5186 3199 5259 quaternione
3226 5185 3507 5256 apertiori
3534 5197 3725 5239 manu
3751 5178 3810 5234 il-

2156 5276 2230 5332 lis
2264 5276 2572 5333 sororibus
2596 5277 2912 5341 scribatur,
2944 5282 3001 5332 et
3029 5275 3188 5332 istud
3219 5275 3299 5331 ad
3327 5290 3424 5330 me
3454 5289 3564 5347 pro
3610 5268 3808 5329 rescri-

2157 5356 2359 5422 bendo
2389 5366 2591 5422 denuo
2619 5369 2966 5421 revertatur.

2156 5598 2447 5651 audacius
2480 5614 2550 5652 ex
2580 5596 2943 5663 tragicorum
2966 5596 3174 5650 habitu
3204 5596 3578 5666 metaphora,
3603 5593 3801 5666 quico-

2154 5670 2385 5724 thurnis
2408 5669 2694 5724 subhmes
2715 5669 3135 5725 efferebantur.
3162 5667 3239 5721 In.
