3960 6410
75 304 169 363 821

1328 301 1805 377 ΒΟΟῌΠΕΝΤΗΠ
1843 304 2316 367 κΑΒΤγΒΙΑιε.

3426 307 3526 367 822

1550 600 1601 639 [Ν
1643 600 1847 663 manus
1888 602 2079 642 DOMINI

680 725 1080 881 INCIPIT
1138 728 1455 879 IIBIlIl
1514 737 1553 781 ⁸
1609 726 2321 886 DOGUIIENTEII
2412 733 2939 885 iIAIlTIIlII
3048 858 3053 861 .

985 971 1558 1078 EULOGII
1691 974 2636 1105 PRESBYTEBI,

82 1205 279 1284 Quod
308 1206 384 1271 in
419 1223 691 1272 carcere
714 1201 970 1291 positus
994 1203 1371 1292 virginibus
1416 1203 1665 1271 Christi
1707 1204 1940 1273 FLouaa
1977 1220 2033 1274 et
2076 1209 2315 1277 Mamre
2356 1207 2704 1298 ergastulo
2746 1208 3150 1301 mancipatz's
3194 1208 3434 1275 dicavit
3458 1208 3516 1272 Ι).

702 1397 1126 1457 PBOCEMIUM.

142 1488 253 1554 Qui
283 1487 481 1561 copiis
514 1500 736 1554 rerUm,
770 1492 827 1543 et
852 1487 1167 1560 multiplici
1198 1496 1437 1560 qmestu
1469 1488 1753 1561 pecunia-

72 1595 203 1635 rum
230 1578 599 1643 exuberant,
628 1577 927 1652 quidquid
980 1578 1041 1632 in
1072 1577 1254 1633 rebus
1303 1579 1549 1634 terrenis
1605 1577 1748 1633 ath-

72 1672 248 1735 ctant,
284 1666 467 1723 facile
494 1672 966 1739 consequuntur.
994 1666 1109 1724 Sed
1129 1667 1321 1722 multo
1351 1667 1518 1722 aliter
1542 1672 1630 1722 est
1650 1683 1747 1741 pe-

74 1756 244 1812 nuria
271 1761 331 1812 et
360 1756 527 1812 fame
551 1756 798 1825 vexatis,
823 1754 926 1828 qui
948 1754 1049 1810 vix
1070 1756 1492 1830 quotidianum
1521 1755 1748 1811 victum

74 1861 328 1919 operoso
358 1844 585 1901 sudore
617 1849 961 1917 capessunt.
982 1844 1158 1900 Dives
1187 1845 1349 1900 enim
1382 1844 1665 1915 cogitavit
1694 1849 1749 1900 et

76 1934 235 2005 fecit;
264 1949 512 2009 pauper
541 1932 864 2003 cogitando
886 1933 1118 1990 defecit.
1167 1936 1267 1989 Ast
1284 1949 1397 2003 ego
1429 1933 1542 1989 illis
1569 1932 1747 2003 longe

76 2023 315 2080 inferior
342 2026 612 2094 egestate
659 2022 917 2079 scientiae
960 2022 1396 2090 laborantibus,
1428 2026 1486 2078 et
1513 2036 1745 2092 eorum,

78 2114 176 2185 qui
200 2112 429 2184 exigua
482 2112 815 2167 litterarum
871 2111 1159 2184 parcitate
1191 2110 1431 2166 subnixi
1472 2115 1629 2179 sunt,
1661 2110 1749 2165 ni-

78 2201 260 2258 mium
289 2202 570 2273 ultimus,
596 2201 711 2256 hoc
742 2216 895 2273 opus
926 2199 1163 2270 abjecto
1189 2200 1331 2256 satis
1357 2199 1446 2271 (ut
1475 2199 1558 2255 ita
1584 2198 1746 2254 dixe-

78 2291 202 2353 rim)
234 2282 399 2365 stylo
426 2304 733 2362 sensuque
763 2289 1083 2359 digestum,
1118 2303 1191 2344 ex
1209 2304 1279 2344 eo
1300 2278 1740 2345 Documentum

80 2383 357 2451 martyrii
388 2378 716 2452 appellavi,
745 2394 817 2433 ex
846 2393 968 2451 quo
998 2376 1408 2451 quorumdam
1442 2377 1744 2448 virginum

81 2469 307 2525 animos
333 2484 592 2525 reorum
612 2467 1101 2539 mancipatarum
1129 2467 1336 2539 specui
1365 2466 1444 2523 ad
1465 2480 1744 2523 consum-

78 2559 367 2615 mandum
400 2573 655 2613 cursum
676 2555 1022 2613 certaminis
1047 2556 1268 2623 imbui;
1295 2572 1404 2612 seu
1433 2556 1579 2628 quia
1608 2571 1743 2628 pro-

78 2645 334 2704 futurum
374 2647 510 2705 fore
543 2646 773 2702 caeteris
806 2644 947 2703 talia
987 2645 1444 2718 exquirentibus
1491 2645 1739 2701 credidi.

1783 1406 1829 1457 A
1866 1404 1957 1459 vel
2006 1406 2149 1478 quia
2180 1405 2393 1462 fecisse
2450 1422 2557 1461 vos
2589 1421 2815 1475 magna
2843 1410 2899 1461 et
2953 1404 3287 1463 laudabilia
3326 1405 3521 1460 verbis

1860 1494 2144 1565 praedico,
2194 1496 2473 1559 sensibus
2530 1495 2817 1563 admiror,
2866 1494 3072 1550 litteris
3116 1495 3320 1565 etl'ero,
3350 1510 3524 1566 supe-

1858 1598 2022 1639 rasse
2054 1601 2161 1639 vos
2189 1585 2373 1651 viros,
2425 1600 2743 1658 superasse
2793 1582 3039 1639 clericos
3071 1582 3279 1639 fateor.
3318 1586 3523 1637 Exces~

1862 1672 1936 1728 sit
1990 1672 2175 1728 virtus
2229 1678 2421 1728 vestra
2458 1672 2750 1749 praeclara
2779 1676 3177 1728 monumenta
3232 1672 3518 1735 virorum,

1859 1757 2007 1813 etin
2053 1758 2299 1813 excelsis
2330 1756 2551 1813 elatum
2582 1756 2805 1812 laboris
2856 1756 3036 1812 vestri
3084 1756 3369 1814 vexillum
3419 1752 3523 1811 dat

1860 1841 2145 1897 omnibus
2188 1842 2282 1919 pie
2339 1841 2627 1898 orationis
2675 1841 3155 1896 documentum:
3215 1840 3520 1897 incitando

1858 1931 2098 1987 desides
2145 1931 2221 1988 ad
2265 1931 2661 2005 triumphum,
2714 1929 3041 1986 imbecilles
3093 1928 3390 2001 armando
3439 1928 3519 1986 ad

1856 2020 2151 2093 prazlium,
2180 2020 2407 2076 debiles
2436 2019 2782 2076 roborando
2814 2020 2893 2076 ad
2947 2019 3192 2089 bellum,
3236 2019 3517 2091 tergiver-

1857 2117 2058 2167 santes
2083 2110 2385 2167 hortando
2414 2126 2517 2181 spe
2548 2108 2826 2164 vincendi
2857 2107 3192 2165 redivivum
3214 2104 3294 2183 ad
3322 2113 3519 2165 castra

1855 2206 2268 2272 pugnatorum
2290 2198 2481 2255 facere
2509 2198 2791 2267 reditum,
2839 2203 2894 2255 et
2924 2199 3219 2256 universa:
3251 2198 3515 2255 ecclesiae

1856 2290 2160 2362 specimen
2192 2305 2300 2362 pro
2321 2290 2565 2345 veritate
2582 2287 2879 2345 moriendi
2902 2287 3241 2345 exhibendo
3273 2286 3515 2361 signife-

1854 2395 2010 2435 rum.
2038 2378 2359 2452 Propterea
2382 2394 2506 2434 non
2528 2376 2940 2439 discedetlaus
2962 2383 3152 2434 vestra
3177 2378 3252 2434 de
3283 2395 3383 2449 ore
3413 2378 3517 2437 ho-

1854 2468 2087 2524 minum
2121 2484 2311 2541 usque
2337 2468 2397 2522 in
2428 2466 2739 2522 saeculum.
2767 2466 3074 2541 Siquidem
3094 2466 3514 2541 praeconabilis

1854 2562 1943 2611 est
1966 2556 2229 2612 virorum
2260 2555 2524 2622 victoria,
2578 2553 2959 2611 excellentior
3009 2560 3212 2611 tamen
3255 2553 3512 2613 femina-

1852 2662 1989 2703 rum
2018 2645 2316 2700 extollitur
2344 2644 2585 2718 palma;
2619 2649 2677 2700 et
2704 2660 2844 2700 cum
2860 2661 3154 2719 magnum
3185 2646 3257 2703 sit
3280 2646 3343 2719 in
3367 2646 3510 2702 viris

78 2738 193 2815 Non
219 2738 406 2807 igitur
433 2734 739 2792 facundiae
770 2735 960 2791 nitore
981 2750 1119 2807 quas
1142 2735 1291 2793 mihi
1317 2734 1546 2807 oppido
1574 2734 1743 2791 deest
1773 2762 1813 2816 Β
1850 2732 2112 2790 victoriae
2154 2734 2419 2805 signum,
2477 2732 2835 2810 plerumque
2879 2733 3135 2807 gloriose
3185 2735 3513 2801 efferuntur

75 2809 384 2882 materiam
408 2824 551 2881 libri
575 2824 867 2891 succinxi,
896 2839 1024 2880 non
1056 2823 1323 2895 leporem
1353 2823 1589 2880 venusti
1617 2839 1739 2879 ser-

79 2915 263 2971 monis
292 2916 356 2971 in
387 2914 795 2986 exstructione
815 2913 946 2984 ejus
974 2913 1240 2980 intendi;
1291 2913 1399 2969 sed
1425 2913 1740 2985 quomodo

75 3018 171 3074 per
196 3005 383 3077 hujus
404 3003 794 3060 instrumenti
816 3002 1095 3059 virtutem
1116 3002 1307 3059 Deum
1327 3018 1573 3074 possem
1595 3018 1736 3075 pro-

76 3092 282 3164 pitiari,
312 3109 579 3166 meoque
600 3109 697 3148 me
729 3097 901 3148 reatu
926 3090 1240 3148 absolvere
1262 3091 1579 3163 [quoniam
1600 3091 1739 3147 scri-

76 3186 239 3252 ptum
267 3187 396 3239 est:
430 3183 551 3251 Qui
578 3182 846 3238 converti
869 3182 1085 3251 fecerit
1105 3186 1504 3250 peccatorem,
1536 3181 1737 3237 salvat

79 3272 331 3328 animam
386 3274 543 3342 ejus,
594 3276 647 3327 et
694 3286 941 3331 suorum
981 3266 1245 3340 coeperit
1288 3269 1737 3328 multitudinem

74 3367 447 3427 peccatorum
480 3362 633 3433 (Jac.
665 3377 720 3427 v,
776 3362 890 3428 20).
926 3362 994 3417 Et
1018 3359 1271 3419 iterum:
1305 3357 1421 3425 Qui
1457 3358 1539 3416 ad
1556 3360 1738 3427 justi-

79 3449 211 3505 tiam
242 3451 531 3508 erudiunt
573 3451 813 3516 multos,
863 3448 1190 3520 fulgebunt
1241 3450 1396 3504 sicut
1444 3447 1636 3505 stellae
1673 3448 1735 3504 in

70 3545 384 3608 perpetuas
413 3540 781 3596 aeternitate:
803 3539 1139 3608 (Dan.xu,5
1163 3549 1203 3609 :]
1226 3536 1367 3595 inde
1396 3536 1511 3593 hoc
1545 3551 1735 3607 proce-

77 3626 255 3683 mium
283 3633 341 3684 et
368 3627 773 3702 praesentibus
802 3630 861 3683 et
897 3626 1112 3687 futuris
1150 3642 1396 3699 precem
1443 3624 1734 3681 humilem

75 3713 247 3772 defert
274 3716 625 3786 lectoribus,
675 3721 741 3773 ut
766 3715 1025 3789 simplici
1069 3716 1351 3772 studeant
1388 3729 1735 3786 perennare

81 3804 292 3878 animo,
306 3806 479 3880 quod
511 3804 771 3879 simplex
799 3805 1100 3878 depromit
1128 3805 1339 3871 oratio,
1359 3803 1733 3877 simplexque

80 3890 308 3953 dictavit
331 3896 607 3955 intentio.
638 3898 705 3954 Et
735 3894 783 3951 si
812 3894 1092 3952 fortassis
1140 3895 1201 3951 in
1232 3893 1538 3967 aliquibus
1568 3908 1733 3949 same

80 3979 348 4042 doctrinae
406 3985 773 4045 sententiam
822 4000 1027 4045 meam
1072 3983 1314 4041 obstare
1379 3981 1730 4055 repererint,

80 4070 396 4131 nescientiae
440 4073 528 4139 id,
587 4089 709 4133 non
754 4071 1096 4131 voluntario
1151 4072 1336 4128 errori
1387 4070 1692 4131 ascribant

81 4159 397 4236 meliusque
445 4164 834 4223 emendando
883 4163 1257 4233 indulgeant,
1304 4177 1493 4235 quam
1540 4175 1731 4232 repre-

80 4243 382 4309 hendendo
413 4252 908 4323 derogationibus
932 4256 1172 4319 vacent;
1196 4250 1344 4324 quia
1372 4265 1495 4311 non
1519 4249 1629 4305 erit
1650 4246 1730 4304 ad

80 4336 256 4409 culpae
303 4358 454 4401 meae
498 4341 738 4400 titulum
787 4358 997 4402 coram
1043 4341 1301 4401 Domino
1344 4338 1735 4397 referendum.

81 4425 309 4503 crimen,
333 4426 502 4507 quod
530 4448 657 4490 non
677 4437 765 4489 est
793 4432 1069 4489 ultroneo
1097 4431 1277 4506 lapsu
1303 4429 1724 4487 commissum.

80 4545 328 4595 evmelus
406 4557 618 4605 saevus
690 4556 912 4601 cnmsrt
978 4539 1079 4612 (1)
1148 4555 1457 4596 vmcmnus
1532 4551 1728 4594 SACBIS

145 4620 323 4665 ΡιΟΚλΒ
395 4629 461 4669 ΕΤ
548 4628 730 4669 MARIE
807 4627 1057 4668 CARCERE
1140 4626 1469 4667 COMPEDITIS
1555 4623 1725 4665 SALU-

143 4688 262 4733 ΤΕΜ.

148 4786 194 4836 1.
241 4784 495 4847 Parvum
537 4789 655 4847 hoc
708 4806 866 4864 opus
921 4790 1301 4847 instructioni
1355 4794 1592 4860 vestras,
1662 4788 1727 4843 ut

82 4880 219 4947 reor,
250 4880 675 4949 necessarium,
731 4884 952 4937 sanctae
978 4878 1043 4937 in
1098 4879 1352 4937 Domino
1394 4881 1533 4936 Jesu
1559 4878 1724 4937 Chri-

85 4961 165 5014 sto
189 4960 440 5037 sorores,
486 4958 696 5045 operse
742 4969 1003 5045 pretium
1059 4969 1319 5026 condere
1344 4964 1507 5026 visus
1562 4987 1720 5040 sum,

81 5050 232 5116 Quod
259 5056 373 5113 Deo
395 5058 627 5116 fautore
656 5058 831 5115 vobis
861 5059 963 5117 ﬁet
991 5058 1355 5133 proﬁcuum,
1380 5058 1650 5135 mihique
1666 5064 1724 5116 et

82 5147 227 5195 nunc
248 5150 299 5199 et
326 5145 387 5203 in
416 5148 617 5206 futuro
646 5149 923 5206 examine
953 5154 1157 5219 surget
1188 5149 1249 5203 in
1278 5148 1716 5217 testimonium;

82 5224 165 5319 Vfl
189 5228 324 5301 quia
352 5235 540 5313 ipsius
584 5240 767 5319 dono,
815 5243 872 5296 et
912 5238 1100 5300 sancti
1144 5236 1538 5295 illustrations
1588 5237 1716 5319 Spi-

83 5314 214 5370 ritus
264 5336 553 5394 organum
612 5314 834 5400 linguae
887 5344 1035 5401 meae
1088 5325 1392 5400 praeconio
1453 5316 1715 5382 veritatis

84 5401 276 5492 repleri
303 5416 536 5474 confido
565 5436 577 5474 :
604 5416 699 5474 vel
730 5417 874 5491 quia
924 5421 1192 5492 emptum
1221 5412 1548 5472 voluminis
1600 5410 1714 5470 hu-

82 5485 170 5554 .Ius
196 5493 452 5563 laborem
490 5506 567 5565 ab
598 5524 670 5564 eo
708 5474 770 5564 ei
792 5506 999 5582 perﬁci
1019 5474 1079 5563 et
1110 5504 1468 5562 san‘ctiﬁcari
1500 5519 1709 5576 spero;
1744 5474 1791 5529 D

147 5620 446 5752 :S‘jfllgtus
474 5632 629 5689 circa
658 5632 841 5688 tinem
872 5631 1133 5689 octobris
1164 5630 1305 5687 anni
1339 5634 1462 5684 851.

199 5687 287 5748 Tit
347 5714 430 5752 os.
462 5704 562 5752 mli
585 5704 642 5752 in
675 5703 1000 5752 axemnlari
1042 5702 1299 5752 fuerant-
1333 5716 1462 5752 om]:

197 5625 229 5675 ὃ

148 5684 439 5777 ΪῌΤὶῐῐιὶρξέ
462 5684 646 5777 ᾁίὶἷίῖι
658 5684 1301 5777 ἷιὶὲιῖιιῐιᾶὲῖἰιίὲισᾷἱιῐέ
1333 5716 1546 5759 omnes
1573 5699 1709 5757 reli-

87 5767 323 5825 qmmus.
353 5767 563 5833 Manli.

1713 4088 1802 4171 ‘c

1852 2841 2049 2880 mares
2070 2825 2147 2897 (2)
2192 2823 2497 2903 triumpho
2527 2823 2922 2899 adorearum;
2972 2824 3221 2898 majoris
3247 2841 3389 2899 vero
3420 2826 3508 2905 est
3550 2896 3555 2901 ι

1772 2961 1775 2965 .
1851 2911 2269 2971 admirationis
2324 2912 2504 2969 laude
2548 2912 2873 2983 colendum
2911 2912 3192 2991 feminas,
3225 2927 3250 2956 ο
3282 2931 3411 2973 rem
3437 2914 3516 2972 fe-

1850 3002 2002 3058 cisse
2029 3002 2295 3058 virorum
2320 3020 2333 3071 ;
2365 3001 2592 3075 quippe
2622 3018 2758 3082 quae
2790 3018 2969 3057 sexus
2997 2996 3089 3059 sui
3132 3002 3517 3077 fragilitatem

1849 3090 2071 3163 oblitae,
2102 3090 2261 3155 celsa
2315 3090 2604 3147 virtutum
2635 3090 2939 3164 appetere
2968 3107 3092 3149 non
3119 3099 3419 3165 verentur,
3448 3093 3511 3152 in

1846 3198 1971 3254 qua
2003 3179 2260 3237 subinde
2311 3179 2553 3235 fortium
2583 3178 2754 3250 vigor
2783 3178 3060 3237 lassatur.
3114 3180 3379 3255 Denique
3397 3183 3513 3240 hac

1848 3268 2363 3347 magnanimitatis
2394 3268 2607 3324 virtute
2635 3268 2779 3324 olim
2802 3264 3027 3338 legales
3050 3269 3287 3327 feminae
3306 3271 3513 3329 Esther

1848 3365 1903 3417 et
1932 3358 2141 3415 Juditli
2170 3358 2443 3413 subnixae
2475 3355 2735 3427 fuerunt,
2793 3375 2930 3432 quae
2956 3364 3201 3434 propter
3232 3360 3511 3418 salvatio-

1848 3465 1989 3513 nem
2002 3446 2229 3533 populi
2258 3446 2361 3503 Dei
2382 3444 2652 3504 hostium
2685 3463 2815 3502 sese
2840 3444 3119 3521 periculis
3158 3446 3509 3521 injecerunt.

1848 3542 2000 3595 Num
2024 3553 2147 3593 una
2177 3552 2387 3592 earum
2417 3540 2611 3592 Aman
2660 3535 2722 3591 in
2760 3536 3088 3609 perniciem
3138 3539 3317 3596 Israel
3344 3539 3512 3598 nefa-

1846 3629 1935 3685 ria
1979 3625 2431 3705 machinantem
2498 3623 2799 3699 persuasit
2843 3627 2971 3699 regi
3033 3627 3512 3703 cruciﬁgendum

1846 3717 2041 3789 (Esth.
2074 3731 2174 3782 vn,
2233 3716 2419 3788 seq.):
2453 3714 2649 3771 Altera
2678 3714 2942 3789 sopitum
2989 3712 3187 3795 quiete
3228 3716 3511 3781 vitiorum

1848 3804 2295 3879 Holophernem
2327 3803 2495 3862 salvo
2524 3804 2755 3879 pudore
2785 3807 3039 3880 peremit
3066 3807 3323 3878 (Judith.
3380 3825 3503 3880 xm,

1843 3896 1876 3946 4
1904 3894 2078 3968 seq.).
2114 3896 2180 3951 Et
2207 3896 2290 3950 sic
2323 3911 2463 3950 eum
2488 3890 2798 3951 excellenti
2843 3895 3093 3953 victoria
3134 3895 3367 3954 medias
3396 3914 3508 3972 pu-

1844 3988 2164 4054 gnatorum
2202 3984 2361 4041 acies
2393 3983 2695 4055 scindens,
2719 4001 2902 4043 suum
2921 3984 3190 4049 revisura
3212 3982 3508 4061 populum

1842 4072 1965 4131 voti
1996 4091 2246 4149 compos
2274 4074 2627 4145 regreditur.

1915 4168 1967 4219 2.
2018 4164 2191 4220 Unde
2229 4180 2357 4235 vos,
2389 4178 2598 4237 quaeso
2653 4180 2889 4221 sorores
2929 4180 3102 4235 meae,
3151 4168 3237 4238 ut,
3284 4165 3508 4226 harum

1842 4253 2120 4327 exemplo
2146 4244 2486 4319 succinctas,
2508 4253 2569 4310 in
2592 4254 2893 4313 excidium
2914 4248 3242 4315 adversarii
3262 4258 3365 4315 Dei
3384 4258 3508 4316 ani-

1840 4361 2085 4401 mosum
2117 4343 2391 4417 spiritum
2419 4344 2697 4415 erigatis;
2729 4350 2787 4402 et
2819 4351 2881 4404 ut
2909 4351 3032 4404 tam
3060 4363 3166 4403 vos
3191 4364 3380 4421 quam
3405 4365 3505 4407 ca-

1841 4438 2065 4491 tervam
2082 4431 2351 4503 ﬁdelium
2375 4450 2411 4489 a
2432 4433 2782 4508 perditionis
2805 4440 3039 4494 aeternae
3059 4435 3317 4511 laquaeis
3336 4454 3505 4497 erua-

1837 4523 1935 4581 tis.
1970 4526 2244 4597 Cceptum
2289 4523 2564 4581 anhelate
2596 4524 2705 4581 iter
2733 4526 3041 4598 perﬁcere,
3074 4526 3221 4600 quia
3243 4527 3374 4585 haec
3405 4527 3505 4591 via

1836 4610 2071 4668 facilius
2104 4612 2444 4669 etvelocius
2481 4628 2590 4669 vos
2627 4612 2707 4668 ad
2732 4612 3067 4669 thalamum
3085 4614 3292 4686 sponsi
3319 4614 3504 4670 vestri

1836 4701 2140 4773 perducet.
2192 4703 2293 4757 Est
2325 4702 2486 4775 enim
2526 4702 2787 4772 angusta
2815 4705 2872 4757 et
2922 4706 3084 4765 arcta
3128 4701 3362 4766 semita,
3394 4702 3501 4761 sed

1836 4790 2271 4867 compendiosa
2300 4788 2593 4846 celeritate
2618 4804 2725 4844 vos
2749 4789 2864 4846 sub
2894 4789 3074 4847 unius
3105 4790 3270 4846 hora
3300 4790 3499 4863 spatio

1835 4880 1914 4936 ad
1964 4878 2171 4958 sponsi
2223 4878 2400 4934 vestri
2445 4876 2757 4951 pervenire
2787 4877 2965 4935 faciet
3021 4876 3337 4949 gaudium.
3368 4881 3497 4939 Non

1833 4969 1987 5026 desit
2015 4968 2279 5027 sacrario
2305 4965 2561 5040 pectoris
2586 4966 2765 5025 vestri
2802 4967 3130 5039 primaevus
3160 4967 3340 5039 ardor
3368 4967 3495 5026 bel-

1830 5057 2018 5125 landi,
2048 5056 2196 5130 quin
2235 5058 2435 5131 potius
2485 5054 2854 5129 quotidianis
2909 5055 3295 5115 incrementis
3341 5059 3496 5120 intra

1831 5148 2123 5204 mentium
2149 5152 2484 5203 vestrarum
2516 5162 2784 5203 recessus
2824 5147 2896 5204 sit
2926 5146 3240 5219 adauctus,
3273 5150 3493 5207 solem-

1827 5239 1980 5293 niter
2009 5236 2329 5309 crepitans,
2363 5236 2540 5309 quasi
2562 5253 2634 5291 ex
2662 5252 2783 5295 uno
2799 5254 2901 5294 ore
2927 5237 3125 5301 ambae
3147 5237 3172 5277 ἀ
3203 5239 3487 5297 clamare:

1827 5328 1981 5384 Mihi
2007 5331 2207 5383 autem
2236 5326 2390 5382 absit
2405 5327 2668 5398 gloriari
2689 5327 2808 5383 nisi
2833 5329 2896 5384 in
2919 5343 3096 5385 cruce
3112 5329 3360 5385 Domini
3376 5331 3495 5385 mei

1826 5417 1967 5471 Jesu
2002 5412 2249 5481 Christi,
2296 5429 2395 5483 per
2434 5430 2605 5487 quem
2649 5413 2802 5470 mihi
2844 5415 3104 5473 mundus
3160 5416 3493 5484 cruczﬁxus

1827 5509 1931 5572 est,
1960 5509 2014 5559 et
2046 5518 2149 5573 ego
2168 5503 2391 5558 mundo
2421 5502 2580 5573 (Gal.
2614 5518 2691 5573 γι,
2731 5503 2837 5574 14).

1892 5644 1915 5701 9
1948 5627 2365 5701 Hispanismus
2396 5632 2614 5685 Momm

1892 5700 1918 5741 ιι
1950 5700 2121 5759 Forte
2151 5701 2503 5758 clamantes.
