3960 6400
405 284 512 338 823

1612 290 1668 345 S.
1711 286 1992 344 EULOGII
2031 288 2354 354 ARCHIEP.
2396 302 2638 363 TOLET.

3741 315 3846 372 824

479 407 535 459 3.
557 405 686 459 Non
702 419 831 472 vos,
853 419 1084 461 sorores
1110 422 1280 474 meae,
1306 409 1506 465 saeculi
1526 409 1942 467 blandimenta
1962 408 2066 464 de-
2097 415 2143 468 Α
2183 415 2323 476 bere
2353 439 2532 495 posse
2562 433 2830 486 vestrum
2849 431 3121 503 spiritum
3143 438 3357 506 sperat.
3381 436 3554 500 Quod
3577 437 3624 492 si
3655 438 3846 510 (quod

410 499 653 574 cipiant,
681 500 787 574 qui
814 501 1108 557 Christum
1135 505 1454 562 Dominum
1477 523 1580 563 ore
1607 507 1936 580 apostolico
1969 523 2070 562 au-

409 587 578 645 distis
607 587 906 646 dicentem
929 604 944 646 :
970 591 1172 649 Nolite
1195 594 1449 665 diligere
1464 597 1775 665 mundum,
1794 611 1982 668 neque
2003 611 2072 652 ea

410 693 545 750 quae
561 678 625 733 in
656 679 880 735 mundo
906 685 1066 736 sunt.
1091 681 1161 737 Si
1184 684 1316 754 quis
1339 684 1540 755 diligit
1564 685 1726 742 hunc
1755 685 2071 754 mundum,

411 783 531 823 non
558 773 644 824 est
666 768 936 825 Charitas
978 771 1186 828 Patris
1223 773 1286 828 in
1318 788 1405 830 eo.
1449 775 1600 843 Quia
1626 773 1797 832 omne
1821 776 1980 848 quod
2009 777 2072 832 in

411 857 634 913 mundo
663 863 768 925 est,
783 861 1268 929 concupiscentia
1289 864 1492 919 carnis
1516 870 1570 920 et
1594 867 2076 935 concupiscentia

410 947 722 1003 oculorum
749 953 856 1016 est,
879 954 932 1005 et
963 951 1246 1019 superbia
1269 953 1439 1021 vitae:
1467 969 1602 1024 qua:
1627 971 1747 1010 non
1777 969 1852 1010 ea:
1866 956 2074 1025 Patre,

409 1037 512 1093 sed
537 1052 614 1093 ea:
640 1039 866 1094 mundo
893 1044 1000 1095 est.
1038 1040 1119 1096 Et
1143 1041 1403 1097 mundus
1430 1045 1683 1100 transiet
1713 1050 1766 1102 et
1798 1045 2077 1114 concupi-

409 1130 637 1184 scentia
664 1129 794 1197 ejus
824 1128 878 1199 (Ι
899 1130 1076 1185 Joan.
1111 1145 1170 1199 ιι,
1201 1134 1264 1185 t5
1289 1131 1459 1203 seq.).
1490 1135 1614 1188 Non
1647 1149 1757 1189 vos
1782 1132 1955 1207 copia
1983 1149 2075 1189 rc-

411 1232 549 1272 rum
564 1215 785 1286 illiciat,
800 1217 942 1290 quia
965 1217 1253 1291 scriptum
1274 1225 1387 1275 est:
1407 1222 1607 1278 Nolite
1626 1238 1869 1292 sperare
1887 1225 1951 1278 in
1968 1223 2078 1278 ini-

410 1304 763 1374 quitatibus,
796 1311 850 1360 et
878 1308 941 1360 in
972 1306 1244 1375 rapinis:
1267 1309 1452 1364 nolite
1480 1312 1894 1380 concupiscere
1922 1311 2075 1366 divi-

413 1393 554 1448 tias:
579 1392 636 1447 si
659 1393 950 1462 afﬂuant,
963 1395 1151 1450 nolite
1179 1410 1283 1451 cor
1313 1411 1614 1466 apponere
1643 1400 2074 1470 (Psal.xu,tt).

415 1482 482 1535 Et
512 1479 729 1536 iterum
757 1499 770 1536 :
803 1483 1004 1539 Nolite
1027 1499 1273 1552 sperare
1300 1486 1363 1540 in
1391 1488 1618 1544 incerto
1648 1489 1997 1546 divitiarum
2027 1491 2084 1556 (Ι

416 1568 565 1624 Tim.
594 1584 675 1637 v1,
708 1569 836 1640 '17).
879 1573 1009 1627 Non
1056 1587 1164 1628 vos
1216 1574 1473 1630 carceris
1503 1576 1816 1648 squalidus
1866 1578 2079 1634 horror

415 1660 661 1725 avertat,
689 1675 827 1731 quae
855 1675 995 1716 vere
1057 1661 1216 1718 scitis
1265 1665 1610 1737 prophetas,
1661 1667 1989 1740 apostolos,
2021 1672 2078 1725 et

2184 508 2360 578 absit)
2389 519 2786 587 persecutoris
2811 520 3091 593 voluptas
3121 523 3401 594 improba
3430 508 3843 592 intercesserit,

2185 603 2241 654 et
2271 601 2389 658 vim
2421 607 2773 678 corporibus
2828 608 3111 677 inferens,
3173 609 3370 669 dicata
3422 615 3540 670 Deo
3568 615 3846 672 membra

2183 687 2502 748 libidinose
2526 694 2743 752 invitas
2765 698 3154 770 oppresserit;
3177 700 3388 772 procul
3411 701 3484 758 sit
3506 706 3742 758 tantum
3764 702 3845 759 ab

2185 779 2456 851 appetitu
2485 784 2671 840 animi
2723 786 3063 859 perniciosa
3115 789 3474 859 consensio;
3530 792 3676 865 quia
3715 807 3843 848 non

2185 866 2412 938 polluet
2441 879 2702 930 mentem
2727 875 2924 932 aliena
2945 878 3268 952 corruptio,
3292 895 3481 951 quam
3511 896 3635 936 non
3656 880 3846 937 foedat

2185 958 2430 1030 propria
2459 961 2792 1020 delectatio.

2256 1069 2309 1120 5.
2341 1067 2716 1142 Quapropter
2742 1071 2805 1127 in
2833 1073 3052 1129 harum
3104 1074 3500 1132 tentationum
3551 1076 3846 1133 discrimi-

2185 1167 2280 1223 ne,
2304 1171 2565 1227 quarum
2596 1160 2761 1229 gravi
2793 1161 3230 1219 conﬂictatione
3259 1165 3398 1223 hinc
3444 1165 3581 1222 inde
3611 1165 3843 1239 promi-

2185 1243 2465 1300 nentibus
2488 1246 2660 1304 hellis
2690 1249 3064 1308 imbecillitas
3078 1252 3351 1309 humana
3380 1258 3658 1322 vexatur;
3686 1253 3842 1309 dum

2187 1333 2452 1405 corporis
2481 1335 2878 1407 integritatem
2925 1340 3195 1398 amittere
3222 1346 3479 1412 veretur,
3518 1341 3610 1398 vel
3638 1343 3842 1414 perdi-

2186 1423 2311 1477 tam
2339 1425 2584 1495 periisse
2614 1426 2776 1483 dolet
2817 1429 2997 1484 etiam
3041 1445 3244 1486 coram
3286 1432 3540 1488 Domino
3587 1433 3842 1505 praemia

2183 1507 2532 1582 integritatis
2563 1531 2685 1570 suae
2714 1522 2993 1574 meretur.
3025 1521 3138 1574 Nec
3164 1519 3334 1591 (dum
3367 1520 3521 1576 inter
3561 1520 3842 1576 homines

2185 1598 2304 1654 vim
2335 1616 2640 1674 perpessa,
2661 1603 2793 1674 jam
2823 1621 2963 1662 caro
2991 1606 3176 1679 turpis
3216 1611 3421 1664 notam
3453 1607 3718 1664 infamiae
3748 1626 3843 1665 su-

2183 1686 2370 1744 biisse
2392 1691 2852 1766 verecundatur)
2883 1694 3108 1751 crimen
3129 1700 3248 1761 est;
3302 1697 3408 1752 sed
3437 1697 3497 1752 id
3529 1697 3730 1769 potius
3758 1699 3845 1754 in-

411 1743 625 1846 beatos
643 1753 937 1848 martyres
951 1765 1060 1823 per
1075 1752 1399 1855 carceralia
1418 1754 1656 1811 vincula
1681 1755 1759 1811 ad
1777 1756 2074 1855 caelestem
2105 1771 2145 1824 Β
2189 1743 3028 1853 tuendﬁgﬁggu“;om’nibus
3069 1743 3266 1841 modi;
3296 1743 3703 1842 είῖεομιξάυω
3731 1791 3841 1855 εει,

412 1834 673 1906 patriam
688 1837 1054 1909 pervenisse:
1073 1839 1397 1914 multisque
1415 1847 1640 1900 secreta
1652 1845 2075 1917 mysteriorum

412 1921 474 1978 in
501 1927 675 1980 antro
699 1925 910 1997 positis
938 1928 1198 1985 revelata
1243 1936 1402 1986 sunt.
1436 1935 1565 1988 Non
1607 1950 1715 1990 vos
1759 1935 2076 1991 contuber-

410 2011 582 2068 nium
603 2017 941 2071 scortorum
965 2017 1259 2083 exturbet,
1304 2021 1596 2093 quoniam
1629 2023 1917 2096 scriptum
1947 2028 2070 2081 est:

411 2102 583 2160 Sicut
609 2103 744 2160 lilia
769 2105 929 2162 inter
953 2108 1178 2178 spinas,
1205 2109 1290 2166 sic
1316 2113 1512 2168 amica
1556 2129 1686 2174 mea
1713 2115 1872 2170 inter
1908 2116 2072 2185 ﬁlias

411 2192 616 2260 (Cant.
648 2210 711 2262 ιι,
741 2194 800 2266 2)
826 2212 839 2251 :
873 2200 929 2252 et
953 2197 1241 2254 Dominus
1270 2200 1522 2272 quidem
1554 2218 1687 2260 cum
1720 2205 1942 2277 iniquis
1971 2205 2072 2262 de-

405 2287 661 2352 putatus
687 2289 772 2340 est
815 2284 1031 2355 (Marc.
1060 2303 1162 2358 xv,
1189 2289 1307 2361 28),
1355 2295 1416 2346 et
1455 2290 1608 2348 inter
1639 2298 1959 2367 utrumque
1984 2293 2072 2351 la-

411 2375 646 2428 tronem
667 2370 883 2429 afﬁxus
912 2379 1018 2431 est.
1051 2379 1180 2432 Non
1202 2394 1312 2433 vos
1354 2379 1601 2436 furentis
1644 2381 1854 2453 judicii
1887 2387 2072 2439 terror

409 2459 708 2529 immutet,
745 2463 1038 2534 quoniam
1068 2480 1180 2522 nec
1237 2467 1490 2540 capillus
1521 2469 1594 2525 de
1639 2471 1831 2544 capite
1872 2477 2071 2528 vestro

411 2547 538 2604 sine
563 2548 739 2621 jussu
769 2552 954 2608 Patris
981 2554 1161 2610 vestri
1193 2555 1497 2613 avelletur.
1523 2561 1650 2615 Non
1669 2575 1772 2616 vos
1802 2561 2073 2618 convicia

409 2636 774 2708 injuriarum
802 2638 1156 2710 deterreant,
1179 2645 1470 2716 quOniam
1500 2648 1787 2720 scriptum
1808 2653 1922 2705 est:
1954 2651 2073 2706 No-

412 2726 518 2782 lite
554 2727 760 2784 timere
805 2730 1157 2798 opprobium
1202 2731 1530 2798 hominum,
1575 2741 1630 2793 et
1671 2737 2071 2808 blasphemias

408 2828 614 2870 eorum
634 2831 710 2872 ne
734 2819 1221 2876 metuatis.Sicut
1244 2823 1399 2878 enim
1421 2825 1853 2898 vestimentum,
1869 2828 1952 2884 sic
1975 2843 2066 2885 co-

409 2902 603 2959 medet
631 2919 726 2960 eos
756 2908 1004 2979 vermis;
1033 2914 1088 2964 et
1127 2910 1281 2966 sicut
1311 2917 1478 2979 lana,
1511 2915 1597 2970 sic
1626 2916 1943 2985 deﬂorabit
1977 2933 2071 2974 eos

410 2992 574 3049 tinea
602 2992 745 3064 (Isa.
777 3010 854 3062 LI,
882 3001 937 3065 7,
961 2999 1035 3066 8).
1063 3000 1192 3054 Non
1223 3014 1330 3055 vos
1361 3001 1656 3075 supplicia
1684 3003 1848 3062 illata
1870 3022 2074 3079 poena.

406 3095 545 3137 rum
575 3088 972 3156 marcescant,
992 3100 1117 3142 non
1148 3086 1494 3147 immanitas
1510 3090 1789 3149 dolorum
1815 3110 2069 3168 exsupe-
2101 3126 2141 3180 ο

405 3173 513 3237 ret,
545 3185 671 3226 non
695 3170 1046 3230 vulneribus
1101 3179 1538 3236 tormentorum
1569 3180 1737 3252 vigor
1780 3181 1921 3240 ﬁdei
1949 3201 2072 3240 ves-

405 3262 507 3316 trae
535 3260 892 3318 succumbat
920 3263 1065 3335 quia
1096 3265 1386 3339 scriptum
1439 3272 1564 3326 est:
1618 3272 1820 3329 Nolite
1863 3275 2071 3332 timere

407 3362 500 3404 eos
528 3348 635 3419 qui
656 3349 938 3407 occidunt
963 3368 1200 3423 corpus,
1227 3358 1449 3415 animle
1474 3374 1612 3416 vero
1637 3361 1701 3416 in
1730 3363 1904 3418 nullo
1934 3378 2073 3432 pos-

405 3441 548 3492 sunt
575 3452 824 3508 nocere;
848 3441 954 3496 sed
963 3443 1168 3510 potius
1197 3459 1330 3502 eum
1357 3447 1574 3514 timete,
1602 3450 1710 3521 qui
1725 3455 1920 3520 potest
1943 3467 2070 3508 cor-

401 3539 518 3594 pus
545 3531 599 3580 et
627 3527 892 3584 animam
929 3531 1198 3598 perdere,
1253 3539 1309 3590 et
1337 3537 1571 3594 mittere
1625 3539 1689 3594 in
1733 3541 2068 3610 gehennam

406 3612 649 3684 (Matth.
681 3630 740 3681 x,
767 3617 880 3684 28).
906 3615 1196 3676 Dominus
1222 3626 1280 3678 et
1309 3625 1590 3696 magister
1618 3631 1816 3683 vester
1834 3629 1949 3684 hoc
1969 3630 2068 3700 ju-

404 3701 526 3770 bet,
560 3718 796 3760 sorores
816 3720 1003 3775 mese;
1035 3713 1092 3765 et
1137 3725 1212 3766 ex
1239 3713 1369 3783 ejus
1413 3713 1628 3770 deiﬁco
1661 3731 1763 3771 ore
1792 3716 1906 3774 ista
1935 3735 2072 3790 pro-

403 3788 528 3848 lata
555 3796 713 3849 sunt.
743 3795 775 3848 J
782 3810 882 3851 am
910 3810 1034 3854 non
1055 3803 1144 3855 est
1169 3799 1325 3858 ultra
1343 3817 1499 3874 quos
1527 3808 1784 3873 metuas,
1802 3788 2068 3876 pusillus

403 3895 578 3952 grex,
603 3884 884 3953 quoniam
915 3889 1278 3957 complacuit
1326 3891 1508 3948 Patri
1554 3898 1748 3950 vestro
1789 3895 1938 3953 dare
1966 3912 2069 3953 vo-

409 3967 496 4023 bis
525 3983 780 4039 regnum
811 3971 976 4042 (Luc.
995 3990 1096 4044 ιιι,
1129 3977 1242 4046 32).
1265 3977 1598 4036 Roboretur
1612 3996 1864 4054 prorsus
1892 3984 2069 4041 vehe-

406 4056 670 4112 mentius
723 4059 997 4118 humana
1050 4063 1361 4137 fragilitas,
1421 4071 1477 4124 et
1525 4074 1757 4127 exserta
1795 4088 1982 4129 manu
2006 4073 2066 4130 in

409 4144 734 4234 certamine
762 4161 874 4219 pro
905 4148 1024 4206 Deo
1057 4166 1167 4208 suo
1197 4161 1470 4214 exerceat
1515 4173 1772 4231 pugnas.
1801 4161 1934 4234 Ipse
1963 4163 2068 4220 da-

407 4230 496 4286 bit
555 4233 865 4320 auxilium,
925 4236 1054 4309 ipse
1078 4239 1432 4301 victoriandi
1474 4230 1736 4306 conferet
1766 4230 2066 4320 meritum,

409 4319 517 4413 qui
537 4319 658 4413 tale
686 4323 1060 4383 auditoribus
1079 4328 1290 4388 indixit
1325 4343 1694 4410 praeceptum
1719 4357 1731 4396 :
1765 4342 1915 4398 Ecce
1963 4358 2067 4413 ego

409 4409 709 4467 vobiscum
735 4428 866 4469 sum
917 4419 1189 4476 omnibus
1233 4422 1437 4481 diebus
1470 4409 1656 4500 usque
1686 4430 1767 4486 ad
1796 4409 2066 4488 consum-

409 4499 729 4558 mationem
758 4507 967 4561 seculi
996 4507 1235 4578 (Matth.
1267 4529 1468 4581 xxvm,
1499 4499 1613 4585 20).

483 4589 898 4649 Comminatur
952 4603 1106 4655 certe
1147 4600 1336 4658 hostis
1393 4605 1639 4677 publica
1689 4623 1793 4664 vos
1847 4609 2070 4667 venali-

409 4679 525 4767 tate
551 4678 955 4753 dimittendas,
988 4685 1240 4762 foroque
1268 4691 1695 4767 imponendas,
1727 4702 1786 4755 et
1825 4698 2067 4756 nefariis

406 4765 744 4836 vulgarium
769 4775 1218 4844 prostituendas
1269 4765 1789 4853 obscaenitatibus,
1841 4787 2068 4845 crudeli

409 4858 804 4952 exsecutione
817 4864 1226 4952 nundinaliter
1257 4871 1712 4943 distrahendas;
1743 4877 1846 4933 sed
1869 4894 2067 4952 neque

407 4941 830 5032 hujuscemodi
855 4952 1106 5012 obsecro
1136 4959 1358 5016 sedatis
1383 4960 1688 5019 furoribus
1713 4982 1727 5020 :
1763 4966 1914 5032 Quia
1945 4941 2066 5026 non

409 5029 784 5104 derelinquet
836 5040 1126 5101 Dominus
1182 5048 1418 5118 virgam
1455 5029 1839 5118 peccatorum
1887 5072 2069 5127 super

407 5123 625 5211 sortem
647 5124 975 5196 justorum,
1005 5138 1074 5187 ut
1111 5149 1234 5189 non
1257 5139 1586 5196 extendant
1631 5143 1792 5211 justi
1816 5147 1896 5201 ad
1948 5123 2065 5203 ini-

408 5207 941 5306 quitatem-manus
965 5233 1104 5276 suas
1133 5222 1324 5290 (Psal.
1382 5241 1566 5296 cxxrv,
1621 5207 1695 5303 ll).
1743 5236 1871 5306 Ipse
1901 5235 2064 5292 enim

407 5309 519 5351 vos
548 5300 837 5369 providus
864 5311 1156 5365 scrutator
1200 5319 1564 5373 secretorum
1591 5300 1928 5380 vestrorum
1959 5341 2065 5380 ve-

410 5386 633 5478 strique
651 5391 868 5462 vigoris
890 5396 1139 5455 collator
1158 5405 1494 5478 propulsari
1516 5413 1798 5469 tentation
1809 5432 1910 5470 um
1935 5432 2063 5472 mo-

405 5473 589 5532 lestiis
619 5495 741 5536 non
769 5483 941 5554 sinet,
973 5473 1196 5560 quibus
1240 5496 1502 5566 probari,
1532 5504 1589 5557 et
1626 5518 1750 5558 non
1780 5522 2061 5562 succum-

476 5607 633 5706 :
651 5608 1064 5706 9ii:-P€iz!i§-.
1161 5638 1293 5706 ςεαρ-
1333 5631 1416 5684 ιε.

478 5673 847 5776 :‘E‘l‘c‘il‘ocl‘l’i
854 5685 1074 5776 1I‘i‘iisere
1103 5673 1212 5751 fuit
1235 5673 1297 5753 in
1333 5673 1658 5776 exemplari
1688 5705 1848 5762 lacer
1877 5710 1935 5761 et
1964 5705 2064 5761 de-

405 5752 712 5818 pravatus.
763 5754 968 5820 Nullus
1016 5776 1264 5841 prorsus
1285 5752 1296 5753 ί
1316 5752 2066 5851 e'iméh'é'dsi'iids'llﬁa-

2182 1865 2351 1937 quod
2380 1883 2494 1925 nos
2517 1869 2635 1925 Deo
2667 1870 3062 1944 inculpabiles
3082 1873 3315 1945 reddat,
3340 1890 3462 1930 non
3491 1880 3693 1932 autem
3714 1892 3842 1932 me-

2183 1955 2471 2012 tuendum
2501 1959 2668 2030 quod
2719 1959 2938 2030 vulgus
2989 1960 3066 2017 de
3103 1961 3280 2018 nobis
3319 1963 3616 2034 judicium
3671 1965 3841 2022 feret.

2183 2042 2480 2104 Quoniam
2510 2062 2634 2103 non
2678 2049 3031 2106 vacuahitur
3070 2051 3346 2108 mercede
3376 2053 3845 2126 incorruptionis

2181 2148 2374 2200 mens,
2401 2135 2581 2190 etiam
2611 2138 2806 2193 carnis
2836 2138 3170 2210 integritate
3198 2141 3484 2214 adempta
3503 2141 3845 2198 dummodo

2181 2228 2533 2293 permaneat
2562 2224 2678 2280 sub
2709 2226 3048 2285 testimonio
3081 2228 3176 2286 sui
3219 2229 3452 2302 opiﬁcis
3483 2230 3728 2287 castitas
3757 2230 3847 2288 in-

2181 2309 2412 2368 terioris
2433 2311 2697 2370 hominis
2735 2313 2982 2373 illibata.

2252 2441 2305 2492 6.
2337 2439 2485 2494 Nam
2517 2440 2960 2512 quantumlibet
2987 2443 3345 2501 adversariis
3400 2445 3574 2502 cedat
3587 2445 3845 2502 inﬁrmi-

2181 2529 2274 2582 tas
2304 2528 2525 2599 carnis,
2555 2529 2778 2601 quibus
2826 2530 3036 2588 datum
3092 2538 3180 2590 est
3223 2551 3478 2607 corpora
3517 2535 3842 2608 trucidare,

2180 2617 2490 2672 tormentis
2519 2616 2802 2688 afﬂigere,
2832 2621 3055 2693 stupris
3084 2623 3496 2696 coinquinare,
3524 2623 3845 2697 poenisque

2180 2703 2427 2760 diversis
2451 2705 2728 2764 addicere
2759 2709 2856 2775 ;in
2883 2709 3049 2767 nullo
3079 2715 3285 2768 tamen
3324 2711 3648 2768 animabus
3673 2729 3846 2770 sanc-

2180 2792 2360 2850 titatis
2390 2797 2768 2869 propositum
2789 2800 3290 2857 conservantibus
3315 2806 3570 2874 possunt
3598 2817 3840 2860 nocere.

2187 2882 2352 2952 Quia,
2379 2888 2444 2939 ut
2462 2884 2674 2942 beatus
2702 2886 2782 2943 ait
2811 2887 3206 2962 Hieronymus
3235 2907 3249 2946 :
3282 2913 3310 2941 «
3344 2891 3574 2964 Corpus
3607 2896 3844 2949 sancta-

2180 2987 2316 3027 rum
2343 2973 2665 3031 mulierum
2717 2992 2842 3033 non
2888 2978 2978 3033 vis
3021 2978 3302 3046 maculat,
3335 2979 3444 3035 sed
3473 2979 3774 3053 voluptas.
3812 3001 3844 3035 ›

2181 3063 2248 3116 Et
2270 3060 2485 3118 iterum
2516 3065 2930 3122 sanctissimus
2957 3067 3326 3139 Augustinus
3346 3077 3372 3104 ³
3405 3085 3418 3122 :
3455 3091 3484 3119 «
3507 3072 3635 3126 Non
3672 3070 3846 3128 amit-

2179 3150 2245 3206 tit
2272 3165 2492 3224 corpus
2523 3154 2899 3211 sanctitatem
2949 3160 3232 3213 manente
3276 3157 3463 3214 animi
3504 3158 3840 3229 sanctitate,

2177 3239 2357 3296 etiam
2388 3257 2637 3315 corpore
2689 3261 3025 3318 oppresso;
3081 3246 3232 3303 sicut
3287 3247 3572 3304 amittitur
3623 3264 3842 3321 corpo-

2179 3327 2258 3384 ris
2287 3330 2591 3402 sanctitas,
2641 3333 2859 3391 violata
2897 3334 3085 3392 animi
3124 3337 3455 3404 sanctitate,
3487 3337 3668 3394 etiam
3710 3354 3843 3394 cor-

2176 3433 2323 3491 pore
2351 3418 2597 3478 intacto.
2631 3445 2660 3472 »
2719 3423 2810 3480 Sic
2853 3424 3097 3497 Joseph,
3143 3425 3227 3481 sic
3273 3426 3577 3494 Jeremias,
3610 3426 3694 3482 sic
3734 3427 3846 3486 Da-

2177 3507 2315 3576 niel,
2351 3513 2408 3566 et
2438 3517 2553 3566 tres
2583 3512 2772 3584 pueri,
2813 3512 3105 3586 multique
3153 3515 3539 3572 Hebraeorum
3588 3515 3848 3574 ﬁdeliter

2175 3597 2365 3653 Deum
2419 3599 2742 3658 colentium
2778 3602 2879 3659 illa
2932 3607 3279 3676 tempestate
3309 3605 3638 3662 venundati
3669 3612 3830 3672 sunt,

2177 3689 2236 3741 et
2259 3689 2461 3742 tamen
2499 3705 2535 3744 a
2567 3689 2753 3746 verbo
2781 3691 2881 3747 Dei
2907 3707 3031 3748 non
3060 3698 3434 3750 recesserunt
3465 3712 3478 3759 ;
3531 3694 3676 3768 quia
3705 3696 3842 3752 nul-

2175 3773 2302 3830 lum
2333 3775 2395 3830 in
2425 3781 2643 3834 statum
2689 3779 3082 3851 devenerunt,
3131 3799 3254 3854 quo
3287 3786 3474 3839 Deum
3505 3800 3687 3840 suum
3717 3801 3843 3841 non

2176 3862 2544 3934 invenirent;
2575 3866 2744 3924 illum
2779 3869 2979 3942 utique
3005 3871 3030 3912 b
3058 3871 3284 3944 ipsum,
3333 3873 3507 3945 cujus
3535 3873 3598 3929 in
3627 3880 3830 3938 mente

2177 3956 2235 4010 et
2289 3953 2614 4012 intentione
2664 3958 3014 4030 passionem
3069 3961 3345 4030 ferentes,
3418 3967 3474 4020 et
3525 3963 3676 4020 dum
3727 3981 3840 4020 caa-

2178 4041 2479 4112 derentur,
2529 4050 2586 4102 et
2642 4045 2791 4104 dum
2848 4054 3213 4122 secarentur,
3281 4055 3339 4108 et
3395 4052 3543 4108 dum
3601 4051 3840 4126 lapida-

2176 4137 2400 4206 rentur,
2460 4139 2517 4191 et
2588 4135 2737 4194 dum
2819 4139 3234 4209 venderentur,
3313 4141 3525 4199 Christi
3609 4143 3842 4216 passio-

2175 4239 2317 4278 nem
2361 4223 2724 4295 cogitabant,
2775 4227 2876 4300 qui
2925 4228 3111 4301 impio
3187 4234 3322 4302 post
3369 4230 3558 4287 multa
3623 4231 3841 4288 saecula

2176 4311 2498 4384 proditoris
2528 4313 2802 4388 discipuli
2841 4316 3270 4374 distrahendus
3301 4323 3426 4376 erat
3455 4321 3837 4377 commercio.

2250 4444 2304 4496 7.
2330 4440 2596 4514 Denique
2636 4445 2816 4500 Jonas
2860 4445 3157 4519 propheta
3199 4447 3303 4504 Dei
3347 4451 3497 4503 nutu
3555 4453 3742 4520 ponto
3767 4447 3841 4503 de

2177 4529 2319 4586 navi
2361 4531 2662 4604 projectus
2715 4535 2868 4605 (Jon.
2922 4552 2960 4602 ι,
3019 4540 3075 4592 Η
3113 4553 3240 4609 seq.
3277 4555 3290 4604 ;
3338 4554 3399 4605 ιι,
3456 4538 3476 4591 1
3515 4537 3687 4610 seq.),
3720 4537 3842 4594 bel-

2147 4617 2356 4674 .luinis
2419 4619 2694 4678 faucibus
2755 4629 2986 4696 raptus,
3073 4641 3146 4681 ex
3208 4626 3537 4699 improviso
3619 4625 3839 4682 carceri

2176 4702 2456 4764 horriﬁco
2494 4711 2897 4784 mancipatur.
2957 4714 3071 4770 Sed
3121 4719 3323 4771 tamen
3375 4731 3590 4788 expers
3640 4716 3836 4772 omnis

2176 4797 2420 4854 rationis
2469 4805 2808 4858 monstrum
2888 4801 3035 4859 illud
3094 4803 3525 4860 rationabiliter
3581 4803 3838 4861 Creatori

2176 4905 2286 4945 suo
2353 4889 2719 4964 obsequens,
2801 4893 3056 4966 mystice
3115 4894 3539 4951 tantummodo
3605 4908 3840 4949 conser-

2176 4978 2446 5035 vandum
2510 4980 2618 5036 sibi
2690 4986 2890 5039 vatem
2972 4983 3264 5040 creditum
3337 4983 3462 5040 fore
3535 4983 3837 5051 intellexit,

2175 5069 2231 5122 et
2283 5067 2422 5123 inde
2480 5084 2606 5125 non
2679 5068 3128 5128 demoliendam
3205 5073 3523 5146 perniciter
3574 5071 3693 5128 alvi
3751 5069 3841 5126 sui

2176 5155 2479 5227 specubus
2567 5159 2962 5216 reverendam
3042 5160 3316 5233 praedam
3397 5159 3687 5233 reposuit.
3774 5159 3843 5214 Ut

2174 5260 2311 5316 quas
2369 5249 2493 5302 erat
2541 5247 2850 5320 prophetae
2902 5265 3087 5305 causa
3144 5248 3411 5322 periculi,
3483 5248 3650 5303 ﬁeret
3701 5261 3840 5319 pos-

2179 5339 2272 5387 tea
2318 5334 2665 5391 nationibus
2722 5337 3033 5393 credituris
3091 5338 3151 5393 in
3201 5341 3647 5394 sacramentum
3678 5350 3838 5406 mys-

2177 5422 2305 5477 terii
2363 5439 2375 5477 :
2419 5429 2477 5480 et
2522 5440 2595 5480 ex
2643 5442 2714 5481 eo
2758 5426 3046 5483 infractus
3086 5426 3440 5494 visceribus,
3507 5429 3564 5481 ct
3621 5421 3840 5478 incolu-

2178 5512 2291 5566 mis
2347 5521 2746 5586 permaneret,
2806 5533 2876 5572 ex
2926 5533 3052 5590 quo
3102 5515 3366 5573 triduani
3419 5513 3704 5586 temporis
3748 5525 3838 5564 se-

2175 5652 2298 5763 (ἐίυο
2315 5638 2500 5695 modo
2520 5641 3313 5713 potuimus,emendavimus
3333 5644 3390 5698 et
3406 5637 3834 5712 supplevimus.

2235 5723 2404 5763 ORAL.

2235 5723 2404 5764 ORAL.
