3960 6378
154 262 252 319 825

1362 253 1840 316 DOCUMENTUM
1877 253 2348 316 MARTYRIALE.

3481 264 3583 317 826

154 383 453 458 pulturam
517 381 726 436 mortis
782 382 1182 452 portendebat
1236 382 1581 452 Dominicte,
1640 377 1807 450 quod
1838 379 1885 432 Α
1923 382 2192 448 tendum,
2225 391 2281 442 et
2337 387 2512 458 quasi
2555 387 2806 442 lucerna
2844 387 2904 441 in
2940 387 3269 457 caliginoso
3315 387 3442 442 loco
3496 388 3586 441 tu-

157 473 453 540 abrogans
481 469 586 525 Dei
616 470 707 525 sui
734 471 1037 526 mandatis
1066 488 1296 544 parere,
1319 475 1569 528 Tarsum
1599 467 1812 524 maluit

155 561 454 631 navigare.
488 560 579 615 Sic
606 572 630 600 ο
651 559 915 616 Malchus
967 561 1308 617 monachus
1351 561 1413 616 in
1446 559 1808 633 captivitate,

154 649 370 707 victrici
386 649 630 705 dextera
650 650 986 706 castitatem
1004 655 1221 722 tuetur,
1235 649 1690 721 crudeliumque
1709 647 1810 702 do-

156 740 452 796 minorum
476 739 626 811 jugo
656 739 911 810 exuitur,
941 739 1090 796 dum
1119 757 1230 813 pro
1261 756 1353 809 eo,
1407 737 1810 796 intercedente

155 827 454 902 pudicitia,
487 831 723 884 armata
774 828 1008 900 ungula
1061 834 1256 896 serv1t,
1307 828 1559 885 immani
1585 827 1810 883 feritate

156 918 403 991 impium
434 921 748 972 conterens
778 919 1124 987 Dominum,
1157 921 1259 992 qui
1293 919 1583 993 pudicum
1615 917 1675 972 in
1701 932 1810 972 an-

157 1013 240 1064 tro
265 1023 374 1063 suo
403 1007 740 1063 immunem
771 1008 1096 1081 reliquerat
1124 1009 1438 1067 Malchum.
1477 1009 1568 1066 Sic
1620 1005 1809 1064 Pauli-

154 1112 262 1153 nus
287 1095 528 1153 Nolante
557 1095 722 1152 urbis
747 1098 1090 1171 episcopus,
1109 1098 1199 1154 vir
1222 1098 1452 1154 eximiae
1483 1096 1810 1154 sanctitatis

155 1191 207 1242 et
228 1185 720 1258 incomparabilis
753 1186 966 1253 meriti,
1010 1191 1256 1260 propter
1312 1188 1557 1244 unicum
1610 1185 1810 1241 viduae

152 1274 336 1330 ﬁlium
358 1279 572 1348 sponte
596 1275 778 1330 subiit
800 1275 828 1315 δ
857 1276 1225 1341 servitutem,
1245 1276 1522 1349 exemplo
1541 1276 1664 1331 veri
1689 1291 1812 1330 ma-

154 1362 311 1433 gistri
340 1368 702 1430 commotus,
735 1364 839 1437 qui
865 1364 1014 1420 dum
1045 1365 1303 1421 liberum
1334 1371 1390 1422 et
1445 1373 1810 1420 coaeternum

155 1453 437 1509 frueretur
465 1468 606 1508 cum
631 1455 797 1509 Patre
824 1459 882 1510 et
903 1454 1122 1527 Spiritu
1147 1462 1354 1511 sancto
1381 1459 1597 1511 cuncta
1612 1453 1810 1526 dispo-

151 1539 326 1596 nendi
365 1539 710 1613 imperium,
760 1557 872 1596 nec
925 1543 1160 1615 przeiret
1205 1543 1490 1613 genitoris
1544 1547 1810 1615 potestas

150 1630 523 1702 majestatem
552 1630 740 1704 prolis
771 1645 986 1687 coaevaa
1014 1632 1200 1705 (quia,
1232 1637 1449 1689 natura
1481 1631 1810 1687 Divinitatis

1918 479 2084 527 centc
2112 475 2456 530 divinarum
2511 477 2953 548 Scripturarum
2988 479 3289 547 praecepta.
3345 481 3583 530 sancto-

1917 577 2175 634 rumque
2193 563 2336 634 jura
2365 564 2690 620 verborum
2720 581 2751 620 e
2783 564 3042 620 tenebris
3081 570 3298 620 nostra:
3330 563 3586 636 peregri-

1916 650 2197 719 nationis,
2232 653 2454 725 quibus
2481 670 2517 710 a
2548 653 2802 709 Domino
2833 658 2891 708 et
2917 653 3236 709 beatorum
3284 653 3584 709 consortio

1918 755 2294 811 separamur,
2321 742 2790 814 contemplanda
2807 746 2965 812 sunt,
2985 747 3042 798 et
3064 741 3382 809 servanda,
3399 744 3584 799 donec

1917 828 2039 884 dies
2068 830 2344 888 lucescat.
2376 838 2429 888 et
2456 833 2676 902 lucifer
2703 833 2942 887 oriatur
2970 833 3033 887 in
3065 832 3341 888 cordibus
3367 833 3585 887 nostris

1921 918 2010 984 (II
2026 919 2190 974 Pctr.
2227 936 2262 984 ι,
2305 924 2408 987 19).
2445 921 2628 989 Unde,
2654 923 2703 975 si
2743 920 2933 976 libero
2965 925 3215 992 aspectu
3249 921 3434 974 Deum
3467 936 3586 976 cer-

1916 1021 2058 1062 nere
2093 1007 2492 1076 anhelamus,
2552 1009 2720 1080 prius
2783 1009 2902 1063 fide
2963 1008 3148 1064 corda
3203 1008 3586 1081 puriﬁcanda

1917 1100 2076 1166 sunt,
2108 1097 2392 1168 operibus
2447 1097 2878 1164 consecranda,
2931 1102 2986 1154 et
3039 1114 3211 1152 muro
3281 1097 3583 1153 charitatis

1915 1186 2056 1241 hinc
2078 1186 2217 1242 inde
2273 1186 2578 1253 vallanda,
2641 1187 2862 1259 quibus
2912 1187 3176 1259 profecto
3230 1187 3388 1242 illius
3431 1189 3585 1242 sacri

1919 1276 2221 1346 Evangelii
2248 1276 2572 1349 sponsione
2604 1277 3019 1331 incunctanter
3046 1276 3331 1344 condigni
3363 1275 3588 1331 habea-

1917 1381 2075 1435 mur,
2107 1381 2231 1438 qua
2281 1365 2740 1420 diciturzBeati
2774 1365 2997 1420 mundo
3054 1365 3252 1430 corde,
3303 1366 3584 1434 quoniam

1916 1455 2036 1524 ipsi
2062 1456 2241 1510 Deum
2276 1455 2559 1510 videbunt
2589 1455 2787 1521 (Matt.
2820 1471 2877 1523 v,
2910 1455 2990 1520 8).
3022 1452 3163 1508 Inde
3193 1469 3405 1524 quaeso
3454 1469 3581 1520 vos,

1914 1543 2108 1600 beatae
2139 1543 2425 1614 virgines,
2456 1559 2531 1598 ne
2557 1543 2822 1615 perdatis
2866 1557 3157 1598 conoram
3188 1541 3358 1596 vobis
3413 1556 3588 1613 para-

1915 1636 2061 1695 tam,
2094 1649 2340 1689 necvos
2399 1649 2436 1689 a
2489 1632 2774 1688 charitate
2830 1631 3042 1688 Christi
3094 1631 3458 1702 cujusquam
3500 1629 3582 1686 rei

149 1717 577 1776 indivisibiliter
618 1719 990 1793 persistente,
1041 1721 1355 1777 diversitas
1410 1735 1808 1794 personarum
1839 1732 1881 1787 B
1917 1721 2243 1778 mundialis
2275 1722 2594 1778 oblectatio
2646 1725 2954 1792 segreget;
3015 1719 3120 1776 sed
3151 1735 3327 1792 aequo
3376 1720 3582 1775 animo

149 1806 460 1865 inconfusa
478 1809 787 1877 manebat,
823 1826 942 1866 una
969 1809 1308 1884 eademque
1339 1811 1543 1878 Patris,
1576 1813 1635 1866 et
1664 1809 1805 1871 Filii,

149 1902 202 1953 et
231 1897 484 1971 Spiritus
515 1899 702 1955 sancti
759 1899 1098 1956 substantia
1128 1900 1437 1970 existente)
1468 1915 1587 1954 non
1640 1899 1807 1969 rapi-

149 2001 282 2043 nam
309 1987 648 2044 arbitratus
665 1993 751 2044 est
773 2003 895 2044 esse
922 2003 982 2044 se
1013 1990 1302 2059 aequalem
1342 1991 1484 2055 Deo,
1512 1989 1613 2044 sed
1633 2002 1809 2043 seme-

150 2076 363 2144 tipsum
407 2077 786 2145 exinaniens,
812 2077 1076 2146 formam
1106 2080 1266 2133 servi
1314 2079 1563 2147 accepit,
1620 2076 1808 2132 humi-

151 2164 313 2220 liavit
331 2181 396 2222 se
415 2181 604 2238 usque
626 2165 708 2221 ad
743 2171 1014 2232 mortem,
1072 2173 1318 2223 mortem
1371 2172 1570 2223 autem
1615 2166 1810 2222 crucis

149 2253 395 2324 (Philip.
427 2270 492 2323 ιι,
523 2256 578 2322 6,
611 2255 688 2326 8),

215 2347 266 2399 8.
300 2345 704 2416 Quapropter,
737 2359 972 2399 sorores
1000 2359 1174 2415 meae,
1199 2345 1312 2400 hoc
1335 2344 1656 2401 Dominicae
1677 2359 1812 2416 pas-

151 2430 326 2488 sionis
361 2431 678 2505 exemplar
707 2437 844 2488 ante
898 2432 1107 2488 oculos
1138 2433 1336 2489 cordis
1368 2438 1714 2503 statuentes,
1756 2436 1814 2489 et

152 2520 273 2592 ejus
325 2520 580 2592 vestigia
626 2520 760 2592 jugi
806 2521 1194 2578 meditatione
1246 2528 1583 2596 sequentes,
1631 2537 1812 2577 omne

151 2609 474 2684 temporale
506 2610 876 2683 supplicium
922 2626 1033 2683 pro
1063 2611 1250 2667 nihilo
1280 2617 1555 2684 reputate
1588 2612 1614 2666 ?
1661 2611 1813 2677 Quia

151 2696 278 2755 licet
302 2700 380 2756 sit
407 2715 696 2772 asperum
725 2704 783 2756 et
808 2715 1108 2770 amarum,
1135 2700 1319 2756 breve
1357 2706 1561 2758 tamen
1593 2707 1682 2756 est
1724 2706 1811 2756 at-

152 2803 264 2860 que
292 2788 399 2845 ﬁni
427 2788 803 2860 contiguum,
836 2793 893 2844 et
924 2788 1037 2845 sub
1069 2790 1246 2845 unius
1296 2791 1589 2846 momenti
1619 2789 1813 2862 spatio

152 2882 251 2933 aut
289 2877 396 2951 qui
443 2876 622 2934 infert
651 2879 821 2950 perit,
882 2883 988 2934 aut
1025 2879 1327 2935 sustinens
1381 2879 1599 2935 deticit.
1662 2878 1815 2944 Quia

151 2981 340 3038 pinnae
361 2965 412 3022 si
441 2966 704 3023 acriores
735 2978 760 3008 ο
789 2971 948 3033 sunt,
974 2967 1087 3023 cito
1118 2967 1400 3037 ingerunt
1418 2968 1684 3042 patiendi
1713 2967 1814 3022 de-

1916 1829 2056 1868 cum
2088 1811 2376 1885 Apostolo
2408 1811 2727 1884 praedica’te
2757 1811 3022 1866 dicentes
3055 1826 3066 1864 :
3101 1809 3242 1877 Quis
3283 1811 3438 1865 enim
3477 1825 3583 1866 nos

1914 1902 2216 1971 separabit
2241 1915 2278 1956 a
2309 1901 2609 1956 charitate
2632 1901 2742 1955 Dei
2761 1900 2788 1954 '?
2816 1898 3151 1964 tribulatio,
3177 1913 3258 1954 an
3275 1900 3580 1968 angustia,

1915 2006 1996 2047 an
2014 1990 2366 2059 persecutio,
2390 2004 2469 2045 an
2487 1988 2701 2058 fames,
2722 2004 2801 2042 an
2831 1987 3093 2051 nuditas,
3118 2001 3199 2041 an
3210 1987 3579 2056 periculum,

1917 2096 1994 2137 an
2025 2079 2270 2150 gladius
2287 2082 2314 2133 ?
2337 2077 2526 2148 (Sicut
2551 2078 2843 2146 scriptum
2863 2081 2969 2141 est,
3023 2075 3304 2146 quoniam
3331 2080 3586 2145 propter

1918 2175 1973 2225 te
2005 2169 2444 2236 mortiﬁcamur
2492 2171 2616 2221 tota
2645 2165 2760 2235 die,
2807 2164 3089 2220 a'stimati
3118 2178 3321 2218 sumus
3353 2168 3415 2218 ut
3460 2165 3584 2219 ovis

1917 2258 2272 2326 occisionis.)
2293 2256 2412 2312 Sed
2438 2256 2497 2310 in
2530 2255 2622 2311 his
2651 2253 2920 2309 omnibus
2953 2267 3307 2321 superamus
3327 2257 3584 2322 propter

1917 2363 2071 2415 eum,
2099 2347 2206 2418 qui
2234 2345 2450 2401 dilexit
2482 2360 2607 2400 nos.
2643 2343 2854 2399 Certus
2882 2357 3014 2398 sum
3043 2342 3197 2398 enim
3231 2343 3374 2413 quia
3396 2357 3587 2412 neque

1917 2453 2097 2506 mors,
2130 2451 2318 2507 neque
2338 2437 2481 2500 vita,
2511 2449 2698 2505 neque
2713 2434 2938 2503 angeli,
2967 2447 3155 2504 neque
3173 2433 3581 2502 principatus,

1918 2541 2106 2598 neque
2121 2525 2440 2596 fortitudo,
2465 2539 2652 2596 neque
2673 2523 2952 2592 altitudo,
2972 2538 3162 2593 neque
3180 2522 3583 2591 profundum,

1917 2632 2108 2687 neque
2128 2616 2441 2682 instantia,
2470 2629 2659 2686 neque
2684 2614 2924 2682 futura,
2947 2627 3138 2683 neque
3154 2617 3437 2668 creatura
3459 2611 3587 2667 alia

1915 2707 2136 2776 poterit
2167 2720 2274 2760 nos
2301 2719 2587 2774 separare
2618 2718 2655 2758 a
2691 2703 2990 2758 charitate
3045 2701 3172 2764 Dei,
3227 2716 3356 2773 qua
3409 2706 3492 2757 est
3523 2701 3588 2755 in

1923 2795 2162 2851 Christo
2185 2795 2329 2850 Jesu
2359 2793 2613 2848 Domino
2645 2797 2850 2847 nostro
2884 2792 3070 2861 (Rom.
3119 2806 3242 2856 vui,
3292 2794 3360 2845 35
3415 2789 3586 2860 seq.).

1923 2885 2075 2950 Quin
2108 2884 2308 2956 potius
2341 2883 2454 2938 ista
2484 2881 2692 2938 omnia
2722 2885 2966 2953 propter
2999 2885 3288 2936 aeternam
3338 2878 3591 2934 retribu-

1921 2973 2146 3030 tionem
2179 2971 2572 3028 alacrioribus
2601 2969 2818 3025 animis
2849 2970 3120 3041 votisque
3144 2967 3588 3024 ardentioribus

152 3053 404 3124 fectum;
445 3055 496 3111 si
527 3071 669 3111 vero
699 3054 952 3112 leviores
983 3062 1141 3128 sunt,
1192 3057 1425 3114 facilius
1458 3057 1807 3114 tolerantur.
1843 3089 1884 3146 Ο
1921 3068 1980 3119 et
2009 3060 2338 3136 quaerenda
2368 3065 2525 3127 sunt,
2559 3063 2615 3114 et
2641 3059 2909 3113 ferenda,
2945 3060 3138 3113 Manet
3167 3057 3329 3112 enim
3361 3055 3590 3110 unicui-

154 3143 215 3199 In
237 3148 495 3219 utroque
519 3160 756 3218 semper
775 3144 1074 3216 gloriandi
1087 3145 1256 3202 vobis
1275 3150 1479 3203 manet
1495 3153 1812 3219 tropaeum,

152 3231 211 3287 in
234 3237 491 3306 utroque
523 3249 762 3306 semper
788 3233 1082 3290 felicitatis
1114 3235 1458 3291 cumulatur
1488 3235 1810 3308 profectus,

153 3320 295 3377 dum
326 3338 434 3395 per
473 3321 900 3379 multimodam
957 3323 1463 3380 excruciationem
1493 3323 1673 3380 veluti
1705 3340 1813 3380 au-

154 3425 283 3467 rum
306 3411 446 3482 igne
481 3411 832 3485 probatum,
864 3411 1136 3485 puriores
1167 3413 1386 3469 animae
1418 3417 1624 3469 vestrae
1652 3413 1813 3468 deci-

155 3499 428 3558 dentibus
483 3503 692 3558 scoriis
761 3502 1041 3558 vitiorum
1093 3502 1452 3573 redduntur,
1511 3507 1569 3559 et
1618 3503 1814 3559 acrius

154 3605 329 3662 poena
359 3597 679 3662 grassante
706 3597 1014 3648 maturum
1042 3591 1392 3649 laureandis
1421 3593 1594 3649 vobis
1641 3593 1817 3649 infert

154 3680 475 3755 interitum,
508 3682 925 3739 incunctanter
953 3700 1064 3739 vos
1085 3684 1475 3740 nihilominus
1506 3684 1583 3740 ad
1603 3699 1816 3739 verum

156 3771 518 3842 prtemittens
549 3771 852 3840 solatium,
884 3773 959 3829 de
985 3789 1110 3846 quo
1140 3789 1246 3846 per
1277 3774 1638 3844 Prophetam
1667 3773 1814 3828 dici-

156 3863 247 3916 tur
277 3880 291 3917 :
321 3863 495 3918 Dabo
561 3864 642 3919 eis
671 3863 955 3920 solatium
987 3879 1214 3932 verum,
1267 3879 1476 3933 pacem
1508 3878 1689 3934 super
1707 3877 1818 3933 pa-

157 3964 273 4007 cem
295 3953 540 4024 (Jerem,
573 3968 687 4020 xxv,
731 3952 833 4025 I3).

224 4045 276 4097 9.
309 4041 372 4097 In
401 4041 590 4113 hujus
617 4040 798 4111 igitur
821 4042 958 4098 vitae
989 4042 1393 4115 corruptione,
1444 4041 1821 4116 quantalibet

159 4129 408 4204 quisque
435 4136 786 4187 nostrorum
816 4131 1239 4204 tranquillitate
1270 4131 1521 4200 fruatur,
1553 4147 1820 4187 commo-

161 4217 248 4274 dis
284 4223 612 4292 vegetetur,
658 4222 1050 4293 prosperitate
1080 4220 1340 4289 feratur;
1401 4237 1474 4278 ex
1505 4237 1576 4277 eo
1618 4226 1820 4276 tamen

162 4307 297 4378 quia
327 4310 788 4382 peregrinamur
813 4326 850 4366 a
871 4310 1146 4380 Domino,
1167 4311 1360 4380 magis
1385 4311 1820 4366 desolationem

163 4411 290 4454 esse
316 4415 506 4471 quam
537 4416 752 4472 pacem
779 4399 839 4455 in
877 4400 1122 4456 veritate
1152 4399 1462 4456 fatendum
1509 4403 1614 4454 est.
1674 4398 1823 4460 Quia

166 4493 394 4556 cuncta,
427 4503 565 4563 quae
595 4488 1031 4560 temporalibus
1059 4488 1242 4545 rebus
1263 4489 1510 4557 haerent,
1567 4493 1625 4544 et
1655 4487 1823 4545 vario

166 4577 369 4634 mundi
397 4578 629 4634 lumine
653 4578 1111 4650 perlustrantur,
1160 4578 1552 4634 nihilominus
1579 4576 1824 4634 vanitati

168 4669 650 4742 corruptionique
681 4669 1108 4741 succumbunt,
1135 4674 1193 4725 et
1219 4669 1390 4725 facile
1416 4687 1452 4725 a
1508 4674 1666 4726 statu
1715 4683 1826 4727 suo

169 4754 466 4829 labuntur,
498 4757 733 4815 dicente
762 4758 1082 4816 Salomone
1118 4761 1367 4816 :Omnia
1386 4775 1544 4816 vana
1567 4760 1676 4815 sub
1706 4758 1829 4815 sole

172 4845 386 4915 (Eccle.
419 4865 461 4920 1,
498 4849 606 4920 14).

248 4937 323 4991 l0.
361 4937 505 4993 llinc
535 4937 950 4992 vehementius
1003 4937 1116 5009 piis
1158 4939 1276 4994 Deo
1328 4938 1642 4994 affectibus
1692 4952 1830 5008 sup-

175 5022 518 5093 plicandum
547 5031 656 5094 est,
685 5027 1026 5099 sanctisque
1057 5026 1399 5100 frequenter
1420 5027 1630 5083 studiis
1650 5025 1828 5080 insis-

243 5163 266 5189 ι
288 5151 432 5225 Ejus
453 5154 647 5225 Vitam
680 5153 737 5209 S.
763 5153 1162 5225 Hieronymus
1186 5153 1420 5225 egregie
1455 5149 1829 5225 conscripsit,

177 5220 254 5296 ait
287 5220 494 5296 Bai-on.
529 5223 591 5280 in
631 5229 754 5279 not.
789 5223 870 5280 ad
895 5220 1272 5296 Martyrolog.
1302 5220 1398 5279 die
1437 5227 1515 5296 2t,
1537 5220 1826 5279 Octobris.

179 5290 262 5346 Ab
286 5293 398 5350 hoc
417 5295 688 5352 diversus
708 5299 814 5362 est,
834 5296 943 5352 etsi
963 5296 1023 5352 in
1039 5290 1248 5351 multis
1268 5295 1604 5362 conveniat,
1627 5309 1833 5348 mona-

182 5362 322 5440 chus
352 5365 444 5421 ille
467 5383 655 5440 quem
666 5369 1042 5440 ASozomenus
1066 5367 1494 5440 Malachionem
1517 5365 1832 5440 voeat,qui

184 5432 385 5519 iisglenm
401 5432 779 5519 temporibus
812 5439 969 5519 vixit,
1003 5439 1078 5519 de
1107 5455 1230 5510 quo
1261 5437 1362 5519 lib.
1388 5454 1465 5506 v1,
1499 5454 1641 5519 cap,
1668 5432 1754 5519 32L

251 5506 275 5544 δ
292 5508 380 5588 ,ΒΘ
401 5509 514 5588 hoc
530 5506 759 5579 insigni
785 5511 1092 5588 charitatis
1114 5506 1389 5581 exemplo
1416 5506 1588 5588 quod
1692 5510 1831 5588 Grc—

187 5581 379 5653 gorius
431 5584 676 5650 Magnus
736 5582 900 5653 prius
955 5582 1470 5640 commemoravit.
1512 5581 1724 5653 acriter
1771 5581 1831 5632 in

189 5651 494 5726 utramque
522 5651 755 5726 partem
782 5653 1091 5726 disputant
1111 5654 1324 5708 eruditi
1351 5670 1363 5720 ;
1398 5653 1503 5706 sed
1538 5658 1595 5726 tu
1625 5651 1831 5726 videas

192 5719 580 5781 Dissertation.
611 5741 687 5779 vn
707 5719 1178 5781 loanfBantistae
1203 5727 1277 5779 Le
1302 5727 1456 5779 Brun
1483 5722 1561 5778 ad
1605 5721 1831 5778 calcem

192 5789 442 5867 operum
470 5797 526 5852 Β.
556 5795 785 5854 Paulini
804 5796 941 5852 edit.
978 5789 1163 5854 Paris.
1203 5798 1355 5852 1685.
1393 5795 1697 5852 Danielem
1726 5795 1834 5850 Pa-

1853 4443 1899 4497 D

1921 3168 2040 3227 que
2089 3150 2254 3225 apud
2301 3149 2625 3205 Dominum
2643 3146 2910 3220 reposita
2948 3145 3173 3203 laboris
3199 3145 3291 3200 sui
3341 3159 3589 3214 corona,

1923 3249 1977 3298 et
2005 3257 2113 3316 pro
2145 3240 2428 3314 qualitate
2461 3236 2802 3294 certaminis
2830 3234 3177 3308 repensabit
3203 3233 3298 3290 ille
3326 3233 3590 3290 fructum

1924 3329 2239 3388 mercedis.

2001 3425 2085 3476 tl.
2121 3417 2413 3490 Equidem
2454 3431 2565 3471 nec
2595 3430 2708 3470 nos
2746 3412 2948 3468 divino
2999 3410 3293 3468 beneﬁcio
3327 3416 3618 3466 extorres.

1928 3509 2056 3566 ﬁeri
2085 3508 2407 3574 credimus,
2459 3521 2571 3560 nec
2601 3507 2892 3575 expertes,
2926 3506 3030 3557 aut
3071 3501 3340 3571 ingratos
3369 3497 3592 3554 caelesti

1930 3614 2178 3655 munere
2229 3611 2544 3668 speramus
2575 3611 2588 3648 :
2633 3592 2796 3665 quia,
2829 3590 2965 3647 licet
3001 3589 3190 3657 inviti,
3247 3595 3450 3645 tamen
3479 3603 3592 3660 pro

1926 3687 2172 3744 nomine
2225 3701 2335 3740 suo
2393 3699 2603 3738 sumus
2659 3680 2940 3747 devincti,
3004 3684 3061 3734 et
3109 3678 3230 3734 alto
3261 3675 3594 3747 ergastulo-

1927 3794 2063 3834 rum
2115 3776 2336 3848 laqueo
2390 3771 2654 3841 deligati.
2707 3769 2950 3841 Repleta
3013 3773 3152 3823 sunt
3199 3765 3528 3838 penetralia
3566 3763 3594 3805 ἀ

1927 3867 2182 3924 carceris
2222 3864 2574 3920 clericorum
2635 3859 2918 3926 catervis;
2973 3857 3222 3913 viduata
3261 3861 3353 3912 est
3400 3854 3594 3910 Eccle-

1929 3957 2016 4012 sia
2046 3970 2218 4012 sacro
2273 3950 2603 4027 praesulum
2658 3954 2716 4004 et
2773 3945 3155 4002 sacerdotum
3199 3945 3418 4002 oﬂicio.
3451 3945 3594 4000 Hor-

1926 4049 2060 4100 rent
2106 4043 2312 4098 divina
2363 4036 2750 4096 tabernacula
2811 4033 3154 4107 squalidam
3186 4033 3591 4096 solitudinem,

1928 4148 2152 4191 aranea
2207 4131 2346 4188 texit
2399 4127 2714 4197 templum,
2769 4129 2969 4180 tenent
3014 4128 3230 4179 cuncta
3271 4123 3592 4179 silentium.

1931 4221 2176 4278 Confusi
2261 4223 2402 4274 sunt
2459 4215 2824 4282 sacerdotes,
2909 4218 2966 4269 et
3037 4213 3291 4269 ministri
3367 4211 3594 4281 altaris,

1932 4312 2079 4386 quia
2108 4309 2367 4380 dispersi
2390 4311 2529 4362 sunt
2563 4305 2792 4375 lapides
2817 4305 3158 4360 sanctuarii
3173 4304 3235 4358 in
3257 4303 3454 4373 capite
3481 4318 3599 4357 om-

1933 4403 2100 4459 nium
2129 4401 2472 4471 platearum
2506 4395 2750 4463 (Thren.
2785 4409 2862 4463 iv,
2895 4392 2978 4464 1);
3012 4397 3069 4448 et
3095 4391 3509 4448 desinentibus
3536 4389 3600 4444 in

1935 4493 2237 4547 conventu
2264 4485 2510 4560 hymnis
2540 4483 2892 4540 cantionum
2915 4480 3266 4546 caelestium,
3315 4483 3602 4537 resonant

1935 4579 2142 4636 abdita
2206 4575 2461 4634 carceris
2519 4587 2832 4628 murmure
2912 4575 3123 4626 sancto
3191 4568 3594 4642 psalmorum.

1934 4673 2064 4725 Non
2124 4666 2348 4740 promit
2425 4666 2636 4718 cantor
2710 4659 2985 4716 divinum
3065 4673 3310 4713 carmen
3375 4657 3438 4710 in
3492 4671 3602 4726 pu-

1934 4756 2118 4828 blico,
2148 4770 2273 4811 non
2302 4768 2423 4808 vox
2478 4748 2803 4806 Psalmistae
2832 4746 3008 4803 tinnit
3034 4745 3097 4801 in
3125 4745 3334 4816 choro,
3367 4744 3442 4815 (3)
3471 4758 3599 4799 non

1936 4846 2121 4902 lector
2146 4841 2536 4899 concionatur
2563 4837 2626 4893 in
2650 4835 2904 4909 pulpito,
2928 4849 3052 4890 non
3080 4833 3279 4889 Levita
3302 4830 3602 4902 evangeli-

1937 4940 2032 4992 zat
2056 4935 2118 4990 in
2148 4930 2397 5006 populo,
2429 4943 2550 4984 non
2581 4923 2864 4983 sacerdos
2892 4923 3030 4979 thus
3057 4921 3232 4978 infert
3287 4920 3599 4978 altaribus.

1939 5024 2108 5094 Quia,
2129 5035 2416 5095 percusso
2446 5021 2706 5090 pastore,
2759 5011 3204 5085 dispersionem
3258 5010 3456 5069 intulit
3493 5010 3600 5068 ad-

1981 5147 2331 5221 ebrochium
2364 5143 2444 5221 ad
2461 5143 2636 5221 diem
2664 5143 2740 5221 22
2764 5138 2920 5195 Junii
2967 5139 3028 5195 in
3059 5139 3332 5213 Append.
3476 5139 3603 5194 Tri-

1981 5167 2331 5205 enrocmum
2364 5167 2444 5200 au
2473 5167 2636 5198 uiam
2667 5167 2733 5195 ΖΔ
2764 5167 2920 5195 auuu
2967 5167 3028 5195 iu
3059 5167 3332 5213 nppuuu.
3362 5167 3437 5196 uc
3476 5167 3502 5193 λ
3523 5167 3602 5194 n-

1937 5167 2046 5278 gas
2070 5219 2373 5284 Paulinis,
2408 5216 2525 5283 §II,
2557 5218 2614 5269 et
2642 5218 2884 5268 caeteros
2913 5226 3177 5284 quorum
3209 5210 3602 5284 meminimus

1940 5294 2001 5348 in
2025 5297 2167 5348 tom.
2203 5294 2218 5344 Ι
2271 5281 2488 5344 nostra;
2524 5284 2869 5342 Collection.
2921 5281 3001 5338 ad
3033 5298 3168 5355 cap.
3204 5298 3342 5338 xvn.
3377 5282 3600 5352 Opusc.

1943 5367 1998 5421 S.
2035 5361 2240 5419 lsidori
2270 5361 2342 5415 de
2379 5360 2526 5414 Viris
2573 5355 2938 5431 Illustribus.
3218 5423 3231 5431 _

2011 5449 2034 5476 ο
2067 5437 2148 5489 Ex
2174 5431 2558 5503 antiquorum
2609 5421 3474 5503 philosophorum‘subtilitate‘
3487 5421 3604 5478 hoc

1939 5510 2028 5562 est
2057 5493 2474 5574 desumpiiiin,
2507 5505 2570 5574 ut
2604 5493 2676 5574 ex
2699 5493 3004 5574 _(_Jiceron‘i‘s
3030 5494 3200 5574 tertia
3257 5493 3604 5574 Tusculana

1942 5580 2210 5648 apparet.
2250 5564 2312 5628 Εἰ
2344 5564 2469 5628 non
2496 5567 2769 5625 absimile
2810 5570 2897 5620 est
2926 5564 3074 5620 illud
3106 5568 3338 5621 Senecae
3371 5581 3384 5619 :
3417 5567 3607 5622 Dolor

1942 5648 2184 5699 decidit.
2217 5646 2320 5699 ubi
2349 5659 2463 5699 quo
2488 5645 2740 5699 crescat.
2771 5653 2888 5693 non
2918 5636 3112 5692 habet.
3148 5640 3370 5693 MoaxL.

1941 5648 2184 5716 decidit,
2217 5648 2320 5700 ubi
2349 5659 2463 5716 quo
2488 5648 2740 5704 crescat,
2771 5653 2888 5693 non
2918 5648 3112 5692 habet.
3148 5648 3370 5693 MoaxL.

2015 5719 2041 5758 ἀ
2071 5717 2275 5775 Misera
2296 5716 2396 5772 illa
2431 5709 2770 5790 Reccafredi
2806 5708 3072 5834 episcopi
3109 5713 3380 5789 tempora
3395 5707 3605 5780 deplo-

1949 5796 2033 5834 ml
2101 5788 2174 5834 ιιρ
2200 5787 2423 5834 nnihns
2465 5785 2717 5834 Alvarus
2749 5796 2808 5834 1n
2885 5785 2964 5834 ita
3003 5781 3064 5834 D.
3101 5780 3347 5834 Eulogii.
3386 5783 3603 5834 MORAL.

1949 5796 2057 5859 rat,
2101 5788 2174 5845 de
2200 5787 2423 5861 quibus
2464 5785 2717 5841 Alvarus
2749 5782 2808 5837 in
2842 5779 2964 5836 Vita
3003 5779 3064 5835 ι).
3101 5779 3347 5850 Eulogii.
3386 5779 3603 5837 MoiuL.
