3960 6386
338 254 440 308 81⁸1

1551 254 1605 309 S.
1648 249 1928 308 EULOGH
1965 250 2297 308 Αιοιιεε».
2338 251 2591 310 τουπ.

336 376 635 432 versarius
662 377 827 446 gregi
846 376 1160 449 catholico,
1192 379 1423 451 privata
1454 394 1709 451 prorsus
1733 376 1994 433 Ecclesia
2029 379 2077 433 Α
2105 391 2283 447 agere
2305 376 2737 447 interdicimus,
2758 378 2905 449 quia
2942 379 3061 432 Deo
3085 381 3178 433 est
3218 376 3631 435 obediendum
3653 394 3768 450 po.

338 465 505 522 omni
525 481 699 522 sacro
730 467 1077 525 ministerio.
1110 471 1179 525 Et
1209 468 1341 525 licet
1368 470 1496 525 hinc
1524 468 1689 523 inviti
1711 467 1997 523 sustinea-

336 570 496 622 mus,
526 569 653 611 non
676 570 809 612 esse
855 559 1061 613 tamen
1103 556 1441 615 immunem
1478 574 1686 615 coram
1737 555 1995 617 Domino

338 642 743 700 detentionem
770 648 1042 703 nostram
1070 645 1456 703 conﬁdimus.

414 732 498 788 12.
531 732 766 797 Quanto
801 748 908 789 vos
961 733 1220 790 nobilior
1257 734 1449 806 gloria
1501 733 1995 807 praestantiorque

340 836 582 889 corona,
632 836 670 877 o
719 825 945 878 sanctis
1003 839 1239 880 sorores
1287 840 1459 895 meas,
1508 827 1802 897 expectat,
1857 836 1996 895 qum

338 912 549 981 sponte
580 908 797 965 szeculo
826 914 887 967 et
934 910 1199 967 ﬂuxibus
1226 912 1358 983 ejus
1409 912 1838 974 renuntiantes,
1869 910 1995 966 zelo

335 998 438 1052 Dei
466 1003 732 1063 armatae,
759 998 1058 1072 intrepido
1085 1016 1295 1069 gressu
1325 1006 1534 1057 contra
1562 1002 1801 1057 hostem
1854 998 1997 1055 ﬁdei

333 1084 522 1142 libero
542 1086 817 1144 exsilistis
846 1089 1171 1161 processu!
1218 1089 1405 1160 Digne
1446 1089 1695 1162 quidem
1745 1103 1997 1146 munere

335 1174 560 1244 divino,
596 1176 911 1247 condignis
937 1182 1140 1239 autem
1168 1178 1510 1251 prophetali
1552 1178 1820 1249 oraculo,
1870 1192 1996 1251 quo

334 1263 551 1320 dicitur
582 1282 595 1320 :
626 1265 743 1332 Qui
785 1271 996 1335 sponte
1040 1267 1340 1323 obtulistis
1387 1268 1459 1324 de
1515 1269 1709 1327 Israel
1761 1269 1995 1324 animus

337 1358 567 1409 vestras
604 1354 686 1415 ad
711 1356 1073 1423 periculum,
1126 1356 1447 1413 benedicite
1476 1358 1731 1413 Domino
1774 1356 1992 1427 (Judic.

336 1458 392 1509 v,
426 1443 502 1511 2).
536 1442 903 1499 Proferentes
932 1444 1343 1501 testimonium
1390 1446 1652 1502 veritatis
1681 1446 1743 1501 in
1795 1450 1996 1501 auctov

334 1545 465 1585 rem
492 1529 748 1601 sceleris,
799 1536 857 1588 et
908 1531 1306 1591 institutorem
1358 1535 1621 1609 perversi
1666 1535 1990 1605 dogmatis,

336 1617 598 1674 victricia
627 1624 835 1681 contra
866 1636 1007 1677 eum
1036 1638 1206 1679 arma
1231 1623 1535 1691 assumite,
1562 1624 1826 1695 jejuniis,
1844 1624 1993 1693 vigi-

2109 465 2224 521 tius
2249 482 2437 539 quam
2460 466 2831 523 hominibus.
2860 466 3129 536 Magister
3149 466 3310 522 enim
3332 470 3534 522 noster
3553 466 3767 524 funda-

2105 556 2264 610 tores
2316 554 2586 611 Ecclesiae
2632 554 2949 627 Apostolos
2976 558 3219 611 nostros
3270 552 3351 610 ad
3392 551 3769 626 praedicatio-

2102 658 2244 700 nem
2273 643 2578 714 Evangelii
2601 642 2954 706 informans.
3005 641 3123 700 hoc
3169 641 3255 700 eis
3306 641 3473 701 dedit
3498 656 3768 715 praecepv

2102 735 2231 788 tum
2257 731 2358 789 :Si
2381 733 2513 804 quis
2544 748 2638 789 me
2665 734 2966 802 confessus
2987 732 3199 802 fuerit,
3223 737 3276 789 et
3309 730 3489 788 verba
3536 745 3671 789 mea
3697 730 3765 791 in

2100 823 2487 893 generatione
2526 822 2644 879 ista
2678 822 2963 878 adultera
2991 826 3048 878 et
3072 822 3430 891 peccatrice,
3491 820 3653 878 hunc
3702 824 3762 876 et

2100 910 2297 966 Filius
2324 910 2581 967 hominis
2612 910 3011 978 conﬁtebitur,
3036 925 3169 966 cum
3202 910 3430 966 venerit
3451 910 3514 965 in
3560 909 3764 979 gloria

2101 1000 2307 1055 Patris
2334 1002 2449 1069 sui,
2502 1005 2556 1056 et
2586 1005 2933 1056 sanctorum
2963 999 3315 1070 angelerum
3356 998 3573 1069 (Marc.
3636 1014 3761 1063 vui,

2103 1089 2213 1159 38).
2247 1091 2375 1144 Non
2404 1092 2656 1161 oportet,
2685 1104 2924 1146 sorores
2954 1104 3125 1154 mere,
3157 1091 3367 1144 votum
3396 1090 3659 1143 vestrum
3682 1086 3763 1142 ir-

2102 1177 2282 1233 ritum
2310 1177 2526 1249 facere,
2558 1178 2702 1251 quia
2730 1178 3020 1250 scriptum
3069 1181 3160 1235 est
3210 1178 3321 1234 :Si
3372 1177 3519 1249 quid
3549 1177 3769 1234 vovisti

2102 1267 2247 1330 Deo,
2268 1282 2343 1323 ne
2369 1268 2628 1324 tarderis
2654 1268 2945 1325 reddere:
2968 1267 3246 1337 displicet
3273 1268 3431 1324 enim
3476 1268 3532 1324 ei
3557 1266 3768 1335 inﬁde-

2106 1355 2179 1410 lis
2207 1359 2265 1411 et
2286 1357 2477 1411 stulta
2498 1357 2859 1425 promissio;
2911 1356 3015 1414 sed
3042 1356 3458 1427 quodcumque
3507 1355 3764 1423 voveris,

2102 1444 2302 1501 redde.
2358 1446 2669 1515 Multoque
2706 1447 2918 1502 melius
2970 1450 3056 1501 est
3114 1460 3235 1500 non
3292 1459 3523 1509 vovere,
3571 1460 3754 1515 quam

2102 1538 2232 1602 post
2259 1539 2457 1591 votum
2485 1535 2779 1603 promissa
2804 1549 3026 1604 negare
3070 1534 3277 1599 (Eccli.
3322 1550 3377 1600 v,
3410 1538 3463 1601 3,
3496 1534 3571 1595 4).
3630 1536 3763 1589 Non

2102 1622 2208 1677 erit
2240 1624 2356 1677 Deo
2384 1622 2664 1689 inultum,
2702 1628 2767 1680 ut
2820 1627 2958 1695 post
3004 1622 3444 1681 confessionem
3495 1620 3765 1678 veritatis

336 1706 451 1776 liis,
485 1706 877 1776 orationibus,
902 1714 960 1766 et
979 1709 1366 1780 clamoribus,
1386 1712 1601 1768 diebus
1625 1728 1695 1768 ac
1715 1712 1993 1769 noctibus
2021 1726 2063 1780 Β
2100 1710 2303 1766 denuo
2334 1712 2574 1768 veritate
2604 1711 2924 1785 repudium
2954 1711 3128 1778 detis,
3171 1711 3440 1784 illudque
3469 1726 3560 1777 os,
3593 1710 3766 1783 quod

247 1833 258 1841 -
334 1796 695 1852 insistentes.
721 1801 884 1868 Rogo
911 1816 1041 1869 vos,
1067 1806 1289 1856 sanctae
1319 1818 1572 1866 sorores,
1600 1818 1676 1858 ne
1696 1802 1994 1858 desistatis

335 1901 373 1941 a
402 1886 631 1959 coeptis,
663 1902 739 1942 ne
768 1890 1011 1944 cessatis
1056 1890 1137 1946 ab
1187 1890 1503 1957 inchoatis,
1531 1907 1608 1947 ne
1654 1892 1926 1948 resiliatis
1955 1907 1994 1949 a

333 1973 680 2047 praeliorum
709 1977 1028 2050 auspiciis;
1061 1979 1205 2051 quia
1233 1996 1357 2036 non
1387 1980 1811 2037 inchoantibus
1836 1997 1991 2053 prte-

332 2063 546 2133 mium,
578 2065 683 2120 sed
712 2068 1235 2138 perseverantibus
1263 2068 1461 2126 datur.
1522 2073 1602 2125 Ne
1654 2070 1990 2142 respiciatis

330 2156 508 2223 retro,
536 2169 647 2209 nec
674 2155 935 2228 primam
963 2155 1144 2212 fidem
1173 2158 1400 2215 irritam
1430 2158 1683 2227 faciatis,
1710 2175 1840 2226 nec,
1867 2176 1992 2216 ma-

331 2257 479 2297 num
509 2259 691 2315 super
720 2249 984 2302 aratrum
1031 2250 1319 2315 tenentes,
1371 2248 1450 2304 ab
1479 2249 1685 2304 itinere
1734 2250 1899 2318 regio
1925 2249 1988 2306 in

332 2330 575 2391 devium
600 2332 924 2403 declinatis,
960 2334 1229 2392 festinate
1260 2337 1338 2392 ad
1367 2338 1709 2394 mercedem
1764 2337 1991 2395 laboris

329 2420 510 2476 vestri
530 2436 634 2477 vos
664 2423 994 2493 accingere,
1029 2427 1367 2487 contendite
1396 2427 1477 2483 ad
1502 2426 1741 2483 culmen
1766 2428 1988 2499 perfec-

330 2507 507 2563 tionis
534 2512 883 2569 ascendere.
916 2513 1066 2576 Quia
1091 2519 1229 2586 post
1263 2515 1575 2571 victoriam
1614 2516 1786 2571 miles
1815 2532 1986 2573 coro-

329 2599 506 2652 natur
536 2602 837 2669 strenuus,
866 2604 924 2655 et
937 2600 1069 2670 jam
1100 2607 1525 2659 consummato
1566 2602 1794 2674 labore,
1840 2620 1986 2663 con-

328 2683 524 2740 ductis
575 2688 964 2743 mercenariis
1014 2705 1246 2745 merces
1297 2690 1705 2763 dispensatur.
1748 2694 1904 2749 Nam
1928 2699 1985 2749 et

327 2774 433 2843 qui
457 2780 645 2829 certat
672 2776 738 2829 in
765 2792 977 2846 agone,
1017 2793 1138 2834 non
1170 2786 1515 2843 coronatur,
1550 2783 1679 2837 nisi
1728 2782 1985 2852 legitime

326 2864 645 2919 certaverit
671 2865 764 2934 (ΙΙ
796 2866 946 2922 Tim.
979 2882 1038 2934 η,
1070 2868 1143 2939 Β).
1170 2870 1406 2925 Certare
1431 2886 1569 2925 vero
1588 2870 1848 2939 legitime
1870 2876 1980 2934 est,

325 2951 611 3006 omnibus
634 2968 672 3008 a
695 2954 878 3009 corde
903 2955 1157 3012 exclusis
1180 2956 1511 3013 labentium
1536 2975 1739 3013 rerum
1764 2958 1985 3015 affecti-

319 3036 439 3093 bus
463 3038 678 3095 intuitu
707 3043 1064 3115 capessendi
1091 3060 1349 3114 regnum
1368 3046 1678 3116 ccelorum,
1709 3051 1813 3103 aut
1841 3062 1982 3104 cum
2008 3076 2049 3132 ο

315 3126 543 3196 justitia
566 3128 765 3186 vivere
797 3148 991 3205 usque
1019 3133 1099 3189 ad
1140 3138 1419 3204 mortem,
1461 3139 1567 3192 aut
1606 3152 1731 3192 non
1774 3138 1979 3199 timere

317 3221 561 3290 propter
582 3219 876 3288 justitiam
905 3228 1178 3281 mortem.
1232 3228 1380 3281 Nam
1410 3242 1551 3281 eum
1578 3227 1780 3298 justus
1831 3228 1982 3286 redi-

317 3306 522 3363 vivam
575 3325 813 3383 semper
868 3312 1310 3370 deemoniorum
1359 3333 1550 3389 usque
1612 3317 1690 3373 ad
1746 3318 1980 3374 obitum

266 3398 273 3403 '
318 3394 580 3467 perferat
599 3396 787 3467 litem,
817 3414 929 3455 nec
958 3400 1156 3457 desint
1183 3402 1264 3458 ab
1300 3419 1372 3458 eo
1402 3405 1757 3462 tentationes
1782 3423 1977 3478 usque

318 3483 399 3538 ad
426 3484 612 3539 tinem
641 3504 655 3541 :
685 3493 1035 3558 recepturus
1066 3505 1178 3562 pro
1206 3492 1492 3563 qualitate
1544 3496 1887 3552 certaminis
1914 3498 1977 3552 in

317 3571 521 3656 futuro
548 3574 914 3646 mercedem,
944 3579 1265 3649 quantavis
1291 3582 1601 3638 sanctitate
1654 3584 1974 3656 princellat,

315 3652 441 3716 non
468 3661 663 3734 pergit
680 3679 948 3733 securus,
970 3681 1096 3722 non
1124 3668 1290 3723 vadit
1305 3669 1383 3725 ad
1406 3672 1593 3726 Deum
1618 3652 1972 3744 intrepidus.

316 3749 413 3805 llle
442 3767 608 3822 vero,
638 3753 764 3826 qui,
790 3754 1079 3812 sectanda
1090 3757 1407 3827 justitiam,
1433 3774 1545 3831 pro
1570 3760 1798 3831 justitia
1819 3766 1975 3820 mori

314 3838 496 3908 eligit,
524 3840 777 3898 celerem
829 3844 1193 3902 instantibus
1247 3846 1415 3904 bellis
1442 3848 1745 3905 defectum
1776 3850 1975 3923 impo-

314 3928 421 3999 nit,
452 3933 867 4005 eaternumque
894 3933 1180 3992 indubius
1218 3936 1299 3992 ad
1347 3953 1602 4007 regnum
1628 3940 1917 4003 ascendit.
1949 3954 1975 3985 δ

317 4017 400 4073 Sit
421 4018 619 4090 qualis
647 4021 793 4087 vult,
825 4027 884 4078 et
904 4039 978 4079 ex
1005 4025 1375 4097 quibuslibet
1428 4026 1710 4084 vitiorum
1738 4028 1971 4102 laqueis

314 4120 423 4160 seu
448 4112 836 4177 peccatorum
876 4110 1161 4167 sordibus
1182 4113 1428 4180 venerit,
1463 4115 1694 4172 etiamsi
1716 4116 1916 4174 illotus
1946 4119 1973 4160 δ

312 4192 675 4265 baptismate
704 4196 784 4252 ad
812 4201 1171 4272 martyrium
1212 4202 1635 4276 convolaverit,
1667 4206 1970 4264 nihilomi-

312 4297 430 4337 nus
458 4288 799 4341 coronatur.

391 4372 472 4429 13.
506 4376 587 4430 Ne
615 4377 976 4447 terreamini,
1000 4394 1254 4445 sorores,
1283 4382 1585 4441 furoribus
1605 4402 1970 4459 persequen-

313 4461 484 4527 tium,
515 4478 714 4536 neque
734 4464 1065 4524 formidatis
1119 4485 1157 4525 a
1207 4470 1477 4527 {aciebus
1507 4488 1741 4544 eorum,
1773 4491 1970 4548 neque

311 4550 474 4606 enim
500 4552 708 4610 timere
731 4570 841 4611 vos
869 4554 1048 4614 faciet
1099 4560 1389 4616 Dominus
1416 4560 1651 4618 vultum
1706 4562 1965 4621 illorum.

311 4639 639 4698 Vobiscum
667 4642 766 4700 ille
794 4648 883 4701 est
909 4646 1014 4718 qui
1043 4663 1153 4703 vos
1179 4649 1452 4719 armavit,
1514 4650 1676 4707 idem
1724 4658 1971 4725 propter

310 4744 417 4785 vos
443 4736 678 4803 pugnat
724 4733 830 4806 qui
876 4734 1163 4793 incitavit.
1220 4741 1339 4794 Nec
1394 4738 1687 4811 adjuvare
1723 4741 1974 4798 desistet

308 4817 405 4873 ille
427 4819 576 4892 ipse,
606 4821 713 4894 qui
745 4839 854 4879 vos
907 4830 988 4881 ad
1017 4825 1181 4884 hunc
1233 4829 1652 4900 peragendum
1706 4844 1969 4899 agonem

309 4905 504 4976 elegit,
549 4925 673 4981 quo
724 4911 976 4969 devictis
1039 4916 1475 4972 adversitatum
1541 4917 1816 4986 stimulis,
1881 4934 1971 4973 se-

310 5010 451 5049 cum
475 4996 611 5065 jure
624 5002 872 5069 perenni
890 5017 1261 5073 conregnare
1285 5004 1465 5060 faciat
1482 5004 1858 5076 temporibus
1878 5006 1971 5067 in:

308 5080 514 5139 ﬁnitis.

388 5171 470 5228 14.
505 5172 728 5239 Verum
751 5174 828 5235 ad
857 5191 961 5235 eos
989 5177 1307 5234 veniamus
1338 5179 1436 5249 (4),
1469 5178 1573 5251 qui
1609 5195 1713 5239 vos
1745 5181 1826 5241 ab
1851 5182 1967 5240 hac

308 5260 635 5317 intentione
662 5261 1024 5320 inhibendae
1066 5280 1194 5321 esse
1224 5271 1530 5336 putarunt,
1560 5273 1618 5323 et
1658 5268 1822 5327 illam
1851 5272 1967 5343 pri-

309 5349 661 5407 mordialem
687 5351 1129 5408 confessionem
1152 5357 1416 5410 vestram
1438 5354 1758 5426 infringere
1783 5364 1839 5415 et
1858 5375 1964 5417 ne-

311 5451 452 5504 gare
474 5438 807 5509 jusserunt,
839 5456 1029 5513 quam
1054 5457 1162 5501 vos
1191 5441 1471 5499 incitante
1494 5446 1721 5503 Christo
1752 5454 1962 5521 sponte

2000 4431 2050 4485 D

2101 1799 2512 1856 testimonium
2536 1801 2797 1857 veritalis
2831 1800 3191 1872 proferendo
3221 1800 3504 1857 divinitus
3554 1815 3758 1857 sacra-

2100 1891 2230 1947 tum
2256 1893 2362 1958 est,
2394 1889 2713 1945 mendacio
2737 1889 3036 1962 polluatis.
3070 1889 3180 1955 Qui
3210 1888 3372 1946 enim
3400 1888 3513 1947 ista
3541 1904 3650 1946 vos
3671 1887 3762 1945 fa-

2100 1993 2232 2033 cere
2256 1978 2492 2049 jubent,
2524 1978 2672 2035 nihil
2701 1977 2867 2039 aliud
2896 1995 3081 2051 quam
3113 1978 3351 2034 mentiri
3385 1977 3660 2035 suadent.
3693 1981 3763 2035 Et

2098 2066 2205 2138 qui
2225 2066 2305 2123 ad
2333 2067 2449 2124 hoc
2479 2072 2708 2124 mentes
2758 2072 2988 2124 vestras
3018 2067 3306 2123 inclinare
3361 2066 3758 2138 contendunt,

2096 2155 2244 2211 nihil
2288 2156 2453 2212 aliud
2494 2174 2683 2229 quam
2733 2160 3041 2214 veritatem
3092 2172 3315 2226 negare
3366 2155 3758 2229 compellunt.

2096 2245 2268 2301 Nulla
2296 2245 2497 2318 itaque
2526 2246 2861 2302 differentia
2890 2250 2981 2302 est
3006 2245 3161 2301 inter
3188 2245 3567 2316 mendacem,
3590 2249 3650 2315 et
3666 2261 3762 2302 ve-

2095 2334 2334 2391 ritatem
2363 2342 2720 2405 negantem;
2752 2336 2897 2408 quia
2926 2335 3142 2391 eodem
3163 2340 3335 2392 reatu
3354 2334 3501 2395 mihi
3521 2334 3760 2393 videtur

2096 2423 2344 2493 astringi
2373 2440 2518 2480 vera
2544 2423 2869 2494 abrogans,
2910 2439 3035 2496 quo
3065 2428 3123 2479 et
3168 2423 3322 2480 falsa
3368 2424 3759 2495 depromena.

2095 2512 2345 2567 Mendax
2378 2512 2539 2568 enim
2568 2513 2772 2575 nititur
2800 2511 3020 2568 falsum
3051 2517 3463 2569 commentum
3490 2513 3624 2569 loco
3654 2529 3765 2583 ve:

2092 2604 2279 2660 ritatis
2308 2605 2568 2661 inserere
2596 2623 2610 2672 ;
2641 2622 2785 2662 vera
2814 2609 3016 2661 autem
3042 2605 3354 2676 obtegens,
3385 2605 3615 2661 silentio
3645 2620 3761 2673 suo

2094 2692 2337 2748 falsitati
2367 2694 2748 2751 administrat
2776 2695 3064 2766 vigorem.
3103 2695 3243 2750 Hinc
3275 2694 3491 2764 evenit,
3514 2699 3581 2750 ut
3606 2694 3760 2749 veri-

2093 2785 2185 2837 tas
2209 2781 2399 2839 celata
2424 2799 2548 2838 non
2580 2788 2804 2855 pateat,
2857 2788 2915 2839 et
2964 2782 3195 2840 falsitas
3241 2782 3501 2839 subnixa
3525 2798 3757 2855 praeva-

2090 2869 2228 2925 leat.
2265 2872 2590 2943 Utrumque
2616 2886 2761 2926 vero
2791 2886 2984 2926 unum
3009 2876 3167 2939 sunt,
3200 2876 3257 2927 et
3276 2872 3356 2927 ob
3407 2871 3523 2927 hoc
3552 2872 3758 2943 impu-

2092 2960 2217 3015 nita
2248 2974 2369 3015 non
2398 2964 2590 3017 erunt.
2622 2961 2919 3033 Scriptum
2949 2964 3043 3015 est
3082 2960 3241 3017 enim
3275 2977 3290 3015 :
3322 2961 3503 3017 Testis
3553 2962 3757 3030 falsus

2095 3064 2216 3103 non
2244 3050 2358 3104 erit
2405 3050 2737 3118 impunitus
2767 3051 2970 3116 (Prov.
2998 3066 3119 3116 χιι,
3154 3050 3228 3119 5).
3280 3052 3348 3105 Et
3384 3050 3599 3105 iterum
3631 3066 3648 3104 :
3679 3050 3756 3105 Os

2092 3137 2253 3210 quod
2280 3139 2569 3194 mentitur
2592 3138 2805 3194 occidit
2837 3140 3103 3194 animam
3145 3138 3307 3209 (Sep.
3340 3155 3383 3202 ι,
3411 3139 3521 3208 lt).
3556 3139 3757 3203 Quare

2090 3241 2253 3295 ergo,
2279 3226 2671 3282 sanctissimae
2692 3242 2949 3291 sorores,
2976 3228 3374 3300 vosmetipsas
3396 3226 3753 3296 interﬁcere,

2088 3320 2547 3386 vestrarumque
2586 3314 2930 3371 animarum
2977 3316 3309 3388 parricidas
3364 3315 3492 3370 ﬁeri
3533 3331 3658 3373 non
3688 3316 3757 3371 ti-

2087 3403 2341 3459 meatis?
2362 3407 2566 3475 Neque
2593 3404 2755 3459 enim
2778 3403 2943 3459 aliud
2963 3404 3087 3474 agit
3110 3419 3297 3475 quam
3322 3403 3635 3473 hominem
3657 3420 3759 3460 oc-

2086 3492 2248 3562 cidit,
2281 3492 2390 3565 qul
2418 3493 2684 3565 seipsum
2714 3492 2955 3560 occidit;
2994 3498 3052 3548 et
3080 3492 3371 3561 gravioris
3417 3492 3616 3565 culpas
3642 3493 3753 3549 cri~

2084 3580 2354 3636 minibus
2372 3581 2675 3637 obnoxius
2688 3581 2994 3652 judicatur
3015 3581 3185 3637 lictor
3203 3580 3549 3639 animarum
3560 3598 3752 3654 quam

2084 3685 2427 3743 corporum.
2455 3671 2754 3736 Quoniam
2784 3670 2930 3726 elisa
2954 3686 3096 3726 caro
3126 3670 3499 3743 quandoque
3558 3672 3755 3740 surgit

2084 3773 2193 3829 pro
2224 3759 2451 3814 meritis
2472 3776 2611 3814 cum
2634 3760 2842 3816 anima
2867 3765 3192 3828 regnatura
3220 3758 3282 3815 in
3313 3758 3543 3829 gloria;
3590 3759 3751 3817 vitiis

2082 3851 2285 3903 autem
2316 3847 2521 3903 anima
2561 3848 2920 3920 interempta
2972 3864 3178 3905 secum
3234 3847 3453 3920 pariter
3499 3864 3750 3907 carnem

2081 3935 2373 4007 pertrahit
2398 3935 2479 3991 ad
2508 3936 2873 4007 gehennam.

2161 4025 2244 4079 15.
2267 4025 2549 4097 Nunquid
2575 4025 2838 4083 mentite:
2861 4024 3083 4081 estisin
3104 4040 3177 4081 eo
3205 4023 3373 4098 quod
3399 4024 3625 4098 patulis
3651 4042 3750 4085 as-

2082 4113 2441 4169 sertionibus
2470 4114 2531 4171 in
2559 4113 2976 4172 adversarium
2999 4113 3141 4171 ﬁdei
3167 4114 3474 4172 catholica
3490 4114 3743 4186 protuli-

2079 4200 2229 4259 stis?
2271 4202 2554 4274 Nunquid
2595 4218 2776 4261 omne
2807 4203 3158 4274 convitium,
3216 4203 3385 4276 quod
3437 4202 3499 4262 in
3540 4203 3749 4276 ipsum

2076 4292 2375 4365 praevium
2403 4291 2753 4350 Antichristi
2776 4292 3028 4363 dixistis,
3055 4307 3181 4350 non
3205 4308 3418 4351 verum
3437 4297 3497 4350 et
3512 4297 3746 4365 certum

2078 4381 2218 4439 est?
2274 4382 2476 4437 Virum
2528 4381 2997 4449 daamoniosum,
3072 4384 3307 4439 Satanas
3378 4380 3745 4457 ministrum,

2077 4470 2395 4528 mendacio
2420 4470 2692 4543 plenum,
2725 4470 2934 4529 mortis
2961 4486 3035 4528 ac
3060 4470 3414 4543 perditionis
3432 4474 3743 4543 perpetuis

2080 4558 2295 4615 tilium.
2347 4551 2631 4631 Nunquid
2685 4574 2809 4615 non
2856 4559 3054 4616 omnis
3132 4559 3430 4618 catholica
3476 4558 3745 4621 EccleSia

2077 4648 2405 4705 identidem
2424 4647 2594 4721 quod
2617 4653 2676 4705 et
2700 4664 2809 4705 vos
2836 4651 2956 4707 Deo
2983 4648 3392 4707 testimonium
3418 4647 3644 4707 refert?

2154 4739 2239 4792 16.
2288 4739 2637 4810 Proponunt
2673 4742 2829 4796 certe
2859 4736 3030 4795 vobis
3056 4742 3502 4809 expugnatores
3547 4738 3739 4796 sancti

2079 4826 2369 4898 propositi
2398 4826 2767 4882 eremitatem
2793 4826 3204 4891 ecclesiarum,
3230 4825 3741 4899 compeditionem

2080 4916 2460 4973 sacerdotum
2488 4927 2534 4982 ο,
2560 4914 3003 4987 dispersionem
3021 4914 3436 4973 ministrorum
3458 4932 3474 4982 ;
3495 4919 3555 4971 et
3568 4916 3741 4988 quod

2078 5018 2203 5058 non
2222 5008 2315 5060 est
2334 5002 2510 5062 nobis
2528 5002 2591 5063 in
2602 5002 2720 5061 hoc
2747 5007 3016 5075 tempore
3038 5002 3421 5071 sacriﬁcium,
3442 5018 3551 5063 nec
3572 5002 3739 5062 halo-

2078 5096 2371 5161 caustum,
2388 5106 2495 5147 nec
2514 5092 2759 5159 oblatio,
2776 5107 2884 5147 nec
2898 5093 3448 5174 incensum,cuncta
3461 5096 3739 5150 vastante

2076 5178 2366 5251 sacrilega
2394 5196 2604 5251 manu,
2626 5180 2951 5254 omniaque
2987 5180 3261 5239 turbante
3292 5180 3497 5239 favore
3528 5185 3736 5255 tyran-

2072 5276 2209 5333 nica
2223 5278 2405 5348 (Dan.
2422 5294 2512 5344 tu,
2538 5280 2609 5333 38
2642 5279 2817 5350 seq.).
2844 5278 2959 5334 Sed
2974 5278 3470 5351 respondendum
3509 5283 3602 5335 est
3624 5280 3736 5351 eis,

2069 5366 2433 5437 sacriﬁcium
2456 5367 2575 5422 Deo
2603 5365 2970 5438 acceptabile
2986 5382 3115 5421 esse
3131 5367 3408 5436 spiritum
3428 5369 3736 5424 contribu-

2074 5454 2264 5510 latum
2286 5454 2456 5523 (Psal
2508 5470 2561 5523 1.,
2602 5458 2691 5523 19)
2731 5472 2744 5509 :
2779 5459 2836 5509 et
2855 5455 3023 5533 quod
3044 5455 3107 5513 in
3141 5455 3347 5512 anima
3368 5456 3641 5519 contrita,
3675 5463 3737 5514 et

310 5541 514 5587 eorum
555 5528 759 5598 judice
813 5529 1161 5602 protulistis.
1227 5533 1347 5587 Nos
1395 5538 1595 5591 autem
1654 5536 1793 5593 talia
1850 5556 1959 5595 vos
2068 5541 2130 5597 in
2148 5538 2819 5615 spirituhumilitatisita
2837 5528 3147 5603 avDomiuo
3168 5544 3590 5618 suscipiantur,
3617 5546 3733 5607 sic-

381 5643 405 5717 ξ
433 5632 876 5717 Ξὶερξωὶςιωιιεε
895 5637 1064 5717 sedse
1090 5640 1238 5712 quat
1265 5642 1535 5717 quisiere.
1567 5644 1796 5701 MORAL.

381 5656 404 5671 -
435 5656 876 5717 mspamsmus,
900 5656 1064 5694 sease
1090 5656 1238 5712 quat
1307 5656 1535 5701 viscere.
1567 5656 1796 5701 Μοιω..

381 5700 409 5741 ιι
433 5703 709 5777 Theologi
727 5722 879 5780 sacri
895 5656 1556 5789 baptismumlilaminis
1572 5720 1959 5775 vocantmar-

2070 5652 2317 5720 tyrium.
2362 5653 2437 5706 lu.

2140 5733 2164 5761 ο
2196 5721 2418 5797 Schot.,
2449 5721 2891 5789 dispositionem
2917 5724 3405 5805 ministeriorum.
