3960 6382
152 290 264 348 829

1410 279 1891 344 DOCUMENTUI
1928 281 2392 343 MARTYMALE.

3491 289 3604 346 830

153 416 220 467 ut
244 412 303 467 in
331 410 701 471 holocaustis
731 410 984 467 arietum
1032 413 1087 467 et
1136 412 1464 474 taurorum,
1495 411 1554 465 et
1583 404 1737 463 sicut
1765 404 1826 459 in
1864 407 1910 459 A
1938 406 2107 476 regni
2137 410 2229 465 sui
2258 410 2503 483 ﬁnibus,
2533 414 2704 471 sicuti
2730 414 2987 485 cernitis,
3038 428 3231 483 genus
3278 414 3596 471 excludam

151 500 423 563 millibus
443 515 745 570 agnorum
764 517 779 559 :
801 500 945 571 quia
963 514 1085 556 non
1098 504 1182 555 est
1203 498 1477 568 confusio
1498 494 1831 564 confitenti»
1936 496 2268 563 moliuntur
2294 502 2745 572 Christicolum;
2779 519 2945 559 nunc
2996 519 3104 577 pro
3133 519 3247 559 suo
3270 503 3438 559 libito
3468 507 3596 564 tan-

151 592 264 653 bus
281 607 415 652 eum
434 592 617 659 (Dan.
645 588 749 649 ubi
769 590 963 660 supr.)
995 588 1117 649 Vos
1142 602 1311 658 ergo,
1343 601 1579 646 sorores
1606 583 1828 650 beatas,

142 683 281 751 jam
308 681 372 742 in
400 680 502 740 illo
524 679 632 740 reti
660 678 949 741 Dominae
979 681 1174 750 captas
1202 676 1366 746 estis,
1397 674 1566 748 quod
1594 674 1657 735 in
1685 673 1825 733 dem

153 776 285 827 tera
313 769 537 840 navigii
567 768 646 824 ad
674 771 1046 841 praeceptum
1094 766 1366 837 magistri
1395 764 1671 830 missum,
1697 761 1823 834 p'le«

160 875 314 919 num
352 858 593 929 magnis
617 857 889 931 piscibus
909 855 1087 917 littori
1118 855 1459 927 expositum
1484 858 1592 910 est.
1619 852 1823 925 (Joan.

151 965 278 1018 xxx,
300 950 374 1019 θ),
389 948 470 1004 ad
486 948 603 1004 hoc
620 950 1017 1012 reservatum,
1029 944 1392 1002 utscrutinio
1409 941 1824 1016 apostolorum

147 1036 306 1095 foris
324 1036 502 1099 malis
552 1036 853 1110 projectis,
885 1033 1136 1108 perenni
1160 1050 1269 1091 vos
1301 1033 1582 1092 societate
1609 1032 1826 1103 junga.

153 1126 301 1185 mini
321 1126 650 1185 electorum
668 1124 980 1195 catalogis.
998 1122 1058 1181 Si
1081 1138 1222 1181 vero
1242 1120 1822 1193 sciscitantejudice.

153 1215 519 1287 negaveritis
547 1231 653 1275 vos
672 1213 1059 1276 maledixisse
1086 1216 1310 1280 vatem.
1342 1210 1821 1275 maledicemini;

150 1320 264 1364 nec
293 1305 619 1365 detestatas
638 1303 820 1365 fuisse
840 1302 1009 1376 quod
1031 1302 1322 1363 Dominus
1361 1301 1686 1361 detestatus
1711 1303 1818 1366 est,

152 1392 380 1467 duplici
420 1398 669 1467 peccato
712 1392 871 1453 eritis
892 1391 1190 1451 obnoxiae.
1218 1393 1415 1449 Unum
1436 1390 1545 1449 erit
1574 1388 1822 1446 menda-

149 1484 242 1549 cii,
274 1483 560 1555 negando
587 1483 898 1540 veritatem
919 1497 1109 1554 quam
1146 1481 1279 1552 jam
1310 1479 1600 1536 confessae
1630 1478 1772 1537 estis
1802 1496 1816 1545 ;

151 1571 317 1632 aliud
365 1571 777 1633 subtrahendo
808 1586 1013 1628 coram
1035 1569 1277 1629 inimico
1301 1568 1545 1638 justitize
1564 1567 1819 1624 verbum

150 1660 566 1718 confessionis.
594 1663 825 1720 Etcerte
851 1676 987 1731 quas
1017 1674 1141 1717 non
1170 1657 1589 1715 maledicimus
1619 1672 1650 1713 e
1680 1672 1809 1713 cont

150 1750 332 1811 trario
363 1749 800 1819 benedicimus,
840 1764 1025 1821 quem
1051 1763 1175 1807 non
1218 1748 1607 1815 detestamur,
1642 1744 1818 1818 quasi
1846 1762 1889 1815 Β

147 1838 412 1901 favendo
442 1843 661 1899 nostra:
692 1837 958 1897 societati
981 1836 1379 1897 admittimus.

222 1933 309 1989 l7.
348 1927 515 1989 Unde
540 1926 943 1987 insistendum
972 1930 1079 1988 est,
1104 1942 1341 1981 sorores
1390 1940 1561 1989 mete,
1595 1927 1660 1981 ut
1702 1939 1817 1979 cce-

148 2022 249 2091 pta
264 2017 434 2079 bella
449 2034 587 2075 cum
611 2017 815 2075 divino
838 2016 1061 2072 auxilio
1082 2015 1143 2070 in
1166 2030 1314 2087 pace
1336 2013 1678 2075 animarum
1696 2029 1820 2069 ves-

148 2113 381 2169 trarum
413 2106 868 2173 consummatis,
893 2120 1127 2176 nosque
1149 2104 1365 2176 potiori
1386 2104 1724 2163 interventu
1744 2102 1820 2159 de

149 2196 501 2257 crelestibus
554 2194 863 2255 tueamini.
913 2194 1210 2258 Quoniam
1244 2192 1405 2249 sisic
1457 2192 1631 2248 vobis
1684 2191 1821 2263 pius

152 2286 446 2347 Dominus
472 2300 599 2345 non
628 2284 798 2343 deest
845 2283 1105 2351 auditor,
1140 2282 1374 2341 facilius
1429 2285 1632 2339 tamen
1688 2280 1821 2350 ejus

149 2373 559 2436 contuberniis
591 2373 977 2439 cohaerentes,
1010 2370 1311 2444 quidquid
1343 2370 1422 2427 ab
1442 2385 1514 2425 eo
1535 2368 1819 2441 petieritis

149 2463 540 2535 impertietur.
573 2461 724 2528 Quia
749 2461 832 2516 sic
858 2460 1251 2518 immaculata.
1275 2458 1587 2528 virginitas
1618 2456 1821 2513 liberis

152 2553 436 2625 passibus
458 2552 784 2609 Dominum
816 2551 1105 2622 sequitur,
1142 2550 1225 2607 sic
1254 2549 1485 2607 munda
1514 2550 1754 2604 castitas
1784 2562 1823 2604 a

152 2642 567 2715 Redemptoris
593 2641 684 2700 sui
719 2640 1021 2699 consortio
1053 2656 1176 2696 non
1207 2639 1502 2708 avellitur,
1528 2638 1611 2693 sic
1640 2636 1819 2695 etiam

150 2748 457 2805 purpureo
488 2730 757 2803 martyrii
786 2745 1033 2802 aspersa
1066 2744 1275 2784 cruore
1306 2728 1473 2785 sertis
1506 2725 1820 2785 diadema-

152 2828 275 2885 tum
305 2822 511 2885 victrix
529 2820 752 2881 amicta
775 2819 1114 2879 comitatur.
1142 2821 1298 2874 Deus
1319 2817 1477 2875 cnim
1498 2815 1820 2875 Ecclesium

152 2928 321 2973 suam
352 2928 391 2969 a
419 2910 698 2973 molestia
724 2908 1044 2969 vastatoris
1072 2907 1375 2977 defendet,
1406 2924 1520 2965 nos
1550 2921 1817 2979 quoque,

156 3000 304 3063 sicut
344 2999 617 3067 voluerit.
667 2999 889 3061 invicta
941 3003 1235 3070 potestate
1284 2996 1360 3057 de
1384 2995 1641 3057 vinculis
1693 2994 1818 3050 istis

151 3095 331 3160 eruet,
387 3087 787 3155 etcustodiet,
821 3087 1187 3159 aedibusque
1231 3086 1489 3158 propriis
1542 3084 1819 3141 misertus

153 3181 438 3243 restituet.
474 3181 588 3241 Vos
623 3181 874 3244 tantum,
925 3192 1181 3245 sorores,
1214 3178 1589 3248 perseverate
1629 3169 1819 3244 usque

153 3270 226 3324 ad
255 3273 517 3325 mortem
549 3268 747 3323 carnis
778 3272 843 3322 ut
878 3282 1001 3321 non
1048 3265 1246 3322 solum
1277 3264 1621 3323 animarum
1668 3261 1819 3335 peri-

152 3358 349 3423 culum
388 3357 685 3424 evadatis,
718 3372 928 3417 verum
959 3355 1139 3415 etiam
1194 3354 1255 3409 in
1301 3354 1485 3410 vitam
1536 3358 1819 3408 aeternam

153 3463 248 3513 eas
288 3446 664 3515 custodiatis,
715 3445 949 3505 dicente
1003 3443 1294 3505 Domino:
1329 3444 1444 3513 Qui
1484 3441 1821 3513 perdiderit

155 3539 414 3599 animam
433 3551 606 3595 suam
619 3540 877 3607 propter
904 3548 1015 3605 me,
1043 3534 1107 3589 in
1138 3533 1323 3593 vitam
1367 3537 1655 3589 aeternam
1685 3545 1817 3589 cus-

158 3627 331 3691 todiet
353 3641 485 3689 eam
509 3625 748 3697 (Matth.
781 3639 841 3693 κ,
875 3624 984 3695 39).

228 3719 307 3772 t8.
338 3718 504 3777 Tunc
535 3717 737 3773 autem
763 3728 887 3785 quo
918 3716 1096 3785 pacto
1153 3709 1551 3783 inculpabiles
1590 3708 1816 3778 essetis,

156 3804 202 3864 si
221 3802 532 3865 communi
552 3818 692 3863 cum
713 3806 919 3863 nostra
946 3800 1204 3857 Ecclesia
1232 3799 1461 3857 silentio
1492 3799 1554 3855 in
1588 3798 1701 3859 hac
1756 3813 1819 3855 re

155 3892 484 3963 uteremini,
506 3908 629 3951 non
657 3891 732 3948 de
756 3890 1027 3949 testando
1058 3889 1297 3962 publice
1321 3905 1504 3961 quem
1528 3888 1822 3960 frequenti

153 3980 605 4055 impugnatione
632 3980 1070 4056 blasphematis
1098 3979 1327 4039 occulte
1351 3980 1379 4035 ?
1400 3981 1517 4039 Nec
1542 3982 1826 4041 statueret

153 4071 317 4129 vobis
367 4072 660 4135 Dominus
684 4070 760 4125 ad
807 4075 1062 4139 reatum,
1095 4068 1262 4142 quod
1308 4067 1437 4124 sola
1468 4067 1668 4124 cordis
1698 4084 1822 4128 me-

153 4158 445 4229 ditatione,
508 4176 633 4221 non
677 4159 798 4219 oris
823 4157 1194 4233 professione
1222 4157 1425 4232 ipsum
1444 4156 1740 4215 referretis
1758 4156 1822 4215 in

154 4246 360 4319 forum,
390 4249 738 4311 aemulando
784 4247 980 4319 magis
1006 4250 1361 4322 praetextum
1394 4246 1575 4319 hujus
1601 4250 1820 4305 nostra:

153 4339 438 4407 Ecclesiae,
454 4357 593 4415 quas
605 4341 723 4399 hoc
748 4344 1018 4413 tempore
1044 4342 1252 4395 contra
1267 4337 1467 4411 ipsum
1482 4341 1682 4395 vatem
1707 4337 1821 4395 ini-

152 4441 332 4498 quum
353 4428 743 4491 clandestinis
768 4428 893 4499 agit
917 4426 1402 4489 invectionibus?
1424 4428 1533 4483 Pro
1556 4441 1627 4485 eo
1653 4425 1819 4497 quod

153 4522 177 4549 ⁸
195 4519 593 4591 praepediente
614 4517 901 4591 facinore,
928 4515 1138 4588 elapsa
1158 4514 1464 4576 additionc
1487 4514 1817 4573 Gothorum

152 4608 501 4681 respublica,
558 4624 697 4682 quin
740 4606 884 4666 olim
905 4605 965 4665 in
992 4604 1270 4679 Hispanis
1325 4609 1500 4663 aucta
1545 4603 1819 4665 felicitate

156 4695 559 4767 Ecclesiarum,
590 4702 647 4757 et
677 4711 919 4753 summa
942 4694 1230 4766 dignitate
1254 4693 1515 4768 pollente
1536 4693 1817 4752 sacerdo-

154 4784 293 4857 tum,
324 4786 402 4847 ab
431 4788 517 4847 eis
548 4783 1003 4847 moderantibus
1027 4782 1487 4854 gubernabatur
1514 4801 1528 4853 ;
1558 4782 1620 4839 in
1642 4783 1815 4841 istius

155 4872 386 4931 nefandi
441 4876 740 4937 cultorum
808 4872 1185 4947 privilegium
1226 4872 1377 4933 vatis
1404 4872 1638 4930 occulto
1688 4872 1815 4945 jus-

157 4963 321 5036 toque
353 4966 452 5023 Dei
476 4966 706 5039 judicio
755 4968 1095 5025 transvecta
1154 4967 1260 5020 est.
1294 4963 1594 5031 Quoniam
1649 4978 1814 5049 qum-

156 5064 381 5125 cunque
432 5056 723 5117 Dominus
747 5053 927 5113 nobis
954 5051 1172 5123 intulit,
1200 5051 1262 5113 in
1308 5068 1450 5111 vero
1476 5051 1705 5122 judicio
1732 5051 1811 5111 fe-

156 5139 244 5212 cit,
280 5149 337 5201 et
360 5145 487 5209 huic
515 5146 723 5207 omnia
776 5148 1021 5219 propter
1044 5148 1293 5217 peccata
1320 5146 1550 5215 ucstra,
1599 5146 1803 5215 atque,

156 5232 213 5287 ut
232 5233 507 5307 scriptum
535 5240 621 5297 est
674 5233 1063 5295 :Haireditas
1115 5238 1327 5293 nostra
1359 5246 1531 5289 versa
1586 5238 1668 5289 est
1724 5233 1808 5291 ad

157 5318 388 5394 alianos,
413 5326 622 5389 domus
651 5330 863 5387 nostra
891 5322 973 5380 ad
1022 5327 1362 5383 extraneas.
1423 5326 1624 5396 Aquas
1675 5337 1809 5385 nos~

159 5408 271 5465 tras
312 5417 564 5480 pecunia
640 5414 914 5487 bibimus,
975 5418 1040 5473 et
1101 5412 1269 5485 ligna
1345 5414 1557 5469 nostra
1608 5412 1806 5481 pretio

160 5503 636 5566 comparavimus.
693 5502 865 5559 Servi
918 5501 1314 5556 dominantur
1369 5498 1557 5564 nobis,
1619 5514 1809 5571 neque

160 5589 232 5635 est
286 5592 386 5658 qui
442 5594 695 5649 redimat
757 5606 861 5647 nos
913 5590 986 5646 de
1046 5589 1323 5645 manibus
1393 5603 1615 5643 eorum.
1696 5588 1803 5655 Qui

161 5675 497 5739 Gravissimo
518 5682 666 5757 jugo
687 5680 844 5747 colla
866 5684 1211 5752 prementes
1234 5676 1525 5751 ﬁdelium,
1544 5692 1725 5741 omne
1769 5694 1808 5743 ξι

1937 589 2256 649 tummodo
2281 606 2556 654 exercere
2580 609 2694 650 nos
2739 593 3003 652 sinentes
3031 592 3552 653 Christianismum
3578 612 3592 662 ;

1934 691 2098 734 nunc
2113 677 2245 737 dira
2256 682 2536 739 servitute
2553 681 2735 739 fetere
2746 681 3033 758 facientes
3044 683 3159 739 ritu
3176 682 3597 739 Pharaonitieo

1935 765 2223 824 sudorem
2272 774 2588 840 nostrum;
2646 787 2807 828 nunc
2839 770 3289 828 intolerabiliter
3332 785 3368 827 ι
3415 770 3602 828 nobis

1931 856 2285 927 vectigalem
2316 863 2739 933 extorquentes
2765 861 3236 933 chirographum
3268 874 3470 924 ςιὶιιῐὶο
3488 876 3599 933 pll-

1931 944 2158 1001 blicum
2174 946 2554 1019 imponentes
2576 951 2935 1005 miserorum
2955 948 3288 1005 cervicibus
3308 964 3558 1004 censum
3579 967 3594 1017 ;

1931 1050 2094 1091 nunc
2123 1036 2306 1092 rebus
2332 1053 2448 1094 nos
2476 1039 2852 1109 abdicantes,
2884 1038 3198 1095 crudeliter
3225 1038 3600 1095 detrimentis

1933 1128 2195 1182 atterunt
2234 1143 2461 1184 rerum.
2494 1132 2561 1187 Et
2587 1129 2670 1186 ita
2714 1129 2887 1185 vario
2917 1128 3331 1201 oppressionis
3378 1142 3599 1198 genere

1934 1214 2411 1273 orthodoxorum
2440 1216 2763 1289 fatigantes
2791 1222 3179 1286 conventum,
3233 1217 3596 1289 diversoque

1932 1304 2362 1375 persecutionis
2404 1306 2654 1362 incursu
2682 1320 2928 1377 gregem
2973 1303 3306 1374 aﬂligentes
3330 1304 3597 1361 Domini-

1933 1408 2096 1458 cum,
2147 1399 2386 1464 gratum
2426 1411 2489 1451 se
2521 1398 2640 1451 Deo
2666 1410 2778 1450 suo
2806 1394 3030 1451 nostris
3056 1394 3306 1465 jacturis
3344 1392 3597 1449 credunt

1931 1486 2214 1553 praestare
2244 1483 2628 1558 obsequium.
2671 1486 2908 1551 Quanto
2938 1489 3081 1540 tunc
3096 1482 3473 1556 praestantior
3492 1497 3599 1537 no-

1932 1572 2025 1629 bis
2056 1573 2246 1643 gloria
2275 1591 2311 1631 a
2342 1576 2596 1632 Domino
2627 1579 3032 1648 praestaretur,
3061 1574 3131 1644 si,
3153 1573 3452 1629 desidiam
3470 1588 3597 1627 res-

1931 1668 2206 1735 puentes,
2238 1664 2605 1721 documento
2629 1669 2831 1721 vestro
2852 1663 3109 1732 excitati,
3140 1662 3282 1718 talia
3313 1677 3597 1734 peragere

1935 1752 2374 1821 festinaremus,
2407 1769 2519 1810 nec
2549 1771 2661 1809 nos
2693 1753 2809 1810 sub
2836 1754 3043 1810 divino
3068 1753 3270 1826 impiae
3296 1752 3489 1822 gentis
3516 1750 3600 1807 la—

1933 1840 2153 1898 borare
2180 1842 2422 1899 stimulo
2450 1847 2796 1915 pateremur
2813 1843 2843 1899 ?
2874 1842 2987 1900 Sed
3017 1857 3131 1897 nos
3154 1841 3356 1896 miseri
3386 1855 3597 1896 eorum

1931 1929 2211 1989 Oblectati
2251 1930 2575 1987 sceleribus
2604 1947 2729 1989 non
2779 1931 3110 1999 incongrue
3140 1929 3468 1985 Psalmistse
3498 1929 3599 1985 de-

1929 2024 2215 2076 notamur
2256 2020 2537 2085 oraculis,
2596 2022 2698 2095 qui
2749 2022 2873 2077 ait:
2920 2020 3223 2078 Commisti
3267 2025 3407 2075 sunt
3437 2020 3599 2075 inter

1930 2116 2154 2181 gentes,
2182 2115 2241 2167 et
2277 2111 2621 2167 didicerunt
2663 2105 2848 2180 opera
2878 2124 3103 2173 eorum,
3153 2113 3209 2165 et
3258 2108 3599 2164 servierunt

1930 2200 2266 2269 sculptibus
2297 2214 2522 2271 eorum,
2546 2206 2604 2257 et
2626 2202 2864 2271 factum
2886 2205 2973 2257 est
3000 2199 3125 2255 illis
3144 2200 3208 2255 in
3236 2198 3597 2254 scandalum

1934 2289 2121 2359 (Psat.
2152 2304 2243 2354 cv,
2278 2293 2367 2359 35,
2392 2290 2504 2360 36).
2560 2292 2681 2344 Heu
2713 2289 2869 2361 proh
2920 2287 3111 2344 dolor!
3143 2287 3290 2359 quia
3318 2301 3453 2342 esse
3482 2284 3596 2341 sub

1932 2378 2212 2448 gentibus
2234 2378 2479 2436 delicias
2507 2383 2952 2452 computamus,
2979 2378 3321 2449 jugumque
3341 2391 3479 2431 cum
3511 2375 3597 2429 in-

1930 2466 2213 2523 ﬁdelibus
2241 2467 2462 2523 ducere
2509 2483 2633 2523 non
2674 2467 2997 2523 renitimur.
3036 2469 3101 2521 Et
3131 2465 3269 2521 inde
3297 2480 3371 2519 ex
3405 2463 3598 2537 quoii.

1930 2556 2114 2612 diano
2162 2573 2276 2612 usu
2303 2557 2543 2612 illorum
2572 2557 2898 2625 sacrilegiis
2942 2555 3301 2629 plerumque
3347 2554 3591 2615 utimur,

1930 2645 2248 2719 magisque
2278 2646 2545 2720 ipsorum
2569 2646 2964 2702 contubernia
3003 2644 3379 2711 affectamus,
3407 2657 3596 2715 quam

1931 2740 1996 2791 ut
2039 2735 2319 2809 exemplo
2372 2736 2520 2791 Loth
2567 2735 2926 2808 patriarchae
2970 2733 3175 2790 relicto
3227 2731 3593 2789 Sodomitieo

1929 2839 2065 2880 rure
2094 2824 2154 2880 in
2184 2828 2387 2881 monte
2412 2825 2734 2882 salvemur.

2009 2912 2090 2969 l9.
2147 2918 2219 2969 At
2245 2929 2378 2985 vos,
2408 2914 2601 2970 beatis
2653 2914 2936 2984 virgines,
2987 2915 3314 2984 postquam
3358 2913 3597 2965 strenue

1930 3001 2264 3059 bellatrices
2291 3002 2369 3058 ad
2428 3002 2739 3074 publicum
2792 3001 3107 3075 prosilistis
3161 3002 3488 3064 certamen,
3541 3000 3601 3052 et

1861 3117 1903 3172 ο
1931 3106 2137 3146 coram
2161 3091 2405 3160 regibus
2430 3095 2485 3146 et
2509 3091 2883 3164 principibus
2908 3089 3121 3146 mundi
3138 3086 3435 3158 intrepida
3457 3102 3598 3141 con-

1930 3181 2188 3236 fessione
2217 3180 2521 3253 repulistis
2573 3180 2818 3253 justitise
2874 3180 3144 3245 hostem;
3195 3175 3599 3250 pugnandum

1932 3276 2020 3325 est
2048 3270 2217 3325 vobis
2245 3285 2439 3342 usque
2465 3270 2543 3325 ad
2566 3274 2820 3326 mortem
2850 3286 2864 3337 ;
2897 3269 3043 3341 quia
3083 3268 3199 3322 hoc
3258 3280 3449 3335 genus
3476 3279 3599 3319 cer-

1932 3358 2172 3415 taminis
2198 3358 2260 3414 in
2289 3364 2480 3414 morte
2511 3358 2898 3428 gloriﬁcatur,
2924 3361 2983 3414 et
3011 3362 3153 3413 tunc
3175 3354 3457 3411 brevium
3490 3352 3599 3407 ωίη

1927 3454 2015 3510 les
2049 3447 2285 3520 accipit,
2324 3446 2574 3520 quando
2610 3446 2893 3512 moritur;
2927 3460 3119 3517 eoque
3150 3443 3217 3499 ﬁt
3268 3442 3343 3497 de
3374 3456 3599 3497 corona

1889 3548 1895 3554 ‘
1929 3536 2187 3592 victoriae
2219 3540 2435 3603 certus,
2470 3551 2593 3607 quo
2625 3551 2686 3591 se
2736 3534 3089 3591 ardentibus
3125 3531 3299 3595 bellis
3330 3529 3600 3601 injecerit

1929 3625 2277 3682 moriturus.
2298 3625 2389 3682 Sic
2404 3640 2530 3690 vos,
2545 3624 2782 3681 obitum
2794 3623 3193 3680 distrahenth
3215 3633 3597 3693 corporeum,

1931 3719 2221 3771 aeternum
2250 3715 2387 3770 vitae
2404 3715 2685 3787 perennis
2706 3713 2916 3770 ametis
2942 3716 3184 3773 statum,
3234 3708 3354 3765 luci
3388 3722 3600 3781 perpee

1930 3809 2045 3861 tuas
2102 3804 2559 3876 mancipatum;
2612 3804 2883 3874 dumque
2923 3800 3187 3858 cmlestia
3208 3814 3321 3872 pro
3352 3795 3599 3853 terrenis

1929 3894 2225 3950 mutando
2264 3892 2591 3965 acquiritis,
2641 3897 2699 3948 et
2733 3889 3148 3965 dispensanda
3195 3886 3482 3953 labentia,
3535 3885 3598 3940 in

1927 4000 2128 4039 sevum
2159 3998 2447 4041 mansura
2476 3982 2798 4055 percipitis,
2848 3979 3166 4054 praecipuis
3222 3977 3596 4042 meritorum,

1927 4078 2266 4135 vestrorum
2337 4070 2787 4144 exemplaribus
2857 4069 3181 4125 Ecclesiam
3237 4064 3596 4123 catholicam

1927 4160 2285 4228 informatis,
2318 4176 2442 4233 quo
2463 4160 2779 4217 mundana
2804 4156 3170 4220 abdicando,
3199 4153 3475 4228 supernis
3504 4168 3598 4209 re-

1925 4249 2041 4305 bus
2072 4249 2360 4306 intendat.
2395 4252 2587 4307 Manet
2612 4249 2792 4319 igitur
2820 4248 3017 4315 vobis,
3051 4261 3286 4303 sorores
3316 4259 3487 4313 mere,
3523 4258 3595 4298 ex

1928 4344 2184 4412 utraque
2238 4343 2409 4412 parte
2454 4339 2721 4395 victorias
2772 4336 3206 4395 commodum:
3262 4337 3469 4391 manet
3523 4348 3597 4386 ex

1930 4434 2184 4503 utroque
2209 4428 2392 4488 latere
2413 4428 2803 4502 prmmiorum
2824 4425 3295 4484 indesinentium
3322 4423 3593 4488 lucrum;

1928 4524 1989 4576 et
2012 4521 2153 4576 hinc
2179 4534 2306 4576 non
2334 4518 2685 4575 indecenter
2708 4517 2857 4574 illud
2887 4516 3218 4573 Psalmistss
3243 4512 3593 4573 vaticinium

1926 4609 2137 4666 vestris
2163 4609 2340 4679 justis
2366 4608 2681 4665 laboribus
2734 4610 2929 4663 exstat
2969 4608 3271 4678 paratum,
3302 4616 3428 4674 quo
3452 4598 3596 4654 dici-

1924 4702 2058 4755 tur:
2121 4698 2334 4755 Gloria
2389 4705 2445 4754 et
2493 4696 2723 4752 divitiae
2767 4697 2833 4751 in
2863 4695 3035 4751 domo
3065 4694 3221 4762 ejus,
3254 4696 3309 4746 et
3347 4688 3595 4765 justitia

1928 4789 2059 4857 ejus
2086 4791 2289 4843 manet
2319 4787 2383 4841 in
2403 4785 2689 4841 sarculum
2715 4782 2924 4840 amuli
2951 4782 3138 4853 (Psal.
3173 4794 3290 4847 cxx,
3335 4779 3409 4848 3).

1994 4874 2085 4929 20.
2121 4870 2236 4927 Sed
2252 4870 2382 4941 jam
2405 4885 2503 4925 me
2522 4868 2584 4924 in
2605 4871 2782 4940 portu
2798 4864 3013 4923 silentii
3035 4863 3379 4929 constituto,
3399 4859 3594 4935 prius-

1920 4975 2111 5033 quam
2123 4958 2407 5017 volumen
2418 4958 2603 5014 ﬁnem
2623 4959 2886 5029 appetat,
2901 4957 2960 5011 et
2972 4956 3184 5010 sancto
3200 4949 3594 5024 inspiramine

1920 5049 2191 5105 educatis
2212 5063 2386 5105 arma
2404 5045 2717 5120 proeliandi
2737 5044 3077 5102 ministrare
3102 5040 3368 5108 desistat,
3393 5044 3593 5099 tecum

1920 5139 2067 5197 mihi
2096 5136 2414 5210 paululum
2456 5135 2624 5208 loqui
2660 5133 2825 5205 libet,
2858 5150 2894 5191 ο
2914 5133 3202 5191 virtutum
3224 5130 3451 5187 meritis
3481 5129 3592 5186 ﬂow

1917 5244 2057 5289 rens
2092 5227 2266 5284 Flora
2310 5224 2693 5283 sanctissima
2727 5239 2921 5295 soror,
2945 5228 3011 5279 ut
3037 5225 3257 5280 nostra)
3278 5217 3591 5279 familiariu-

1916 5317 2052 5376 tatis
2074 5314 2330 5375 verbum
2346 5313 2559 5373 auditu
2579 5312 2820 5387 placido
2840 5317 3112 5386 captans,
3131 5307 3449 5368 secretario
3466 5320 3592 5367 cor.

1917 5409 2012 5469 dis
2032 5404 2491 5465 recondendum
2503 5403 2808 5471 admittas,
2836 5408 3234 5473 nostrumque
3246 5397 3592 5455 consultum

1917 5495 2302 5554 sanctiﬁcatis
2333 5494 2639 5551 mentibus
2657 5494 2793 5557 tuis,
2822 5498 2885 5549 ut
2904 5493 2987 5569 pii
3012 5490 3201 5565 patris
3220 5491 3590 5562 praeceptum

1917 5602 2199 5659 reponas.
2233 5584 2384 5640 Audi
2412 5600 2576 5651 ergo,
2601 5583 2742 5648 ﬁlia,
2766 5587 2821 5638 et
2856 5582 3015 5650 vide,
3059 5585 3114 5636 et
3136 5578 3361 5634 inclina
3381 5593 3588 5634 altrum

1914 5682 2080 5741 tuam
2088 5715 2105 5753 ,
2130 5677 2187 5739 et
2206 5672 2559 5735 obliviscere
2587 5672 2887 5753 populum
2909 5674 3103 5741 tuum,
3122 5672 3180 5735 et
3200 5668 3455 5735 domum
3485 5682 3593 5743 pa-

221 5837 238 5860 '
269 5834 574 5897 Causanle.
600 5840 877 5909 ltainfra,
908 5839 1320 5910 prcepediente
1338 5839 1623 5909 deliquio,
1654 5838 1733 5897 ad
1758 5834 2664 5911 epboopumPampilonensem.
2694 5834 2901 5895 Scnor.
