3960 6414
318 282 414 340 831
1459 287 1514 341 S.
1555 284 1837 340 EULOGII
1876 281 2197 341 ARCHIEP.
2244 288 2501 350 TOLET.
3640 297 3747 350 832

316 407 418 463 tris
434 406 844 477 tui,quoniam
860 406 1229 478 concupiscit
1244 422 1347 463 rex
1360 408 1621 480 speciem
1638 409 1969 462 tuam.Non
2004 410 2051 463 Α
2089 410 2154 464 10
2184 414 2352 486 seq).
2387 418 2469 472 Ac
2495 418 2545 473 si
2574 421 2845 491 patenter
2864 418 3095 474 diceres
3126 436 3139 473 :
3169 418 3601 474 Testimonium
3645 434 3749 474 ve-

311 496 515 568 itaque
534 495 773 550 vocatio
803 500 905 550 tua
921 501 1273 551 czeterorum
1295 496 1502 552 similis
1528 502 1635 552 est.
1659 495 1973 567 Siquidem
2079 501 2265 559 ritatis
2285 509 2419 569 tuae,
2448 508 2716 575 Domine,
2746 509 3033 564 hactenus
3061 509 3269 565 timore
3300 509 3497 564 carnis
3525 508 3742 578 celavi;

315 589 379 641 tu
395 584 607 658 lupino
626 588 825 641 creata
842 584 1021 654 coitu,
1044 589 1101 640 et
1120 601 1233 640 ove
1256 590 1447 642 matre
1468 584 1802 658 progenita,
1827 600 1974 657 qua-

316 674 368 730 si
396 689 472 730 ex
498 672 774 729 sensibus
828 688 967 730 rosa
1012 672 1484 745 frondescisﬂn
1515 673 1682 730 nullo
1710 672 1821 729 tibi
1850 673 1974 729 eth-

315 762 754 830 nicum,semen
791 761 1109 830 obsistens,
1166 767 1373 819 tamen
1427 762 1764 819 Christiano
1814 762 1975 819 edita

314 857 492 927 partu
516 856 875 924 conceptum
898 852 1207 918 divinitus,
1235 853 1469 926 piaeque
1498 851 1706 909 matris
1757 852 1977 922 magis-

318 944 464 1001 terio
486 941 806 997 Dominum
822 941 1026 997 Jesum
1049 942 1347 999 Christum
1370 942 1524 998 adeo
1545 942 1790 999 credula
1814 957 1977 997 men-

315 1036 372 1088 te
398 1029 671 1098 colueris,
705 1034 770 1086 ut
796 1035 1050 1104 propter
1078 1046 1302 1087 nomen
1335 1031 1467 1101 ejus
1495 1031 1827 1087 acrioribus
1858 1046 1975 1086 caa-

316 1136 386 1177 sa
407 1118 684 1189 ﬂagellis,
709 1119 1025 1192 pristinam
1053 1119 1395 1176 nullatenus
1424 1120 1865 1192 professionem
1889 1135 1979 1176 re-

316 1208 558 1282 puleris.
577 1212 839 1264 Noveras
863 1209 1025 1264 enim
1043 1224 1339 1281 sponsum
1359 1212 1533 1265 tuum
1554 1208 1808 1264 dixisse:
1838 1210 1981 1265 Tra-

318 1299 459 1355 dent
472 1313 573 1354 vos
582 1298 647 1353 in
659 1298 951 1367 conciliis,
965 1302 1021 1354 et
1033 1298 1096 1353 in
1108 1299 1433 1368 synagogis
1441 1297 1842 1368 ﬂagellabant
1858 1309 1982 1368 vos;

317 1393 375 1445 et
400 1388 481 1444 ad
487 1387 767 1456 praesides
784 1402 1064 1458 regesque
1073 1387 1807 1457 duceminiproptermein
1825 1388 1983 1443 testi-

317 1477 581 1532 monium
607 1477 734 1531 illis
763 1481 818 1532 et
843 1475 1138 1546 gentibus.
1161 1476 1277 1543 Qui
1290 1481 1490 1533 autem
1505 1477 1982 1545 perseveraverit

318 1580 508 1637 usque
540 1565 601 1621 in
624 1566 826 1634 ﬁnem,
856 1564 953 1621 hic
973 1565 1180 1621 salvus
1209 1566 1324 1621 erit
1354 1565 1590 1635 (Matth.
1622 1581 1681 1627 x,
1715 1567 1796 1630 t7,
1820 1564 1976 1636 etc.).

391 1653 479 1709 21.
507 1654 648 1709 Hinc
674 1654 804 1723 jam
834 1653 1145 1726 proposita
1175 1653 1421 1725 auspice
1470 1656 1587 1709 Deo
1636 1652 1827 1723 gloria
1858 1669 1977 1708 coe-

2076 590 2207 661 jam
2234 609 2416 658 nunc,
2468 597 2583 652 tuis
2613 601 2851 654 armata
2893 596 3144 666 viribus,
3178 596 3562 669 patefaciam,
3594 597 3746 671 quia

2082 680 2166 737 sic
2186 682 2393 741 timere
2411 686 2601 743 nescit
2614 686 2871 751 Deicoia,
2892 686 2976 742 sic
2992 686 3288 760 trepidare
3309 686 3549 758 ignorat
3568 703 3752 744 mens

2081 774 2187 827 tuo
2221 789 2468 832 munere
2497 777 2729 850 opima.

2152 860 2242 913 22.
2277 862 2406 915 Haec
2432 860 2589 929 ideo,
2623 860 2832 918 Christi
2856 860 3106 933 famula,
3136 861 3388 918 domina
3414 876 3586 918 soror
3607 876 3748 918 mea

2086 944 2274 1013 Flora,
2303 947 2407 1003 tibi
2450 948 2745 1022 disposui,
2779 953 2845 1004 ut
2873 954 3177 1005 tantarum
3202 950 3491 1006 virtutum
3520 948 3751 1005 beneﬁ-

2084 1033 2177 1090 cia
2203 1035 2494 1105 recolens,
2518 1053 2593 1093 ne
2613 1037 2730 1093 tuis
2747 1037 2965 1095 collata
2984 1038 3217 1095 coalitus
3238 1038 3467 1094 meritis
3493 1038 3754 1112 perden-

2085 1122 2166 1180 da
2183 1130 2441 1198 reputes,
2471 1143 2545 1182 ne
2579 1127 2993 1185 conculcanda
3019 1133 3365 1202 pertractes.
3398 1128 3631 1185 Festina
3663 1128 3747 1185 ad

2084 1214 2384 1287 bravium,
2415 1234 2586 1274 curre
2615 1219 2695 1275 ad
2725 1219 3066 1291 praemium,
3096 1220 3245 1276 dum
3276 1225 3517 1292 tempus
3536 1234 3748 1292 capes-

2088 1304 2259 1360 sendi
2284 1305 2464 1363 instat
2493 1308 2893 1380 potissimum.
2918 1312 3166 1365 Paratus
3194 1309 3356 1365 enim
3374 1314 3463 1364 est
3484 1323 3752 1382 sponsus

2088 1396 2227 1448 tuus
2260 1397 2549 1452 Dominus
2572 1397 2746 1453 Jesus
2776 1397 3047 1454 Christus
3078 1397 3316 1454 titulum
3343 1397 3452 1454 tibi
3478 1397 3754 1455 conferre

2086 1483 2486 1556 perfectionis,
2528 1486 2571 1542 si
2627 1502 2901 1560 pugnare
2932 1504 3123 1561 usque
3179 1487 3257 1544 ad
3312 1492 3569 1543 mortem
3626 1502 3752 1543 non

2088 1574 2429 1642 cessaveris,
2462 1574 2511 1630 si
2541 1591 2651 1648 pro
2681 1590 2753 1631 eo
2784 1576 2939 1631 mori
2960 1576 3112 1632 sicut
3148 1591 3185 1631 a
3215 1576 3514 1649 principio
3543 1575 3754 1646 elegis-

2085 1660 2128 1715 ti
2154 1677 2348 1734 usque
2379 1663 2459 1719 ad
2486 1679 2839 1736 supremum
2898 1664 3297 1729 contenderis,
3356 1664 3405 1720 si
3434 1665 3592 1721 hanc
3622 1680 3758 1737 per-

318 1743 406 1817 pit
437 1748 491 1800 te
520 1741 791 1799 comitari
821 1741 1111 1815 martyrii.
1167 1742 1312 1798 Hinc
1338 1742 1601 1798 nominis
1629 1742 1712 1798 tui
1739 1741 1977 1813 magni-
2014 1764 2054 1817 Β
2085 1750 2450 1808 functoriam
2478 1753 2885 1826 poenalitatem
2946 1754 3182 1823 gaudiis
3213 1753 3512 1811 oblectata
3541 1769 3756 1828 super-

318 1831 438 1889 ﬁca
457 1836 578 1888 toto
598 1831 743 1887 orbe
762 1830 931 1887 fama
946 1830 1225 1897 diffundi,
1240 1831 1380 1886 hinc
1402 1846 1512 1904 pro
1533 1836 1589 1887 te
1608 1846 1817 1886 rumor
1841 1846 1982 1899 ago-

319 1923 434 1986 nis,
484 1921 744 1995 populos
772 1920 1171 1994 nationesque
1203 1935 1557 1993 peragrans,
1589 1920 1771 1992 cmpit
1800 1920 1982 1993 pluri-

318 2010 436 2068 bus
463 2011 855 2067 innotescere.
889 2009 1153 2083 Denique
1184 2009 1454 2065 evulsam
1487 2015 1505 2040 ⁸
1533 2008 1751 2066 ictibus
1778 2008 1981 2079 ﬂagel-

319 2100 519 2157 lorum
546 2099 902 2157 venerabilis
951 2099 1036 2156 tui
1078 2099 1312 2155 verticis
1360 2105 1581 2166 cutem,
1640 2099 1982 2171 rimamque

320 2207 448 2264 qua
473 2190 744 2246 caesaries
776 2188 1031 2261 pulchra
1050 2188 1403 2256 deﬂuxerat,
1454 2204 1569 2258 ego
1619 2188 1981 2260 persecutio-

322 2280 417 2336 nis
443 2283 560 2335 tuaa
587 2283 856 2351 tempore
898 2278 1149 2334 intuitus
1175 2294 1333 2345 sum,
1387 2277 1674 2347 dignante
1728 2282 1784 2333 te
1834 2275 1984 2333 illud

322 2367 471 2425 mihi
490 2367 804 2424 ostendere
830 2366 1013 2423 veluti
1045 2367 1324 2439 proximo
1352 2366 1507 2439 patri
1537 2366 1791 2438 puritate
1818 2381 1986 2422 reve-

321 2458 526 2516 rentiae
543 2462 679 2514 tuae.
698 2460 766 2514 Et
790 2456 1017 2513 blanda
1031 2472 1220 2513 manu
1239 2455 1731 2528 attrectans,quia
1759 2455 1984 2512 osculis

320 2548 456 2621 ipsa
478 2547 731 2603 vulnera
750 2562 873 2603 non
895 2546 1202 2603 crederem
1224 2561 1352 2601 esse
1373 2544 1775 2602 demulcenda
1796 2564 1809 2613 ;
1827 2549 1986 2618 post-

295 2651 515 2710 quam
561 2653 596 2692 a
639 2643 692 2692 te
715 2635 981 2705 discessi,
1014 2635 1120 2690 diu
1159 2634 1396 2707 alteque
1426 2638 1652 2692 memet
1699 2638 1985 2707 reputans

327 2726 647 2799 suspiravi.
680 2728 1025 2796 Exponente
1055 2740 1198 2780 vero
1228 2739 1436 2779 coram
1463 2740 1559 2780 me
1597 2723 1823 2781 diffusa
1864 2740 1983 2780 cae-

323 2815 464 2870 litus
496 2814 687 2883 gratia
708 2814 825 2868 oris
852 2813 932 2867 tui
976 2813 1240 2883 ingentia
1266 2812 1544 2869 dolorum
1575 2818 1840 2882 tuorum,
1891 2830 1985 2870 ca-

327 2919 551 2976 susque
573 2901 999 2975 periculorum,
1022 2902 1126 2975 qui
1149 2907 1202 2958 te
1230 2907 1573 2975 presserant
1589 2906 1648 2959 et
1669 2904 1983 2976 quomodo

328 2998 503 3066 septa
532 2992 837 3057 custodiae,
871 3008 997 3064 qua
1037 2992 1386 3064 mancipata
1411 2992 1738 3060 exstiteras,
1768 2993 1985 3048 divini-

2087 1840 2203 1907 nis,
2248 1857 2359 1914 pro
2386 1842 2574 1897 nihilo
2604 1842 2904 1915 penderis.
2931 1843 3083 1911 Quia
3113 1859 3235 1899 non
3266 1849 3409 1899 sunt
3441 1844 3757 1914 condignas

2085 1932 2390 2000 passiones
2415 1932 2597 2003 hujus
2632 1933 2919 2002 temporis
2950 1933 3032 1990 ad
3056 1940 3561 2003 superventuram
3612 1934 3749 2005 glo-

2088 2021 2268 2086 riam,
2292 2036 2425 2093 quw
2454 2023 2822 2079 revelabitur
2851 2024 2914 2078 in
2940 2022 3105 2078 nobis
3121 2024 3310 2091 (Rom.
3344 2039 3460 2091 vui,
3491 2027 3599 2089 18).
3625 2025 3760 2080 Cer-

2089 2113 2151 2166 ta
2182 2110 2411 2167 bonum
2441 2116 2766 2178 certamen,
2820 2128 2990 2168 soror
3013 2128 3152 2168 mea
3178 2111 3350 2182 virgo
3380 2112 3577 2180 beata,
3611 2116 3670 2168 et
3699 2112 3755 2168 si

2092 2200 2288 2257 acrius
2307 2200 2785 2273 vulnereris,non
2805 2202 3164 2269 cedas.Quia
3175 2203 3303 2259 haec
3321 2203 3571 2259 vulnera
3585 2206 3757 2259 teter-

2091 2305 2185 2345 nae
2217 2294 2359 2346 sunt
2408 2290 2701 2348 felicitatis
2747 2293 3039 2365 auspicia,
3069 2298 3126 2348 et
3151 2293 3529 2366 sempiternis
3557 2292 3760 2349 confe-

2091 2384 2231 2435 runt
2254 2379 2554 2436 defectum
2583 2381 2917 2439 doloribus.
2948 2382 3176 2438 Cuncta
3197 2386 3558 2456 permanent
3584 2382 3754 2439 inco-

2090 2467 2297 2525 lumia.
2331 2472 2483 2526 Mors
2510 2470 2641 2528 haec
2669 2471 2853 2528 vitam
2882 2471 3086 2540 donat,
3116 2472 3371 2528 caetibus
3407 2476 3761 2528 sanctorum

2093 2557 2487 2628 agglomerat,
2517 2564 2575 2615 et
2603 2563 2828 2616 statum
2857 2562 3246 2633 perenuitatis
3276 2560 3529 2617 ﬁdeliter
3561 2576 3633 2617 ac
3661 2562 3757 2616 vi-

2090 2646 2271 2703 riliter
2315 2647 2377 2703 in
2433 2664 2627 2718 agone
2675 2651 3200 2722 perseverantibus
3229 2654 3489 2722 praestat.
3525 2652 3748 2707 Verum

2092 2736 2236 2810 quia
2262 2753 2323 2793 se
2352 2738 2585 2811 pridem
2620 2739 2817 2795 claudi
2846 2741 2974 2811 jam
3004 2739 3155 2796 liber
3192 2745 3555 2813 speraverat,
3605 2756 3751 2797 cum

2094 2842 2192 2882 me
2218 2826 2324 2882 tibi
2351 2827 2732 2898 singulariter
2758 2829 3013 2885 verbum
3039 2830 3256 2901 facere,
3286 2846 3323 2886 o
3345 2846 3515 2886 soror
3562 2829 3759 2900 Flora,

2095 2915 2239 2972 olim
2298 2922 2469 2986 gesta
2516 2918 2921 2990 primordialis
2999 2918 3270 2992 martyrii
3326 2919 3407 2974 tui
3458 2922 3762 2989 cogerent,

2095 3021 2259 3062 nunc
2289 3006 2366 3062 ad
2388 3011 2675 3081 utrasque
2705 3009 2966 3065 reditum
3006 3009 3252 3080 faciens,
3289 3007 3490 3064 adhuc
3544 3008 3766 3082 paulu-

324 3089 419 3140 tus
474 3082 789 3156 patefacta.
844 3088 1139 3139 nocturna
1182 3082 1291 3139 tibi
1317 3082 1549 3139 silentia
1579 3083 1812 3140 aditum
1839 3083 1986 3139 eil‘u-
2023 3113 2064 3168 ο
2094 3094 2222 3150 lum
2252 3096 2653 3153 communiter
2678 3097 2853 3154 vobis
2879 3098 3156 3170 loquens,
3197 3096 3364 3171 quod
3409 3096 3764 3153 mereamini

327 3172 531 3242 giendi
555 3171 973 3245 praestiterint;
1008 3172 1284 3245 reputavi
1334 3173 1713 3229 conformem
1742 3178 1795 3228 te
1852 3189 1988 3229 esse

324 3263 478 3318 Petri
503 3261 758 3333 apostoli
788 3261 1174 3333 passionibus
1206 3277 1313 3333 per
1340 3261 1469 3317 haec
1499 3262 1837 3334 eademque
1863 3277 1989 3331 ges-

322 3354 385 3406 ta
410 3366 548 3422 quas
573 3349 801 3405 cunctis
821 3350 1194 3406 ostenderas.
1230 3349 1466 3421 Quippe
1500 3366 1636 3422 quae
1666 3355 1807 3407 tunc
1834 3351 1987 3407 divi-

322 3440 485 3495 nitus
514 3438 814 3501 absoluta,
841 3444 979 3511 post
1006 3440 1364 3495 sexennium
1393 3440 1470 3496 de
1486 3442 1722 3498 civitate
1750 3442 1810 3498 in
1841 3443 1991 3499 urbe

329 3528 405 3583 de
432 3527 564 3582 vico
586 3526 645 3581 in
677 3526 903 3599 oppido
923 3543 1030 3600 per
1057 3526 1250 3584 multa
1266 3532 1323 3584 et
1349 3528 1521 3585 varia
1550 3530 1778 3595 exsilia,
1810 3537 1990 3605 atque

333 3614 585 3671 latibula
630 3613 898 3670 remedio
930 3616 1087 3684 fugas
1135 3620 1416 3672 contenta
1471 3617 1690 3674 fueras.
1754 3621 1823 3675 Et
1855 3635 1991 3692 quae

323 3704 492 3778 prius
515 3703 733 3760 intuitu
767 3703 1067 3760 evadendi
1089 3720 1367 3761 enormes
1394 3706 1582 3761 moles
1608 3709 1993 3765 transcende-

322 3809 444 3862 ras,
470 3809 634 3849 nunc
650 3792 825 3865 quasi
871 3794 1141 3849 monenti
1167 3794 1399 3850 Christo
1419 3810 1642 3867 sponso
1670 3800 1772 3852 tuo
1793 3812 1864 3852 ac
1887 3796 1994 3854 tibi

324 3882 584 3939 dicenti:
622 3884 731 3940 Ubi
745 3885 970 3953 pascis,
1003 3884 1109 3940 ubi
1134 3883 1318 3940 cubas
1345 3885 1409 3940 in
1448 3885 1697 3942 meridie
1719 3886 1920 3952 (Cant.
1950 3903 1990 3954 1,

327 3987 500 4028 soror
551 3972 739 4028 mea?
825 3972 1043 4028 Iterum
1115 3972 1293 4028 venio
1342 3972 1370 4013 δ
1398 3973 1695 4044 cruciﬁgi;
1729 3974 1994 4030 redivivo

325 4059 638 4134 praeliandi
666 4066 843 4116 aucta
901 4077 1202 4132 regressu,
1250 4060 1449 4117 forum
1497 4062 1649 4132 adis,
1681 4063 1993 4136 publicum

330 4149 502 4223 petis,
537 4152 714 4221 teque
738 4149 1058 4221 intrepida,
1082 4150 1426 4207 conﬁtendo
1458 4152 1777 4222 Christum,
1809 4157 1867 4210 et
1894 4154 1994 4210 de~

325 4236 605 4295 testando
649 4236 790 4294 ﬁdei
841 4237 1278 4309 adversarium,
1319 4240 1512 4310 judici
1563 4242 1774 4312 offers;
1826 4243 1991 4301 forti-

328 4330 537 4398 terque
560 4324 613 4381 ei
660 4324 966 4393 resistens,
998 4325 1261 4383 laudans
1291 4329 1589 4388 Christum
1615 4335 1732 4390 tuae
1785 4331 1993 4388 salutis

2097 3186 2416 3257 praemium
2447 3186 2763 3254 disseram,
2779 3193 2837 3244 et
2861 3188 2943 3244 sic
2973 3187 3257 3261 deinceps
3281 3187 3512 3260 prolixo
3533 3203 3764 3244 sermo-

2096 3274 2160 3330 ni
2187 3273 2370 3330 ﬁnem
2398 3275 2739 3349 imponam.

2169 3367 2258 3419 23.
2294 3364 2722 3422 lnenarrabilia
2750 3369 2910 3436 sunt,
2942 3381 3175 3422 sorores
3201 3381 3368 3434 meae,
3393 3364 3645 3438 praemia
3662 3380 3766 3422 ve-

2100 3457 2240 3521 stra,
2268 3454 2509 3525 egregia
2530 3455 2788 3511 multum
2809 3456 2990 3512 nimis
3019 3456 3285 3529 reposita
3303 3471 3577 3512 munera.
3601 3455 3768 3512 Acci-

2098 3543 2270 3615 pietis
2302 3544 2462 3600 enim
2491 3561 2527 3601 a
2554 3544 2808 3602 Domino
2856 3546 3115 3602 fructum
3167 3545 3489 3616 virginitati
3519 3545 3772 3602 centesi-

2100 3649 2271 3688 mum
2295 3639 2351 3689 et
2369 3634 2609 3703 gloriosi
2638 3636 2907 3708 martyrii
2930 3635 3328 3693 inenarrabile
3344 3633 3764 3692 commodum.

2102 3724 2381 3779 Occurret
2412 3726 2581 3780 vobis
2610 3725 2856 3782 obviam
2886 3731 3094 3783 sancta
3126 3731 3181 3781 et
3208 3724 3565 3781 venerabilis
3612 3724 3767 3796 regi-

2102 3828 2183 3868 na
2233 3813 2447 3868 mundi
2501 3814 2683 3886 Virgo
2721 3815 2922 3881 Maria,
2971 3815 3409 3872 ﬂorentissimis
3457 3814 3765 3885 virginum

2103 3901 2299 3957 choris
2349 3907 2580 3960 ornata.
2635 3905 2941 3961 Aderunt'
2972 3905 3148 3961 ctiam
3198 3904 3505 3961 fortissimi
3544 3902 3763 3959 milites

2103 3989 2224 4057 Dei,
2254 3990 2578 4047 confratres
2604 3993 2803 4064 vestri,
2835 3994 3158 4064 Perfectus,
3227 3994 3416 4060 Isaac,
3482 3993 3756 4063 Saucius,

2108 4081 2328 4147 Petrus,
2358 4080 2788 4150 Walabonsus,
2819 4081 3201 4147 Sabinianus,
3248 4080 3758 4152 Wistremundus,

2103 4167 2447 4239 Hahentius,
2479 4170 2791 4237 Jeremias,
2825 4171 3212 4243 Sisenandus,
3241 4170 3481 4239 Paulus,
3514 4173 3573 4226 et
3613 4171 3765 4226 The-

2103 4256 2431 4331 odemirus,
2463 4259 2567 4332 qui
2589 4276 2701 4316 vos
2728 4263 3163 4333 praecesserunt
3195 4276 3334 4316 cum
3387 4258 3559 4331 signo
3595 4258 3764 4331 ﬁdei,

2100 4351 2158 4403 et
2186 4347 2500 4405 victoriam
2525 4349 2600 4404 de
2639 4349 2809 4406 hoste
2852 4349 3134 4419 tulerunt,
3183 4348 3480 4423 vobisque
3507 4348 3765 4420 ianuam

334 4418 665 4515 ααοίίξτθωο
698 4414 954 4519 Ῥίθῑδίίε
995 4416 1246 4519 ,θΧίίξΠξε
1296 4417 1668 4519 τθιίείοηεξξητ
1721 4437 1792 4479 διο
1828 4421 1993 4478 ἀθίῐι·
2023 4465 2071 4519 D
2107 4436 2498 4508 perveniendi
2529 4437 2609 4495 ad
2641 4453 2898 4510 regnum
2942 4414 3326 4513 aperuerunt,
3376 4414 3632 4509 dignum
3677 4436 3766 4494 iti-

330 4519 475 4577 ceps
505 4503 880 4578 impudicum
913 4510 1108 4563 vatem
1131 4505 1456 4578 infamans,
1483 4509 1825 4567 nullatenus
1848 4525 1994 4568 vera

324 4594 592 4668 potuisse
624 4593 978 4669 praedicare,
1010 4596 1329 4655 mendacio
1374 4598 1625 4671 plenum
1649 4599 1988 4656 denuntias.

326 4686 394 4741 Et
421 4682 501 4741 ob
547 4683 663 4741 hoc
692 4698 957 4756 congrue
1002 4686 1354 4743 Davidicum
1396 4702 1644 4744 carmen
1671 4688 1989 4745 decantes:

325 4773 643 4847 Loquebar
693 4774 768 4829 de
819 4776 1168 4833 testimoniis
1221 4777 1362 4842 tuis,
1414 4777 1684 4848 Domine,
1726 4778 1791 4833 in
1828 4793 1993 4834 cons-

318 4869 502 4932 pectu
533 4878 762 4934 regum,
786 4869 841 4919 et
857 4879 977 4920 non
995 4864 1415 4934 con/undebar
1433 4866 1622 4931 (Psal.
1656 4880 1848 4932 cxvm,
1864 4868 1986 4934 46);

327 4954 389 5007 et
419 4950 635 5007 iterum
662 4967 677 5005 :
737 4952 899 5007 Bene
926 4953 1211 5008 nuntiavi
1242 4953 1551 5022 justitiam
1598 4958 1763 5008 tuam
1792 4954 1858 5007 in
1881 4954 1992 5010 Ec-

336 5039 523 5095 clesia
552 5053 796 5107 magna.
828 5038 984 5095 Ecce
1008 5040 1172 5095 labia
1191 5055 1324 5095 mea
1353 5055 1474 5095 non
1499 5040 1843 5113 prohibebo,
1872 5043 1990 5099 Do-

333 5127 539 5183 mine:
620 5131 687 5180 tu
766 5129 1117 5197 cognovisti.
1163 5128 1475 5184 Justitiam
1534 5144 1655 5185 non
1707 5130 1995 5189 abscondi

341 5218 407 5273 in
436 5216 616 5274 corde
642 5230 770 5271 meo
798 5230 822 5271 .·
852 5217 1163 5272 veritatem
1213 5221 1400 5283 tuam,
1435 5224 1492 5273 et
1516 5221 1788 5278 salutare
1820 5228 1990 5279 tuum

333 5307 484 5364 dixi.
542 5306 687 5361 Non
741 5305 936 5361 celavi
1006 5306 1479 5364 misericordiam
1530 5314 1716 5379 tuam,
1757 5316 1812 5369 et
1841 5313 1990 5369 veri-

345 5401 529 5454 tatem
604 5402 769 5453 tuam
838 5409 877 5450 α
948 5409 1261 5467 synagoga
1317 5398 1513 5455 multa
1544 5399 1728 5471 (Psal.
1782 5417 1986 5470 XXXIX,

400 5565 426 5592 ι
454 5559 596 5621 Quae
641 5559 993 5628 sequuntur,
1025 5554 1214 5628 fusius
1240 5557 1298 5613 in
1330 5558 1547 5616 harum
1577 5560 1839 5619 duarum
1868 5565 1986 5619 vir-

332 5625 541 5695 ginum
567 5625 846 5700 passione
870 5627 932 5682 D.
955 5627 1255 5700 Eulogius
1287 5637 1520 5698 narrat;
1570 5633 1670 5689 ubi
1701 5634 1881 5691 etiam
1912 5636 1988 5692 de

330 5699 699 5825 ἲᾶνὲττῶιιε
753 5713 909 5772 quos
953 5699 1049 5758 hic
1093 5699 1389 5770 nominat,
1450 5702 1566 5761 late
1620 5706 1982 5778 perscripsit.

2100 4524 2230 4581 neri
2252 4529 2449 4583 vestro
2464 4532 2876 4601 praeparantes
2898 4543 3238 4595 occursum,
3261 4530 3441 4601 atque
3460 4526 3762 4583 dicentes:

2101 4635 2130 4662 α
2162 4615 2383 4685 Venite,
2418 4632 2651 4673 sorores
2700 4618 3110 4685 sanctissima,
3153 4616 3537 4688 ingredimini
3571 4615 3767 4674 thala-

2100 4718 2273 4760 mum
2303 4708 2513 4778 sponsi
2568 4708 2769 4779 vestri,
2828 4724 3013 4782 quem
3067 4712 3312 4765 eatenus
3366 4706 3652 4763 dilexistis
3696 4710 3765 4763 ut

2101 4797 2346 4866 propter
2373 4795 2545 4852 illum
2576 4797 2727 4854 mori
2758 4812 2884 4854 non
2908 4797 3213 4854 timeretis.
3240 4798 3378 4854 Jam
3404 4797 3559 4853 enim
3574 4796 3763 4853 hiems

2103 4887 2342 4953 transit,
2375 4886 2565 4943 imber
2609 4886 2755 4945 abiit
2787 4892 2843 4944 et
2869 4888 3104 4944 recessit
3135 4888 3338 4958 (Cant.
3371 4903 3433 4952 ιι,
3475 4886 3582 4957 ll),
3614 4885 3764 4959 quia

2100 4973 2447 5046 temporalis
2486 4974 2789 5032 tribulatio
2860 4992 2898 5033 a
2942 4975 3117 5032 vobis
3175 4976 3411 5032 devicta
3457 4974 3758 5032 discessit.

2098 5062 2440 5135 Properate,
2474 5068 2697 5120 sanctae
2728 5080 2985 5131 sorores,
3015 5064 3362 5121 festinantes
3391 5081 3530 5120 cum
3541 5064 3762 5135 jucun-

2098 5150 2281 5209 ditate
2306 5152 2519 5209 faciem
2552 5153 2683 5225 ejus
2716 5170 2977 5225 cernere,
3010 5154 3106 5211 cui
3144 5155 3207 5211 in
3258 5153 3505 5211 veritate
3556 5152 3763 5210 famu-

2096 5240 2280 5309 lastis,
2313 5258 2423 5315 pro
2452 5259 2575 5315 quo
2594 5244 2748 5300 mori
2772 5259 2895 5301 non
2919 5244 3262 5314 recusastis,
3286 5246 3351 5300 ut
3377 5242 3439 5299 in
3468 5247 3763 5300 aeternum

2095 5330 2329 5388 vivatis.
2361 5332 2643 5405 Percipite
2686 5333 3028 5390 mercedem
3073 5333 3254 5390 vestri
3280 5333 3527 5401 laboris,
3565 5337 3626 5390 et
3655 5348 3762 5388 su-

2097 5419 2243 5477 mite
2272 5418 2544 5478 lauream
2577 5421 2820 5493 gloriosi
2849 5422 3210 5481 certaminis.
3244 5441 3276 5475 ι

2168 5563 2196 5603 b
2241 5562 2376 5618 Vid.
2413 5563 2608 5620 Schol.
2632 5563 2693 5620 in
2718 5564 2984 5621 Passion.
3020 5564 3225 5633 Flore,
3249 5580 3420 5620 num.
3448 5566 3505 5619 6.

2168 5640 2185 5661 ο
2214 5635 2443 5709 Horum
2474 5635 2749 5692 omnium
2774 5636 3134 5709 martyrium
3177 5641 3418 5692 sanctas
3444 5634 3559 5691 has
3602 5634 3762 5693 duas

2093 5706 2356 5836 girgines
2393 5711 2800 5777 praecesserat.
2859 5706 2949 5765 ut'
2979 5707 3082 5765 lib.
3131 5723 3167 5763 ιι
3196 5710 3435 5766 Memor.
3492 5711 3755 5768 constat.

2147 5793 2308 5836 σιω..

2147 5793 2308 5836 οιιΑι.
