3960 6386
144 277 257 332 833

147 505 185 544 ο
217 503 395 544 soror
424 485 604 542 Maria
626 489 653 541 ‘I
684 486 825 552 Quis
850 486 1006 541 illius
1045 486 1402 541 felicissima:
1452 487 1613 541 horae
1654 485 1826 539 ditl’u-

147 593 286 634 sam
314 576 545 633 cmlitus
584 575 888 631 mentibus
919 575 1034 631 tuis
1087 575 1355 631 laetitiam
1385 573 1824 646 compensabit,

147 684 294 724 cum
337 666 491 722 inter
539 681 644 722 eos
688 665 952 721 Levitam
1001 665 1318 734 agnoveris
1360 663 1824 731 Walabonsum,

146 771 339 828 quem
371 753 476 810 tibi
507 754 607 825 pia
633 752 959 826 parentalis
994 752 1226 808 aﬂ'ectio
1253 768 1611 823 germanum
1645 765 1825 819 gene-

147 844 309 900 ravit
326 844 352 898 ?
379 843 522 908 Quis
549 847 938 914 utrarumque
964 847 1293 897 vestrarum
1320 841 1648 913 tripudium
1675 855 1830 894 mor-

149 933 377 991 talibus
431 932 790 1002 conjecturis
853 937 955 986 aut
986 931 1184 986 verbis
1217 931 1499 986 humanis
1535 928 1826 1001 expediet,

151 1039 315 1096 quas,
349 1020 554 1076 divino
581 1021 712 1092 jam
739 1022 970 1089 gremio
1001 1020 1354 1086 constitutae,
1388 1019 1538 1073 inter
1586 1016 1832 1072 affluen-

150 1111 233 1167 tia
265 1110 615 1166 divitiarum
672 1108 937 1181 paradisi
968 1107 1195 1172 locatae,
1229 1107 1642 1162 incunctanter
1673 1105 1830 1161 illius

151 1198 658 1256 remunerationis
689 1197 943 1252 donaria
975 1197 1220 1268 capietis
1244 1197 1270 1250 ‘2
1302 1196 1452 1260 Quia
1472 1194 1684 1250 oculus
1709 1210 1832 1249 non

152 1289 320 1358 vidit,
353 1304 466 1344 nec
496 1287 659 1343 auris
686 1286 932 1352 audivit,
966 1301 1073 1341 nec
1106 1286 1166 1340 in
1199 1302 1302 1341 cor
1326 1285 1601 1340 hominis.
1621 1299 1832 1338 ascen-

151 1377 394 1444 derunt,
427 1392 564 1448 quae
595 1375 956 1448 preparavit
995 1373 1285 1430 Dominus
1335 1371 1722 1444 diligentibus
1770 1387 1833 1426 se

155 1466 321 1538 (Isai.
354 1482 510 1535 Lmv,
532 1465 610 1536 4).

223 1555 316 1611 25.
342 1552 514 1610 Unde
544 1552 796 1609 obsecro
821 1567 948 1620 vos,
975 1551 1369 1608 sanctissimae
1401 1566 1638 1606 sorores
1660 1565 1830 1616 meae,

154 1645 421 1716 virgines
453 1642 958 1716 prudentissimae,
985 1658 1121 1714 quae
1141 1657 1378 1714 semper
1399 1640 1532 1696 oleo
1555 1639 1833 1696 castimo-

1409 264 1889 328 DOCUMENTUM
1917 263 2390 326 MARTYRIALE.

220 401 316 454 24.
346 396 487 463 Quis
520 399 659 452 tunc
689 396 1028 451 existimare
1075 396 1367 462 gaudium
1409 401 1578 451 tuum
1610 393 1826 468 poterit
1857 393 1903 445 Α

3500 271 3603 330 834

2260 411 2385 450 ῙΤΕΜ
2427 411 2630 451 ORATIO
2670 411 2903 451 EIUSDEM
2943 410 3162 451 EULOGII
3213 411 3283 450 AD

2391 502 2766 542 SUPRADICTAS
2817 501 3075 540 VIRGINES
3105 498 3150 541 ο.

2010 571 2260 630 Domine
2292 574 2447 631 Deus
2468 576 2872 648 omnipotens,
2900 574 3006 646 qui
3030 574 3412 646 sperantibus
3448 575 3511 631 in
3549 578 3607 632 te

1937 676 2000 714 es
2027 660 2306 718 solatium
2333 680 2562 731 verum,
2606 663 2950 720 timentibus
2978 669 3030 720 te
3073 664 3407 720 remedium
3437 664 3608 720 inde-

1938 749 2185 821 fessum,
2209 758 2266 809 et
2293 758 2348 809 te
2378 755 2765 824 diligentibus
2793 758 3151 826 perpetuum
3180 753 3491 824 gaudium,
3515 771 3610 811 ac-

1940 841 2127 896 cende
2151 842 2288 913 igne
2313 844 2537 900 amoris
2559 859 2662 900 cor
2679 848 2974 910 nostrum,
2989 849 3047 899 et
3069 843 3313 899 ﬂamma
3340 847 3455 900 ture
3471 844 3610 900 cha-

1939 931 2126 986 ritatis
2157 933 2415 1003 pectoris
2447 933 2637 989 nostri
2679 949 2861 988 exure
2891 949 3219 1001 recessum,
3251 949 3374 1004 quo
3414 933 3610 989 valea-

1943 1037 2077 1075 mus
2100 1028 2364 1094 coeptum
2389 1039 2817 1078 consummare
2841 1023 3216 1095 martyrium.
3251 1022 3609 1088 Ut,dilectio-

1940 1109 2034 1164 nis
2061 1114 2174 1165 tuae
2203 1111 2265 1165 in
2290 1127 2400 1167 nos
2430 1114 2667 1181 vigente
2715 1111 3016 1182 incendio,
3044 1111 3325 1167 decidant
3352 1129 3389 1168 a
3431 1111 3608 1168 nobis

1940 1197 2238 1255 incentiva
2266 1200 2708 1272 peccaminum,
2742 1204 2800 1255 et
2838 1199 3204 1255 malesuadus
3250 1200 3607 1256 titillationes

1939 1289 2152 1361 procul
2171 1289 2461 1359 effugiant
2488 1289 2788 1345 vitiorum.
2811 1292 2899 1358 Ut,
2926 1289 3088 1345 dono
3116 1291 3314 1359 gratiae
3337 1307 3459 1345 ruas
3476 1289 3610 1345 illu-

1941 1377 2206 1449 minataa,
2237 1384 2452 1435 cuncta
2483 1379 2696 1434 mundi
2726 1378 3131 1434 oblectamina
3147 1379 3458 1435 valeamus
3479 1379 3611 1434 des-
3698 1446 3700 1449 ι

1941 1467 2160 1540 picere,
2191 1474 2248 1525 et
2279 1473 2330 1525 te
2357 1469 2522 1541 puris
2571 1469 2874 1524 mentibus
2926 1485 2995 1524 ac
3039 1469 3192 1524 votis
3241 1468 3612 1541 simplicibus

1943 1573 2386 1630 usquequaque
2415 1557 2679 1629 diligere,
2713 1558 2942 1628 timere,
2973 1557 3336 1625 desiderare,
3366 1563 3424 1612 et
3446 1573 3612 1630 quaa-

1943 1662 2092 1704 rere.
2127 1649 2211 1703 Da
2241 1647 2437 1715 nobis,
2466 1647 2738 1717 Domine,
2788 1648 2848 1702 in
2878 1647 3258 1703 tribulatione
3298 1647 3611 1715 auxilium,

153 1736 269 1791 nise
320 1733 752 1801 redundantes,
805 1732 1190 1788 ornatissimo
1237 1731 1595 1804 lampadum
1634 1729 1834 1786 coeles-
1867 1751 1906 1804 Β
1944 1735 2089 1808 quia
2107 1752 2266 1792 vana
2291 1742 2378 1792 est
2396 1737 2558 1792 salus
2573 1736 2913 1792 hominum.
2934 1738 3018 1792 Da
3034 1736 3443 1792 fortitudinem
3466 1752 3613 1808 prte-

158 1825 312 1881 tium
346 1824 650 1880 emicastis
699 1821 953 1893 fulgore,
985 1822 1234 1895 quando
1288 1820 1679 1877 tabernacula
1729 1823 1837 1875 Do-

155 1914 306 1970 mini
333 1912 716 1974 intraveritis,
743 1916 807 1968 ut
837 1912 955 1967 mei
982 1927 1286 1967 memores
1307 1927 1436 1966 esse
1463 1907 1795 1980 dignemini
1819 1924 1833 1962 :

157 2005 308 2060 dum
355 2003 696 2060 thalamum
742 2001 921 2056 vestri
979 2000 1241 2056 adieritis
1302 2000 1529 2072 sponsi,
1585 1999 1836 2069 ejusque

159 2092 548 2166 amplexibus
600 2089 944 2146 incessabili
995 2089 1328 2144 merueritis
1380 2087 1657 2144 fruitione
1700 2101 1838 2141 con-

155 2183 350 2254 jungi,
383 2181 628 2238 tuemini
661 2195 755 2234 me
784 2178 1081 2252 precibus,
1118 2178 1422 2234 defensate
1457 2176 1680 2232 meritis
1713 2175 1837 2245 glo-

160 2273 332 2328 riosis
360 2287 386 2313 α
425 2313 437 2326 .
471 2270 662 2326 Prosit
691 2269 837 2324 mihi
869 2269 1166 2342 peccatori
1217 2269 1398 2339 hujus
1457 2265 1838 2323 mediocritas

163 2362 469 2418 succincta
525 2358 732 2429 libelli,
772 2375 954 2430 quem
1015 2359 1265 2430 spiritali
1319 2364 1516 2414 vestro
1574 2357 1840 2426 ﬂagrans

165 2468 394 2519 amore,
435 2455 648 2504 vestrae
711 2448 885 2504 saluti
939 2448 1259 2504 consulens
1285 2448 1477 2504 edidi:
1535 2445 1702 2520 quod
1735 2461 1842 2518 per

165 2557 302 2597 eum
322 2556 430 2596 vos
455 2537 684 2594 institui
708 2556 720 2593 :
746 2537 913 2610 quod
935 2537 1012 2592 ad
1039 2537 1406 2608 perficienda
1426 2535 1585 2592 bella
1606 2534 1842 2590 Domini

165 2630 404 2687 incitavi
431 2647 445 2684 :
479 2628 649 2702 quod
674 2631 740 2683 ut
763 2627 825 2682 in
856 2627 1138 2683 conﬂictu
1168 2643 1292 2682 non
1319 2626 1671 2695 deficeretis,
1701 2639 1842 2680 ense

167 2717 611 2792 praedicationis
663 2716 894 2772 armavi
934 2733 946 2771 :
1003 2715 1170 2788 quod
1214 2715 1525 2771 illecebras
1555 2731 1708 2787 quas
1761 2713 1845 2768 fu-

171 2825 303 2880 gere
335 2808 609 2865 debeatis
651 2805 884 2862 ostendi
911 2823 924 2861 :
971 2805 1135 2878 quod
1169 2804 1420 2877 praemia
1449 2821 1586 2877 quae
1617 2818 1845 2859 merea-

171 2899 242 2956 tis
273 2897 549 2971 disposui
578 2915 590 2952 :
621 2895 790 2968 quod
818 2895 882 2950 in
916 2894 1196 2951 laudibus
1227 2894 1441 2950 vestris
1471 2897 1652 2966 prout
1678 2892 1847 2966 potui

172 3004 266 3044 me
292 2987 552 3044 versavi.
585 2988 698 3041 Vos
728 2984 916 3040 nostis
945 2984 1093 3056 quid
1122 2999 1159 3039 a
1182 2983 1350 3039 vobis
1381 2983 1675 3056 petierim,
1696 2981 1845 3054 quid

1944 1825 2131 1881 liandi
2161 1826 2220 1880 in
2252 1826 2366 1880 hoc
2387 1825 2731 1882 certamine.
2754 1831 2810 1880 et
2839 1825 2914 1880 de
2949 1826 3087 1881 Sion
3116 1825 3332 1880 intuitu
3361 1825 3618 1880 liberan-

1946 1917 2009 1972 di
2040 1932 2152 1971 nos
2198 1916 2461 1988 respice;
2516 1921 2815 1988 quatenus
2868 1915 3166 1987 passionis
3213 1915 3460 1970 calicem
3512 1919 3617 1970 tua

1945 2011 2379 2080 prosequentes
2409 2006 2681 2076 vestigia,
2703 2007 3008 2076 possimus
3044 2004 3317 2074 jucundo
3347 2019 3449 2060 ore
3496 2003 3619 2059 ebi-

1946 2096 2108 2152 bere.
2157 2099 2240 2152 Tu
2291 2096 2473 2163 enim,
2503 2095 2776 2164 Domine,
2818 2093 3109 2149 lsraelitas
3141 2099 3274 2150 tuos
3315 2094 3462 2150 olim
3503 2092 3617 2148 sub

1947 2185 2079 2242 diro
2107 2189 2522 2258 Egyptiorum
2564 2185 2715 2256 jugo
2751 2188 3076 2254 gementes,
3109 2199 3230 2239 non
3261 2183 3461 2240 solum
3510 2197 3620 2251 po-

1949 2276 2092 2332 tenti
2120 2276 2366 2332 dextera
2395 2275 2676 2340 liberasti,
2706 2289 2915 2329 verum
2947 2273 3126 2329 etiam
3156 2273 3535 2330 Pharaonem
3565 2278 3623 2331 et

1950 2366 2275 2421 exercitum
2305 2365 2438 2436 ejus
2468 2364 2530 2420 in
2558 2363 2760 2419 medio
2785 2363 2940 2418 mari
2987 2362 3354 2432 demersum,
3391 2363 3471 2419 ad
3500 2363 3622 2433 glo-

1948 2456 2102 2511 riam
2133 2461 2190 2510 et
2219 2456 2512 2510 honorem
2561 2453 2827 2508 nominis
2859 2453 2942 2508 tui
2979 2452 3229 2508 omnino
3274 2452 3619 2508 contrivisti.

1953 2547 2038 2600 Da
2054 2544 2357 2613 fragilitati
2386 2548 2600 2599 nostrae
2625 2543 2646 2571 “
2666 2543 2726 2598 in
2756 2543 2869 2597 hac
2892 2542 3313 2611 congressione
3332 2542 3622 2598 invictum

1951 2634 2265 2690 resistendi
2308 2633 2554 2687 inimico
2608 2630 2969 2704 praesidium.
3021 2629 3235 2687 Confer
3275 2631 3427 2686 inter
3464 2630 3623 2686 acies

1953 2724 2388 2779 daemoniorum
2407 2729 2463 2777 et
2488 2720 2806 2776 hominum
2818 2724 3026 2774 contra
3045 2735 3157 2774 nos
3186 2719 3625 2788 insurgentium

1954 2811 2420 2885 inexpugnabile
2457 2811 2713 2866 dexterae
2761 2815 2876 2865 tuae
2922 2808 3234 2864 auxilium.
3271 2810 3521 2880 Oppone
3563 2809 3626 2864 in

1954 2903 2365 2958 defensionem
2395 2905 2670 2956 nostram
2717 2898 2984 2954 numinis
3023 2897 3108 2954 tui
3157 2901 3420 2968 scutum,
3447 2901 3505 2954 et
3528 2914 3631 2953 us-

1955 3009 2074 3064 que
2095 2992 2174 3047 ad
2196 2995 2450 3045 mortem
2467 2993 2712 3061 propter
2736 2991 2790 3043 te
2827 2986 3068 3042 viriliter
3081 2985 3411 3042 dimicandi
3424 2985 3628 3058 praebe

174 3077 475 3134 charitatis
503 3075 720 3131 intuitu
746 3073 922 3130 vobis
962 3072 1300 3128 indixerim.
1332 3075 1400 3128 Ut
1441 3072 1628 3142 digno
1671 3071 1846 3127 inter-
1878 3106 1918 3162 Ο
1957 3080 2335 3148 suffragium,
2383 3093 2506 3150 quo
2561 3076 2880 3132 valeamus
2960 3073 3250 3131 effusione
3317 3075 3628 3144 sanguinis

174 3171 356 3223 ventu
413 3169 613 3222 vestro
669 3163 835 3220 omni
885 3162 1027 3218 vitio
1079 3178 1341 3224 caream,
1386 3161 1580 3234 culpis
1639 3177 1844 3228 exuar,

177 3256 565 3327 nesciamque
593 3253 978 3325 delinquere;
1012 3267 1134 3324 quo
1166 3250 1326 3306 fideli
1373 3250 1668 3306 famulatu
1716 3267 1847 3306 om-

177 3344 468 3417 nipotenti
503 3345 623 3398 Deo
649 3359 787 3398 meo
817 3341 1145 3402 cohaerens,
1179 3339 1344 3396 fruar
1374 3344 1510 3411 post
1531 3339 1851 3395 transitum

181 3438 299 3491 tam
323 3441 592 3490 vestrum
620 3448 808 3505 quam
831 3431 1218 3486 dominorum
1236 3446 1511 3485 meorum
1528 3429 1848 3496 consortio,

181 3523 238 3579 in
267 3539 531 3597 quorum
577 3522 925 3577 defensione
965 3524 1022 3576 et
1051 3519 1232 3575 laude
1270 3535 1424 3591 opus
1455 3518 1698 3575 condidi
1725 3519 1852 3574 Me-

182 3617 430 3673 moriale
467 3619 838 3679 sanctorum,
888 3611 1056 3684 quod
1085 3611 1433 3666 immanitas
1463 3610 1490 3650 ι)
1519 3613 1855 3682 persecuto-

183 3704 260 3759 ris
288 3721 384 3761 me
438 3702 732 3776 compulit
766 3701 1101 3774 relinquere
1153 3700 1590 3773 imperfectum,
1626 3699 1854 3756 Christo

188 3791 409 3850 fautore
451 3792 822 3866 quandoque
854 3790 1244 3846 nihilominus
1275 3806 1384 3846 con
1406 3788 1851 3844 inmutandum.

191 3882 649 3954 Opitulationem
691 3897 834 3937 sane
872 3896 1232 3953 perparvam
1285 3878 1608 3934 voluminis
1647 3877 1706 3932 in
1738 3877 1856 3932 tine

193 3971 396 4044 adjeci,
428 3989 620 4047 quam
641 3975 698 4027 et
724 3970 920 4026 verbis
946 3969 1320 4042 simplicibus
1352 3968 1532 4035 edidi,
1566 3971 1623 4024 et
1661 3972 1857 4024 vestro

193 4064 588 4119 necessariam
640 4061 948 4134 proposito
982 4060 1106 4115 fore
1161 4059 1496 4132 percensui.
1534 4061 1602 4114 Ut
1649 4056 1859 4112 crebra

195 4153 573 4210 meditatione
603 4152 812 4208 vestris
843 4167 979 4206 eam
1009 4150 1316 4205 memoriis
1359 4148 1692 4218 alligantes,
1734 4151 1860 4202 tam

198 4255 300 4312 pro
337 4243 512 4299 vobis
536 4243 664 4314 jam
698 4240 948 4296 caelestis
981 4240 1129 4296 aulae
1169 4238 1500 4294 luminibus
1543 4236 1856 4306 vestigium

201 4332 386 4387 cordis
416 4349 600 4406 super
631 4330 992 4396 tenentibus,
1023 4345 1210 4402 quam
1239 4344 1350 4400 pro
1383 4327 1560 4383 totius
1587 4324 1860 4381 Ecclesiae

203 4420 495 4479 catholicae
552 4419 981 4478 commoditate
1038 4417 1289 4474 Domino
1329 4415 1612 4483 offeratis,
1651 4413 1862 4470 nostri-

204 4523 313 4578 que
343 4511 732 4579 mentionem,
779 4513 960 4582 prout
1007 4512 1200 4564 textus
1247 4503 1606 4562 exorationis
1649 4508 1860 4576 poscit,

204 4587 328 4653 loco
357 4600 566 4657 ultimo
593 4599 846 4655 faciatis.
883 4603 966 4654 lta
994 4615 1102 4653 vos
1134 4598 1289 4653 Deus
1325 4595 1490 4668 pacis
1517 4592 1597 4650 ad
1634 4592 1862 4661 perfec-

207 4688 322 4742 tum
354 4690 699 4757 sanctiﬁcet,
734 4694 798 4745 ut
819 4689 1054 4744 animas
1077 4692 1133 4743 et
1162 4701 1418 4759 corpora
1457 4683 1583 4740 sine
1621 4681 1866 4756 querela

207 4771 262 4828 in
289 4777 609 4836 adventum
628 4778 862 4834 Domini
882 4781 1018 4833 Jesu
1047 4777 1254 4832 Christi
1273 4775 1514 4831 servetis
1541 4790 1553 4828 :
1589 4771 1699 4839 Qui
1727 4787 1866 4827 cum

212 4863 365 4921 Patre
401 4873 456 4925 et
496 4869 716 4942 Spiritu
747 4871 956 4923 sancto
1006 4867 1147 4923 vivit
1184 4871 1240 4922 et
1278 4868 1489 4934 regnat
1535 4863 1595 4918 in
1647 4859 1869 4917 saecula

214 4956 582 5015 saeculorum.
615 4962 828 5014 Amen.

913 5103 1163 5119 .—

281 5278 302 5304 ⁸
334 5269 606 5342 Epilogus
665 5271 914 5328 cocinne
954 5269 1284 5333 adhibitus,
1333 5271 1387 5324 et
1440 5264 1581 5322 artis
1639 5261 1874 5333 integu-

221 5344 407 5396 mento
428 5345 820 5401 artiﬁciosior.
849 5347 926 5400 In.

284 5407 457 5489 P9119
488 5420 755 5489 tempore
785 5415 864 5471 ab
918 5411 1306 5489 Reccafredo_
1334 5409 1621 5484 episcopo
1650 5406 1877 5489 missus

223 5482 302 5558 εδει
325 5483 382 5534 D-
409 5477 686 5558 Eulogius
719 5488 780 5543 in
807 5501 1130 5552 carcerem,
1157 5477 1421 5558 necdum
1448 5477 1788 5558 secundum
1814 5477 1881 5533 1i-

224 5542 650 5685 ﬁlnierat,
680 5542 863 5631 quem
904 5542 1136 5630 postea,
1163 5560 1230 5611 ut
1263 5554 1486 5610 ibidem
1517 5554 1742 5620 narrat,
1780 5565 1879 5605 ex-

286 5636 370 5677 OV'l
397 5663 408 5676 .
465 5646 591 5685 iii-:31.

286 5632 408 5679 CV'lt.
441 5632 591 5685 Ιιιωι.

265 5703 312 5774 ,ξ
339 5697 416 5774 [ta
435 5698 647 5774 legitur
671 5703 731 5757 in
755 5701 1044 5774 omnibus
1082 5696 1481 5774 editionibus;
1511 5692 1686 5774 nobis
1713 5691 1882 5774 aliter

227 5759 440 5824 Videtur
484 5759 867 5830 inscribenda
892 5773 1020 5829 haec
1051 5771 1261 5838 oratio,
1309 5759 1530 5824 scilicet
1576 5763 1879 5821 Orationis

1955 3168 2144 3226 nostri
2164 3166 2466 3241 passionis
2499 3171 2612 3221 tuae
2644 3164 2893 3220 reddere
2915 3162 3207 3219 debitum.
3245 3165 3314 3219 Ut
3341 3161 3493 3218 sicut
3517 3178 3628 3235 pro

1957 3259 2136 3317 nobis
2159 3263 2224 3314 tu
2252 3258 2380 3330 ipse
2396 3256 2678 3326 dignatus
2698 3271 2760 3310 es
2789 3254 2962 3323 mori,
2981 3253 3064 3309 ita
3094 3269 3204 3308 nos
3225 3268 3470 3325 quoque
3492 3269 3632 3309 con-

1959 3353 2144 3422 digno
2189 3364 2298 3421 pro
2331 3353 2384 3403 te
2433 3343 2764 3417 martyriali
2821 3343 2988 3398 obitu
3017 3341 3203 3399 facias
3233 3341 3506 3398 interire:
3567 3347 3633 3397 ut

1962 3443 2260 3498 tormenta
2279 3435 2484 3492 aeterni
2505 3433 2781 3508 supplicii
2801 3448 2909 3506 per
2934 3430 3329 3504 temporalem
3359 3430 3631 3502 gladium

1963 3529 2308 3596 evadentes,
2340 3524 2612 3598 deposita
2669 3521 2907 3579 sarcina
2949 3520 3166 3590 carnis,
3198 3520 3278 3576 ad
3309 3524 3362 3576 te
3400 3535 3632 3576 merea-

1963 3636 2100 3676 mur
2125 3615 2435 3691 pervenire
2463 3613 2682 3675 felices.
2698 3611 2866 3666 Adsit
2895 3610 3096 3679 etiam,
3119 3609 3634 3682 Domine,absque

1965 3706 2276 3766 obstaculo
2305 3702 2612 3760 catholicae
2644 3699 2802 3774 plebi
2858 3704 2961 3755 tua
2987 3698 3171 3754 virtus
3204 3697 3496 3770 piissima,
3529 3697 3634 3753 de-

1968 3797 2216 3855 fendens
2243 3792 2565 3850 Ecclesiam
2600 3796 2763 3846 tuam
2793 3806 2830 3844 a
2858 3786 3172 3843 vastatoris
3200 3785 3492 3856 molestia,
3510 3801 3636 3841 om-

1965 3888 2258 3958 niumque
2289 3881 2669 3938 sacerdotum
2701 3884 2941 3933 tuorum
2971 3891 3198 3930 corona
3227 3874 3554 3930 sanctitatis
3581 3878 3637 3930 et

1967 3973 2335 4034 castimoniae
2363 3986 2478 4043 ope
2505 3967 2781 4033 subnixa,
2796 3970 2937 4039 post
2967 3964 3263 4020 illibatum
3294 3979 3478 4019 sacrae
3504 3961 3637 4019 ofﬁ-

1968 4063 2250 4123 ciositatis
2301 4058 2698 4115 ministerium
2753 4055 3051 4111 caalcstem
3085 4052 3247 4108 adire
3274 4051 3492 4124 jubeas
3537 4068 3641 4124 pa-

1969 4155 2165 4211 triam.
2201 4151 2355 4205 Inter
2383 4164 2540 4220 quos
2583 4161 2826 4201 servum
2871 4149 3042 4199 tuum
3096 4142 3435 4212 Eulogium,
3467 4141 3641 4213 cujus

1969 4246 2109 4317 post
2141 4245 2308 4296 tuum
2354 4252 2578 4292 munus
2624 4232 3004 4291 documentis
3033 4231 3406 4299 instruimur,
3436 4229 3641 4287 litteris

1971 4333 2317 4398 edocemur,
2364 4325 2590 4383 solatiis
2653 4324 3063 4389 confovemur,
3115 4321 3644 4394 praedicationibus

1973 4423 2350 4486 animamur;
2382 4415 2667 4472 omnibus
2692 4413 2952 4488 peccatis
2995 4411 3380 4479 mundatum,
3411 4410 3646 4466 sceleri-

1971 4513 2089 4569 bus
2116 4507 2410 4566 universis
2434 4505 2795 4571 abstersum,
2816 4501 3059 4558 ﬁdelem
3089 4501 3196 4556 tibi
3221 4500 3438 4557 eﬂicito
3455 4499 3648 4556 famu-

1973 4603 2183 4668 latum,
2218 4603 2318 4654 tuo
2343 4595 2684 4668 perenniter
2713 4590 3008 4662 obsequio
3037 4592 3492 4660 mancipatum;
3523 4604 3648 4659 quo

1973 4692 2036 4748 in
2068 4691 2183 4746 hac
2228 4684 2585 4742 mortalitate
2614 4681 2905 4754 placitum
2943 4678 3048 4734 tibi
3079 4677 3369 4734 exhibens
3397 4675 3652 4732 famula-

1976 4785 2126 4845 tum,
2160 4774 2497 4843 condignus
2522 4776 2765 4827 tuarum
2796 4768 2858 4822 in
2888 4766 3089 4822 futuro
3114 4765 3358 4821 habitus
3391 4765 3652 4820 muneri-

1977 4869 2092 4926 bus
2122 4863 2474 4935 gratiarum,
2509 4858 2720 4914 saltem
2759 4855 2854 4911 vel
2901 4854 3181 4909 ultimum
3233 4852 3654 4926 requiescendi

1979 4957 2248 5016 obtineat
2271 4949 2537 5008 loculum
2557 4948 2620 5004 in
2640 4945 2882 5016 regione
2903 4943 3200 4999 vivorum.
3226 4946 3332 4999 Per
3351 4941 3654 5000 Christum

1983 5045 2306 5104 Dominum
2336 5044 2635 5104 nostrum,
2680 5034 2785 5108 qui
2835 5038 3033 5090 tecum
3062 5031 3209 5089 vivit
3237 5037 3296 5090 et
3345 5036 3560 5104 regnat
3591 5032 3655 5088 in

1985 5134 2206 5193 saecula
2241 5129 2622 5188 seeoulorum.
2656 5127 2872 5181 Amen.

1983 5254 2254 5329 formula
2292 5250 2366 5307 ab
2396 5249 2652 5329 Eulogio
2683 5245 3173 5329 colnposz'gaﬂua
3204 5248 3436 5329 sancta,
3480 5241 3662 5329 εἰτ’θὶ-

1985 5313 2088 5385 'nes
2117 5341 2250 5383 cum
2273 5338 2390 5392 pro
2422 5313 2706 5376 universa
2726 5313 2996 5375 Ecclesia
3027 5313 3153 5371 tam
3179 5330 3293 5385 pro
3317 5315 3446 5384 ipso
3470 5313 3659 5370 Deum

1987 5399 2481 5468 deprirzcarimtur1
2614 5461 2629 5468 _
2702 5460 2718 5468 _
2770 5459 2829 5468 Η
3050 5457 3060 5468 ,
3247 5456 3280 5468 η

2060 5454 2086 5506 τι
2119 5461 2648 5546 sumptum-haud.
2682 5459 2875 5546 dubie
2905 5475 2978 5515 ex
3003 5457 3104 5546 pia
3134 5456 3423 5546 oratione,
3446 5470 3572 5546 qua
3599 5454 3663 5512 in

1991 5525 2407 5599 sacratissima;
2430 5538 2490 5589 V.
2512 5533 2702 5590 Mariae
2720 5531 2940 5599 ofﬁcio,
2969 5525 3033 5584 ut
3051 5533 3292 5597 vocant,
3318 5525 3396 5582 ad
3427 5525 3663 5583 sextam

1989 5598 2249 5670 utimur:
2288 5607 2576 5670 Concede,
2607 5598 2941 5660 misericors
2979 5604 3150 5668 Deus,
3195 5598 3534 5670 frugalitati
3561 5614 3664 5655 ηο-

1992 5696 2151 5754 sine,
2179 5689 2288 5740 etc.
2324 5683 2540 5736 MORAL.
