3960 6380
1528 246 1585 305 8ο
1614 243 1902 304 Elii-OG“
1940 243 2264 301 Λειαιιερ.
2301 245 2541 303 τοικτ.

1266 512 1947 633 SANGTI
2094 514 2839 635 numen

1390 696 1932 758 ARCHIEPISCOPI
1969 699 2317 757 TOLETANI
2355 702 2701 758 MARTYRIS

397 837 534 987 DE
594 837 849 989 'VI’M
919 838 1051 988 ET
1122 836 1623 989 PASSlllNE
1710 836 1868 989 SS.
1944 838 2457 991 VIRGINUM
2555 839 2919 990 FLllM}
3002 838 3133 989 ET
3211 837 3578 989 Mlllllli
3632 842 3710 988 ³.

878 1204 1161 1245 ΡΚΒΙΡΑἹἸΟ
1200 1203 1470 1245 Αυοτοιιε

413 1280 466 1336 ι.
500 1282 650 1335 Cum
678 1277 759 1335 ad
782 1278 1028 1336 laudem
1056 1277 1265 1335 Christi
1297 1277 1587 1350 pertineat
1610 1275 1809 1333 cultus
1837 1292 2001 1335 reve-

341 1368 674 1441 rentiae,qui
702 1368 1072 1440 martyribus
1097 1366 1428 1432 exhibetur,
1447 1366 1771 1440 respondet
1797 1371 2002 1422 tamen

340 1456 620 1513 ﬁdelibus
664 1457 725 1512 in
772 1456 1108 1512 remedium
1139 1456 1503 1522 animarum,
1547 1455 1847 1528 quidquid
1872 1453 2002 1510 reli-

341 1546 581 1616 giositer
607 1546 669 1602 in
700 1545 1120 1603 festivitatibus
1138 1545 1338 1615 agitur
1363 1544 1721 1601 beatorum:
1755 1559 2001 1617 praeser-

340 1636 466 1702 tim,
494 1651 639 1692 cum
666 1650 773 1707 per
800 1634 935 1701 hoc,
970 1639 1027 1690 et
1049 1649 1157 1707 per
1185 1634 1457 1705 ipsorum
1485 1632 1818 1706 patrocinia
1846 1647 2002 1687 mar-

340 1730 542 1797 tyrum
562 1730 621 1780 et
647 1725 869 1779 summi
896 1724 1310 1796 Redemptoris
1324 1723 1655 1795 acquiritur
1683 1721 2001 1795 praemium

340 1813 402 1870 in
424 1815 595 1885 cujus
625 1814 920 1869 honorem
954 1814 1232 1868 virtutem
1278 1811 1554 1867 recolunt
1611 1817 1998 1878 sanctorum;

339 1918 484 1972 ergo
509 1908 853 1959 nostrarum
884 1902 1185 1971 virginum
1221 1900 1404 1957 Florae
1442 1905 1501 1957 et
1540 1900 1733 1957 Mariae
1776 1904 2005 1972 tr0paea

339 1992 628 2061 digesturi
652 1992 915 2061 insignia
937 2007 1064 2047 non
1091 1990 1386 2047 facundiae
1414 1989 1625 2063 lepori,
1640 2005 1766 2045 non
1787 1997 2002 2046 tonan-

340 2080 501 2136 tibus
537 2080 856 2151 euphoniis
898 2078 1224 2135 verborum
1267 2078 1631 2146 serviamus;
1683 2076 1790 2133 sed
1836 2076 2003 2149 quod

340 2167 622 2226 ﬁdelibus
648 2167 996 2240 simpliciter
1038 2168 1123 2225 rei
1151 2172 1333 2238 gesta:
1363 2169 1674 2223 veritatem
1719 2166 1998 2235 insinuet,

339 2257 769 2315 observemus:
799 2258 943 2330 quia
969 2256 1244 2314 sufﬁcere
1274 2256 1492 2313 nostris
1522 2255 1825 2312 credimus
1849 2255 2000 2311 veri-

344 2352 525 2405 tatem
554 2363 710 2419 pura
748 2346 1125 2418 simplicitate
1156 2346 1473 2416 digestum,
1502 2361 1694 2417 quam
1724 2360 1885 2401 vano
1916 2344 2003 2400 in-

337 2436 596 2495 fulatum
625 2437 790 2495 cultu
814 2436 1139 2494 fallaciam.
1168 2438 1237 2492 Et
1288 2439 1379 2492 sat
1416 2434 1595 2492 nobis
1616 2438 1710 2490 est
1749 2432 2002 2490 ﬁdeliter

3009 1113 3018 1122 ο

2028 1193 2074 1245 Α
2112 1200 2289 1243 suam
2317 1186 2654 1255 invisibilis,
2691 1185 3332 1259 incomprehensibilis,
3368 1190 3427 1243 et
3451 1187 3774 1244 inextima-

2113 1277 2246 1334 bilis
2268 1292 2507 1349 semper
2536 1277 2773 1333 exstitit.
2798 1276 3160 1333 Venerabilis
3178 1289 3443 1350 namque
3469 1276 3672 1349 puella
3696 1281 3780 1333 te-

2110 1367 2384 1423 nerrimis
2412 1366 2586 1421 annis
2616 1366 2753 1421 ﬁdei
2783 1366 3067 1438 pietatem
3106 1366 3375 1433 ebibens,
3406 1366 3591 1438 coepit
3614 1366 3779 1423 intra

2111 1456 2327 1512 mentis
2355 1470 2659 1511 recessum
2687 1455 2871 1510 altare
2920 1460 3195 1510 sanctum
3254 1459 3615 1522 construere,
3646 1471 3777 1528 quo

2111 1545 2333 1619 placita
2360 1560 2615 1616 operum
2643 1544 2947 1600 bonorum
2995 1544 3486 1600 holocautomata
3536 1542 3775 1601 Christo

2112 1649 2350 1707 semper
2377 1633 2633 1689 offerret.
2662 1634 2805 1698 Quae
2835 1633 2914 1689 ab
2948 1633 3093 1706 ipsis
3121 1633 3475 1689 rudimentis
3502 1633 3774 1689 infantiae

2110 1723 2339 1779 cunctis
2367 1738 2428 1778 se
2451 1722 2812 1778 vanitatibus
2840 1722 3047 1777 saeculi
3070 1722 3334 1794 privans,
3385 1727 3576 1778 totum
3605 1723 3774 1795 quod

2110 1813 2211 1870 illa
2237 1819 2380 1869 aetas
2409 1818 2640 1885 (utpote
2665 1813 3036 1886 plenitudine
3074 1814 3335 1869 scientiae
3372 1816 3608 1885 expers)
3630 1827 3775 1886 pue-

2108 1903 2291 1959 riliter
2335 1901 2589 1969 affectat,
2630 1916 2891 1974 superno
2918 1903 3045 1973 jam
3078 1902 3345 1958 delibuta
3372 1916 3505 1958 rore
3530 1902 3773 1958 concul-

2109 1995 2224 2048 cat.
2278 1995 2423 2047 Nam
2460 1990 2731 2063 quodam
2762 1994 3050 2063 tempore,
3094 2006 3236 2046 cum
3264 1991 3607 2061 genitricem
3639 1992 3773 2062 ejus

2110 2080 2340 2135 adirem
2369 2092 2555 2135 causa
2590 2078 2985 2148 dignoscendi
3010 2079 3369 2152 principium
3400 2080 3581 2150 hujus
3606 2078 3774 2152 puel-

2109 2169 2181 2224 las
2211 2168 2700 2237 conversationis,
2746 2169 2882 2240 ipsa
2911 2169 3161 2237 geniti-ix
3208 2169 3437 2241 inquit:
3475 2190 3505 2217 «
3531 2173 3594 2224 in
3623 2168 3773 2224 veri-

2108 2262 2225 2314 tate
2255 2260 2282 2299 b
2309 2258 2480 2313 vobis
2506 2257 2743 2329 loquor,
2773 2257 2939 2329 quod
2970 2258 3317 2312 ineuntibus
3350 2258 3525 2314 annis
3555 2257 3773 2313 Christi

2110 2361 2381 2402 amorem
2411 2353 2648 2419 pectore
2679 2361 2789 2401 suo
2819 2347 3153 2402 recondens
3184 2346 3308 2403 lilia
3337 2362 3495 2417 mea,
3527 2347 3771 2402 saecula-

2109 2436 2265 2491 rium
2292 2435 2764 2491 oblectationem
2791 2434 3018 2490 cultum
3050 2448 3487 2509 usquequaque
3531 2450 3771 2507 spreve-

339 2528 558 2583 referre
586 2525 757 2598 quod
808 2524 950 2592 fuit;
989 2525 1134 2596 quia
1162 2538 1287 2580 non
1315 2522 1593 2592 congruit
1644 2522 1760 2578 sub
1790 2534 2003 2577 venus-
2032 2544 2075 2597 Β
2109 2526 2199 2591 rit,
2235 2541 2305 2581 ac
2345 2539 2583 2596 semper
2603 2540 2739 2597 quae
2788 2524 2889 2579 Dei
2919 2531 3076 2591 sunt,
3111 2525 3291 2580 corde
3330 2525 3605 2581 meditari
3653 2530 3772 2580 stu-

341 2620 458 2671 tate
505 2614 801 2671 sermonis
846 2629 977 2670 rem
1012 2628 1152 2684 quae
1194 2627 1320 2667 non
1363 2610 1646 2667 exstiterit
1687 2609 1996 2667 adhibere.

338 2704 576 2760 illibata
600 2717 868 2773 namque
894 2700 1135 2763 veritas,
1154 2716 1405 2771 quoquo
1433 2698 1617 2755 modo
1642 2698 1998 2771 proferatur,

340 2791 593 2849 ﬁrmiori
641 2805 858 2859 gressu
902 2788 1192 2853 consistit,
1238 2793 1299 2845 et
1344 2787 1734 2845 ornatissime
1794 2786 1998 2843 fictum

338 2878 731 2938 mendacium
777 2876 1096 2951 paululum
1158 2881 1519 2949 perseverat.
1590 2879 1706 2934 Nec
1780 2875 2003 2947 patitur

341 2969 609 3029 Christus
644 2972 1010 3025 assertorem
1035 2966 1276 3038 justitiae
1299 2967 1632 3022 immunem
1663 2980 1793 3021 esse
1822 2965 2002 3020 bene-

338 3058 615 3117 dictionis
638 3057 910 3131 praemio,
928 3072 1072 3113 cum
1103 3062 1305 3113 tamen
1355 3060 1526 3113 reatu
1554 3054 1867 3111 homicidii
1904 3069 1999 3110 as-

336 3149 634 3219 tringatur
650 3147 915 3220 prolator
934 3145 1255 3203 mendacii.

408 3242 465 3295 2.
496 3239 721 3295 Harum
748 3237 926 3307 igitur
950 3236 1331 3294 vocationem
1360 3234 1664 3305 virginum
1701 3250 1840 3306 qum
1876 3232 1999 3289 dis-

340 3327 472 3401 pari
491 3327 620 3383 solo
639 3326 988 3398 progenitas,
1013 3331 1070 3382 et
1093 3325 1227 3397 pari
1268 3324 1476 3381 mortis
1515 3339 1736 3380 occasu
1760 3322 2000 3378 caelesti-

340 3412 457 3468 bus
483 3412 765 3468 adunatte
796 3414 955 3476 sunt,
986 3409 1289 3479 sigillatim
1318 3408 1539 3481 exponi
1587 3422 1838 3465 necesse
1875 3412 1996 3473 est;

340 3506 401 3557 et
424 3500 649 3572 quibus
674 3498 874 3556 modis
904 3513 1287 3570 unaquaque
1317 3513 1529 3554 earum
1557 3496 1998 3569 praedestinatae

341 3588 826 3645 sanctiﬁcationis
868 3587 1109 3644 culmen
1148 3587 1426 3657 attigerit,
1456 3590 1579 3644 Deo
1609 3586 1861 3655 fautore,
1887 3584 2000 3640 sal-

338 3678 449 3735 tim
472 3678 613 3734 en‘li
631 3676 979 3747 digeremus
1010 3675 1184 3747 stylo.

334 3784 403 3840 S.
433 3785 631 3840 Florae
654 3785 949 3854 genitores
975 3787 1255 3838 eteorum
1281 3781 1508 3851 patria.
1545 3777 1828 3854 Cordu_ba
1850 3794 1995 3834 nas-

2106 2612 2258 2680 duit,
2280 2629 2520 2685 semper
2536 2628 2726 2685 Opera
2756 2619 2964 2668 sancta
2994 2613 3326 2683 adimplere
3350 2624 3474 2669 non
3518 2612 3769 2668 distutit.

2113 2700 2279 2756 Adeo
2307 2707 2372 2757 ut
2408 2702 2469 2756 in
2502 2701 2759 2757 infantia
2787 2717 2899 2757 sua
2926 2718 3066 2756 cum
3115 2701 3330 2756 diebus
3362 2700 3766 2772 Quadragesi-

2110 2805 2226 2845 me:
2255 2790 2533 2863 parvitati
2556 2791 2689 2861 ejus
2720 2790 3061 2858 consulens,
3086 2790 3210 2847 sive
3236 2797 3301 2847 ut
3327 2791 3428 2847 illa
3457 2796 3600 2848 aetas
3626 2804 3769 2847 con-

2108 2880 2277 2947 tigna
2293 2878 2599 2934 robustius
2612 2877 3074 2947 convalesceret,
3093 2895 3200 2934 esu
3220 2879 3595 2952 quotidiano,
3610 2895 3773 2936 com-

2108 2970 2329 3043 petenti
2351 2969 2589 3041 prandii
2638 2969 2788 3024 hora
2812 2968 3012 3023 cibum
3044 2969 3098 3023 ei
3144 2970 3545 3041 porrigerem;
3577 2966 3682 3025 illa
3708 2969 3771 3025 in

2108 3060 2324 3117 virtute
2370 3059 2607 3115 Domini
2660 3061 2929 3132 positum
2989 3060 3219 3115 habens
3276 3072 3399 3127 cor,
3454 3060 3769 3130 egentibus

2108 3166 2247 3206 eum
2302 3149 2675 3213 ministrans,
2708 3148 2912 3204 furtim
2961 3147 3209 3204 beatum
3257 3149 3575 3205 exercebat
3612 3149 3767 3221 jeju-

2107 3241 2341 3295 ninum.
2374 3239 2586 3310 Sicque
2626 3238 2841 3293 diebus
2886 3239 3140 3309 singulis
3183 3240 3322 3310 ipsa
3351 3244 3583 3309 agente,
3616 3252 3771 3311 pene

2108 3329 2444 3385 maximum
2471 3327 2842 3383 abstinentiae
2874 3331 3111 3398 tempus
3140 3327 3417 3399 elapsum
3448 3331 3593 3398 erat,
3628 3343 3769 3383 cum

2106 3419 2481 3475 clandestina
2510 3416 2751 3473 infantis
2781 3416 3019 3472 devotio
3044 3418 3143 3472 vix
3194 3418 3569 3490 quibusdam
3610 3432 3770 3474 reve-

2108 3508 2267 3563 latur
2319 3507 2571 3563 indiciis.
2634 3509 2829 3572 Quam
2869 3506 3093 3562 talibus
3124 3506 3391 3563 inhibere
3449 3507 3602 3563 votis
3635 3506 3772 3578 ipsa

2107 3597 2407 3666 obnitens,
2439 3611 2515 3650 ne
2540 3596 2709 3668 prius
2740 3610 2928 3668 quam
2961 3596 3109 3651 illud
3131 3597 3519 3651 tenerrimum
3548 3611 3771 3669 corpus

2109 3686 2495 3755 adolesceret,
2536 3701 2808 3741 marcore
2836 3684 3212 3740 abstinentiae
3234 3690 3647 3757 quassaretur,
3675 3700 3771 3740 co-

2108 3778 2251 3830 nata
2274 3790 2409 3828 sum
2431 3775 2561 3844 jam
2591 3773 2668 3828 ad
2719 3773 2965 3844 epulum
2993 3774 3247 3829 suadere
3283 3775 3588 3831 diurnum.
3625 3777 3770 3830 Eam

410 3856 572 3951 citur
714 3860 1172 3951 ραινςτζιρνιυρ,
1214 3855 1318 3923 pie
1352 3867 1392 3910 α
1445 3857 1635 3909 matre
1683 3851 1997 3908 educatur.
2029 3898 2071 3951 ο
2110 3866 2169 3918 ιδ

2182 3876 2312 3917 men
2350 3876 2474 3916 non
2505 3860 2670 3933 potui
2713 3876 3042 3932 provocare
3098 3862 3177 3918 ad
3218 3862 3607 3931 vescendum,
3657 3862 3772 3917 nisi

408 3928 574 3985 Mira
600 3928 800 3983 Florae
827 3926 1212 3983 abstinentia.

412 4040 467 4092 3.
493 4035 758 4092 Primum
774 4034 953 4103 igitur
972 4032 1171 4105 specie
1200 4030 1433 4087 decoris
1457 4033 1517 4086 et
1542 4032 1857 4086 venustate
1878 4044 2004 4084 cor-

339 4124 506 4199 poris
534 4123 793 4180 nimium
820 4122 1044 4179 ﬂorens
1062 4121 1231 4189 virgo
1262 4119 1646 4176 sanctissima
1675 4118 1869 4190 Flora,
1894 4117 2002 4174 sed

340 4210 606 4271 interiori
628 4209 843 4267 habitu
858 4207 1307 4275 ﬂorentissima,
1323 4212 1580 4265 matrem
1602 4208 2002 4266 Christianam

339 4300 581 4358 habens
608 4300 655 4371 (ί
669 4319 686 4370 ι
710 4314 790 4355 ex
817 4298 951 4356 vico
978 4296 1363 4369 Ausinianos,
1391 4298 1499 4370 qui
1543 4314 1614 4355 ex
1645 4302 1816 4371 parte
1841 4297 1999 4354 occi-

339 4389 566 4447 dentali
587 4386 946 4445 milliaribus
968 4390 1104 4445 octo
1132 4403 1172 4445 a
1200 4387 1480 4444 Corduba
1523 4387 1723 4458 distat,
1755 4386 2002 4460 purissi-

341 4482 459 4537 mis
491 4484 549 4538 et
570 4478 899 4549 nobilibus,
929 4481 996 4535 ut
1021 4477 1104 4534 ita
1121 4476 1396 4541 dixerim,
1428 4475 1806 4550 perfunctam
1835 4480 2002 4533 nata-

338 4569 521 4640 libus,
550 4573 785 4642 patrem
840 4582 984 4624 vero
1043 4566 1326 4638 gentilem
1382 4582 1458 4623 ex
1506 4566 1732 4639 oppido
1787 4564 2002 4622 habuit

341 4659 696 4732 Hispalensi.
728 4657 818 4726 Hi,
846 4656 1049 4714 nescio
1068 4672 1196 4729 qua
1213 4657 1553 4725 occasione,
1579 4656 1837 4728 propriis
1853 4655 2001 4712 locis

339 4750 595 4820 exsules,
644 4747 989 4806 Cordubam
1035 4747 1295 4818 degendi
1352 4747 1546 4817 gratia
1596 4749 1996 4803 accesserunt.

336 4841 453 4906 Qui
478 4856 555 4896 ex
576 4838 788 4896 ultimo
823 4842 1003 4912 partu
1029 4854 1141 4894 suo
1170 4837 1331 4894 hanc
1372 4835 1732 4892 infantulam
1759 4849 1999 4907 procre-

338 4933 538 4997 ωε,
565 4933 624 4985 et
640 4928 881 4985 sublato
901 4942 1010 5001 per
1028 4931 1291 4984 mortem
1314 4925 1605 4995 genitore,
1627 4923 1999 4980 ﬁdelissimae

341 5016 640 5086 genitricis
664 5016 854 5072 tutela
874 5031 1103 5088 sponsa
1131 5014 1344 5071 Christi
1369 5013 1650 5070 nutritur.
1676 5014 1869 5079 Quam
1896 5013 2002 5086 pia

341 5110 537 5162 mater
592 5118 775 5159 sacrae
830 5103 1133 5173 religionis
1178 5102 1415 5172 legibus
1461 5101 1767 5171 imbuens
1795 5102 2002 5160 docuit

339 5194 500 5254 ﬁdeli
544 5191 893 5251 credulitate
930 5190 1124 5249 colere
1172 5190 1469 5251 Christum
1512 5194 1720 5259 Deum,
1751 5191 1858 5265 qui
1892 5206 2002 5266 per

2108 3966 2264 4019 sero,
2314 3954 2373 4005 et
2401 3949 2869 4005 comminatione
2899 3950 3219 4019 continua;
3268 3952 3515 4024 perfecit
3569 3956 3771 4008 tamen

2109 4044 2319 4095 votum
2350 4055 2529 4094 suum
2560 4038 2747 4095 electa
2778 4040 2987 4096 Christi
3018 4056 3265 4113 sponsa.
3294 4064 3322 4091 ››

2185 4134 2234 4187 l.
2268 4132 2351 4185 Ex
2380 4144 2453 4185 eo
2482 4134 2751 4202 tempore
2779 4135 2970 4186 mater
2995 4130 3195 4187 solerti
3209 4131 3517 4202 vigilantia
3544 4130 3770 4187 sobolis

2107 4233 2309 4277 mores
2333 4234 2689 4292 procurans,
2704 4235 2961 4293 eamque
2983 4221 3045 4276 in
3066 4222 3354 4277 omnibus
3379 4221 3559 4277 rebus
3574 4221 3772 4278 Chris-

2110 4312 2170 4364 to
2199 4308 2570 4379 assignatam
2594 4322 2731 4364 esse
2779 4308 3199 4380 considerans,
3230 4309 3574 4365 nullatenus
3603 4309 3767 4365 dein-

2107 4413 2250 4471 ceps
2273 4396 2567 4454 contraire
2588 4397 2702 4470 piis
2732 4397 2947 4470 puellae
2986 4397 3302 4455 affectibus
3347 4398 3548 4456 audet.
3582 4399 3771 4455 Vene-

2104 4487 2313 4545 rabilis
2345 4504 2485 4544 vero
2514 4488 2713 4560 puella
2743 4490 2862 4543 Deo
2904 4488 3202 4545 duntaxat
3230 4488 3467 4562 placere
3498 4488 3770 4559 studens,

2107 4577 2364 4649 provida
2387 4577 2761 4633 observatrix
2792 4576 3097 4646 Evangelii
3125 4578 3473 4634 attendebat
3522 4578 3766 4633 Christo

2109 4666 2377 4721 monenti
2397 4671 2456 4721 et
2480 4666 2702 4721 dicenti
2734 4684 2747 4721 :
2781 4667 2849 4722 Si
2876 4669 3008 4737 quis
3054 4667 3257 4737 diligit
3282 4681 3394 4729 me,
3444 4681 3771 4723 sermonem

2106 4770 2299 4810 meum
2328 4755 2611 4826 servabit,
2641 4761 2695 4811 et
2746 4755 2932 4811 Pater
2966 4770 3129 4811 meus
3167 4756 3379 4826 diliget
3416 4772 3572 4822 eum,
3604 4763 3659 4811 et
3691 4756 3773 4811 ad

2107 4858 2241 4900 eum
2282 4844 2596 4913 veniemus,
2622 4850 2677 4900 et
2712 4845 3078 4900 mansionem
3106 4845 3274 4915 apud
3302 4859 3433 4901 eum
3479 4844 3772 4914 faciemus

2112 4934 2309 5001 (Joan.
2339 4949 2454 4995 xiv,
2486 4936 2597 5005 28).
2647 4934 2734 4989 Ita
2785 4933 3177 5006 purissimum
3223 4933 3479 4990 emlestis
3522 4948 3772 4989 exsecu-

2107 5021 2268 5077 tione
2296 5022 2575 5094 praecepti
2597 5022 2891 5078 introrsus
2922 5038 3273 5095 praeparans
3332 5022 3770 5092 habitaculum,

2108 5110 2500 5167 nihilominus
2532 5116 2751 5167 sanctae
2799 5114 2856 5167 et
2881 5111 3206 5167 individua;
3235 5112 3530 5169 Trinitatis
3578 5111 3775 5183 quoti-

2108 5198 2295 5257 diano
2321 5198 2437 5256 frui
2468 5204 2728 5257 meretur
2748 5198 3032 5258 adventu.

341 5290 580 5345 uterum
600 5280 853 5354 Virginis
877 5279 1072 5340 laris
1100 5279 1183 5337 ad
1222 5295 1337 5337 nes
1364 5278 1574 5338 ultimo
1603 5283 1877 5354 tampore
1896 5296 1999 5337 ve-
2031 5302 2076 5357 ι)
2180 5292 2233 5345 5.
2266 5289 2484 5345 Verum
2496 5288 2647 5345 dum
2671 5288 2949 5345 exercitio
2966 5289 3296 5348 sanctitatis
3320 5289 3384 5347 id
3410 5288 3582 5364 quod
3612 5288 3778 5347 clam

341 5374 535 5443 niens,
561 5376 620 5430 et
646 5387 754 5447 per
779 5372 1157 5442 assumptum
1184 5368 1623 5427 humanitatem
1646 5369 1999 5427 hominibus

340 5464 656 5538 proximus
680 5459 898 5529 factus,
921 5473 1031 5533 per
1048 5458 1411 5516 ineﬂ'abilem
1441 5474 1687 5534 quoque
1712 5458 1999 5516 Deitatem

413 5603 440 5633 ι
468 5595 602 5646 Haec
628 5590 755 5647 vita
780 5587 1066 5661 etpassio
1094 5586 1155 5643 in
1177 5589 1402 5644 steteris
1416 5585 2002 5661 editionibuslegun-

349 5666 445 5742 tur
459 5661 520 5717 in
542 5676 678 5734 cap.
709 5663 765 5731 8,
926 5675 964 5714 ιι
1006 5662 1175 5739 Mem.
1221 5663 1480 5733 Martyr.,
1503 5664 1570 5717 ut
1592 5659 1723 5730 jam
1764 5657 1851 5715 ibi
1872 5673 2000 5716 mo-

344 5747 608 5790 animus.

2108 5376 2532 5451 meditabatur,
2543 5377 2795 5435 uberius
2818 5378 2885 5434 in
2902 5393 3177 5435 amorem
3204 5379 3420 5435 Chi-"nti
3434 5379 3775 5453 proﬁceret,

2108 5464 2602 5540 laetareturquese
2614 5467 2848 5523 Christo
2863 5481 2973 5541 per
2988 5468 3269 5525 eamdem
3290 5469 3643 5541 religionem
3668 5483 3779 5542 pe-

2180 5590 2207 5665 13
2238 5590 2652 5665 Hispanismus
2673 5608 2876 5648 merus
2900 5596 3117 5650 MORAL.
3149 5592 3289 5651 Vide
3318 5592 3634 5651 Scholiain
3664 5593 3773 5650 lib.

2110 5678 2130 5716 I
2159 5663 2426 5732 lenior,
2454 5678 2626 5720 num.
2680 5668 2766 5720 18.
