3960 6382
381 297 487 355 8‘39

1579 281 1636 341 S.
1675 275 1954 340 EULOGll
1995 272 2315 332 ARCHIEP.
2357 271 2598 328 TOLET.

3705 266 3820 320 840

382 419 720 494 auspicium
752 413 1220 473 conversationis
1265 427 1334 468 ac
1378 407 1643 481 martyrii
1679 407 2033 464 adnotatum
2063 404 2110 455 Δ
2154 395 2454 466 religionis
2489 391 2928 452 sanctimoniali
2954 388 3174 464 puella,
3203 403 3342 444 cum
3373 404 3434 443 sc
3465 386 3652 442 nimia
3673 388 3822 444 cha-

383 516 473 567 est
533 525 729 582 operae
753 506 1011 580 pretium
1041 517 1194 568 reor,
1219 501 1266 556 si
1295 499 1498 555 itidem
1525 503 1746 552 sanctae
1778 492 2036 563 Virginis

383 600 577 656 Maria:
620 601 675 652 et
720 593 997 665 martyris
1027 605 1378 664 processum
1407 586 1754 652 nativitatis,
1785 583 2039 656 primor-

383 688 606 760 diaque
649 681 950 752 religionis
993 679 1359 746 edisseram;
1392 681 1459 732 ut
1504 673 1728 748 quibus
1769 687 1884 745 par
1932 668 2039 725 fuit

385 757 700 832 consensio
731 768 1041 844 prteliandi
1069 767 1352 838 idemque
1372 779 1654 820 assensus
1678 777 1790 834 pro
1813 757 2042 831 justitia

384 861 677 920 moriendi
728 856 1052 915 consimilis
1103 859 1290 911 exstet
1338 854 1400 909 in
1467 851 1661 908 relatu
1709 846 2042 906 vocationis

384 954 564 1009 etiam
614 950 795 1020 hujus
837 945 1085 1016 virginis
1108 943 1355 1000 intentio
1386 941 1620 998 calami.
1657 940 1845 1010 Hujus
1873 940 2043 1010 pater

382 1059 456 1098 ex
501 1039 726 1113 oppido
769 1034 1080 1108 Elephensi
1109 1050 1233 1089 non
1276 1032 1523 1087 infimus
1550 1028 1856 1102 prosapia,
1887 1025 2042 1082 Chri-

383 1131 614 1186 stianus
643 1134 865 1193 tamen,
905 1126 1023 1180 huc
1056 1123 1414 1179 adventasse
1441 1119 1810 1193 perhibetur.
1835 1115 1945 1181 Qui
1971 1129 2044 1168 ex

383 1233 600 1289 genere
632 1216 902 1271 Arabum
933 1213 1256 1283 conjugem
1288 1211 1537 1276 ducens,
1568 1207 1748 1263 totius
1776 1203 2046 1276 impieta-

384 1308 455 1363 tis
481 1321 677 1362 errore
711 1320 845 1360 eam
877 1301 1218 1358 emundans
1245 1298 1454 1356 Christi
1479 1295 1621 1352 ﬁdei
1646 1291 2042 1362 consignavit.

385 1398 759 1466 Quapropter
808 1407 945 1447 cum
990 1389 1204 1445 eadem
1245 1387 1503 1457 conjuge
1548 1383 1864 1456 proprium
1887 1381 2048 1435 inco-

383 1485 504 1540 lere
534 1499 743 1539 arvum
778 1497 900 1536 11011
935 1479 1160 1544 valens,
1188 1493 1295 1550 per
1321 1475 1555 1530 diversa
1594 1471 1887 1545 profugus
1919 1469 2045 1539 agi-

385 1580 503 1645 tur,
530 1587 850 1644 quousque
907 1569 1114 1624 divino
1167 1563 1579 1635 gubernaculo
1625 1562 1706 1618 ad
1750 1559 2044 1633 oppidum

388 1662 683 1720 Froniano
715 1657 1003 1732 pervenit,
1031 1656 1138 1729 qui
1165 1655 1224 1710 in
1255 1658 1548 1709 montana
1585 1647 1956 1706 Cordubensi
1985 1646 2047 1701 in

386 1757 555 1825 parte
588 1746 942 1806 occidentali
993 1743 1314 1800 duodecim
1363 1741 1441 1798 ab
1495 1740 1644 1796 urbe
1692 1735 2122 1808 milliaribusB

388 1841 587 1902 distat,
641 1843 896 1909 utroque
948 1835 1200 1908 pignore
1254 1830 1598 1896 comitante,
1645 1827 1811 1900 quod
1855 1841 1928 1881 ex
1978 1840 2049 1879 ea

389 1932 753 2000 susceperat,
779 1924 1152 1980 \Valabonso
1181 1921 1422 1989 scilicet,
1446 1925 1503 1974 et
1529 1918 1705 1974 Maria
1750 1915 1836 1970 lbi
1866 1914 2050 1969 vitam

391 2035 564 2074 suam
599 2033 710 2090 pro
736 2014 964 2070 viribus
994 2015 1440 2076 sustentarunt;
1469 2007 1552 2062 ibi
1583 2005 1798 2062 mulier
1825 2003 1926 2059 illa
1957 2002 2049 2057 lu-

387 2123 608 2181 porum
649 2109 852 2176 erepta
900 2101 1198 2166 faucibus,
1229 2100 1288 2154 in
1338 2098 1457 2152 ﬁde
1516 2095 1726 2153 Christi
1768 2107 2050 2166 perseve-

390 2180 558 2257 rans,
583 2199 721 2267 post
760 2190 1124 2248 nonnullum
1171 2193 1408 2260 tempus
1439 2186 1499 2241 in
1532 2183 1786 2240 Domino
1816 2180 2050 2254 requie-

391 2286 510 2351 vit;
543 2283 624 2339 ibi
669 2286 968 2354 superstes
1012 2278 1103 2334 vir
1140 2277 1334 2346 gradu
1378 2272 1774 2330 confessionis
1804 2271 2050 2342 potitus,

391 2372 796 2430 arctissimum
828 2370 957 2424 vitae
993 2366 1271 2440 perennis
1301 2363 1515 2419 callem
1577 2360 1813 2431 gaudiis
1853 2357 2053 2414 oblec—

393 2463 615 2519 tandus
645 2458 985 2515 cmlestibus
1029 2454 1381 2525 ingreditur.
1417 2451 1531 2508 Sed
1571 2465 1830 2523 puerum
1871 2447 2054 2502 eccle-

395 2550 647 2606 siasticis
669 2547 888 2619 regulis
904 2543 1315 2604 educandum,
1331 2540 1593 2611 sortique
1613 2537 1845 2594 Domini
1869 2535 2058 2590 admi-

396 2638 692 2695 scendum
719 2636 834 2708 piae
865 2632 1170 2688 memoriae
1202 2629 1491 2685 Salvatori
1521 2624 1894 2700 presbyterio
1936 2628 2054 2678 tra-

394 2727 566 2794 didit,
616 2726 722 2796 qui
770 2729 912 2777 tunc
964 2719 1252 2792 praeclaro
1303 2717 1592 2787 regimine
1633 2714 1822 2770 sancti
1853 2711 2056 2769 Felicis

397 2811 852 2882 monasterium,
884 2808 1051 2882 quod
1076 2810 1136 2863 in
1169 2823 1239 2862 eo
1265 2806 1398 2862 loco
1451 2804 1773 2860 fundatum
1803 2806 1911 2869 est,
1946 2816 2056 2869 gu-

395 2902 713 2960 bernabat.
745 2901 1024 2956 Sanctam
1054 2913 1195 2952 vero
1221 2896 1379 2951 hanc
1408 2893 1698 2962 virginem
1731 2895 1848 2947 Deo
1880 2890 2060 2945 devo-

396 3009 565 3058 vens,
592 2987 989 3047 Cuteclarensi
1010 2985 1308 3052 coenobio,
1328 2982 1495 3056 quod
1521 2982 1792 3053 gloriosae
1823 2985 1878 3035 et
1910 2997 2060 3034 sem-

396 3097 506 3154 per
534 3078 786 3149 Virginis
811 3081 1032 3133 sanctae
1057 3074 1249 3132 Mariae
1281 3072 1581 3143 genitricis
1605 3069 1844 3126 Domini
1873 3067 2062 3161 fulget
2087 3108 2128 3161 Ο

396 3166 713 3237 memoria,
787 3164 1181 3233 consignavit,
1245 3161 1614 3217 constituens
1686 3174 1824 3214 eam
1892 3156 2059 3230 apud

393 3256 732 3331 quamdam
761 3269 1017 3310 summae
1044 3250 1454 3308 sanctimoniae
1481 3248 1768 3304 feminam
1791 3246 1866 3318 (4)
1899 3250 2060 3302 Arte-

401 3346 586 3402 miam
613 3344 879 3412 nomine,
911 3358 1047 3415 quae
1077 3347 1133 3397 et
1160 3341 1294 3414 ipsa
1326 3339 1635 3408 geminum
1684 3337 1906 3409 pignus
1954 3349 2061 3407 per

398 3433 810 3506 martyrialem
841 3431 1073 3488 obitum
1105 3430 1248 3486 olim
1271 3428 1422 3484 cceio
1453 3427 1846 3500 praemiserat,
1875 3423 2060 3479 Adul-

399 3524 592 3596 phum
620 3521 856 3589 scilicet,
890 3525 947 3576 et
974 3518 1414 3590 Joannem,qui
1438 3517 1498 3571 in
1528 3514 1860 3588 primordio
1891 3511 2062 3582 regni

397 3612 685 3686 principis
732 3612 915 3682 hujus
972 3609 1212 3664 viriliter
1257 3606 1332 3661 de
1377 3606 1546 3660 hoste
1593 3602 2056 3674 triumpharunt.

401 3705 667 3768 Quorum
721 3700 910 3756 instar
958 3698 1224 3753 siderum
1265 3693 1398 3750 coeli
1433 3696 1601 3763 gesta
1648 3690 1933 3747 micantia
1982 3689 2062 3744 ad

397 3791 874 3848 emolumentum
905 3786 1176 3842 Ecclesiae
1209 3787 1453 3849 sanctae,
1487 3785 1544 3836 et
1579 3778 1924 3850 exemplum
1956 3777 2060 3833 de-

397 3880 632 3949 bilium,
662 3896 847 3935 senex
873 3883 930 3933 et
952 3876 1242 3946 magister
1269 3877 1490 3934 noster,
1523 3875 1703 3942 atque
1732 3868 2060 3924 illustrissi-

399 3987 539 4026 mus
571 3969 781 4025 doctor
810 3967 906 4039 (de
933 3981 1054 4038 quo
1085 3965 1148 4019 in
1176 3962 1331 4018 libro
1359 3971 1384 3996 ⁸
1421 3961 1618 4032 primo
1647 3957 2061 4029 meminimus)

399 4058 591 4114 beatae
612 4052 1043 4112 recordationis
1069 4056 1126 4108 et
1152 4049 1460 4107 memoriae
1482 4046 1847 4121 Speraindeo
1869 4046 2061 4103 abbas

403 4146 563 4218 stylo
586 4145 778 4201 latiori
811 4140 1169 4214 composuit.

895 4267 1084 4334 Quam
1116 4266 1219 4335 pie
1255 4265 1567 4321 educatur.

479 4397 563 4454 10.
605 4393 868 4451 Artemia
910 4391 1088 4462 igitur
1122 4390 1312 4462 gratia
1361 4389 1709 4459 sanctitatis,
1738 4391 2060 4460 provectae-

403 4500 523 4558 que
553 4482 759 4550 aetatis,
794 4497 899 4536 seu
924 4459 1171 4536 obtentu
1210 4483 1547 4551 martyrum
1575 4459 1861 4539 ﬁliorum,
1893 4479 2060 4529 caete-
2083 4459 2127 4512 Ῑ)

401 4573 482 4630 ris
530 4574 592 4629 in
645 4572 857 4628 eodem
902 4569 1177 4627 coenobio
1234 4565 1762 4624 commanentibus
1823 4562 2060 4618 feminis

403 4663 782 4731 antecellens,
818 4663 994 4719 totius
1027 4657 1372 4716 monasterii
1398 4655 1708 4727 virginalis
1735 4658 2063 4709 conventus

395 4753 575 4825 jussu
602 4752 965 4810 auctoritatis
995 4751 1125 4821 ejus
1155 4747 1597 4804 intendebatur.
1621 4743 1830 4800 Docuit
1859 4746 2063 4797 autem

402 4843 687 4916 puellam,
714 4842 868 4897 sicut
912 4841 1048 4912 ipsa
1079 4841 1349 4893 noverat.
1383 4835 1502 4889 Deo
1533 4832 1754 4888 servire
1788 4829 1851 4885 in
1897 4828 2065 4882 omni

401 4931 753 4998 humilitate,
787 4927 1074 4993 castitate,
1107 4930 1164 4981 et
1209 4921 1572 4989 obcdientia,
1605 4926 1662 4975 et
1715 4918 1923 4973 timore
1954 4919 2064 4972 Do-

403 5018 554 5075 mini
581 5018 854 5073 animum
897 5016 1029 5086 ejus
1061 5027 1366 5069 exercens.
1398 5013 1470 5064 At
1497 5023 1622 5064 non
1647 5011 1785 5079 post
1804 5005 2061 5062 multum

405 5111 643 5178 tempus
690 5103 977 5176 praedicto
1026 5101 1334 5158 sacerdote
1381 5097 1686 5153 Salvatore
1715 5095 1946 5151 mundo
1975 5112 2063 5151 re-

404 5195 670 5262 cedente,
719 5207 976 5266 puerum
1016 5189 1198 5244 etiam
1241 5187 1319 5242 ad
1370 5202 1432 5241 se
1479 5185 1864 5241 nutriendum
1894 5190 2063 5258 pater

403 5283 659 5342 reduxit.
707 5279 819 5346 Qui
859 5279 981 5334 duo
1033 5275 1216 5332 futuri
1248 5273 1528 5346 martyris
1577 5274 1767 5344 gratia
1812 5273 2061 5347 Spiritus

405 5372 597 5431 sancti
623 5371 686 5428 in
731 5369 833 5426 Dei
876 5367 1088 5422 timore
1131 5379 1498 5436 magnopere
1541 5363 1879 5436 proﬁciunt.
1910 5364 2064 5419 Tan-

405 5465 546 5520 dem
594 5477 737 5517 vero
795 5473 904 5530 per
955 5453 1182 5526 gradus
1240 5451 1667 5510 ecclesiasticos
1710 5452 2063 5510 adolescens

406 5554 501 5609 ille
566 5550 977 5607 Walabonsus
1049 5559 1450 5615 succrescens,
1509 5544 1736 5599 honore
1803 5542 2062 5599 diaconii

407 5639 673 5710 fungitur
704 5635 989 5710 (pollente
1033 5633 1421 5689 nihilominus
1450 5633 1510 5689 in
1555 5633 1719 5690 omni
1749 5633 2061 5688 honestate

479 5756 504 5781 ⁸
543 5745 666 5800 Lib.
695 5761 713 5798 ι
744 5746 1008 5805 Memor.,
1040 5756 1207 5797 num.
1235 5747 1287 5795 7.

2145 487 2315 542 ritate
2343 485 2675 556 diligerent,
2704 488 2762 540 et
2817 479 3090 539 alternati
3147 475 3557 547 germanitatis
3611 476 3823 533 dulce-

2145 575 2285 631 dine
2313 574 2375 630 in
2414 573 2580 629 omni
2627 571 2942 629 dilectione
2991 566 3240 641 spiritali
3287 565 3524 621 sibimet
3553 565 3822 622 invicem

2147 663 2504 731 obedirent).
2533 661 2684 728 Quia
2704 675 2848 716 vero
2873 655 3253 732 praecedebat
3267 658 3443 710 tetate
3471 654 3652 724 Virgo
3675 669 3825 710 san-

2147 751 2412 808 ctissima
2458 749 2900 806 adolescentem
2930 759 3310 817 germanum,
3337 742 3472 798 loco
3510 743 3824 814 genitricis

2149 856 2319 896 soror
2344 839 2422 896 ab
2448 855 2520 896 eo
2550 837 2859 905 excolitur,
2888 841 2946 892 et
2973 835 3034 890 in
3085 832 3272 907 prolis
3322 831 3602 888 affectum
3653 847 3824 889 com-

2150 929 2403 985 mutavit
2432 928 2763 984 fraternum
2790 940 3082 982 amorem.

2149 1074 2298 1143 Ejus
2339 1072 2538 1141 fratre
2583 1085 2697 1143 pro
2745 1068 2984 1143 Christo
3014 1065 3352 1143 igter/‘ecto,
3393 1078 3424 1119 e
3450 1063 3822 1143 monasterio

2229 1135 2441 1199 saneta
2466 1135 2795 1213 egreditur,
2818 1141 2985 1211 eique
3013 1139 3203 1194 Flora
3243 1135 3529 1198 occurrit,
3556 1140 3610 1190 et
3651 1145 3824 1190 utra-

2222 1230 2334 1286 que
2347 1212 2550 1284 judiCi
2575 1227 2636 1269 se
2664 1212 2862 1281 offert.

2227 1361 2312 1414 tl.
2353 1355 2536 1426 Igitur
2560 1355 2709 1411 dum
2737 1355 2889 1410 inter
2916 1368 3019 1408 eos
3075 1351 3205 1407 haec
3251 1349 3496 1406 assidue
3542 1363 3821 1420 gereren-

2153 1450 2268 1516 tur,
2314 1445 2700 1518 dispensante
2752 1446 2891 1510 Deo,
2926 1440 3126 1498 Levita
3180 1439 3572 1510 dignissimus
3626 1437 3821 1493 Wala-

2153 1536 2388 1591 bonsus
2417 1550 2558 1589 cum
2583 1533 2760 1588 beato
2790 1533 2964 1587 Petro
2993 1528 3370 1603 presbytero,
3399 1543 3506 1583 seu
3530 1542 3671 1582 cum
3705 1541 3821 1582 ca:-

2156 1627 2296 1680 teris
2343 1621 2791 1678 confessoribus
2834 1620 3013 1692 (sicut
3062 1617 3338 1691 superius
3366 1617 3394 1656 b
3423 1615 3818 1688 comprehen-

2157 1730 2294 1769 sum
2315 1713 2422 1783 est)
2454 1710 2743 1782 martyrio
2786 1713 3128 1765 coronatur.
3163 1708 3232 1761 Et
3259 1704 3362 1778 qui
3397 1721 3526 1760 aevo
3572 1703 3822 1759 ultimus

2157 1807 2285 1859 erat
2322 1800 2530 1865 sorori,
2563 1799 2628 1854 fit
2654 1798 2886 1870 primus
2907 1795 3193 1852 electione
3221 1793 3515 1865 martyrii.
3549 1791 3823 1864 Denique

2157 1893 2430 1947 remanet
2457 1888 2740 1944 destituta
2762 1883 3122 1959 praesentiali
3145 1882 3357 1939 solatio
3387 1881 3585 1937 fratris
3607 1879 3824 1938 Christi

2159 1978 2398 2044 ancilla,
2421 1992 2558 2048 qua:
2601 1980 2738 2030 ante
2787 1972 3001 2029 mundi
3044 1970 3530 2029 constitutionem
3559 1969 3639 2024 ad
3663 1984 3824 2024 mar—

2159 2068 2381 2141 tyrium
2410 2065 2855 2139 przedestinata,
2887 2063 3046 2119 intus
3076 2065 3364 2133 extraque
3415 2075 3654 2133 semper
3700 2062 3827 2114 tue—

2158 2158 2338 2213 batur
2366 2153 2790 2211 intercessione
2819 2153 3102 2208 fraterna.
3138 2153 3204 2205 Et
3231 2150 3321 2221 (ut
3366 2164 3428 2205 se
3471 2147 3654 2205 habet
3682 2162 3826 2203 con-

2161 2245 2306 2301 ditio
2359 2243 2602 2314 fragilis)
2640 2258 2776 2298 cum
2819 2240 3087 2297 crebrius
3128 2239 3456 2294 fraternum
3491 2236 3828 2309 suspiraret

2161 2335 2460 2401 obtutum,
2493 2333 2664 2403 cujus
2711 2331 2773 2386 in
2802 2330 3078 2404 proximo
3109 2328 3361 2384 fruitura
3406 2331 3533 2384 erat
3581 2341 3828 2382 consor-

2161 2424 2241 2480 tio
2267 2439 2375 2496 per
2403 2421 2664 2496 quietem
2695 2420 3030 2493 quamdam
3062 2422 3306 2474 sanctus
3347 2421 3576 2488 martyr
3611 2431 3828 2488 quam-

2163 2513 2308 2570 dam
2358 2512 2645 2568 admonet
2699 2509 3066 2579 religiosam,
3121 2513 3186 2563 ut
3228 2507 3359 2578 jam
3417 2521 3587 2562 soror
3640 2504 3824 2561 Maria

2163 2618 2272 2674 pro
2325 2617 2387 2656 se
2435 2600 2673 2672 plorare
2721 2599 3048 2664 desisteret,
3077 2596 3371 2668 quoniam
3415 2594 3612 2650 vicino
3674 2599 3826 2649 tem-

2162 2706 2308 2764 pore
2361 2689 2440 2745 ad
2487 2705 2627 2744 eum
2675 2687 2736 2744 in
2777 2686 3052 2759 supernis
3092 2689 3248 2740 esset
3294 2687 3570 2740 ventura.
3621 2685 3706 2738 Ex
3755 2696 3828 2737 eo

2164 2780 2260 2836 die
2315 2779 2503 2834 uritur
2546 2794 2650 2833 cor
2695 2776 2940 2846 virginis
2988 2790 3194 2830 amore
3241 2771 3531 2844 martyrii,
3583 2776 3641 2827 et
3687 2787 3828 2844 quae

2165 2869 2363 2925 fratris
2413 2866 2644 2922 obitum
2686 2865 3068 2938 impatienter
3093 2862 3360 2932 lugebat,
3395 2861 3591 2918 subito
3617 2859 3829 2916 divini-

2166 2964 2260 3014 tus
2323 2955 2615 3012 illustrata
2673 2952 3008 3027 impatienti
3057 2952 3270 3008 ardore
3327 2950 3408 3007 ad
3471 2949 3828 3021 martyrium

2166 3046 2427 3103 anhelat.

2243 3137 2325 3190 12.
2371 3133 2649 3200 Quodam
2679 3131 2859 3202 igitur
2887 3131 3005 3196 die,
3033 3129 3319 3186 invitante
3351 3132 3418 3184 ut
3444 3126 3644 3194 credo,
3668 3125 3827 3182 Chri-

2167 3230 2279 3293 sto,
2329 3222 2767 3279 monasterium
2822 3219 3270 3291 dcrelinquens,
3315 3217 3514 3273 forum
3570 3215 3829 3290 petitura

2168 3312 2496 3380 descendit,
2520 3327 2644 3384 quo
2677 3310 2828 3366 sicut
2853 3309 3051 3364 caeteri
3082 3312 3402 3380 martyres,
3433 3305 3540 3378 qui
3562 3305 3692 3377 jam
3716 3321 3828 3360 cce-

2166 3403 2296 3458 lesti
2349 3401 2598 3474 praemio
2639 3398 3116 3463 oblectabantur,
3168 3397 3298 3452 hac
3353 3410 3597 3468 quoque
3659 3395 3826 3463 virgo

2169 3491 2467 3549 Christum
2501 3488 2866 3553 confitendo,
2896 3491 2953 3543 et
2991 3486 3132 3542 fidei
3155 3490 3376 3542 sanctae
3415 3483 3827 3540 adversarium

2169 3579 2534 3652 repellendo,
2585 3593 2810 3634 corona
2853 3576 3124 3648 martyrii
3156 3575 3463 3648 potiretur.
3501 3575 3644 3638 Quae
3681 3573 3829 3628 dum

2168 3669 2481 3726 ecclesiam
2511 3667 2672 3723 beati
2703 3665 2914 3722 Aciscli
2943 3665 3224 3737 martyris
3253 3663 3314 3719 in
3351 3662 3484 3735 ipso
3513 3661 3716 3718 adhuc
3745 3661 3832 3717 iti-

2168 3773 2309 3814 nere
2340 3757 2605 3830 positam
2635 3755 2852 3811 intuitu
2873 3753 3196 3810 Dominum
3226 3750 3585 3808 obsecrandi
3616 3749 3832 3816 intras-

2170 3853 2276 3918 set,
2306 3847 2408 3902 Dei
2432 3851 2584 3902 nutu
2613 3845 2834 3901 ibidem
2859 3849 3134 3900 sanctam
3165 3843 3401 3899 Floram
3430 3841 3490 3897 in
3541 3840 3830 3910 suffragio

2169 3954 2278 3993 suo
2309 3953 2517 4010 preces
2547 3940 2883 4008 martyrum
2913 3933 3307 3990 advocantem
3333 3930 3579 3988 invenit.
3612 3931 3754 3996 Quae
3775 3932 3832 3986 et

2168 4005 2563 4100 ipsa—Christo
2590 4005 2810 4080 dicenti
2841 4023 2955 4078 sibi
2993 4023 3071 4094 (5)
3101 4041 3114 4078 :
3148 4021 3365 4077 Iterum
3418 4019 3592 4076 venio
3640 4005 3844 4075 cruci?

2167 4117 2294 4188 ﬁgi,
2316 4115 2584 4172 redivivo
2628 4112 2942 4186 praeliandi
2973 4111 3169 4167 studio
3200 4110 3424 4177 calens,
3474 4107 3618 4164 olim
3653 4107 3830 4180 coepti

2167 4205 2438 4278 martyrii
2470 4203 2743 4276 palmam
2774 4217 2805 4257 e
2830 4201 2964 4256 loco
2983 4199 3216 4256 latibuli
3265 4198 3356 4255 sui
3387 4197 3600 4255 alacris
3628 4197 3830 4252 inven-

2168 4299 2304 4351 tura
2351 4292 2762 4349 descenderat.
2792 4293 2956 4347 Tunc
2994 4305 3057 4346 se
3103 4289 3363 4345 invicem
3411 4287 3568 4343 datis
3613 4285 3831 4342 osculis

2171 4383 2518 4447 salutantes,
2552 4380 2780 4437 alterno
2811 4378 3090 4436 consultu
3121 4377 3438 4450 explorant
3479 4391 3562 4431 se.
3600 4377 3667 4431 Et
3691 4390 3830 4430 cum

2169 4488 2361 4528 unum
2382 4471 2667 4542 idemque
2694 4474 2907 4526 votum
2938 4483 3118 4524 suum
3145 4466 3394 4522 existere
3441 4469 3655 4520 mutua
3699 4478 3833 4536 pro-

2169 4561 2336 4617 deret
2364 4559 2682 4629 confessio,
2715 4558 3073 4614 dimidiante
3123 4557 3354 4613 Christo
3396 4554 3500 4627 qui
3549 4553 3777 4609 dixerat
3812 4571 3826 4608 :

2181 4651 2520 4722 Ubicunque
2551 4650 2789 4720 fuerint
2834 4650 2973 4718 duo,
3009 4648 3102 4703 vel
3132 4652 3251 4703 tres
3299 4647 3363 4701 in
3414 4644 3653 4700 nomine
3705 4658 3829 4698 meo

2169 4741 2538 4812 congregati,
2569 4740 2656 4795 ibi
2682 4755 2814 4795 sum
2847 4740 2908 4794 in
2940 4738 3131 4794 medio
3162 4752 3365 4793 eorum
3395 4734 3638 4806 (Matth.
3671 4747 3828 4801 xvm,

2167 4831 2259 4903 20)
2285 4849 2298 4901 ;
2326 4830 2482 4886 illico
2529 4827 2931 4885 indissolubili
2983 4827 3206 4883 fcedere
3256 4824 3560 4881 charitatis
3588 4826 3832 4878 nectun-

2171 4924 2283 4985 tur,
2302 4917 2470 4974 nulla
2497 4934 2558 4974 se
2583 4917 2661 4972 ab
2684 4917 2944 4972 invicem
2969 4914 3288 4972 occasione
3309 4911 3682 4973 divellendze,
3706 4909 3834 4965 nul-

2168 5008 2228 5065 la
2250 5007 2654 5064 intercedente
2687 5006 2930 5063 fortuna
2959 5004 3391 5072 desciscendze,
3424 5001 3723 5074 nullisque
3753 4999 3830 5056 ab

2169 5097 2474 5166 alterutro,
2501 5095 2782 5168 quamvis
2808 5093 3175 5157 saevissimis,
3196 5090 3653 5148 imminentibus
3681 5089 3830 5145 casi-

2167 5186 2282 5242 bus
2308 5185 2711 5259 disparandae,
2744 5184 2851 5257 qui
2876 5184 2956 5239 ad
2975 5183 3279 5239 interitum
3309 5196 3520 5238 earum
3550 5194 3661 5252 pro
3695 5193 3832 5235 con-

2168 5276 2430 5332 fessione
2453 5275 2718 5331 veritatis
2739 5275 3268 5344 exaggerarentur,
3291 5284 3613 5343 quousque
3633 5272 3690 5324 et
3719 5267 3830 5324 ista

2169 5365 2488 5433 Christum,
2521 5367 2580 5420 et
2607 5363 2709 5419 illa
2732 5363 2794 5419 in
2816 5362 3159 5419 coelestibus
3199 5360 3446 5418 fratrem
3491 5358 3683 5415 adiret
3706 5359 3830 5413 Wa-

2167 5454 2514 5511 labonsum.
2549 5452 2764 5524 Sicque
2793 5451 2856 5508 in
2900 5451 3034 5524 ipso
3077 5451 3309 5524 impetu
3333 5447 3642 5520 judicibus
3688 5444 3830 5502 assi-

2170 5548 2409 5614 stentes,
2455 5543 2536 5598 ita
2586 5541 2836 5597 ﬁrmiori
2888 5539 3250 5596 allucutionc
3306 5537 3526 5612 prima,
3559 5540 3626 5591 ut
3675 5551 3824 5600 reor,

2170 5632 2552 5690 sanctissima
2581 5631 2756 5688 Flora
2785 5647 2888 5686 eos
2918 5629 3244 5700 agreditur,
3277 5629 3484 5684 dicens
3520 5643 3533 5681 :

2240 5740 2267 5778 ι
2297 5737 2421 5793 Lib.
2459 5754 2498 5792 ιι
2527 5740 2791 5805 Memor.,
2825 5753 2960 5809 cap.
2993 5739 3046 5791 4.
