3960 6382
95 231 110 242 ‘
147 223 256 277 841

1693 220 1800 275 EPl
1809 218 2068 276 STOLE.

3493 243 3602 298 842

234 349 318 402 13.
346 369 374 396 ‹‹
395 349 478 402 En
509 361 622 416 ego
653 345 754 401 illa
785 363 942 416 sum,
975 363 1131 419 quae,
1162 364 1273 420 pro
1305 363 1376 403 eo
1405 346 1571 420 quod
1603 343 1828 416 gentili-
1859 347 1907 400 Α
1936 349 2238 403 nectentes
2266 349 2326 406 in
2357 351 2540 408 ﬁnem
2582 355 2857 426 opusculi
2883 355 3219 413 orationem
3258 374 3368 415 suo
3419 367 3602 421 certa-

143 435 237 491 tio
269 436 498 492 semine
526 443 836 508 procreata
861 437 1087 492 Christo
1118 437 1497 504 adhaeserim,
1529 435 1763 492 dudum
1793 449 1831 490 a

141 525 350 591 vobis,
395 531 460 582 ut
488 542 627 581 cum
674 525 1062 595 abnegarem,
1107 525 1238 582 diro
1282 527 1528 582 verbere
1566 525 1829 581 lacerata

140 632 310 672 sum.
347 618 486 682 Quae
512 617 802 672 hactenus
830 616 1169 672 inﬁrmitate
1202 617 1398 672 carnis
1419 617 1536 672 huc
1568 616 1826 687 illucque

135 707 412 778 profuga
441 706 798 762 delitescens
823 715 867 773 ⁸,
892 722 1053 762 nunc
1086 707 1215 778 jam
1245 708 1306 762 in
1338 708 1548 762 virtute
1579 707 1678 762 Dei
1706 705 1826 762 mei

138 795 434 866 subnixa,
466 797 672 852 vestris
706 796 943 852 adstare
972 813 1097 852 non
1138 813 1346 853 verens
1385 796 1827 870 praetoriis,ea-

137 884 291 940 dem
322 902 446 958 qua
499 886 762 957 primum
822 887 1159 942 constantia
1209 887 1505 943 Christum
1547 886 1733 940 Deum
1763 886 1825 940 in

136 975 393 1030 veritate
460 975 763 1047 proﬁteor,
835 976 1322 1048 scelerosumque
1393 975 1822 1046 dogmatistam

139 1070 415 1120 vestrum
472 1066 1092 1139 pseudOprophetam,
1136 1066 1499 1132 adulterum,
1525 1081 1820 1134 magnum

137 1159 203 1210 et
234 1155 580 1210 maleﬁcum
611 1172 740 1210 esse
778 1160 1096 1228 protestor.
1130 1178 1156 1205 ››
1198 1156 1368 1210 'I‘unc
1395 1155 1612 1210 deinde
1650 1156 1821 1224 virgo

135 1244 506 1300 venerabilis
539 1245 716 1301 Maria
749 1245 1072 1300 diffusione
1104 1244 1440 1300 cmlestium
1493 1243 1821 1315 gratiarum

135 1334 520 1390 sanctiﬁcato
549 1334 793 1406 protulit
814 1352 949 1390 ore:
979 1359 1006 1385 «
1025 1338 1087 1390 Et
1114 1350 1248 1405 ego,
1271 1335 1478 1404 judex,
1507 1334 1650 1389 olim
1671 1334 1823 1389 inter

131 1423 277 1480 illos
324 1425 699 1480 confessores
753 1425 1110 1495 magnificos
1151 1425 1382 1481 habens
1437 1441 1820 1494 germanum,

129 1513 246 1586 qui
269 1531 392 1569 non
420 1514 534 1569 levi
588 1514 1064 1570 subsannatione
1117 1521 1312 1570 vatem
1358 1520 1628 1570 vestrum
1674 1514 1824 1568 infa-

129 1609 378 1658 mantes
409 1602 843 1668 occubuerunt,
878 1604 1176 1676 similique
1235 1603 1491 1659 audacia
1522 1603 1819 1660 Christum

129 1709 272 1748 esse
300 1693 362 1747 in
391 1693 634 1749 veritate
666 1695 852 1749 Deum
885 1709 1178 1763 asserens,
1210 1694 1391 1750 ritum
1422 1697 1687 1750 vestrum
1734 1692 1818 1747 le-
1848 1703 1887 1756 Β

128 1782 357 1854 gisque
417 1782 809 1837 caeremonias
840 1781 1283 1838 daemoniorum
1349 1784 1640 1852 ﬁgmenta
1688 1798 1817 1837 esse

124 1874 446 1944 proﬁteor.
483 1894 510 1920 ››
567 1872 874 1944 Extemplo
931 1873 1299 1928 saevissimus
1325 1873 1544 1928 arbiter
1591 1887 1818 1927 vesano

127 1963 476 2018 concitatus
509 1962 729 2031 furore,
765 1963 879 2017 sub
930 1979 1073 2017 voce
1107 1962 1208 2017 illa
1239 1962 1479 2017 terribili
1512 1961 1814 2027 frendens,

126 2051 430 2121 virginale
494 2051 869 2123 propositum
930 2051 1264 2122 asperrimo
1321 2051 1576 2106 deterret
1630 2049 1818 2105 boatu

124 2142 316 2197 minis
337 2141 684 2214 exprobrat,
715 2141 1082 2197 clamoribus
1119 2142 1333 2209 arguit,
1367 2140 1656 2211 adjicicns
1687 2156 1816 2196 car-

124 2230 284 2286 ceris
315 2229 690 2302 squalorem,
723 2233 782 2285 et
811 2230 1276 2286 contubernium
1316 2236 1668 2285 scortorum.

126 2374 388 2431 Carceri
402 2375 856 2442 mancipantur,
875 2375 979 2430 ubi
992 2391 1084 2430 eos
1103 2376 1406 2444 con/orta!
1423 2375 1483 2430 S.
1499 2375 1810 2445 Eulogius.

203 2505 227 2556 1
244 2503 292 2558 i.
311 2499 656 2571 Suscipiunt
675 2499 934 2573 denique
953 2500 1160 2556 abdita
1179 2500 1430 2556 carceris
1449 2516 1815 2573 sponsarum

119 2590 342 2646 Christi
376 2589 654 2644 membra
694 2589 919 2644 tuenda
963 2590 1160 2659 magis
1190 2607 1376 2662 quam
1421 2589 1812 2657 eliminanda,

117 2697 268 2754 quae
303 2696 544 2752 semper
568 2680 789 2752 pudico
821 2681 1138 2736 honestata
1168 2681 1384 2737 decore
1427 2681 1505 2737 ab
1536 2681 1683 2754 ipsis
1715 2697 1815 2736 cu-

116 2771 376 2827 nabulis
421 2776 560 2826 ac'tu
599 2771 1008 2826 sanctimoniae
1039 2771 1478 2844 praeponentes,
1509 2774 1816 2844 praecipua

115 2861 420 2917 virtutum
455 2860 646 2929 gratia
695 2860 1058 2916 reluxerunt.
1091 2862 1154 2916 In
1197 2861 1421 2934 quibus
1463 2861 1812 2933 aliquandiu

119 2953 359 3006 sanctae
407 2949 671 3019 virgines
731 2956 1178 3022 permanentes,
1237 2951 1512 3006 insistant
1561 2951 1811 3022 jejunio,

119 3039 391 3096 orationi
432 3039 812 3108 incumbunt,
845 3046 1158 3112 totumque
1181 3039 1350 3095 illum
1378 3041 1701 3096 horrorum
1730 3057 1816 3096 er.
1858 3063 1898 3118 ε
1927 3041 2092 3092 tentu
2118 3036 2352 3108 adeptae
2381 3036 2584 3105 gratias
2618 3052 2914 3108 sponsum
2944 3045 3277 3109 precantes,
3307 3055 3419 3095 nos
3458 3043 3590 3096 vin-

121 3127 356 3199 gastuli
401 3128 731 3184 ccelestium
785 3129 1173 3184 meditatione
1224 3129 1593 3201 hymnorum
1634 3146 1814 3202 expe-

121 3219 327 3274 diunt.
354 3218 522 3273 Tunc
553 3235 664 3274 nos
695 3217 873 3274 etiam
904 3234 978 3273 ex
1005 3223 1178 3273 antro
1200 3235 1228 3274 ι)
1256 3217 1520 3282 deducti,
1552 3235 1690 3274 cum
1717 3217 1815 3273 isti

121 3308 360 3364 carceri
410 3307 860 3380 deputarentur,
897 3313 1016 3364 Deo
1060 3309 1312 3375 favente,
1347 3308 1425 3364 ad
1470 3309 1811 3365 instructio-

123 3413 276 3454 nem
316 3397 576 3467 illarum,
607 3397 831 3454 librum
862 3400 1296 3454 Documentum
1325 3399 1618 3468 Martyrii
1667 3415 1810 3455 con-

123 3486 376 3555 dimus;
437 3488 646 3559 eisque
696 3487 829 3558 jam
883 3503 1037 3560 pene
1087 3503 1123 3542 a
1168 3487 1479 3560 proposito
1528 3488 1810 3544 suasione

122 3575 547 3650 quorumdam
571 3576 934 3646 labentibus,
965 3577 1027 3632 in
1058 3576 1340 3633 solatium
1379 3577 1709 3633 meditandi
1754 3583 1810 3634 et

122 3666 602 3723 consummandi
649 3667 856 3740 praelia
911 3667 1196 3723 inchoata
1247 3666 1604 3737 dicavimus,
1661 3684 1806 3724 con-

204 3819 229 3845 ι
262 3812 368 3864 Per
390 3809 694 3884 integrum
725 3811 1079 3867 sexennium
1110 3828 1146 3867 a
1175 3811 1331 3881 fugae
1367 3827 1489 3866 sure
1536 3815 1804 3884 tempore

126 3886 196 3938 ut
225 3885 463 3938 constat
487 3898 560 3937 ex
581 3883 856 3954 Docum.,
881 3899 1051 3938 num.
1074 3887 1163 3938 2t.
1209 3887 1410 3941 Scuor.

201 3978 231 4018 ι,
263 3954 535 4009 Diximus
584 3953 718 4024 jam
771 3954 995 4025 (Schol.
1046 3954 1108 4010 in
1142 3971 1276 4028 cap.
1319 3955 1376 4026 6,
1408 3955 1512 4011 lib.
1547 3972 1606 4023 ιι,
1632 3958 1828 4036 Mem.)

1938 435 2102 505 mini,
2132 440 2418 513 omnique
2447 443 2717 499 Ecclesiae
2749 449 3201 515 congruentem.

2355 587 2504 643 Inde
2531 589 2762 645 educta:
2786 590 3166 647 occiduntur.

2014 711 2091 762 15.
2128 709 2311 778 Igitur
2333 719 2754 782 permanentes
2778 714 2839 770 in
2862 715 3146 772 laudibus
3173 718 3295 783 Dei,
3315 723 3374 776 et
3399 736 3599 780 sacra-

1933 795 2174 853 tissimae
2205 799 2470 871 virginis,
2508 807 2645 874 post
2685 804 2922 860 tertiam
2966 806 3443 865 admonitionem
3462 827 3599 884 pro-

1932 889 2262 944 sternendas
2293 889 2355 945 in
2385 889 2582 946 forum
2615 893 2843 948 eductae
2896 899 3055 951 sunt.
3089 896 3350 954 Taceam
3373 900 3596 970 judicis

1932 977 2392 1035 sciscitationem
2434 982 2666 1037 vicibus
2697 983 2940 1040 allatam
2972 985 3078 1051 eis,
3114 986 3201 1041 vel
3231 1004 3355 1044 una
3392 990 3487 1046 vel
3517 990 3597 1047 si-

1933 1068 2185 1136 gillatim
2213 1071 2290 1124 ad
2341 1070 2756 1127 beatissimam
2813 1073 3045 1130 Floram
3100 1080 3200 1145 (6),
3244 1078 3416 1135 sicuti
3463 1081 3596 1152 jam

1930 1156 2072 1212 alibi
2103 1171 2125 1197 ο
2156 1157 2542 1228 digessimus.
2581 1163 2646 1215 Et
2670 1161 2887 1217 intuitu
2915 1164 3343 1223 mediocritatis
3365 1168 3596 1242 aliquid

1933 1247 2192 1310 silentes,
2212 1264 2287 1303 ne
2318 1248 2626 1304 fastidium
2658 1256 2998 1322 protractus
3030 1270 3228 1310 sermo
3258 1257 3596 1327 legentibus

1931 1341 2192 1408 generet,
2228 1354 2391 1393 mors
2431 1338 2734 1409 virginum
2788 1342 3052 1412 pretiosa
3085 1343 3309 1414 stylum
3357 1364 3598 1422 compe-

1930 1427 2073 1482 tenti
2103 1427 2220 1481 ﬁne
2251 1432 2533 1484 coarctat.
2559 1430 2702 1484 Inde
2725 1431 3015 1503 praecipiti
3037 1432 3263 1490 ducatu
3288 1436 3366 1491 ad
3392 1437 3595 1495 locum

1929 1517 2340 1573 decollationis
2385 1517 2602 1585 ductae,
2637 1535 2811 1576 sacra
2841 1521 3154 1590 signacula
3192 1524 3456 1582 vultibus
3485 1527 3592 1584 im.

1927 1608 2214 1678 primunt.
2253 1610 2318 1662 Et
2365 1607 2468 1674 sic,
2501 1609 2760 1664 extensis
2791 1609 2978 1677 collis,
3011 1617 3153 1684 post
3180 1612 3425 1670 beatam
3471 1616 3596 1672 Flo-

1927 1712 2058 1751 ram
2103 1701 2313 1752 sancta
2368 1697 2546 1753 Maria
2584 1700 3000 1776 prosternitur.
3032 1704 3301 1766 Quorum
3331 1719 3590 1777 corpora

1927 1787 2180 1843 canibus
2209 1787 2560 1842 devoranda
2585 1804 2655 1843 ac
2686 1788 3032 1844 volucribus
3063 1791 3462 1865 discerpenda
3490 1795 3598 1851 ibi-

1925 1875 2066 1931 dem
2096 1875 2525 1947 relinquentes,
2558 1876 2674 1932 alio
2699 1877 2796 1932 die
2824 1878 2885 1933 in
2916 1877 3145 1935 ﬂumen
3189 1883 3598 1952 projecerunt-

1928 1968 1967 2020 E
1999 1964 2224 2037 quibus
2256 1964 2516 2020 cadaver
2543 1971 2766 2021 sanctas
2797 1967 2988 2022 Mariae
3009 1967 3253 2037 virginis
3285 1975 3342 2025 et
3369 1978 3593 2044 marty-

1928 2053 2007 2108 ris
2051 2052 2328 2108 caenobio
2378 2054 2798 2121 Cutcclarensi,
2847 2072 2883 2111 a
2935 2072 3059 2128 quo
3107 2056 3186 2112 ad
3233 2061 3594 2132 martyrium

1925 2141 2336 2211 descenderat,
2388 2143 2652 2199 donante
2679 2145 2799 2199 Deo
2829 2146 3171 2217 reponitur;
3218 2163 3359 2203 cum
3392 2155 3594 2206 tamen

1925 2249 2146 2304 corpus
2169 2231 2531 2287 beatissima:
2565 2232 2810 2302 virginis
2831 2239 2888 2289 et
2919 2235 3200 2306 martyris
3228 2237 3434 2306 Florae,
3468 2255 3593 2311 quo

1926 2321 2040 2375 situ
2073 2321 2362 2375 Dominus
2387 2320 2738 2392 reposuerit,
2768 2321 3006 2393 penitus
3035 2323 3362 2393 ignoretur.
3387 2327 3596 2400 Capita

1924 2425 2064 2465 vero
2086 2409 2325 2464 illorum
2356 2409 2417 2463 in
2444 2409 2691 2465 Basilica
2719 2411 2911 2466 sancti
2943 2411 3162 2468 Aciscli
3192 2415 3478 2488 martyris
3507 2432 3596 2471 re-

1925 2499 2287 2566 conduntur,
2325 2515 2448 2572 quo
2501 2499 2863 2572 praesentiali
2917 2502 3186 2574 corporis
3240 2505 3332 2560 sui
3389 2506 3594 2562 favore

1925 2589 2184 2663 populos
2205 2589 2568 2644 Christianos
2601 2594 2819 2645 tuetur.

2000 2682 2085 2734 16.
2118 2678 2330 2734 Ultimo
2359 2679 2779 2734 tantummodo
2827 2679 3086 2736 historiae
3124 2681 3258 2737 loco
3287 2682 3593 2741 insinuare

1924 2785 2227 2835 curamus,
2252 2767 2440 2840 quod,
2458 2768 2814 2840 priusquam
2845 2769 3106 2839 virgines
3135 2770 3326 2828 beatis
3352 2773 3592 2830 decide-

1925 2863 2077 2929 rent,
2105 2858 2475 2930 quibusdam
2507 2859 2934 2915 consororibus
2962 2860 3374 2932 promiserunt
3421 2864 3591 2936 quod

1926 2964 1996 3003 eo
2016 2948 2170 3021 ipso,
2204 2963 2326 3019 quo
2360 2947 2571 3002 Christi
2597 2948 2937 3004 coronatori
2967 2966 3077 3004 suo
3109 2950 3453 3008 assisterent
3479 2953 3589 3009 ob-

1925 3125 2075 3182 culis
2123 3125 2478 3191 liberarent;
2508 3125 2675 3197 quod
2724 3125 2805 3180 ita
2836 3129 2955 3180 Deo
2996 3125 3228 3183 fautore
3275 3133 3589 3201 peractum

1923 3223 2029 3273 est.
2064 3220 2211 3272 Nam
2243 3215 2354 3270 illa:
2386 3219 2596 3270 octavo
2626 3215 3031 3271 Kalendarum
3058 3216 3400 3274 Decembris
3429 3235 3588 3275 mar-

1923 3305 2147 3379 tyrium
2178 3310 2695 3365 consummantes.
2727 3320 2838 3359 nos
2871 3305 3039 3361 tertio
3085 3306 3439 3362 earumdem
3466 3309 3588 3365 Ka-

1919 3395 2240 3451 lendarum
2264 3393 2663 3466 compedibus
2710 3393 3004 3450 resolutos
3039 3395 3117 3451 ab
3149 3397 3426 3469 squalore
3457 3414 3588 3456 car-

1921 3488 2072 3542 ceris
2104 3491 2403 3553 eruerunt,
2437 3501 2554 3540 aera
2577 3501 2701 3557 qua
2753 3501 2954 3557 supra.
3005 3488 3112 3542 Per
3139 3486 3439 3543 Christum
3470 3490 3587 3545 Do-

1919 3575 2156 3631 minum
2198 3579 2492 3644 nostrum,
2543 3574 2648 3646 qui
2703 3574 2850 3630 vivit
2906 3590 3046 3630 cum
3076 3577 3246 3632 Patre
3275 3581 3333 3632 et
3369 3578 3588 3650 Spiritu

1920 3670 2128 3722 sancto
2149 3665 2210 3720 in
2243 3663 2464 3720 saecula
2493 3663 2869 3720 saeculorum.
2892 3668 3105 3721 Amen.

1919 3810 1994 3868 de
2032 3812 2346 3884 utriusque
2394 3809 2646 3866 carceris
2703 3807 2857 3865 Cord
2902 3807 3147 3865 ubensis
3213 3809 3582 3867 discrimine.

1919 3886 2304 4027 ManlAri‘epist.
2336 3953 2412 4009 ad
2445 3953 2729 4008 Alvarum
2753 3968 2890 4025 quas
2918 3952 3206 4025 sequitur.

623 4305 1222 4429 SANCTI
1336 4305 2018 4430 EULOGII
2160 4302 3119 4428 EPISTOL/E“

680 4675 1017 4731 EPISTOLA
1054 4675 1269 4729 PRIMA

778 4781 850 4818 AD
876 4778 1165 4820 ALVLRUM.

169 4870 545 4941 Martyrium
589 4870 852 4927 duarum
884 4872 1188 5000 vlirbgintum
1224 4871 1426 4927 Flora)
1473 4875 1530 4926 et
1559 4871 1771 4926 Maria?

834 4959 897 5000 ce
925 4959 956 5000 e
999 4959 1070 4999 ra
1107 4984 1120 4998 .

834 4959 1120 5000 ceteorat.

213 5031 581 5088 Charissimo
600 5031 662 5087 in
684 5032 936 5089 Domino
957 5034 1096 5088 Jesu
1113 5031 1344 5089 Christo
1361 5031 1526 5086 fratri
1545 5046 1682 5086 meo
1705 5032 1812 5085 AL-

137 5137 296 5177 vaao
325 5123 627 5178 EULOGIUS.

217 5211 675 5282 LMagniﬁcavit
705 5211 996 5268 Dominus
1013 5210 1492 5267 misericordiam
1513 5225 1689 5264 suam
1710 5224 1813 5263 no-

137 5298 400 5368 biscum,
437 5300 518 5355 mi
548 5299 748 5366 frater,
781 5305 839 5356 et
889 5299 1029 5356 facti
1061 5315 1276 5355 sumus
1324 5298 1592 5354 laetantes
1625 5296 1811 5367 (Psal.

139 5404 302 5457 cxxv,
336 5390 412 5460 3).
443 5389 590 5455 Quia
619 5389 845 5463 quibus
876 5389 1130 5445 verbum
1161 5387 1294 5444 vitae
1318 5386 1382 5442 in
1409 5385 1696 5458 lacrymis
1727 5400 1813 5439 se-

215 5524 240 5551 ι
263 5514 600 5597 Nonnullae
633 5519 868 5572 tantum
989 5515 1222 5597 Eulogii
1265 5513 1550 5597 epistolas
1593 5512 1688 5593 hic
1721 5528 1812 5597 re-

141 5592 604 5660 praesentamus,
637 5605 776 5643 cum
807 5593 1050 5660 caeteras
1083 5583 1206 5644 suis
1231 5583 1489 5660 propriis
1516 5585 1662 5640 locis
1683 5583 1813 5660 edi-

143 5656 435 5787 derimtgs,
453 5659 566 5788 illits
590 5659 898 5732 opusculis
917 5661 1199 5732 praeﬁxas
1216 5656 1480 5732 quorum
1495 5656 1814 5713 occasione

145 5744 308 5788 scrip
410 5746 525 5788 sun
555 5775 568 5787 .

145 5744 384 5802 scriptae
410 5744 568 5790 sunt.

585 5824 831 5878 Paron.
874 5821 1011 5878 CXV

1840 4691 1882 4745 ι)
1910 4672 2298 4739 minavimus,
2327 4672 2388 4726 in
2407 4669 2630 4740 gaudio
2660 4669 2919 4725 victoriae
2942 4668 3204 4726 fructum
3235 4669 3476 4724 metisse
3503 4668 3589 4723 vi-

1915 4762 2150 4818 demus.
2184 4760 2468 4815 Videmus
2499 4757 2660 4813 enim
2689 4757 2950 4826 virgines
2988 4761 3246 4825 nostras,
3289 4755 3588 4812 debellato

1915 4850 2185 4923 principe
2263 4847 2670 4912 tenebrarum,
2739 4845 3106 4900 conculcatis
3181 4843 3589 4901 mundialium

1917 4938 2373 4997 oblectamentis
2431 4936 2840 5003 atl‘ectionum,
2873 4933 3143 4990 accensis
3168 4934 3196 4974 λ»
3227 4933 3588 4990 adorearum

1916 5028 2328 5102 lampadibus,
2352 5025 2597 5083 obviam
2622 5023 2928 5098 prosilisse
2960 5039 3188 5096 sponso
3223 5039 3294 5080 ac
3323 5023 3449 5095 regi
3477 5041 3592 5080 coe-

1918 5117 2135 5173 lorum.
2173 5120 2239 5172 Et
2291 5116 2437 5189 quia
2493 5129 2731 5187 semper
2771 5129 2836 5168 se
2865 5113 3125 5171 hostiam
3155 5113 3380 5182 vivam,
3416 5129 3591 5171 sanc-

1919 5211 2066 5278 tam,
2111 5210 2228 5262 Deo
2257 5206 2594 5278 placentem
2624 5209 3138 5277 prteparaverunt,
3171 5203 3308 5261 ideo
3337 5203 3591 5259 caelestis

1921 5297 2072 5353 aulae
2095 5296 2304 5351 limina
2325 5294 2618 5352 adeuntes
2633 5294 3028 5365 intraverunt,
3050 5294 3339 5350 invitante
3359 5291 3592 5347 Christo

1922 5386 2003 5442 ad
2031 5385 2294 5458 nuptias,
2323 5387 2636 5440 cantantes
2665 5384 2969 5440 canticum
2999 5398 3250 5450 novum,
3301 5384 3483 5455 atque
3510 5379 3596 5436 di-

1994 5513 2021 5551 b
2051 5515 2168 5566 Hoc
2199 5514 2308 5578 est,
2331 5508 2676 5582 palmarum
2704 5511 2762 5563 et
2783 5507 2986 5577 gloriae
3004 5504 3421 5582 triumphalis._
3437 5505 3594 5582 Dixi-

1922 5599 2060 5639 mus
2078 5583 2152 5637 de
2177 5583 2287 5637 hac
2320 5577 2466 5636 voce
2496 5580 2557 5634 in
2579 5581 2711 5652 ipso
2727 5580 3081 5650 martyriati
3094 5577 3341 5634 Decum.
3369 5577 3592 5652 (Schol.

1923 5671 2091 5711 num.
2126 5658 2205 5720 2).
2239 5650 2620 5708 Manifestum
2660 5658 2863 5708 autem
2915 5656 3020 5717 est,
3045 5666 3234 5723 quam
3262 5650 3594 5708 Servatoris

1923 5725 2112 5784 nostri
2138 5723 2496 5798 parabolam
2527 5723 2826 5797 respiciat.
2860 5725 3076 5783 Μοιωη

3201 5817 3270 5870 27
