3960 6444
379 238 485 295 ⁸48

1575 237 1630 294 8.
1673 236 1955 294 EULOGII
1993 232 2312 295 ARCHIEP.
2354 241 2596 297 TOLET.

3708 238 3817 293 8M

379 363 617 417 centes:
668 360 895 432 Dignus
923 376 1009 431 es,
1040 361 1289 417 Domine
1340 365 1493 417 Deus
1522 365 1743 428 noster,
1776 361 2046 434 accipere
2080 368 2126 423 Α
2157 363 2385 431 fortavi,
2415 365 2492 420 de
2521 380 2625 437 spe
2648 362 3063 436 promerendae
3082 376 3321 418 coronae
3342 361 3819 432 admonui.ejus'

379 450 638 521 gloriam
667 454 725 506 et
776 452 1089 517 honorem,
1118 451 1412 523 quoniam
1467 450 1774 506 redemisti
1806 466 1921 506 nos
1969 451 2046 506 de

374 544 670 614 potestate
691 540 1094 607 tenebrarum,
1127 545 1184 596 et
1206 540 1397 596 fecisti
1426 556 1537 595 nos
1564 540 1897 610 condignas
1923 556 2045 595 sor-

378 630 453 687 tis
483 633 828 687 sanctorum
867 633 1131 700 tuorum,
1178 634 1235 686 et
1272 628 1623 686 transtulisti
1676 630 1738 685 in
1791 646 2041 699 regnum

379 723 555 778 tuum
593 724 887 775 aeternum
914 718 1124 788 (Apoc.
1155 735 1211 781 v.
1240 724 1294 786 9,
1328 720 1434 785 10).
1471 722 1553 785 Et,
1586 735 1727 774 cum
1753 719 1868 774 hoc
1900 734 2043 789 gau-

380 810 552 867 dium
592 808 942 865 universalis
972 808 1234 865 Ecclesia
1260 808 1337 865 de
1365 810 1605 865 illarum
1650 808 1912 864 victoriis
1941 809 2046 864 ha-

378 901 541 970 beat,
570 900 872 973 praecipue
908 904 1113 956 tamen
1158 914 1272 970 ego
1315 916 1441 973 prie
1494 898 1719 955 caeteris
1769 898 2042 972 quodam

379 990 642 1064 tripudio
666 989 1060 1062 jucunditatis
1087 990 1357 1057 extollor,
1384 990 1677 1064 quoniam
1698 1006 1822 1045 non
1846 990 1907 1045 in
1937 1006 2044 1045 va-

379 1095 561 1137 cuum
591 1079 700 1145 eis,
722 1079 854 1150 jam
883 1095 1039 1152 pene
1079 1079 1466 1152 quorundam
1492 1079 1922 1151 exprobatione
1952 1087 1979 1113 ι
2006 1094 2046 1135 a

380 1170 576 1241 gradu
606 1184 720 1226 suo
754 1168 1122 1236 labentibus,
1152 1171 1588 1225 Documentum
1618 1168 1780 1224 illud
1806 1173 2041 1239 marty-

380 1261 536 1316 riate
586 1257 928 1331 porrexisse
983 1258 1309 1331 conspicio.
1364 1258 1533 1323 Quia,
1565 1256 1703 1312 licet
1749 1257 1830 1312 ab
1876 1256 2042 1312 initio

379 1348 597 1407 mundi
624 1353 682 1405 et
718 1348 957 1405 vocatio
983 1353 1042 1403 et
1063 1348 1456 1404 sanctiﬁcatio
1484 1363 1692 1402 earum
1723 1362 1758 1402 a
1790 1348 1910 1402 Deo
1938 1347 2047 1402 Pa-

380 1442 468 1495 tre
496 1437 785 1494 nimirum
813 1437 1189 1509 processerit,
1204 1435 1388 1492 habet
1410 1440 1613 1491 tamen
1634 1435 1883 1491 intentio
1911 1450 2048 1490 nos-

380 1532 474 1585 tra
499 1527 563 1583 in
592 1541 803 1583 earum
844 1525 1236 1581 instructions
1293 1542 1468 1581 suam
1524 1540 1732 1580 coram
1791 1524 2044 1579 Domino

379 1616 725 1674 mercedem
749 1615 1100 1687 repositam,
1130 1615 1237 1688 qui
1264 1614 1641 1684 largitionem
1667 1614 1920 1683 algentis
1950 1629 2047 1669 ca-

2153 468 2272 525 que
2298 455 2638 521 angelicum
2671 453 2949 509 obtutum
2981 452 3215 507 reclinis
3246 451 3579 507 cervicibus
3600 451 3818 506 adora-

2156 542 2245 610 vi;
2285 542 2503 598 deinde
2553 543 2834 615 precibus
2886 542 3017 609 eius
3067 546 3123 597 et
3151 540 3422 596 felicibus
3452 540 3684 596 meritis
3729 556 3817 595 me

2162 633 2623 701 commendans,
2649 630 3144 686 reverentissimis
3204 629 3360 684 illius
3390 628 3714 700 colloquiis
3739 643 3817 683 re-

2154 726 2409 789 creatus,
2436 721 2689 777 latibula
2717 720 2971 776 carceris
3000 719 3113 774 mei
3143 719 3339 774 revisi.
3375 718 3563 788 Unde,
3611 733 3815 789 quaeso

2152 809 2582 867 fraternitatem
2637 816 2824 880 tuam,
2876 809 3224 865 charissima
3284 808 3554 873 domine,
3618 811 3686 863 ut
3746 806 3817 862 ad

2151 905 2529 972 posterorum
2547 900 2905 955 memoriam
2928 905 3095 968 gesta
3116 897 3418 970 passionis
3445 913 3661 953 earum
3686 895 3815 951 bre-

2151 990 2210 1044 vi
2239 990 2660 1045 tantummodo
2686 989 2965 1045 ordinare
2981 988 3246 1055 digneris
3278 987 3455 1059 stylo,
3482 987 3565 1043 ita
3583 1001 3819 1057 semper

2152 1079 2389 1135 illarum
2410 1080 2643 1152 protegi
2666 1080 2949 1135 merearis
2984 1078 3292 1148 suffragio.
3320 1080 3459 1150 lpso
3490 1082 3701 1132 autem
3727 1076 3817 1130 die

2153 1186 2276 1243 quo
2308 1170 2708 1239 gloriosarum
2739 1169 2917 1225 nobis
2936 1168 3159 1224 relatus
3187 1172 3275 1224 est
3297 1167 3414 1223 sub
3443 1166 3817 1223 confessione

2152 1259 2414 1315 nominis
2443 1260 2655 1315 Christi
2686 1259 2978 1329 interitus,
2997 1273 3212 1314 omnes
3241 1257 3319 1313 ad
3345 1257 3696 1312 orationum
3727 1271 3812 1310 ar-

2151 1364 2253 1405 ma
2282 1354 2610 1419 currentes,
2642 1350 2858 1404 horam
2905 1363 3135 1404 nonam
3167 1348 3228 1402 in
3260 1346 3360 1402 Dei
3389 1346 3572 1402 laude
3596 1345 3817 1418 persol-

2150 1439 2366 1494 vimus.
2427 1441 2510 1494 Ac
2594 1438 2880 1511 deinceps
2942 1438 3132 1493 auctis
3194 1435 3469 1509 tripudiis
3531 1435 3813 1507 vesper-tio

2152 1544 2299 1584 num
2333 1530 2425 1599 (2),
2453 1529 2840 1595 matutinum,
2866 1531 2923 1583 et
2971 1526 3214 1583 missale
3262 1525 3627 1582 sacriﬁcium
3680 1540 3818 1580 con-

2152 1624 2469 1690 sequenter
2494 1619 2571 1673 ad
2603 1619 2899 1675 honorem
2929 1621 2987 1673 et
3029 1617 3283 1685 gloriam
3311 1620 3663 1671 nostrarum
3713 1616 3825 1670 vir-

377 1706 508 1764 licis
526 1704 899 1763 remunerari
921 1704 1195 1777 promisit
1222 1704 1285 1759 in
1310 1703 1553 1763 nomine
1572 1719 1681 1758 suo
1702 1702 2043 1767 impensam
2082 1719 2121 1773 η
2152 1708 2366 1763 ninum
2388 1708 2846 1771 celebravimus,
2881 1707 3200 1778 cunctique
3247 1721 3359 1761 nos
3418 1705 3661 1761 illarum
3710 1720 3826 1776 pa-

379 1798 598 1870 (Marc.
618 1813 701 1864 ιι,
722 1799 839 1863 40).
873 1799 1025 1852 Nam
1053 1794 1291 1850 decimo
1334 1799 1390 1850 et
1418 1793 1682 1865 amplius
1711 1792 1805 1848 die
1847 1792 2043 1864 prius-

378 1903 570 1960 quam
597 1886 677 1943 ad
704 1886 1064 1957 martyrium
1091 1884 1472 1949 ducerentur,
1495 1883 1688 1939 solam
1727 1883 2042 1938 dominam

378 1992 585 2034 meam
610 1975 871 2042 Floram,
900 1974 1185 2029 instinctu
1214 1972 1411 2029 fratris
1443 1972 1559 2034 sui,
1585 1971 1772 2044 judex
1803 1970 1902 2027 ille
1927 1970 2044 2027 ini-

380 2066 624 2140 quitatis
647 2063 1080 2123 auditionisuae
1107 2062 1434 2129 advocans,
1462 2066 1599 2134 post
1618 2062 1887 2131 agnitam
1908 2061 2040 2131 ejus

2152 1797 2404 1853 trocinio
2455 1796 2739 1852 tutandos
2790 1795 3213 1867 fovendosque
3253 1794 3698 1850 commisimus.
3764 1797 3834 1856 Et

2152 1887 2297 1959 quia
2317 1888 2737 1942 universorum
2766 1902 2905 1958 spes
2925 1901 3049 1942 non
3076 1884 3497 1957 perfunctorie,
3523 1883 3586 1939 in
3610 1898 3830 1940 earum

2153 1978 2380 2033 meritis
2402 1977 2695 2033 collocata
2737 1981 2847 2044 est,
2901 1976 3039 2031 ideo
3082 1974 3257 2031 sicuti
3311 1974 3571 2040 cernitis,
3612 1973 3832 2029 favens

2154 2067 2419 2125 Christus
2443 2067 2797 2122 earumdem
2827 2064 3088 2121 victoriis
3115 2068 3173 2119 et
3223 2062 3661 2119 interventibus
3706 2062 3834 2133 glo-

372 2155 833 2214 invictissimam
874 2153 1337 2227 professionem,
1357 2168 1483 2224 qua
1528 2152 1730 2224 ipsum
1769 2150 2041 2222 judicem
2149 2155 2346 2223 riosis,
2379 2160 2518 2228 post
2537 2160 2772 2211 sextum
2803 2154 2964 2209 diem
3000 2168 3125 2226 quo
3153 2152 3268 2208 illis
3315 2155 3619 2209 coronata:
3663 2157 3830 2219 sunt,

382 2246 599 2303 Christi
624 2244 842 2301 ancilla
859 2244 1175 2310 denotans,
1205 2242 1621 2298 adversarium
1641 2240 1781 2296 ﬁdei
1804 2241 2045 2313 intrepi-

380 2337 464 2394 da
489 2335 885 2409 responsione
913 2334 1148 2405 dejecit.
1179 2333 1239 2389 in
1267 2349 1568 2388 carcerem
1598 2348 1734 2388 eam
1758 2332 2047 2402 jussitre—

377 2427 551 2483 verti.
601 2428 974 2499 Quapropter
1016 2423 1297 2494 claustra,
1328 2422 1553 2495 quibus
1596 2421 2039 2490 detinebantur,

379 2532 496 2588 ego
521 2515 1039 2588 appropinquans,
1072 2528 1209 2584 quas
1235 2510 1458 2582 judicis
1493 2511 1569 2565 ad
1619 2526 1755 2566 eam
1794 2510 2042 2565 interm-

380 2607 541 2677 gatio
574 2604 765 2673 fuerit,
783 2603 878 2658 vel
906 2619 1042 2675 quas
1070 2602 1148 2658 ad
1156 2601 1423 2672 judicem
1455 2601 1774 2672 responsio
1798 2601 1929 2670 ejus
1946 2616 2045 2654 ex-

383 2694 582 2762 titerit,
609 2692 924 2750 dominam
954 2707 1157 2746 meam
1193 2690 1497 2745 humiliter
1525 2690 1857 2745 sciscitatus
1888 2704 2043 2743 sum.

457 2789 512 2841 2.
544 2783 650 2840 Illa
676 2797 845 2847 vero,
890 2785 957 2836 ut
1001 2784 1131 2836 erat
1180 2778 1452 2849 angelico
1509 2778 1791 2833 decorata
1840 2793 2047 2849 aspec-

385 2880 453 2932 tu
480 2873 577 2947 (ι),
609 2886 887 2945 superna
905 2868 1188 2925 claritatis
1223 2867 1415 2938 gratia
1442 2867 1700 2933 fulgens,
1722 2866 1894 2922 hilari
1922 2866 2053 2922 vul-

387 2969 475 3031 tu,
505 2978 613 3019 ore
632 2960 880 3034 pudico,
906 2958 1037 3029 jam
1067 2957 1247 3030 quasi
1274 2956 1640 3029 quibusdam
1671 2955 1925 3010 cmlestis
1946 2971 2052 3027 pa-

392 3165 422 3196 α
446 3146 601 3199 Dum
615 3139 794 3197 hodie
817 3137 1007 3210 judici
1027 3141 1442 3211 prtesentarer,
1466 3140 1819 3208 praeceptor,
1843 3139 2055 3190 astan-

390 3238 449 3289 te
470 3232 638 3288 haud
663 3228 877 3303 proeul
905 3243 937 3283 e
963 3231 1171 3284 contra
1193 3226 1373 3283 fratre
1396 3240 1552 3291 meo,
1575 3225 1676 3279 illo
1706 3224 2057 3280 adversario

391 3321 534 3377 ﬁdei
562 3319 983 3388 nostrie,cujus
1009 3317 1423 3389 persecutione
1453 3314 1517 3370 in
1544 3314 1708 3368 hunc
1724 3313 1927 3369 lacum
1956 3314 2059 3369 de-

393 3410 534 3476 cidi,
557 3408 852 3480 exquisita
871 3422 1006 3461 sum
1032 3410 1235 3461 utrum
1261 3422 1399 3460 eum
1422 3418 1833 3471 agnoscerem.
1865 3405 2057 3469 Quem

398 3512 517 3568 ego
530 3496 772 3551 fratrem
786 3508 992 3550 meum
1008 3509 1140 3549 esse
1155 3492 1461 3549 carnalem
1476 3491 1789 3563 proferens
1805 3509 1819 3546 :
1838 3494 2055 3560 Quare,

398 3584 597 3657 inquit
610 3582 939 3654 judex,iste
969 3580 1160 3636 cultor
1180 3579 1317 3635 ﬁdei
1352 3585 1571 3635 nostra:
1592 3580 2059 3652 pmbatissimus

399 3678 627 3740 manet,
660 3678 716 3728 et
737 3677 799 3727 tu
827 3671 1125 3726 Christum
1152 3669 1451 3743 proﬁteris
1472 3670 1499 3724 ?
1550 3669 1877 3740 Respondi:
1909 3676 2061 3726 Ante

400 3763 769 3831 octenniuui,
817 3778 853 3817 o
878 3761 1086 3832 judex,
1133 3764 1190 3816 et
1238 3774 1350 3829 ego
1391 3757 1649 3814 tenebris
1706 3758 2058 3827 ignorantia;

399 3858 715 3927 occupata,
763 3851 1027 3926 paternis
1055 3848 1291 3919 legibus
1342 3849 1625 3917 serviens,
1653 3847 1937 3917 gentilitio
1976 3847 2062 3904 fa-

400 3944 682 4002 mulabar
711 3941 917 3998 errori.
951 3940 1086 4008 Sed,
1119 3938 1494 3995 illuminaute
1526 3953 1622 3993 me
1653 3935 1887 4009 pietatis
1917 3953 2060 3993 auc-

401 4039 546 4101 tore,
597 4032 746 4103 elegi
790 4031 977 4086 ﬁdem
1031 4030 1522 4095 Christianorum,
1580 4031 1824 4100 prOpter
1874 4043 2061 4099 quam

403 4127 629 4178 certare
653 4119 923 4192 disposui
948 4134 1142 4190 usque
1166 4118 1245 4173 ad
1273 4117 1526 4172 obitum.
1562 4119 1627 4171 Et
1667 4132 1804 4188 quae
1836 4121 1942 4183 est,
1976 4116 2065 4171 in-

404 4210 534 4283 quit
558 4208 764 4279 judex,
794 4207 972 4262 hodie
1000 4205 1294 4261 sententia
1319 4210 1443 4271 tua,
1470 4205 1531 4259 in
1573 4204 1720 4261 illud
1750 4206 1916 4277 quod
1947 4206 2059 4261 du-

405 4299 555 4355 dum
582 4313 787 4353 coram
813 4311 911 4351 me
960 4294 1231 4369 professa
1278 4295 1385 4350 es?
1411 4295 1945 4368 Exprobrationem
1976 4296 2065 4352 vi-

406 4387 617 4444 delicet
644 4388 735 4442 sui
759 4385 911 4441 vatis
938 4384 1229 4441 abstrusis
1275 4384 1840 4454 interrogationibus
1874 4385 2067 4457 exprio

405 4494 600 4548 mens,
631 4492 757 4550 qua
783 4476 983 4548 ipsum
1014 4480 1319 4530 auctorem
1339 4478 1511 4529 sectae
1540 4476 1897 4545 perversitas
1918 4475 2061 4530 olim

407 4572 613 4625 amota
639 4565 956 4623 formidine
987 4565 1276 4620 detestata
1299 4580 1456 4630 sum,
1490 4579 1628 4619 cum
1654 4563 1869 4619 iterum
1897 4569 1954 4620 et
1982 4564 2063 4620 la-

405 4657 606 4733 tibulis
626 4656 778 4712 meis
806 4655 886 4712 ad
908 4654 1256 4727 passionem
1285 4652 1655 4723 regrediens,
1685 4652 1885 4709 forum
1899 4654 2067 4726 petii,

404 4766 477 4807 ac
502 4749 771 4821 judioem
800 4745 939 4803 adii.
969 4743 1300 4801 Idemidem
1326 4744 1445 4812 aio,
1474 4743 1685 4815 judex,
1704 4760 1840 4817 quae
1865 4748 1923 4799 et
1949 4744 2065 4818 pri-

402 4855 506 4895 mo
534 4854 633 4894 me
658 4840 1061 4911 exponentem
1090 4834 1311 4891 audisti
1336 4852 1352 4903 ;
1383 4838 1458 4900 et,
1485 4832 1537 4888 si
1584 4849 1682 4889 me
1711 4832 1912 4889 adhuc
1942 4833 2064 4889 dis-

404 4929 697 5001 quisieris,
724 4926 1060 4997 ingentiore
1089 4924 1395 4998 prioribus
1425 4923 1501 4979 de
1537 4940 1608 4979 eo
1645 4924 1905 4979 referam

403 5018 589 5085 Tunc,
617 5015 838 5072 inﬂatis
865 5015 1092 5081 buccis,
1128 5013 1385 5083 turgenti
1410 5016 1646 5084 gutture
1674 5011 2066 5069 stridentibus

403 5102 613 5172 lingua
640 5104 1020 5158 sermonibus
1064 5103 1140 5158 de
1168 5102 1409 5159 interitu
1436 5116 1533 5158 me
1564 5102 1971 5172 comminans,
1999 5102 2066 5161 in

405 5190 776 5264 ergastulum
800 5192 977 5262 jussit
997 5191 1230 5247 reverti.
1260 5214 1291 5244 ››

477 5286 535 5339 3.
564 5283 698 5337 Haec
717 5282 1044 5352 postquam
1058 5279 1476 5337 melliﬂuaoris
1501 5280 1595 5338 sui
1615 5280 1901 5339 relatione
1916 5281 2068 5339 mihi

406 5371 663 5430 domina
685 5385 825 5428 mea
849 5368 1067 5437 retulit,
1097 5370 1297 5425 verbis
1321 5387 1480 5442 eam,
1492 5372 1714 5443 quibus
1723 5372 2066 5445 potui,con-

476 5519 497 5543 ⁸
518 5513 642 5586 Hoc
668 5509 956 5586 nimirum
977 5515 1083 5586 est,
1106 5513 1273 5583 quod
1292 5519 1449 5569 retro
1460 5513 1590 5583 jam
1616 5514 1676 5569 in
1692 5514 1829 5586 ipso
1854 5515 1933 5570 ad
1950 5515 2061 5570 has

406 5585 669 5663 virgines
688 5597 823 5663 open
838 5597 868 5635 e
887 5583 1339 5663 (Scliol.num.4)
1373 5583 1815 5663 adnotavimus.
1842 5589 2065 5663 Μρμιι.

479 5672 509 5711 ι»
535 5655 684 5726 Cum
710 5655 838 5726 jam
868 5655 1074 5711 omnia
1131 5655 1328 5711 fusius
1368 5661 1426 5710 et
1466 5663 1714 5712 narrata
1742 5658 1881 5726 sint,
1910 5658 2066 5714 libro

410 5722 677 5781 secundo
708 5723 793 5792 (id
822 5729 915 5781 est
944 5726 1048 5781 tib.
1072 5741 1120 5785 ιι
1165 5730 1409 5783 lemma
1436 5741 1575 5798 cap.
1603 5731 1659 5798 8,
1707 5722 1876 5799 quod
1900 5744 2068 5785 nunc

2152 2264 2265 2304 nos
2289 2247 2541 2303 vinculis
2590 2246 2869 2313 absolvit,
2901 2250 2959 2300 et
2982 2243 3269 2301 carcerali
3290 2244 3551 2300 claustro
3580 2244 3826 2300 exemit.

2153 2342 2301 2394 Nam
2344 2341 2401 2393 et
2450 2336 2822 2409 quibusdam
2880 2335 3275 2391 familiaribus
3308 2336 3445 2404 hoc,
3494 2339 3827 2407 antequam

2154 2430 2520 2500 paterentur,
2545 2425 2942 2481 condixerunt
2986 2422 3314 2491 sororibus,
3348 2428 3413 2479 ut
3465 2440 3631 2490 mox,
3669 2427 3824 2496 post-

2156 2531 2343 2587 quam
2369 2515 2599 2571 Christo
2651 2514 2991 2570 coronatori
3022 2529 3135 2569 suo
3163 2513 3528 2579 assisterent,
3554 2528 3672 2585 pro
3694 2527 3821 2569 nos-

2153 2608 2245 2660 tra
2272 2603 2622 2659 liberatione
2668 2603 3115 2658 intervenirent.
3162 2605 3229 2657 Et
3278 2602 3362 2656 sic
3416 2601 3671 2673 quidem
3714 2600 3822 2656 illa:

2157 2698 2369 2749 octavo
2393 2692 2696 2748 Kalendas
2723 2691 3062 2747 Decembris
3091 2691 3397 2765 explentes
3443 2691 3827 2762 martyrium,

2158 2798 2270 2838 nos
2314 2782 2481 2837 tertio
2535 2782 2889 2837 earumdem
2946 2780 3358 2837 Kalendarum
3408 2778 3536 2835 sole
3587 2778 3829 2835 dimitti.

2157 2888 2327 2929 mur:
2354 2872 2810 2940 magniﬁcentes
2857 2876 2915 2927 et
2966 2870 3389 2926 benedicentes
3435 2885 3666 2925 nomen
3727 2870 3832 2925 Dei

2159 2962 2366 3029 nostri,
2398 2961 2504 3033 qui
2530 2961 2889 3017 confortavit
2917 2960 2980 3015 in
3024 2960 3347 3016 certamine
3376 2964 3619 3015 sanctas
3648 2960 3835 3029 virgi-

268 3118 291 3141 X
387 3053 517 3109 trioa
572 3049 813 3121 gaudiis
866 3051 1162 3141 vegetata,
1223 3044 1545 3102 subridens
1603 3044 1800 3099 retulit
1850 3044 1999 3099 mihi
2034 3061 2051 3099 :
2087 3079 2127 3135 ρ
2160 3067 2268 3108 nes
2309 3066 2451 3106 suas
2483 3050 2721 3105 Floram
2769 3057 2825 3106 et
2856 3051 3120 3115 Mariam,
3153 3054 3211 3105 et
3237 3050 3543 3116 vicerunt;
3595 3064 3835 3121 nosque

2161 3157 2270 3214 per
2293 3141 2481 3209 digna
2510 3139 2750 3195 illarum
2782 3140 2994 3195 merita
3020 3139 3291 3195 liberavit
3320 3138 3383 3193 in
3407 3153 3578 3210 pace,
3612 3138 3839 3211 quiest

2162 3230 2517 3287 benedictus
2543 3230 2604 3284 in
2636 3230 2861 3285 secula
2887 3228 3266 3284 saeculorum.
3294 3231 3507 3283 Amen.

2772 3334 3117 3390 EPISTOLA
3155 3336 3223 3389 ll.

2699 3438 2769 3478 ΑΙ)
2808 3437 3303 3478 ΒΑιυεαοτΗοηΜ.

2200 3516 2437 3570 Narrat
2459 3512 2908 3581 Baldegothoni
2934 3512 3133 3567 Florae
3158 3511 3381 3566 sororis
3404 3511 3800 3579 martyrium,

2434 3587 2864 3655 cingulumque
2898 3587 3025 3653 ejus
3056 3585 3109 3640 ei
3132 3584 3488 3639 transmittit
3518 3584 3565 3636 ιν.

2240 3677 2518 3729 Eumelus
2550 3690 2754 3728 servus
2798 3673 3013 3727 Christi
3041 3672 3414 3728 charissima
3458 3671 3521 3726 in
3572 3670 3841 3727 Domino

2166 3765 2305 3817 Jesu
2354 3762 2584 3817 Christo
2616 3761 2807 3817 sorori
2846 3766 3036 3816 nostae
3087 3764 3512 3815 BALDEGOTHONI
3547 3759 3833 3815 salutem.

2241 3852 2457 3905 Notum
2489 3850 2592 3905 tibi
2625 3850 2715 3920 sit,
2738 3850 2987 3906 domina
3009 3865 3195 3915 soror,
3216 3849 3360 3924 quia
3385 3850 3837 3906 consummavit

2170 3939 2531 4009 martyrium
2565 3939 2822 3996 suumin
2872 3956 3020 4012 pace
3056 3938 3308 3996 domina
3350 3943 3408 3994 et
3449 3938 3836 3994 sanctissima

2168 4032 2427 4101 patrona
2491 4035 2699 4084 nostra
2774 4045 2943 4085 soror
3009 4033 3112 4084 tua
3189 4029 3362 4084 Flora
3428 4031 3646 4083 octavo
3722 4030 3835 4084 Ka-

2168 4117 2382 4173 lendas
2435 4118 2797 4181 Decembris,
2857 4118 2954 4174 die
3012 4118 3179 4174 tertia
3228 4117 3395 4187 feria,
3449 4118 3603 4173 hora
3647 4133 3832 4185 nona,

2170 4224 2293 4263 una
2321 4209 2541 4281 pariter
2588 4225 2728 4263 cum
2772 4209 3053 4265 consocia
3088 4225 3199 4265 sua
3249 4208 3430 4264 beata
3458 4208 3641 4264 Maria
3671 4212 3836 4265 Cute-

2170 4296 2422 4353 clarensi
2478 4298 2757 4366 religiosa
2807 4298 2962 4369 (qua:
3018 4298 3171 4354 inter
3221 4297 3356 4353 illos
3402 4297 3635 4370 priores
3683 4314 3836 4354 mar-

2170 4390 2331 4459 tyres
2390 4387 2633 4444 fratrem
2683 4388 2744 4443 in
2797 4388 3016 4443 calum
3063 4388 3351 4460 praemisit
3405 4387 3835 4444 Walabonsum

2175 4475 2544 4549 diaconum),
2593 4482 3043 4548 perseverantes
3080 4477 3143 4532 in
3201 4482 3407 4533 sancta
3458 4476 3836 4549 professione

2172 4583 2362 4639 usque
2388 4566 2468 4623 ad
2496 4571 2774 4623 mortem.
2800 4566 2961 4634 lude,
2984 4566 3337 4623 charissima
3358 4566 3567 4637 soror,j
3577 4566 3838 4623 ubemus

2173 4664 2229 4713 te
2249 4662 2412 4713 tanta
2428 4656 2858 4712 consolationis
2873 4672 2991 4731 ope
3005 4656 3313 4713 suffultam
3332 4663 3840 4729 manere,quanta

2175 4747 2300 4801 sine
2317 4745 2502 4801 dubio
2515 4746 2814 4801 credimus
2826 4746 2957 4802 illas
2972 4746 3123 4802 inter
3139 4745 3435 4802 caelicolas
3448 4751 3505 4801 et
3518 4746 3841 4803 beatarum
3864 4783 3879 4795 .

2173 4836 2481 4905 virginum
2513 4835 2729 4890 choros
2758 4835 3079 4891 collocatas
3126 4852 3393 4909 manere,
3421 4840 3693 4893 tenentes
3724 4836 3840 4893 vic-

2175 4925 2334 4981 toriae
2364 4923 2620 4996 palmas,
2652 4925 2923 4996 quotidie
2952 4931 3091 4982 ante
3118 4926 3402 4982 thronum
3453 4924 3617 4995 agni,
3647 4925 3840 4984 canti-

2172 5030 2312 5071 cum
2342 5029 2572 5070 novum
2598 5019 2927 5084 cantantes,
2953 5021 3137 5088 atque
3160 5014 3457 5072 dicentes:
3493 5015 3726 5085 Dignus
3754 5032 3839 5087 es,

2171 5105 2422 5161 Domine
2448 5105 2600 5159 Deus
2627 5110 2851 5172 noster,
2873 5106 3143 5178 accipere
3166 5105 3420 5176 gloriam
3438 5109 3499 5162 et
3516 5106 3839 5177 honorem,

2171 5196 2316 5268 quia
2344 5195 2645 5252 redemisti
2696 5211 2811 5252 nos
2845 5195 2923 5253 de
2963 5200 3287 5269 postestate
3337 5195 3757 5264 tenebrarum,
3786 5200 3843 5252 et

2170 5301 2277 5359 per
2289 5285 2617 5355 gloriosum
2640 5286 2912 5358 martyrii
2932 5290 3229 5359 tropaeum
3256 5285 3603 5343 transtulisti
3631 5302 3752 5344 nos
3779 5287 3843 5343 in

2168 5389 2429 5445 regnum
2447 5379 2618 5431 tuum
2647 5376 2858 5446 (Apoc.
2886 5392 2942 5443 v,
2974 5381 3007 5434 9
3036 5381 3090 5433 et
3122 5375 3229 5442 10).
3262 5378 3348 5433 Tu
3388 5390 3555 5446 vero,
3581 5374 3845 5433 dilectis-

2175 5517 2478 5587 sigillatim
2508 5518 2734 5575 editum
2755 5524 2847 5574 est
2878 5519 2991 5575 sub
3019 5519 3135 5576 hoc
3158 5519 3363 5577 titulo:
3392 5521 3527 5576 Vita
3546 5525 3602 5576 et
3627 5522 3841 5577 Passio

2176 5590 2283 5645 SS.
2310 5592 2519 5664 flora?
2546 5597 2601 5647 et
2630 5593 2865 5660 Mariae)
2910 5596 2967 5646 et
2995 5592 3259 5664 Epistola
3296 5592 3622 5664 superiore,
3656 5607 3695 5648 a

2175 5661 2512 5742 utrobique,
2526 5679 2661 5742 qua;
2674 5664 3016 5742 necessaria
3030 5661 3165 5742 visa
3176 5668 3336 5742 sunt,
3350 5661 3679 5742 adnotata;
3692 5661 3818 5720 nihi

2173 5731 2273 5789 hic
2299 5731 2601 5805 reliquum
2630 5734 2740 5791 fuit
2785 5733 2954 5807 quod
2982 5734 3223 5795 scholiis
3264 5734 3579 5808 indigam.
3611 5737 3841 5796 Ioui.
