3960 6384
114 260 232 319 845

1663 250 2048 315 EPISTOL/E.

3462 268 3571 324 846

114 384 305 455 sima,
340 380 514 441 stude
536 382 725 441 vitam
752 386 922 441 tuam
951 382 1149 455 dignis
1179 386 1236 440 et
1260 385 1380 440 Deo
1399 382 1633 457 placitis
1664 397 1796 438 mo-
1829 382 1880 437 Α
1910 381 2036 450 tim,
2078 397 2216 439 cum
2266 398 2379 454 ego
2426 384 2729 459 plorarem
2756 384 2946 458 (Rom.
2979 401 3077 456 x11,
3114 391 3202 457 15,
3236 392 3294 446 et
3320 386 3391 446 II
3431 389 3569 447 Cor.

108 474 297 531 ribus
321 491 635 543 exornare,
667 473 892 548 quibus
941 474 1004 530 in
1057 479 1348 531 aeternum
1397 473 1602 531 valeas
1659 488 1799 528 cum

115 562 363 622 Christo
390 580 667 635 regnare,
698 568 753 620 et
782 564 1097 620 beatarum
1141 563 1445 634 virginum
1488 559 1800 619 consortiis

111 651 447 711 inhaerere.
481 656 560 710 De
591 656 806 710 caetero
836 652 1165 709 direximus
1196 653 1301 708 tibi
1341 669 1452 726 pro
1506 650 1801 708 memoria

114 742 495 801 venerabilis
518 742 738 800 sororis
762 747 876 799 tua;
897 742 1083 799 Florae
1110 742 1441 813 cingulum,
1465 758 1588 815 quo
1610 740 1710 796 illa
1739 739 1801 795 in

119 850 370 891 carcere
405 850 515 889 usa
547 837 653 889 est.
683 832 821 889 Vale
851 833 914 889 in
947 833 1220 904 Domino,
1243 837 1299 889 et
1328 848 1435 888 ora
1461 848 1572 905 pro
1600 828 1798 897 nobis,

117 922 491 980 charissima
512 938 703 979 soror.

744 1031 1079 1087 EPISTOLA
1122 1030 1194 1085 Ill

299 1139 374 1176 AD
404 1136 795 1177 WILIESINDUM
821 1135 1133 1177 EPISCOPUM
1177 1132 1639 1175 PAMPILONENS“

124 1211 283 1267 Cum
318 1211 384 1265 in
417 1210 683 1266 Galliam
713 1211 830 1265 iter
859 1210 1031 1265 divus
1048 1210 1346 1279 Euloyius
1364 1208 1615 1277 faceret,
1637 1205 1803 1279 apud

199 1280 370 1337 hunc
425 1283 770 1338 Antistitem
812 1282 1021 1350 fuerat
1082 1278 1443 1342 diversatus,
1502 1279 1613 1350 qui
1649 1278 1804 1332 beati

196 1355 383 1423 Zoyli
410 1356 702 1423 martyris
756 1352 1153 1409 Cordubensis
1182 1352 1257 1407 ab
1308 1366 1371 1407 eo
1398 1349 1684 1423 reliquias
1708 1363 1804 1423 pe-

196 1420 407 1481 tierat.
455 1420 606 1493 Ejus
637 1439 758 1479 suae
798 1423 1302 1494 peregrinationis
1350 1422 1662 1478 historiam
1702 1420 1800 1476 hic

196 1502 502 1562 retexens,
529 1497 818 1567 reliquias
848 1496 1024 1565 Zoyli
1053 1495 1362 1567 et'iAciscli
1384 1494 1567 1550 etiam
1604 1498 1802 1567 trans-

192 1569 414 1637 mittit,
448 1564 845 1635 calamitates,
892 1564 1042 1638 quas
1086 1566 1487 1638 Cordubensis
1541 1564 1799 1634 perpeti-

199 1645 312 1695 tur
329 1638 624 1705 Ecclesia,
646 1637 1091 1709 multorumque
1116 1637 1418 1707 martyrio
1433 1651 1740 1692 recensens
1759 1640 1799 1688 ³.

1910 488 1983 541 XI,
2005 475 2120 539 29).
2155 475 2425 549 Cumque
2466 492 2561 532 me
2599 492 2719 532 uno
2764 476 3026 533 residere
3082 475 3217 535 loco
3260 477 3573 552 multiplex

1910 557 2084 616 dolor
2108 576 2231 617 non
2264 562 2501 635 sineret,
2526 563 2700 621 libuit
2725 565 2873 621 mihi
2902 564 3038 623 loca
3064 564 3308 625 visitare
3341 572 3576 625 sancto-

1910 666 2068 720 rum,
2099 665 2223 724 quo
2243 651 2544 725 dejectum
2596 654 2849 711 summis
2881 655 3246 713 maeroribus
3296 657 3572 715 animum

1908 738 2262 797 relevarem.

1982 830 2035 885 2.
2058 833 2123 887 Et
2150 832 2414 890 maxime
2461 832 2636 891 libuit
2657 833 2823 891 adire
2851 835 3013 892 beati
3041 835 3342 895 Zachariae
3375 852 3575 912 ascys-

1914 919 2148 986 terium,
2169 934 2192 962 ο
2215 922 2382 994 quod
2404 922 2583 980 situm
2611 923 2689 981 ad
2713 924 2951 982 radices
2978 926 3279 983 montium
3307 924 3576 1000 Pyrena-

1912 1024 2090 1065 orum
2118 1010 2179 1065 in
2211 1011 2471 1085 prtefatae
2503 1013 2704 1070 Galliae
2730 1014 3009 1088 portariis
3040 1014 3142 1089 (7),
3166 1015 3391 1089 quibus
3437 1020 3577 1074 Ara-

1914 1111 2025 1166 gus
2050 1096 2281 1156 ﬂumen
2309 1101 2527 1174 oriens,
2561 1101 2775 1176 rapido
2799 1120 2979 1160 cursu
3008 1103 3285 1163 Seburim
3318 1109 3375 1162 et
3404 1106 3577 1163 Pam-

1910 1187 2181 1260 pilonam
2251 1189 2528 1262 irrigans,
2602 1193 2768 1249 amni
2847 1193 3145 1251 Cantabro
3205 1194 3574 1264 infunditur;

1911 1277 2080 1351 quod
2109 1278 2528 1336 famosissimis
2557 1281 2618 1337 in
2638 1283 3055 1341 exercitatione
3075 1283 3367 1355 regularis
3396 1283 3577 1342 disci-

1910 1364 2090 1439 plinae
2112 1367 2321 1424 studiis
2350 1368 2725 1437 decoratum,
2756 1373 2880 1427 toto
2914 1371 3252 1443 refulgebat
3300 1371 3575 1430 occiduo.

1912 1454 2025 1510 Sed
2055 1460 2141 1527 tu,
2167 1461 2361 1529 pater,
2384 1459 2567 1529 juvas
2614 1457 3021 1529 anhelantem,
3071 1466 3127 1518 et
3157 1459 3405 1518 salutari
3434 1475 3579 1518 oon-

1914 1544 2073 1600 sultu
2100 1545 2345 1602 instruis
2379 1546 2726 1616 abeuntem,
2757 1548 2982 1623 pioque
3010 1548 3264 1607 fratrum
3295 1550 3583 1607 comitatu

1915 1635 2079 1690 foves
2105 1644 2473 1708 pergentem.
2499 1638 2670 1694 Prius
2705 1643 2909 1696 autem
2943 1655 3132 1713 quam
3180 1637 3261 1696 ad
3297 1638 3582 1696 eumdem

194 1728 711 1783 Reverentissimo
740 1732 797 1783 et
823 1725 1205 1782 sanctissimo
1228 1724 1329 1781 Dei
1370 1722 1665 1788 ministro.
1699 1723 1805 1780 do-
1838 1739 1883 1793 Β
1912 1720 2117 1778 locum
2138 1723 2511 1798 accederem,
2541 1726 2746 1799 plures
2789 1726 2955 1800 apud
2987 1727 3066 1800 (8)
3098 1730 3427 1799 Legerense
3457 1743 3586 1785 mo-

119 1815 306 1873 mino
338 1821 395 1872 et
423 1816 573 1873 Patri
622 1833 758 1873 meo
797 1819 1137 1872 WILIESINDO
1177 1819 1279 1885 (1),
1324 1812 1803 1887 Pampilonensis

120 1905 302 1962 sedis
333 1906 642 1978 episcopo,
675 1908 960 1961 EULocius
989 1903 1305 1978 presbyter
1326 1903 1601 1960 salutem.

208 1998 264 2051 l.
301 1994 476 2061 Olim,
502 1998 578 2067 ('2)
618 1993 967 2050 beatissime
1016 2009 1200 2066 papa,
1240 2009 1379 2049 cum
1421 1991 1553 2049 dira
1604 1991 1805 2048 saeculi

122 2082 403 2150 fortuna,
436 2100 572 2157 quae
606 2083 816 2140 fratres
846 2098 1014 2138 meos
1047 2082 1335 2139 Alvarum
1362 2086 1418 2137 et
1445 2080 1748 2137 Isidorum
1769 2096 1806 2137 a

124 2172 386 2247 genitali
416 2172 548 2229 solo
579 2172 911 2235 abducens,
942 2187 1093 2244 pene
1143 2170 1204 2226 in
1234 2169 1541 2227 ulteriores
1565 2173 1805 2240 Togataa

126 2261 346 2320 Gallite
364 2270 396 2309 b
414 2265 615 2336 partes
646 2261 811 2334 apud
831 2261 907 2333 (3)
951 2259 1347 2317 Hludovicum
1370 2276 1573 2331 regem
1607 2261 1810 2332 Bajoa-

125 2354 239 2409 riae
273 2350 555 2409 exsulare
583 2349 761 2419 fecit;
796 2367 933 2407 cum
971 2367 1066 2406 me
1100 2350 1278 2406 etiam
1305 2355 1549 2425 propter
1579 2367 1682 2406 eos
1724 2348 1810 2405 di-

126 2460 350 2499 versas
375 2441 544 2498 adire
572 2442 869 2511 regiones,
902 2443 958 2496 et
1005 2441 1213 2509 ignota
1252 2439 1556 2497 laboriosa
1598 2439 1810 2496 itinera

112 2524 345 2589 Vsubire
378 2530 761 2604 compelleret
791 2529 1109 2603 (quoniam
1158 2530 1375 2603 stipata
1420 2528 1810 2604 praedonibus

127 2622 259 2691 via,
306 2621 382 2693 (4)
420 2626 476 2678 et
504 2618 789 2676 funeroso
826 2618 1144 2693 quondam
1170 2619 1508 2676 Willihelmi
1552 2626 1673 2676 tota
1706 2621 1813 2676 Go-

129 2713 271 2770 thia
292 2711 645 2784 perturbata
667 2715 793 2766 erat
822 2709 1089 2780 incursu,
1119 2710 1226 2782 qui
1273 2709 1599 2765 adversum
1641 2711 1815 2766 Caro-

126 2804 272 2859 lum
302 2816 507 2871 regem
531 2802 901 2857 Francorum
926 2816 996 2855 eo
1037 2804 1307 2871 tempore
1353 2798 1576 2856 auxilio
1627 2798 1812 2855 fretus

133 2890 749 2961 Habdarragbmanis
824 2890 984 2959 regis
1064 2889 1356 2959 Arabum,
1424 2888 1812 2962 tyrannidem

131 2996 358 3052 agens,
390 2979 550 3036 invia
603 2984 657 3035 et
687 2978 1002 3035 inadibilia
1048 2984 1266 3034 cuncta
1315 2977 1684 3050 reddiderat)
1735 2976 1813 3034 ad

131 3075 348 3146 partes
399 3068 891 3141 Pampilonenses
948 3066 1240 3139 diversus,
1291 3072 1650 3141 putaveram
1715 3082 1813 3122 me
1846 3096 1887 3153 Ο

132 3160 288 3217 inde
316 3159 431 3215 cito
474 3158 876 3229 migraturum
904 3155 999 3229 [5).
1051 3156 1166 3213 Sed
1209 3157 1342 3228 ipsa
1390 3157 1628 3226 iterum,
1675 3171 1812 3229 quae

140 3247 572 3322 Pampilonem
624 3253 682 3303 et
710 3245 1026 3303 Seburicos
1056 3244 1271 3301 limitat
1317 3244 1504 3301 Gallia
1544 3246 1811 3311 Comata,

140 3339 209 3394 in
238 3335 545 3394 excidium
575 3335 845 3409 przedicti
877 3334 1071 3391 Caroli
1120 3333 1602 3389 contumaciores
1633 3332 1816 3389 cervi-

141 3444 247 3485 ces
280 3428 357 3498 (6)
410 3425 770 3481 tactionibus
803 3423 1036 3480 comitis
1088 3423 1283 3479 Sancii
1334 3423 1647 3479 Sancionis
1703 3422 1814 3477 eri-

144 3533 321 3589 gens,
366 3518 575 3571 contra
609 3513 709 3585 jus
745 3513 979 3587 praefati
1003 3511 1292 3585 principis
1321 3511 1587 3577 veniens,
1622 3514 1814 3566 totum

139 3603 300 3662 illud
321 3603 606 3659 obsidens
637 3603 762 3669 iter,
807 3602 1076 3658 immane
1110 3600 1443 3673 periculum
1473 3616 1815 3655 commean-

137 3694 308 3750 tibus
342 3691 673 3762 ingerebat.
728 3693 808 3747 Eo
849 3696 1119 3763 tempore
1168 3704 1459 3759 magnam
1499 3687 1648 3744 mihi
1679 3704 1816 3744 con-

144 3781 512 3839 solationem
554 3778 863 3836 Beatitudo
893 3782 1017 3837 Tua
1045 3780 1105 3834 in
1149 3779 1287 3851 ipsa
1335 3777 1815 3852 peregrinatione

140 3862 437 3929 exhibuit.
467 3872 537 3926 Et
568 3886 707 3926 vere
739 3868 962 3924 summi
1007 3868 1281 3937 magistri
1321 3873 1537 3940 typum
1580 3883 1811 3937 gerens,

141 3966 203 4019 et
235 3961 298 4016 in
345 3959 592 4051 veritate
618 3959 749 4031 ejus
789 3959 1104 4031 praeceptis
1137 3957 1447 4025 obediens,
1480 3972 1603 4013 non
1634 3955 1818 4012 distu-

138 4048 263 4107 listi
290 4045 553 4121 hospitio
578 4062 871 4113 recreare,
894 4062 1080 4120 quem
1117 4046 1224 4101 tibi
1250 4062 1396 4102 vera
1443 4045 1701 4102 charitas
1732 4046 1818 4099 Je-

144 4155 219 4196 su
293 4136 506 4194 Christi
591 4135 1146 4204 commendaverat,
1214 4135 1507 4191 dicentis:
1585 4135 1815 4203 Hospes

142 4244 335 4295 eram,
369 4231 425 4284 et
455 4227 779 4297 collegistis
808 4240 902 4283 me
932 4223 1176 4296 (Matth.
1210 4240 1343 4293 xxv,
1397 4224 1508 4295 35).
1564 4227 1651 4280 Ita
1697 4224 1816 4279 the-

144 4333 362 4375 sauros
423 4315 775 4372 meritorum
834 4313 1000 4388 apud
1037 4317 1271 4386 patrem
1318 4313 1381 4369 in
1425 4312 1591 4368 caelis
1642 4312 1814 4369 collo-

144 4421 286 4465 care
317 4404 587 4474 studens,
620 4403 852 4478 praebes
884 4403 1225 4459 necessaria
1283 4401 1600 4471 destitutis,
1650 4401 1814 4458 foves

143 4494 376 4566 omnia,
421 4494 704 4551 universa
758 4493 1002 4562 tuteris;
1061 4492 1215 4551 adeo
1272 4497 1337 4548 ut
1362 4492 1425 4547 in
1454 4490 1555 4547 illo
1606 4491 1814 4550 exsilio

143 4601 286 4644 meo
311 4583 459 4641 nihil
488 4587 706 4658 printer
753 4581 1147 4640 affectuosam
1177 4581 1635 4655 peregrinorum
1690 4581 1812 4639 fra-

146 4679 308 4733 trum
350 4679 406 4731 et
455 4672 753 4730 destitutae
800 4671 1044 4729 familiae
1100 4670 1487 4745 praesentiam
1546 4670 1812 4745 suspira-

145 4781 297 4823 rem.
326 4763 641 4835 Lugebam
692 4777 806 4833 ego
858 4777 1042 4835 saepe,
1099 4761 1204 4817 sed
1236 4767 1320 4829 tu,
1349 4765 1540 4835 pater,
1572 4761 1813 4818 assidue

146 4852 562 4913 consolabaris
610 4854 1004 4920 maerentem;
1069 4849 1296 4907 ﬂebam
1360 4849 1643 4919 multum,
1706 4850 1813 4906 sed

143 4949 212 5002 tu
298 4945 403 5017 pia
488 4941 917 5016 compassione
1013 4940 1328 4999 relevabas
1418 4944 1810 5013 prostratum.

145 5031 655 5106 Quandoquidem
719 5034 892 5103 juxta
949 5030 1296 5103 apostolum
1350 5045 1591 5086 mecum
1647 5029 1812 5085 inﬁr-

144 5122 436 5193 mabaris,
468 5136 712 5178 mecum
751 5119 1106 5191 tristabaris,
1142 5118 1600 5193 plangebasque
1632 5118 1811 5176 uber-

211 5253 235 5280 ⁸
258 5246 486 5325 'i‘itulos
516 5246 580 5303 in
603 5246 730 5325 hac
742 5249 800 5303 et
847 5245 914 5325 in
939 5245 1165 5325 caeteris
1203 5243 1490 5325 epistolis,
1519 5243 1810 5325 quemadf

143 5319 404 5379 modum
450 5319 512 5375 in
552 5317 735 5390 veteri
782 5318 988 5374 codice
1026 5316 1288 5381 fuerunt,
1334 5316 1707 5390 reliquimus.
1743 5318 1811 5372 Et

143 5394 241 5450 hic
270 5392 368 5471 ille
410 5389 791 5471 Wiliesindus
833 5390 1155 5471 episcopus
1196 5395 1286 5471 est
1328 5386 1501 5471 cujus
1548 5386 1808 5471 multam

143 5463 519 5523 mentionem
548 5463 688 5519 facit
709 5458 899 5532 lnigui
924 5458 1131 5533 Aristus
1148 5460 1306 5532 regis
1331 5458 1622 5533 diploma,
1642 5458 1810 5533 quod

140 5537 203 5594 in
235 5540 644 5617 Navarrorpm
675 5530 1317 5617 HistoriauGaribaXus
1362 5530 1683 5617 apposuit?
1731 5530 1809 5587 de

145 5623 269 5683 quo
298 5609 361 5665 in
394 5606 687 5663 Nunilone
716 5610 775 5662 et
800 5604 1014 5662 Alodia
1035 5605 1164 5677 jam
1192 5604 1478 5659 diximus.
1508 5605 1733 5659 MORLL.

153 5751 173 5759 _
215 5679 594 5759 st‘isalpina
624 5676 1012 5759 Gallite_pars
1058 5692 1219 5759 quae_
1244 5675 1445 5759 italiae.
1484 5674 1810 5759 copjuncta

145 5751 279 5826 fuit,
298 5744 525 5823 Togata
537 5749 675 5808 ideo
699 5744 1032 5821 dicebatur,
1056 5744 1225 5822 quod
1251 5747 1404 5822 togis
1429 5744 1814 5820 incolasque-

1911 1812 2244 1868 nasterium
2266 1829 2657 1871 commorans
2684 1813 2836 1887 dies,
2877 1816 3218 1889 praecipuos
3264 1817 3329 1873 in
3373 1815 3478 1873 Dei
3520 1815 3587 1874 ti-

1914 1914 2084 1957 more
2109 1901 2273 1957 viros
2301 1901 2529 1959 ibidem
2566 1918 2814 1960 manere
2865 1904 3143 1976 cognovi.
3190 1904 3413 1962 Deinde
3464 1905 3587 1965 alia

1917 1993 2097 2062 atque
2156 1989 2274 2047 alia
2326 1991 2461 2048 loca
2497 2008 2854 2067 peragrans,
2904 1993 3153 2051 tandem
3201 1994 3406 2052 divino
3456 2009 3588 2052 mu.

1915 2093 2057 2135 nere
2084 2079 2163 2135 ad
2190 2077 2338 2136 illud
2367 2081 2536 2153 quod
2582 2082 2802 2154 saepius
2857 2081 3280 2141 desiderabam
3330 2083 3585 2158 perveni

1918 2168 2282 2225 coenobium.
2314 2170 2574 2226 Praeerat
2620 2170 2847 2245 quippe
2896 2171 2949 2227 ei
2974 2175 3120 2228 tunc
3161 2171 3455 2230 Odoarius
3483 2172 3587 2229 ab-

1918 2257 2087 2327 basd,
2113 2272 2369 2314 summae
2399 2259 2728 2316 sanctitatis
2758 2276 3120 2335 magnaeque
3172 2261 3433 2320 scientiae
3472 2261 3583 2331 vir,

1920 2347 2046 2420 qui,
2122 2346 2278 2404 ultra
2350 2363 2541 2421 quam
2618 2349 2824 2406 referri
2899 2355 3129 2423 potest,
3215 2367 3328 2409 nos
3405 2350 3587 2424 digne

1921 2435 2274 2509 suscipiens,
2317 2453 2564 2494 omnem
2622 2452 2765 2509 erga
2790 2454 2906 2496 nos
2932 2439 3378 2498 humanitatem
3424 2440 3589 2498 exhi-

1921 2524 2070 2582 buit.

1995 2618 2048 2671 3.
2068 2614 2137 2670 In
2158 2614 2258 2671 illo
2289 2616 2506 2672 etenim
2556 2616 2747 2674 beatae
2778 2618 3262 2690 congregationis
3307 2616 3585 2691 collegio,

1923 2703 2091 2777 quod
2110 2714 2133 2740 °
2163 2720 2317 2778 pene
2342 2705 2754 2763 centenarium
2773 2723 3099 2765 numerum
3123 2708 3473 2780 excedebat,
3493 2722 3593 2765 ve-

1923 2793 2031 2849 luti
2062 2793 2260 2850 sidera
2286 2794 2440 2866 coeli,
2476 2793 2574 2851 alii
2601 2795 2851 2869 quidem
2900 2796 3007 2869 sic,
3039 2798 3235 2855 caeteri
3288 2812 3433 2856 vero
3480 2796 3589 2869 sic,

1925 2882 2176 2938 diversis
2208 2884 2559 2940 meritorum
2590 2885 2905 2942 virtutibus
2929 2885 3295 2945 emicabant.
3316 2886 3595 2944 Florebat

1924 2971 1986 3027 in
2015 2970 2322 3028 nonnullis
2350 2972 2617 3045 perfecta
2648 2973 2909 3032 charitas
2958 2975 3193 3047 Christi,
3251 2992 3391 3050 quae
3427 2975 3590 3033 fm'is

1925 3061 2102 3117 mittit
2123 3062 2397 3117 timorem
2420 3080 2433 3130 ;
2457 3061 2779 3136 plerosque
2828 3063 2950 3121 alta
2978 3064 3239 3121 culmine
3271 3065 3595 3123 extollebat

1923 3150 2254 3220 humilitas,
2283 3166 2407 3223 qua
2433 3166 2564 3206 sese
2596 3153 3019 3225 unusquisque
3060 3153 3300 3226 juniore
3344 3152 3593 3211 inferior

1922 3244 2233 3313 reputans,
2287 3239 2613 3296 imitatores
2653 3246 3096 3315 praeceptorum
3146 3243 3249 3300 Dei
3293 3242 3427 3300 ﬁeri
3454 3257 3595 3300 con-

1925 3330 2273 3386 tendebant.
2305 3328 2466 3386 Multi
2488 3329 2691 3401 etiam,
2725 3346 2863 3387 cum
2896 3335 3095 3389 essent
3119 3348 3371 3406 corpore
3402 3333 3594 3390 imbe-

1928 3418 2115 3491 cilles,
2144 3417 2359 3474 virtute
2384 3423 2587 3474 tamen
2617 3420 3135 3489 magnanimitatis
3165 3421 3430 3492 subnixi,
3470 3421 3596 3481 ala-

1928 3508 2220 3565 crioribus
2247 3509 2463 3565 animis
2476 3509 2533 3564 in
2537 3510 2817 3580 junctum
2834 3509 3192 3568 exercebant
3208 3513 3592 3588 obsequium.

1927 3599 2017 3653 Sic
2047 3615 2290 3672 quoque
2321 3598 2382 3654 in
2409 3599 2647 3672 aliquos
2675 3600 3082 3674 principatum
3114 3619 3294 3659 suum
3309 3601 3596 3660 obedien-

1927 3688 2009 3744 tia
2023 3690 2177 3760 (quae
2201 3688 2476 3744 omnium
2498 3688 2785 3745 virtutum
2808 3691 3103 3761 magistra
3120 3693 3231 3765 est)
3250 3692 3592 3763 vindicans,

1930 3794 2073 3833 suos
2101 3793 2226 3832 non
2275 3777 2616 3850 patiebatur
2641 3784 3023 3837 exsecutores
3053 3779 3452 3851 degenerare;
3484 3781 3595 3838 sed

1929 3884 2114 3940 supra
2140 3866 2298 3923 vires
2324 3867 2582 3938 grandia
2619 3882 2894 3924 exercere
2945 3869 3367 3942 compellebat,
3413 3885 3595 3943 quos-

1927 3972 2165 4029 cunque
2220 3972 2333 4012 suo
2386 3971 2638 4012 munere
2690 3955 3111 4015 illustraverat.
3173 3959 3595 4032 Operabantur

1927 4063 2142 4105 omnes
2173 4048 2483 4117 certatim;
2516 4047 2665 4105 alter
2711 4048 2970 4106 alterum
3035 4050 3322 4119 invitans,
3353 4057 3595 4111 conten-

1927 4136 2110 4193 debat
2137 4137 2501 4209 praecellere.
2545 4138 2895 4209 Augebatur
2944 4140 3205 4197 invicem
3258 4143 3442 4201 ardor
3472 4144 3597 4219 pla-

1929 4226 2104 4282 cendi
2130 4228 2247 4282 Deo
2280 4230 2337 4283 et
2364 4226 2674 4291 fratribus,
2693 4232 2749 4285 et
2776 4229 3201 4304 unusquisque
3220 4233 3482 4308 propriae
3506 4250 3597 4293 ar-

1924 4315 1999 4371 tis
2019 4313 2383 4371 industriam
2410 4315 2488 4373 ad
2512 4332 2901 4375 communem
2940 4321 3278 4392 profectum
3311 4323 3595 4382 exercita-

1924 4406 2049 4463 bat.
2088 4406 2461 4464 Exercebant
2517 4406 2616 4464 alii
2668 4408 3128 4481 peregrinorum
3183 4416 3240 4469 et
3283 4413 3594 4488 hospitum

1925 4495 2270 4566 diligentius
2300 4512 2534 4563 curam,
2564 4502 2642 4566 et,
2679 4498 2861 4573 quasi
2900 4498 3224 4558 declinanti
3255 4502 3484 4561 Christo
3514 4502 3595 4561 ad

1925 4585 2188 4657 hospitia
2207 4601 2440 4654 eorum,
2471 4585 2758 4642 omnibus
2804 4587 3275 4645 adventantibus
3300 4590 3594 4648 obsecun-

1925 4673 2174 4730 dabant.
2201 4675 2351 4730 Cum
2368 4689 2514 4730 vero
2553 4678 2633 4731 tot
2655 4680 2877 4743 essent,
2926 4672 3135 4731 nullus
3175 4692 3589 4745 murmurans,

1924 4772 2107 4819 nemo
2128 4776 2422 4831 arrogans
2468 4762 2771 4820 intererat.
2803 4763 3138 4821 Studebant
3167 4765 3366 4822 cuncti
3416 4766 3590 4824 silen-

1925 4851 2026 4921 tio,
2067 4856 2381 4924 totamque
2432 4867 2543 4925 per
2591 4856 2831 4908 noctem
2886 4851 3117 4908 furtivis
3164 4854 3450 4928 precibus
3502 4857 3591 4915 in-

1925 4941 2302 5010 cumbentes,
2331 4944 2700 4998 nocturnum
2726 4939 2917 4998 chaos
2940 4942 3218 5014 pervigili
3248 4945 3589 5005 meditatio-

1922 5046 1999 5087 ne
2027 5029 2386 5101 vincebant;
2420 5044 2649 5101 magna
2684 5044 2750 5085 se
2798 5029 3333 5107 circumspectione
3356 5035 3590 5096 vallan-

1922 5124 2033 5189 tes,
2063 5134 2139 5175 ne
2166 5118 2498 5176 Psalmistae
2528 5118 2959 5176 denotarentur
3008 5123 3291 5195 oraculis,
3322 5126 3428 5200 qui
3455 5126 3540 5186 ait
3570 5142 3586 5185 :

1920 5242 2323 5373 ἓεῇῗὲῗξω
2352 5243 2628 5311 Romani,
2658 5246 2987 5302 uterentur.
3018 5246 3171 5317 Plin,
3199 5249 3305 5307 lib.
3338 5264 3420 5323 ui,
3448 5264 3585 5327 cap.

1993 5419 2017 5448 ο
2046 5386 2314 5464 Diximus
2350 5385 2428 5445 de
2458 5386 2925 5464 hoc__vocabulo
2970 5390 3160 5448 schol.
3220 5390 3284 5448 in
3326 5391 3585 5464 Fuerat,

1920 5458 2025 5516 lib.
2058 5474 2077 5512 ι
2102 5460 2368 5522 Memor.,
2411 5474 2472 5514 n.
2498 5463 2555 5515 2.
2586 5461 2807 5517 Momm.

1992 5545 2021 5586 ιι
2052 5532 2200 5608 Sunt
2249 5530 2357 5602 qui
2408 5529 2615 5608 dicant
2648 5529 2836 5608 hujus
2874 5531 3132 5608 abbatis
3185 5547 3249 5608 se
3297 5534 3587 5608 quaedam

1922 5600 2216 5679 opuscula
2241 5600 2463 5657 excusa
2485 5600 2920 5679 vidisseJCerte
2949 5600 3467 5679 Trithemius'ejus
3494 5607 3588 5665 in.

1921 5673 2008 5730 ter
2036 5674 2354 5745 scriptores
2379 5673 2815 5732 ecclesiasticos
2849 5689 2974 5731 non
3004 5676 3296 5736 meminit.
3324 5673 3403 5736 ns.

1992 5754 2020 5783 ³
2048 5744 2271 5803 Schot..
2301 5745 2461 5803 bene.

1992 5754 2020 5783 ³
2048 5754 2247 5803 Sonat.
2256 5784 2271 5811 ,
2301 5754 2461 5804 bene.
