3960 6394
412 230 516 284 847

1606 226 1663 281 S.
1692 220 1975 278 EULOGII
2004 217 2330 277 ARCHIEP.
2363 223 2617 280 TOLET.

3732 234 3837 290 848

412 353 803 409 Dormierunt
844 364 1113 406 somnum
1164 364 1357 414 suum,
1400 355 1456 406 et
1504 347 1662 404 nihil
1702 349 2062 403 invenerunt
2092 344 2142 398 A
2168 345 2387 417 raptim
2416 363 2524 419 per
2547 347 2893 419 Segontiam
2923 349 3222 406 transiens
3255 350 3574 422 civitatem,
3605 352 3670 409 in
3711 370 3838 428 qua

414 443 600 514 (Psal.
630 457 799 505 Lxxv,
829 441 905 511 6).

482 534 536 587 4.
569 529 683 586 Sed
706 527 853 602 quid
882 527 1098 583 referre
1128 527 1201 581 de
1237 531 1585 583 sanctorum
1616 524 1932 581 virtutibus
1958 522 2066 579 lin-

410 638 532 694 gua
562 624 755 694 potest
805 618 1094 686 mortalis,
1142 617 1248 691 qui
1278 619 1340 674 in
1372 618 1538 674 terris
1588 617 1766 691 positi
1798 614 2065 687 angelice

408 710 681 781 degunt?
710 712 766 763 et
789 705 916 780 qui,
946 706 1082 762 licet
1109 706 1261 762 inter
1287 707 1562 763 homines
1613 709 2062 775 conversentur,

404 798 785 873 propositum
832 812 974 852 vero
1038 801 1251 866 gerunt
1304 797 1587 853 cmleste?
1638 797 1787 852 Cum
1839 794 2062 868 quibus

402 887 719 961 paululum
753 902 1165 953 commorans,
1198 903 1337 942 cum
1386 887 1464 942 ab
1514 886 1598 941 eis
1630 885 1843 942 vellem
1874 885 2061 940 disce-

401 978 562 1047 dere,
595 992 809 1033 omnes
842 975 973 1032 solo
999 980 1317 1048 proruunt,
1348 993 1457 1049 pro
1488 992 1550 1031 se
1575 991 1822 1032 exorare
1848 975 2063 1047 depos-

401 1070 560 1135 cunt,
585 1071 642 1123 et
662 1083 767 1123 cur
796 1071 921 1123 tam
961 1068 1076 1122 cito
1109 1082 1144 1123 a
1206 1083 1302 1122 me
1334 1067 1770 1133 desererentur,
1804 1063 2060 1138 supplici

396 1173 574 1231 prece
626 1155 1172 1229 conquerebantur.
1233 1155 1559 1212 Praestabat
1617 1155 1845 1228 quippe
1916 1160 2058 1211 tunc

396 1246 546 1302 mihi
611 1246 1002 1304 charissimus
1058 1244 1217 1301 ﬁlius
1245 1252 1266 1274 '
1326 1261 1497 1301 meus
1552 1244 2059 1301 Theodemundus

396 1336 692 1392 diaconus
723 1336 1100 1400 comitatum,
1144 1335 1249 1408 qui
1279 1334 1358 1391 ab
1389 1334 1635 1391 exordio
1686 1334 1909 1391 itineris
1939 1333 2057 1390 mei

397 1442 590 1497 usque
636 1425 698 1480 in
744 1424 1020 1480 ultimum
1078 1424 1614 1480 inconvulsibiliter
1663 1424 2055 1481 contubernio

395 1531 534 1570 meo
558 1514 889 1581 cohaerens,
923 1530 1164 1569 mecum
1196 1513 1373 1569 totius
1396 1514 1748 1570 discrimina
1776 1513 1938 1569 illius
1954 1529 2053 1587 pe-

394 1601 818 1672 regrinationis
852 1601 1122 1658 confecit.
1168 1603 1665 1673 Regredientibus
1701 1618 1843 1673 ergo
1874 1603 2051 1658 nobis

2175 440 2315 491 tunc
2344 437 2735 507 praesulatum
2759 439 3002 510 gerebat
3029 441 3119 495 vir
3148 441 3653 513 prudentissimus
3682 443 3834 500 Sise-

2172 525 2462 579 mundus.
2496 529 2736 595 Et,cum
2766 528 2844 583 ab
2866 528 3122 584 antistite
3154 529 3560 602 Complutensi
3586 532 3832 591 Venerio

2173 613 2353 684 digne
2381 617 2734 689 susciperer,
2770 620 2880 690 (l2)
2902 622 3038 691 post
3063 619 3344 691 quintum
3374 620 3535 676 diem
3557 621 3833 678 Toletum

2171 705 2406 775 reverti,
2435 706 2539 761 ubi
2567 707 2767 763 adhuc
2811 708 3112 778 vigentem
3144 709 3595 767 sanctissimum
3626 727 3831 767 senem

2170 797 2466 862 nostrum,
2500 795 2764 851 faculam
2799 797 3048 869 Spiritus
3082 799 3294 865 sancti,
3320 804 3376 854 et
3399 798 3712 856 lucernam
3743 805 3829 857 to-

2171 881 2285 936 tius
2325 882 2616 956 Hispaniae
2640 888 2752 957 (13)
2786 886 3215 941 Wistremirum
3244 886 3640 960 episcopumd
3669 905 3831 945 com-

2168 972 2317 1043 peri,
2346 973 2520 1044 cujus
2548 974 2681 1029 vitae
2713 976 3022 1045 sanctitas,
3052 980 3244 1032 totum
3265 977 3474 1032 orbem
3502 977 3828 1042 illustrans,

2168 1059 2458 1116 hactenus
2483 1062 2794 1120 honestate
2834 1080 3072 1120 morum
3114 1064 3408 1138 celsisque
3453 1068 3675 1123 meritis
3725 1085 3828 1124 ca-

2167 1150 2455 1207 tholicum
2498 1168 2741 1224 gregem
2784 1155 3025 1211 refovet.
3077 1155 3266 1212 Multis
3319 1157 3482 1229 apud
3530 1174 3669 1214 eum
3703 1158 3832 1214 die-

2163 1239 2280 1295 bus
2335 1240 2633 1312 degimus,
2666 1244 2919 1318 ejusque
2951 1244 3223 1316 angelico
3267 1246 3662 1302 contubernio
3700 1246 3828 1303 has-

2166 1329 2373 1386 simus.

2235 1422 2287 1474 8.
2324 1422 2593 1493 Cumque
2633 1421 2695 1477 in
2722 1420 2975 1478 domum
3012 1439 3107 1478 me
3162 1439 3562 1493 revocassem,
3611 1429 3828 1481 cuncta

2162 1505 2489 1564 incolumia
2514 1511 2726 1582 reperi,
2759 1511 3105 1580 genitricem
3146 1512 3368 1568 scilicet
3399 1513 3697 1587 binasque
3730 1530 3826 1569 so-

2162 1612 2350 1664 rores,
2384 1604 2441 1653 et
2470 1599 2749 1655 ultimum
2780 1606 3130 1657 nostrorum
3172 1602 3449 1657 omnium
3498 1608 3669 1659 aitate
3727 1604 3825 1659 Jo-

395 1692 668 1764 praebent
696 1690 1076 1747 sodalitatem
1103 1690 1296 1747 abbas
1327 1690 1421 1747 ille
1454 1690 1809 1747 venerabilis
1862 1690 2052 1747 Odoa—
2082 1700 2124 1754 Β
2165 1686 2335 1758 seph,
2368 1688 2481 1758 (14)
2507 1704 2689 1760 quem
2719 1705 2878 1745 saeva
2908 1691 3146 1762 tyranni
3194 1690 3528 1761 indignatio
3563 1708 3635 1747 eo
3684 1696 3827 1748 tem-

394 1782 538 1849 rius,
568 1785 623 1836 et
650 1782 914 1836 Joannes
943 1780 1300 1853 praepositus
1319 1782 1364 1844 ι),
1410 1796 1518 1854 per
1546 1785 1736 1837 totum
1768 1797 1959 1853 usque
1989 1781 2052 1837 in

400 1886 723 1943 vesperum
752 1870 913 1925 diem
945 1869 1315 1942 colloquium
1369 1870 1442 1925 de
1489 1870 1706 1925 divinis
1737 1871 2053 1942 Scripturis

402 1965 692 2031 gerentes.
742 1960 835 2017 Sic
888 1975 1131 2033 quoque
1175 1959 1253 2014 ab
1309 1959 1587 2015 invicem'
1619 1960 1775 2016 datis
1833 1961 2052 2017 osculis

390 2049 787 2118 discedentes,
832 2049 912 2105 ad
976 2052 1054 2112 te,
1101 2048 1369 2120 apostolo
1428 2049 1550 2119 Dei,
1606 2065 1637 2104 e
1685 2050 1933 2120 vestigio
1958 2068 2050 2107 re-

389 2139 769 2212 pedavimus,
851 2138 1025 2210 cujus
1096 2137 1521 2194 informatione
1603 2143 1770 2196 tanta
1858 2140 2051 2196 hono-

389 2229 470 2285 ris
495 2228 943 2285 venerabilitate
975 2226 1053 2283 ab
1097 2226 1214 2282 illis
1265 2228 1541 2299 patribus
1594 2228 1781 2301 excipi
1837 2231 2052 2287 merui-

388 2336 547 2376 mus.

462 2416 513 2468 5.
561 2410 743 2482 Igitur
795 2423 936 2465 cum
966 2407 1280 2481 proprium
1333 2407 1592 2464 revisere
1639 2424 1877 2474 arvum,
1934 2410 2047 2483 piae

388 2501 597 2558 matris
648 2497 946 2555 Elisabeth
1002 2514 1109 2553 seu
1138 2513 1413 2553 sororum
1470 2498 1731 2553 duarum
1785 2499 1963 2556 Niolae
1993 2506 2051 2557 et

387 2590 726 2660 Anullonis,
752 2586 1131 2661 juniorisque
1175 2586 1369 2643 fratris
1424 2587 1648 2660 Joseph
1677 2605 1922 2659 urgerer
1964 2589 2048 2645 af-

388 2681 582 2747 fectu;
607 2678 772 2749 cogis
797 2681 863 2733 ut
886 2675 1087 2732 adhuc
1130 2691 1502 2739 remaneam,
1536 2692 1647 2732 nec
1699 2677 1843 2733 sinis
1880 2678 2045 2734 abire

386 2768 767 2821 maerentem.
802 2761 916 2818 Sed
950 2765 1205 2832 utroque
1250 2759 1488 2816 vulnere
1533 2777 1888 2833 percussum
1942 2779 2046 2819 cor

387 2870 596 2910 meum
622 2856 688 2908 tu
714 2852 841 2923 jam
866 2849 1095 2906 mederi
1119 2864 1243 2905 non
1272 2856 1537 2922 poteras,
1586 2851 1682 2906 cui
1712 2856 1768 2907 et
1792 2853 2046 2925 peregri-

387 2943 552 2999 natio
582 2942 839 2999 fratrum
895 2943 952 2995 et
997 2938 1287 2994 desolatio
1333 2939 1801 2995 domesticorum
1848 2942 2045 3013 quoti-

2161 1791 2307 1848 pore
2329 1792 2365 1831 a
2388 1776 2730 1850 principatu
2760 1778 3077 1849 dejecerat.
3134 1779 3390 1852 Suscipit
3436 1780 3827 1852 peregrinum

2162 1883 2341 1921 suum
2372 1866 2657 1923 destituta
2690 1868 2938 1939 familia,
2972 1875 3029 1925 et
3050 1869 3224 1943 quasi
3253 1886 3284 1925 e
3324 1869 3600 1942 sepulcro
3633 1871 3825 1927 susci-

2162 1959 2351 2010 tatum
2377 1954 2719 2011 laetantibus
2740 1957 2960 2012 animis
2980 1958 3203 2028 gaudet
3229 1958 3506 2014 revisisse
3530 1964 3667 2032 post
3688 1959 3825 2017 lon-

2162 2061 2304 2115 gum
2331 2050 2571 2119 tempus
2598 2047 2942 2103 Dominum.
2979 2050 3099 2118 Ego
3123 2064 3265 2103 vero
3294 2065 3533 2122 semper
3561 2049 3623 2106 in
3653 2051 3826 2108 omni

2161 2133 2459 2206 colloquio
2490 2152 2626 2191 meo
2660 2140 2712 2192 te
2743 2143 2977 2208 patrem
3004 2148 3025 2173 °
3053 2137 3361 2206 extollens,
3395 2154 3632 2211 semper
3666 2139 3825 2196 inter

2158 2222 2483 2279 familiares
2541 2225 3071 2281 sermocinationes
3134 2230 3301 2283 tuam
3352 2226 3818 2285 beneﬁcentiam

2157 2312 2448 2381 recolens,
2489 2330 2728 2387 semper
2784 2321 2894 2371 tuae
2935 2316 3241 2373 charitatis
3296 2316 3579 2374 affectum
3637 2318 3820 2375 corde

2158 2408 2422 2473 gestans,
2454 2404 2671 2459 mentis
2700 2403 2860 2459 ulnis
2889 2404 3241 2479 amplector.

2227 2498 2279 2548 9.
2313 2495 2380 2548 Et
2407 2493 2573 2565 quia,
2601 2493 3003 2551 intercedente
3037 2499 3344 2552 terranum
3374 2496 3610 2570 prolixa
3644 2513 3822 2571 cape-

2154 2581 2315 2651 dine,
2343 2583 2546 2639 multis
2580 2583 2659 2640 ab
2678 2584 2935 2641 invicem
2975 2584 3362 2658 disparamur
3409 2587 3640 2659 spatiis,
3672 2588 3816 2644 obs-

2153 2675 2314 2731 tante
2335 2688 2579 2745 quoque
2612 2672 2727 2729 alio
2758 2674 2943 2730 chaos
2974 2673 3260 2743 immane,
3289 2692 3412 2749 quo
3445 2691 3555 2747 ego
3592 2677 3816 2734 Cordu-

2151 2760 2244 2816 bae
2275 2761 2504 2834 positus
2536 2762 2649 2818 sub
2692 2763 2880 2836 impio
2936 2764 3202 2820 Arabum
3255 2781 3497 2836 gemam
3535 2766 3812 2840 imperio,

2151 2868 2259 2908 vos
2289 2856 2491 2909 autem
2519 2853 2871 2926 Pampilona
2900 2850 3099 2922 locati,
3126 2858 3234 2928 (15)
3260 2855 3620 2913 Christicolae
3652 2857 3815 2931 prin-

2151 2941 2299 3013 cipis
2342 2941 2491 2997 tueri
2531 2943 2840 2998 mercmini
2866 2942 3157 3011 dominio,
3193 2944 3299 3017 qui
3323 2946 3815 3019 semperinterse

385 3032 638 3088 dianum
668 3028 1001 3086 afferebant
1024 3028 1381 3083 lamentum.
1405 3029 1489 3084 Ita
1510 3028 1585 3084 de
1611 3035 1816 3086 nostra
1845 3032 2037 3087 chari-
2080 3055 2120 3112 ο
2151 3031 2385 3105 utrique
2418 3032 2583 3102 gravi
2634 3033 2915 3088 conﬂictu
2962 3038 3276 3105 certantes,
3336 3034 3590 3093 liberum
3647 3054 3814 3094 com-

384 3125 503 3177 tate
541 3118 849 3191 confusus,
876 3133 1054 3188 rogas
1090 3121 1175 3188 ut,
1207 3117 1554 3174 Cordubam
1585 3124 1879 3191 repetens,
1905 3120 2039 3194 ipse

384 3211 459 3283 (9)
484 3209 766 3283 reliquias
806 3207 913 3264 tibi
944 3206 1133 3263 sancti
1163 3206 1448 3278 martyris
1476 3207 1637 3279 Zoyli
1691 3207 2034 3278 dirigerem,

381 3304 439 3355 et
464 3300 579 3355 hoc
633 3313 885 3353 munere
942 3295 1432 3369 Pampilonenses
1481 3296 1738 3368 populos
1790 3297 2040 3355 illustra-

377 3403 528 3443 rem.
558 3386 718 3443 Illico
749 3401 845 3441 me
878 3384 1220 3441 satisfacere
1247 3384 1516 3456 petitioni
1556 3389 1673 3441 tuae
1712 3388 2035 3459 respondi;

378 3480 437 3531 et
463 3476 647 3546 hujus
694 3474 779 3530 rei
807 3472 1142 3529 debitorem
1192 3488 1290 3528 me
1343 3473 1513 3545 vobis
1539 3490 1671 3530 esse
1703 3474 1765 3531 in
1794 3476 2037 3533 veritate

375 3564 646 3638 promisi.

449 3658 503 3710 6.
535 3654 807 3725 Cumque
838 3668 875 3707 a
902 3651 1077 3708 vobis
1112 3650 1447 3720 egrederer,
1475 3650 1723 3707 festinus
1770 3654 1885 3724 (10)
1917 3656 2035 3710 Cae-

375 3747 798 3813 saraugustam
849 3740 1093 3814 perveni
1161 3756 1345 3796 causa
1405 3740 1652 3796 fratrum
1708 3758 1981 3798 meorum
2016 3787 2028 3811 ,

372 3850 527 3907 quos
556 3832 717 3902 vulgi
755 3831 959 3904 opinio
1000 3830 1444 3900 negotiatorum
1494 3832 1840 3887 cohortibus
1885 3833 2031 3889 inte-

369 3940 533 3980 resse
560 3939 753 3996 nuper
776 3922 854 3978 ab
883 3921 1176 3978 ulterioris
1199 3922 1462 3977 Francia:
1494 3935 1517 3961 ο
1541 3923 1769 3991 gremio
1802 3923 2028 3979 ibidem

368 4012 872 4068 descendentibus
896 4010 1229 4081 jactitabat.
1256 4011 1498 4080 Deinde,
1534 4012 1669 4069 urbi
1700 4014 2027 4085 appropino

368 4115 539 4171 gans,
571 4100 949 4170 negotiantes
978 4098 1228 4170 quidem
1271 4100 1487 4171 reperi,
1515 4101 1893 4172 peregrinos
1923 4117 2027 4158 au-

364 4193 488 4244 tem
510 4204 680 4243 meos
708 4203 919 4243 eorum
943 4185 1230 4242 relatione
1260 4188 1422 4259 apud
1455 4190 1816 4259 Maguntiam
1848 4191 2024 4247 nobi-

362 4275 659 4332 lissimam
690 4274 977 4346 Bajoariee
1008 4274 1307 4331 civitatem
1329 4276 1633 4333 exsulasse
1666 4278 2023 4347 cognovi.Et

2150 3115 2494 3171 meantibus
2534 3118 2850 3173 transitum
2882 3124 3144 3187 negant;
3192 3119 3331 3175 inde
3380 3125 3486 3189 est,
3518 3120 3616 3177 vel
3642 3123 3813 3196 quod

2151 3220 2272 3261 non
2299 3205 2571 3262 debitum
2599 3212 2806 3264 vestrae
2831 3208 3084 3264 bonitati
3119 3208 3521 3282 dependimus
3552 3210 3811 3270 famula-

2148 3297 2299 3365 tum,
2332 3295 2425 3351 vel
2445 3296 2613 3369 quod
2642 3312 2765 3352 non
2795 3297 2896 3369 pio
2926 3297 3223 3354 desiderio
3272 3303 3467 3355 vestro
3523 3300 3811 3358 satisfeci-

2147 3401 2285 3440 mus
2338 3385 2399 3440 in
2428 3385 2883 3443 transmissione
2913 3386 3326 3459 reliquiarum,
3354 3404 3460 3445 seu
3492 3387 3636 3462 quia
3680 3407 3810 3448 non

2146 3475 2611 3549 quibuscunque
2662 3475 2807 3532 tales
2854 3480 3171 3549 tantasque
3231 3494 3379 3550 opes
3433 3480 3808 3538 committere

2146 3561 2431 3619 duximus
2458 3569 2676 3621 ratum.
2712 3569 2877 3621 Nunc
2908 3571 3129 3634 autem,
3179 3567 3343 3638 quia,
3394 3567 3513 3624 Deo
3557 3568 3804 3643 dispen-

2145 3657 2333 3719 sante,
2366 3651 2381 3683 ί
2412 3656 2614 3709 Donus
2644 3655 2757 3724 (l6)
2783 3653 3037 3710 Galindo
3091 3655 3410 3712 Enniconis
3448 3657 3527 3713 ad
3555 3661 3806 3732 propria

2141 3757 2441 3803 remeans.
2478 3759 2586 3797 suo
2612 3742 2867 3799 revisere
2898 3744 3048 3799 fines
3074 3749 3333 3816 exoptat,
3352 3762 3458 3818 per
3472 3745 3677 3819 ipsum
3694 3766 3802 3806 vo-

2139 3829 2233 3885 bis
2266 3830 2495 3902 praefati
2527 3832 2805 3904 martyris
2845 3832 3126 3905 reliquias
3170 3833 3625 3892 destinavimus.
3682 3839 3801 3895 Sed

2138 3923 2195 3974 et
2224 3918 2413 3974 sancti
2464 3920 2693 3989 Aciscli,
2725 3937 2880 3993 quas
2940 3939 2978 3977 a
3023 3922 3198 3977 nobis
3244 3939 3367 3978 non
3424 3926 3795 3998 postulastis,

2136 4008 2671 4079 transmisimus,ut
2688 4026 2798 4066 vos
2820 4011 3162 4082 sponsionis
3183 4016 3395 4068 vestra}
3426 4018 3635 4070 votum
3666 4015 3797 4072 feli-

2134 4097 2278 4152 citer
2292 4096 2708 4169 adimplentes,
2727 4104 2772 4167 il
2785 4101 2835 4169 7)
2855 4116 3062 4156 eorum
3081 4100 3271 4156 beatae
3288 4102 3594 4159 memoria:
3615 4120 3795 4161 cons-

2132 4186 2386 4241 truendo
2418 4186 2747 4255 basilicam,
2770 4189 2947 4245 nobis
2981 4190 3098 4245 Deo
3116 4189 3347 4246 fautore
3370 4197 3614 4264 propter
3631 4193 3795 4252 haue

2130 4274 2535 4331 obedientiam
2565 4278 2967 4349 patrocinium
2996 4279 3234 4335 illorum
3281 4286 3555 4337 occurrat
3586 4283 3664 4338 ad
3697 4301 3796 4340 ve-

360 4382 572 4421 verum
618 4366 797 4421 fuisse
836 4367 950 4421 hoc
982 4366 1423 4437 negotiatorum
1472 4368 1773 4437 nuntium,
1817 4384 2018 4438 regre-
2052 4409 2096 4463 D
2128 4365 2559 4433 niam,Christo
2577 4366 2748 4422 vobis
2769 4368 2973 4425 omnia
2990 4373 3346 4442 repensante
3363 4375 3542 4443 atque
3559 4370 3792 4431 donan-

358 4455 662 4512 dientibus
692 4457 812 4511 Deo
841 4455 1071 4511 fautore
1120 4456 1460 4513 succedenti
1502 4462 1770 4528 tempore
1821 4457 1901 4512 ab
1931 4457 2019 4512 in-

356 4545 555 4601 teriori
585 4544 771 4602 Gallia
802 4544 1084 4601 fratribus
1113 4546 1351 4614 nostris,
1383 4545 1725 4601 didicimus.

425 4642 457 4692 7
499 4635 867 4709 Aliquandiu
889 4651 1031 4692 vero
1058 4636 1224 4709 apud
1276 4636 1582 4693 Seniorem
1637 4634 2010 4707 Pontiﬁcem,

349 4724 454 4798 qui
478 4729 619 4781 tunc
645 4724 819 4780 rectis
846 4723 979 4779 vitae
1000 4722 1273 4779 moribus
1295 4723 1572 4779 eamdem
1605 4722 1817 4778 urbem
1849 4740 2014 4795 rege-

344 4813 471 4885 bat,
502 4815 846 4880 demorans,
889 4816 1099 4886 postea
1121 4812 1230 4885 (Η)
1261 4811 1646 4884 Complutum
1697 4812 2006 4883 descendi,

414 4932 809 5008 '_Sp_iritaliter
838 4931 1031 5008 ﬁlium
1060 4930 1351 5008 nominat,
1402 4945 1585 5008 (Ιιὲβω
1639 4929 1701 5008 in
1747 4931 2002 5008 Christo,

342 5005 409 5056 ut
436 4999 751 5074 D_.'Paulus
764 5002 977 5074 inquit,
997 5005 1286 5074 genuerat
1307 5019 1320 5068 ;
1338 4999 2002 5074 erudiens,_instituens,

341 5076 400 5127 et
425 5071 506 5128 ad
532 5089 685 5145 eum
738 5069 931 5145 usq—ue
978 5069 1282 5142 dignitatis
1332 5070 1395 5125 in
1442 5069 1700 5127 Ecclesia
1744 5069 2002 5143 gradum

336 5144 698 5216 provehens.
727 5144 951 5216 Moriar.

410 5219 437 5258 b
465 5216 658 5271 Nostri
687 5214 975 5286 temporis
988 5211 1366 5286 monasteria
1396 5213 1778 5270 Benedictina
1799 5222 1855 5272 et
1878 5218 1999 5274 Cis-

333 5287 638 5363 tercientia
667 5281 883 5363 praet—er
906 5281 1210 5363 abbatem,
1241 5284 1512 5363 Priorem
1546 5286 1724 5363 etiam
1757 5288 1998 5363 (itaap-

330 5357 579 5427 pellant)
606 5354 901 5428 ex‘prisco
923 5369 1034 5407 suo
1056 5354 1321 5428 instituto
1349 5355 1592 5428 habent.
1627 5354 1790 5414 Hunc
1820 5354 1994 5416 nimi-

2125 4458 2202 4521 te,
2225 4471 2362 4526 quae
2390 4455 2452 4510 in
2482 4455 2658 4511 nobis
2703 4457 2924 4527 egistis,
2960 4462 3017 4514 et
3054 4475 3189 4531 quae
3221 4475 3365 4528 erga
3406 4476 3517 4516 nos
3555 4465 3787 4534 operati

2124 4542 2299 4608 estis;
2329 4559 2513 4614 quem
2547 4551 2807 4601 vestrum
2849 4545 2913 4601 in
2961 4562 3074 4602 nos
3104 4547 3246 4603 olim
3295 4547 3625 4606 exhibitum
3657 4568 3785 4610 non

2119 4629 2262 4687 latet
2291 4631 2679 4704 obsequium,
2711 4638 2769 4691 et
2818 4633 2921 4707 pia
2965 4637 3449 4692 renumeratione
3495 4641 3784 4713 centupli-

2120 4724 2323 4775 catum
2366 4719 2538 4777 vobis
2570 4720 2723 4777 valet
2751 4723 3079 4795 rependere
3109 4724 3524 4797 commodum,
3552 4728 3659 4800 qui
3687 4730 3779 4786 di-

2116 4807 2232 4864 xit:
2268 4808 2382 4875 Quz'
2410 4824 2508 4865 vos
2555 4812 2789 4881 recipit,
2817 4827 2909 4868 me
2938 4814 3192 4883 recipit;
3246 4819 3300 4870 et
3331 4815 3439 4885 qui
3462 4830 3563 4871 vos
3608 4834 3777 4887 sper-

2115 4933 2323 5010 guntia
2342 4934 2657 5010 notissima
2678 4940 2739 4991 in
2771 4940 3087 4995 Germania
3111 4938 3404 5010 superiori
3434 4939 3666 4999 civitas.
3691 4950 3772 5002 ln.

2184 5022 2211 5063 d
2238 5008 2556 5076 Perperam
2587 5008 2827 5076 Baron.,
2876 5008 3380 5067 Wistremohz'um.
3422 5013 3638 5071 Annal.
3692 5017 3774 5073 ad

2110 5091 2255 5132 ann.
2288 5080 2412 5145 844,
2445 5093 2614 5133 num.
2640 5082 2728 5135 2'2.

2179 5158 2200 5183 ο
2226 5149 2446 5214 Schot.,
2473 5151 2766 5206 excolens.

2178 5218 2301 5297 {Ita
2349 5224 2504 5297 recte
2535 5221 2799 5297 Morales,
2830 5221 2977 5297 quin
3008 5237 3161 5297 opus
3194 5224 3588 5297 siticorrigere
3621 5242 3767 5284 cum

2106 5291 2367 5370 Schotto,
2400 5292 2693 5370 dominus.
2730 5291 2878 5370 Nam
2903 5291 3067 5349 dom“
3104 5311 3211 5350 seu
3247 5291 3768 5370 domni'appella-

2103 5360 2330 5445 tionem
2371 5378 2482 5445 pro
2530 5364 2767 5445 dom-iui
2784 5363 3124 5445 frequenter
3172 5360 3554 5445 usurpatum.
3576 5360 3769 5445 homo

2099 5431 2637 5510 ignorat—Aliunde
2670 5431 3036 5491 strictissime
3064 5431 3372 5510 loquendo
3411 5456 3532 5495 vox
3561 5441 3768 5498 Domi-

2098 5520 2210 5559 nus
2239 5505 2358 5559 Deo
2380 5510 2636 5572 tantum,
2664 5510 2917 5563 domnus
2949 5524 3090 5564 vero
3124 5505 3343 5566 sanctis
3375 5511 3470 5566 vel
3495 5512 3765 5568 clarissi-

2098 5574 2211 5630 mis
2237 5575 2375 5631 viris
2398 5593 2469 5632 ac
2493 5578 2846 5633 mulieribus
2892 5579 3187 5647 tribuitur,
3221 5580 3549 5637 abbatibus
3579 5583 3766 5640 simul

2095 5651 2152 5700 et
2195 5648 2528 5719 monachis,
2561 5654 2622 5705 ut
2648 5648 2849 5706 videre
2895 5655 2983 5705 est
3012 5651 3177 5724 apud
3207 5651 3576 5709 Glossarium
3609 5657 3763 5711 Can-

2095 5731 2380 5787 geanum.

329 5424 463 5483 rum
490 5424 881 5496 pfmpo’situm
915 5427 1093 5496 vocat
1116 5424 1179 5496 D.
1216 5426 1517 5496 Eulogius.
1554 5432 1630 5483 In.

400 5516 423 5543 c
445 5494 749 5568 Bojariam
773 5510 881 5573 seu
912 5494 1248 5573 Bajoariam
1278 5494 1607 5573 Germanias
1662 5501 1988 5573 superioris

372 5564 561 5622 artem
590 5573 748 5623 recte
778 5564 1118 5622 ulteriorem
1145 5570 1452 5626 Franciam
1480 5564 1785 5639 nominat;
1838 5590 1985 5630 nam

399 5652 693 5692 ancoram
720 5643 861 5708 tunc
892 5640 948 5692 et
984 5653 1237 5708 regnum
1271 5648 1326 5698 et
1354 5659 1578 5698 nomen
1627 5643 1708 5698 ad
1747 5647 1985 5701 Germa-

320 5706 488 5763 niam
520 5722 712 5779 usque
728 5705 999 5765 ultimam
1027 5705 1622 5783 protendebatur.Est
1640 5719 1843 5771 autem
1872 5718 1986 5773 Ma-
