3960 6442
145 276 278 332 849

143 403 306 464 mit,
349 417 446 457 me
468 403 743 474 spernit;
791 408 847 459 et
872 404 979 475 qui
1000 405 1214 475 recipit
1237 408 1597 477 prophetam
1647 409 1711 463 in
1753 422 1857 463 no-

145 491 345 546 mine
373 491 702 562 prophetae,
729 493 1057 550 mercedem
1100 497 1415 565 prophetae
1454 498 1749 566 accipiet;
1803 502 1856 552 et

142 582 274 651 qui
343 582 561 651 recipit
605 584 844 652 justum
897 585 961 638 in
1014 586 1255 642 nomine
1294 588 1472 656 justi,
1529 588 1854 643 mercedem

132 672 334 739 justi
365 672 619 741 accipiet
640 672 883 743 (Matth.
915 690 965 739 x,
998 674 1089 743 40,
1112 675 1224 746 41).
1259 676 1485 732 Cuncta
1513 676 1639 745 tibi,
1665 680 1853 744 Pater,

141 759 453 831 reposita
482 764 624 816 sunt
654 777 860 817 coram
891 762 1166 818 Domino.
1219 764 1435 821 Omnia
1465 765 1632 839 apud
1664 765 1854 836 illum,

144 863 313 920 quae
353 847 471 921 piis
496 848 807 906 laboribus
838 850 953 906 tuis
980 851 1302 923 debentur,
1349 853 1517 910 salva
1545 859 1603 910 et
1624 853 1856 911 incolu-

143 936 290 993 mia
322 944 739 1009 perseverant,
773 939 1118 1013 recipienda
1145 941 1224 997 ab
1255 958 1326 998 eo
1358 945 1629 1016 tempore
1651 959 1856 1000 neces-

147 1026 337 1082 sario
381 1043 520 1083 cum
548 1028 747 1099 justus
770 1029 960 1100 judex
989 1029 1313 1096 advenerit,
1358 1033 1684 1106 unicuique
1726 1033 1859 1090 red-

145 1115 313 1173 dere
346 1132 464 1189 pro
493 1118 779 1190 qualitate
799 1118 1100 1188 laborum,
1125 1125 1230 1177 aut
1253 1122 1570 1194 praemium
1592 1127 1696 1180 aut
1719 1140 1859 1196 sup-

147 1204 453 1278 plicium.

236 1295 335 1351 10.
390 1308 414 1337 ο
462 1295 747 1369 Denique,
798 1297 1148 1355 beatissime
1195 1300 1388 1368 Pater,
1429 1299 1714 1357 nolumus
1747 1315 1857 1357 vos

144 1383 463 1454 ignorare
488 1384 937 1443 tribulationem
968 1392 1261 1456 nostram,
1293 1405 1482 1462 quam
1513 1390 1609 1445 his
1640 1389 1855 1445 diebus

146 1479 387 1531 nostro
406 1476 810 1549 prtepediente
836 1478 863 1517 δ
892 1477 1158 1551 deliquio
1185 1480 1576 1549 sustinemus,
1598 1485 1661 1536 ut
1681 1479 1855 1536 solito

147 1579 275 1620 nos
294 1565 670 1638 propensius
701 1567 1046 1623 orationum
1073 1568 1287 1642 clypeo
1309 1568 1721 1636 defendentes,
1754 1585 1854 1625 ve-

147 1657 299 1709 strae
332 1654 787 1711 intercessionis
816 1656 1227 1730 irrepudiabili
1254 1659 1487 1729 merito,
1511 1660 1677 1731 quod
1698 1658 1852 1715 mul-

1716 282 1823 337 EPl
1831 279 2091 337 STOLE.

3530 286 3634 339 850

1966 404 2197 471 dentes,
2230 406 2465 464 hostem
2491 407 2633 464 ﬁdei
2662 406 3028 480 repulerunt,
3060 405 3423 463 detestantes
3452 410 3633 480 atque

1966 495 2391 552 maledicentes
2444 498 2778 553 nefandum
2834 500 2891 551 et
2945 494 3308 551 scelerosum
3359 495 3633 568 ipsorum

1965 588 2165 640 vatem
2197 586 2496 644 Mahomat
2520 605 2531 643 :
2565 593 2623 644 et
2646 587 2762 643 hoc
2782 585 2969 642 modo
2998 588 3208 641 contra
3231 601 3372 640 eum
3402 586 3635 642 animo-

1967 690 2101 729 sum
2126 674 2399 746 spiritum
2427 678 2742 746 erigentes,
2772 673 3182 730 testimonium
3210 673 3589 746 protulerunt
3615 695 3628 731 :

1967 783 1995 811 «
2028 761 2230 818 Virum
2250 763 2434 835 hunc,
2458 781 2638 838 quem
2664 780 2766 819 vos
2793 777 3037 818 summa
3056 762 3440 818 veneratione
3463 778 3634 819 exco-

1964 849 2105 923 litis,
2120 856 2176 908 et
2198 854 2370 925 cujus
2393 861 2617 911 sectam
2637 851 3385 927 praestigiosamﬁnstinctu
3409 851 3634 909 daemo-

1963 939 2205 995 niorum
2246 941 2503 997 elicitam
2539 947 2705 998 tanto
2738 941 2967 997 honore
3011 939 3328 1011 suscipitis,
3356 956 3630 1013 magum,

1967 1028 2327 1096 adulterum,
2348 1031 2773 1086 etmendacem
2791 1046 2923 1086 esse
2942 1028 3360 1099 cognovimus,
3380 1029 3431 1100 ej
3442 1045 3631 1102 usque

1964 1117 2241 1174 credulos
2267 1124 2503 1175 aeternas
2530 1118 2881 1191 perditionis
2919 1117 3150 1189 laqueis
3188 1117 3632 1189 mancipandos

1963 1207 2344 1263 conﬁtemur.
2388 1211 2580 1274 Quare
2616 1224 2759 1277 ergo
2810 1223 2945 1277 vos,
2991 1223 3132 1262 cum
3180 1207 3306 1261 sitis
3354 1207 3631 1262 homines

1961 1298 2434 1372 prudentissimi,
2466 1300 2683 1357 talibus
2715 1297 3038 1369 sacrilegiis
3068 1298 3548 1369 communicatis,
3574 1301 3632 1354 et

1962 1404 2085 1444 non
2112 1390 2313 1462 potius
2344 1388 2765 1460 Evangelicam
2794 1388 3107 1443 veritatem
3137 1386 3484 1442 intenditis?
3526 1409 3555 1436 »

2036 1483 2120 1535 12.
2158 1479 2293 1535 Haec
2325 1485 2381 1535 et
2408 1480 2500 1536 his
2531 1479 2774 1549 similia,
2806 1481 2987 1552 prout
3018 1476 3268 1550 Spiritus
3294 1476 3482 1533 dabat
3509 1476 3627 1533 elo-

1960 1570 2064 1642 qui
2094 1571 2198 1637 eis,
2232 1571 2291 1626 in
2325 1577 2656 1644 conspectu
2702 1585 2917 1640 regum
2960 1572 3018 1625 et
3056 1566 3400 1640 principum
3448 1567 3629 1624 conﬁ-

1959 1664 2167 1726 tentes,
2201 1678 2413 1717 omnes
2447 1661 2646 1731 gladio
2668 1660 2905 1716 vindice
2930 1656 3273 1731 interempti
3292 1660 3448 1712 sunt.
3474 1658 3631 1723 Quo-

146 1747 292 1799 tum
326 1743 507 1816 apud
526 1746 848 1802 Dominum
870 1747 1065 1803 valere
1087 1748 1469 1817 conﬁdimus,
1493 1765 1525 1805 e
1545 1748 1851 1822 profundo
1877 1773 1923 1826 Β
1958 1766 2094 1806 rum
2124 1751 2326 1807 decisa
2365 1768 2622 1824 corpora
2663 1750 2964 1824 stipitibus
3007 1746 3444 1821 suspendentes
3491 1751 3630 1819 post

147 1832 497 1889 teediorum
520 1833 866 1907 labyrintho
887 1836 1013 1892 erui
1040 1853 1403 1894 mereamur.
1425 1839 1654 1894 Etenim
1685 1854 1848 1895 anno

145 1922 481 1995 praesenti,
513 1923 617 1995 qui
649 1929 738 1979 est
766 1940 888 1980 aara
910 1926 1408 1995 octingentesima
1433 1929 1850 1997 octuagesima

144 2026 353 2077 nona,
380 2012 785 2068 exardescens
816 2030 1014 2069 saevus
1047 2014 1338 2071 adversus
1379 2015 1477 2071 Dei
1526 2016 1848 2072 Ecclesiam

147 2099 327 2157 furor
354 2103 716 2174 tyrannicus
746 2103 953 2160 omnia
983 2105 1292 2177 subvertit,
1325 2110 1545 2162 cuncta
1568 2106 1846 2177 vastavit,

148 2190 461 2247 universa
508 2191 808 2264 dispersit,
850 2193 1168 2248 retrudens
1219 2210 1456 2251 carcere
1505 2194 1843 2267 episcopos,

145 2280 584 2353 presbyteros,
617 2281 893 2347 abbates,
937 2282 1182 2351 Levitas,
1224 2288 1281 2339 et
1318 2300 1564 2340 omnem
1594 2284 1843 2356 clerum,

148 2374 206 2425 et
234 2385 658 2443 quoscunque
680 2370 781 2427 illa
809 2376 1162 2446 tempestate
1188 2389 1402 2447 capere
1433 2374 1645 2446 potuit,
1688 2374 1844 2429 ferro

146 2458 506 2524 devinctos,
535 2461 710 2533 quasi
740 2466 1012 2518 mortuos
1043 2463 1244 2519 saeculi
1275 2463 1678 2519 subterraneis
1711 2480 1844 2537 spe-

149 2550 357 2606 cubus
390 2550 712 2607 immersit.
741 2551 898 2607 Inter
920 2568 1076 2625 quos
1107 2568 1219 2624 ego
1248 2552 1343 2609 ille
1366 2558 1650 2629 peccator
1680 2570 1844 2610 ama-

144 2637 288 2694 bilis
328 2644 543 2694 vester
571 2638 885 2695 devinctus
916 2657 1073 2704 sum,
1118 2647 1174 2697 et
1212 2658 1334 2698 una
1381 2643 1605 2715 pariter
1629 2658 1843 2699 omnes

146 2726 449 2783 horridos
480 2728 921 2798 ergastulorum
950 2729 1173 2786 luimus
1205 2731 1538 2804 squalores.
1569 2732 1843 2789 Vidnavit

149 2815 500 2872 Ecclesiam
530 2833 703 2873 sacro
732 2818 1086 2889 ministerio,
1125 2820 1381 2892 privavit
1401 2820 1669 2893 oraculo,
1702 2821 1840 2877 alie-

150 2906 330 2962 navit
361 2904 590 2973 omcio,
614 2911 669 2962 et
694 2922 817 2963 non
840 2912 929 2963 est
951 2908 1013 2964 in
1037 2909 1152 2965 hoc
1178 2914 1447 2983 tempore
1469 2910 1645 2966 nobis
1673 2909 1839 2967 obla-

151 2994 256 3066 tio,
285 3012 500 3068 neque
533 2996 914 3065 sacriﬁcium,
945 3014 1144 3071 neque
1172 2999 1508 3071 incensum,
1531 3016 1727 3074 neque
1756 2999 1840 3056 lo-

152 3099 262 3139 cus
292 3084 732 3158 primitiai-um,
762 3102 885 3158 quo
915 3087 1220 3159 possimus
1248 3088 1487 3161 placare
1514 3089 1835 3145 Dominum
1862 3127 1905 3182 ο

154 3178 480 3243 nostrum;
516 3175 620 3230 sed
652 3176 713 3230 in
746 3176 950 3231 anima
981 3178 1234 3233 contrita
1276 3182 1333 3233 et
1376 3178 1439 3233 in
1482 3178 1693 3251 spiritu
1730 3178 1839 3233 hu-

158 3262 440 3320 militatis
468 3263 782 3320 reddimus
816 3265 1047 3322 Christo
1074 3271 1211 3322 vota
1241 3266 1631 3337 laudationis,
1662 3268 1745 3324 ita
1774 3272 1839 3323 ut

158 3367 195 3407 a
224 3357 540 3409 conventu
568 3352 876 3410 desinente
905 3354 1267 3427 psalmodize
1297 3361 1499 3425 cantu,
1555 3360 1841 3413 resonent

155 3442 502 3514 penetralia
540 3443 797 3499 carceris
828 3460 1138 3500 murmure
1184 3450 1391 3502 sancto
1442 3446 1835 3519 hymnorum.

160 3531 303 3594 Quae
351 3531 567 3588 omnia
609 3533 890 3605 prudenti
932 3533 1219 3591 relatione
1274 3535 1539 3591 domnus
1585 3536 1836 3592 Galindo

157 3620 335 3676 vobis
359 3638 436 3677 en
446 3621 728 3679 ucleatim
755 3624 971 3696 poterit
991 3640 1303 3694 enarrare;
1327 3625 1471 3698 quia
1491 3642 1602 3682 nos
1618 3626 1836 3699 partim

157 3725 423 3767 maerore
456 3712 746 3785 depressi,
787 3713 1007 3786 partim
1048 3713 1359 3770 fastidium
1388 3715 1676 3789 impolitae
1707 3731 1835 3772 ora-

159 3796 337 3855 tionis
367 3800 651 3872 vitantes,
695 3802 818 3857 suis
855 3802 1143 3859 limitibus
1173 3804 1523 3860 schedulam
1575 3809 1839 3862 coarcta-

158 3886 380 3955 vimus,
410 3906 492 3947 ne
529 3890 592 3946 in
622 3890 878 3948 modum
911 3893 1327 3950 commentarii
1371 3895 1633 3951 brevitas
1678 3900 1836 3953 tran-

161 3976 298 4034 siret
327 3980 695 4053 epistolaris.

222 4072 239 4122 t
260 4073 274 4122 t
293 4069 915 4143 .Propterfuturarum
928 4076 1130 4127 autem
1143 4075 1600 4142 generationum
1614 4073 1837 4132 saecula

160 4154 541 4225 illustranda,
567 4165 623 4215 et
643 4165 707 4215 ut
722 4166 992 4233 expertes
1012 4168 1357 4218 nostrarum
1378 4164 1833 4221 tribulationum

163 4249 218 4300 et
237 4262 656 4305 aerumnarum
678 4265 802 4306 non
827 4252 1055 4313 ﬁerent,
1079 4250 1273 4307 saltim
1304 4253 1399 4309 vel
1428 4269 1626 4326 pauca
1653 4254 1833 4327 pluri-

163 4336 274 4390 mis
305 4339 806 4409 perstringamus.
834 4340 1091 4406 Quidam
1114 4340 1273 4396 cnim
1293 4343 1828 4416 presbyterorum,

162 4421 585 4493 diaconorum,
607 4430 1071 4495 monachorum,
1103 4430 1427 4501 virginum,
1455 4437 1511 4489 et
1536 4432 1828 4492 laicorum

162 4518 473 4586 repentino
490 4518 615 4575 zelo
644 4519 970 4576 divinitatis
999 4522 1235 4591 armati,
1266 4521 1327 4577 in
1352 4522 1553 4579 forum
1578 4523 1827 4583 descen-

233 4650 255 4716 ξι
299 4640 440 4716 Quae
482 4650 773 4716 sequntur
819 4645 1025 4701 omnia
1090 4645 1166 4701 de
1224 4646 1495 4704 Ecclesiae
1547 4652 1829 4708 nostratis

166 4707 603 4790 calamitatibus
637 4720 1104 4790 sanctorumque
1134 4720 1441 4790 martyrio.
1492 4727 1648 4777 retro
1678 4707 1778 4778 lib.
1810 4741 1829 4780 1

167 4782 223 4859 et
250 4797 309 4851 11,
334 4782 639 4863 leguntur,
672 4793 852 4859 atque
872 4788 983 4863 ibi.
1006 4782 1063 4863 si
1082 4790 1230 4863 quid
1255 4782 1409 4863 opus
1433 4792 1561 4863 fuit,
1581 4794 1830 4851 adnota-

165 4864 378 4931 Ylm_us_.
416 4859 643 4931 Repetit
677 4875 820 4914 vero
872 4859 963 4914 hic
1016 4859 1244 4916 eisdem
1288 4859 1482 4919 verbis
1540 4859 1828 4931 quaedam

168 4922 573 5050 36330965,
602 4946 738 5002 quas
757 4931 821 4986 in
841 4932 1207 4989 Documento
1228 4922 1590 5006 Μανιῃνὶαιῖ
1602 4940 1822 5010 posuit.

217 5008 378 5053 ORAL.

236 5066 262 5105 δ
287 5067 449 5127 Fors.
462 5115 474 5139 ,
510 5072 748 5129 delicto.

237 5148 260 5175 ο
288 5143 549 5219 A_pparet
568 5144 915 5219 aliamante
941 5145 1258 5219 epistolam
1289 5146 1417 5202 sine
1451 5149 1823 5207 salutationi-

168 5200 278 5287 bu_s
310 5200 625 5286 Eulogium
654 5216 734 5272 ad
758 5216 920 5272 hunc
945 5200 1235 5273 eiimdem
1250 5200 1825 5278 ’wiiiésiﬁaﬁa'sﬁi-

168 5289 375 5364 psisse.
433 5290 552 5343 Hoc
609 5287 789 5364 credo
839 5288 1129 5364 intelligit.
1180 5292 1301 5360 Ego
1353 5291 1535 5348 verba
1577 5292 1727 5364 haec,
1761 5298 1825 5351 ut

171 5356 331 5433 εαξη]
353 5354 411 5433 in
437 5358 784 5433 exemplari,
819 5354 1055 5433 reliqui:
1082 5354 1300 5433 MORIL.
1471 5421 1474 5424 ,

215 5421 264 5498 ,ἀ
290 5422 409 5498 Sub
440 5421 633 5486 sancti
659 5421 965 5487 Zacharias‘
1004 5432 1249 5487 nomine
1293 5438 1350 5489 et
1389 5421 1570 5490 tutela
1623 5451 1823 5493 coeno-

171 5483 332 5568 bium
356 5483 963 5559 hocwﬁiit—condituin.
992 5483 1108 5559 Hoc
1135 5504 1389 5560 alterum
1411 5521 1635 5561 nomen
1659 5483 1821 5564 Sera-

175 5573 376 5646 ἕθηεςε,
418 5586 538 5642 quo
574 5590 736 5630 nunc
781 5575 980 5641 utitur,
1012 5575 1127 5631 loci
1159 5574 1267 5631 fuit
1293 5582 1397 5632 aut
1420 5577 1703 5646 regionis.
1738 5584 1816 5636 ln.

356 5629 456 5729 cini
481 5650 685 5729 senten
694 5647 845 5729 tiam.
857 5629 1144 5729 ‘amplegti
1156 5629 1263 5729 tur;
1273 5629 1820 5729 vgﬁesiﬁéfééhir'al

176 5713 353 5791 (ἔξω
379 5713 723 5791 Ludovicus
747 5713 1026 5791 Bultellus
1068 5713 1485 5791 Benedictinus
1507 5736 1539 5776 e
1557 5713 1818 5791 Congre-

178 5777 403 5841 Batione
444 5787 500 5844 S.
546 5788 727 5847 Mauri
771 5789 1260 5860 distinguendum
1291 5795 1463 5868 putat
1495 5777 1819 5851 sanctiuza-

1960 1839 2189 1911 aliquot
2226 1841 2354 1896 dies
2407 1841 2543 1909 igne
2591 1843 2954 1910 cremat-unt,
3014 1852 3347 1910 eorumque
3397 1836 3626 1892 cineres

1956 1927 2298 1984 ﬂuvialibus
2342 1930 2516 2002 aquis
2560 1928 2904 2003 perdendos
2950 1930 3277 1995 meserunt,
3334 1924 3624 1998 pleraque

1954 2033 2098 2073 vero
2136 2018 2454 2075 inhumata
2500 2034 2624 2091 prae
2663 2017 2894 2073 foribus
2940 2014 3148 2089 palatii
3193 2013 3620 2086 relinquentes,

1953 2106 2301 2163 volucribus
2358 2107 2730 2180 canibusque
2782 2103 3135 2161 devoranda
3190 2108 3617 2176 expOsuerunt,

1954 2194 2236 2253 adhibitis
2263 2197 2549 2254 custodiis
2578 2196 2856 2268 militum,
2876 2211 2952 2251 ne
2971 2193 3107 2267 quis
3124 2190 3617 2261 Christianorum,

1952 2285 2167 2342 intuitu
2222 2286 2639 2355 humanitatis,
2693 2285 2978 2342 carnibus
3028 2282 3262 2339 nudata
3318 2282 3621 2339 cadavera

1953 2375 2249 2448 sepeliret,
2277 2376 2427 2433 sicut
2449 2376 2738 2449 scriptum
2773 2379 2895 2431 est:
2946 2375 3289 2430 Posuerunt
3328 2372 3617 2428 mortalia

1951 2479 2259 2521 servorum
2306 2473 2545 2522 tuorum
2590 2480 2753 2522 escas
2808 2462 3156 2521 volatilibus
3200 2460 3353 2527 caeli,
3405 2472 3617 2515 carnes

1949 2559 2296 2611 sanctorum
2328 2560 2567 2611 tuorum
2601 2554 2797 2611 bestiis
2824 2558 2999 2609 terra?
3028 2570 3041 2620 ;
3093 2550 3438 2620 e/fuderunt
3474 2562 3614 2603 san-

1948 2646 2191 2715 guinem
2221 2661 2424 2702 eorum
2456 2647 2618 2702 velut
2647 2660 2867 2716 aquam
2906 2643 2972 2699 in
3016 2642 3273 2698 circuitu
3320 2640 3615 2695 Hierusa-

1952 2733 2084 2800 lem,
2116 2739 2172 2790 et
2200 2750 2320 2790 non
2353 2740 2485 2791 erat
2514 2736 2621 2806 qui
2643 2734 2919 2804 sepeliret
2964 2731 3153 2799 (Psal.
3185 2744 3425 2799 Lxxvm,
3450 2731 3506 2797 2,
3534 2730 3610 2796 3).

1948 2823 2217 2887 Quorum
2248 2823 2499 2879 nomina
2523 2823 2773 2895 diesque
2804 2820 3150 2878 allisionum
3188 2817 3250 2873 in
3292 2816 3413 2872 ﬁne
3462 2815 3615 2888 epis-

1946 2911 2081 2966 tolae
2135 2912 2499 2982 digeremus.
2566 2912 2755 2983 Hujus
2808 2909 2895 2966 rei
2951 2923 3139 2965 causa
3188 2923 3302 2962 nos
3358 2905 3615 2961 devincti

1945 3015 2290 3073 manemus,
2320 3006 2565 3075 propter
2591 3000 2709 3057 hoc
2739 2997 3067 3073 compediti
3095 2996 3410 3053 existimus
3434 3012 3448 3050 :
3476 3011 3614 3075 nos:

1943 3093 2034 3146 tro
2068 3073 2782 3163 deputaritesvinstinctui,
2826 3091 3168 3159 nostrasque
3203 3073 3618 3141 informationi

1946 3180 2313 3237 ascribentes
2331 3178 2630 3252 quidquid
2645 3177 2725 3233 illi
2742 3176 3024 3233 divinitus
3045 3174 3326 3230 illustrari
3342 3177 3612 3242 egerunt.

1948 3269 2136 3335 Unde,
2157 3284 2510 3341 quaesumus
2528 3271 2592 3322 ut
2608 3264 2896 3335 suffragia
2914 3262 3258 3320 orationum
3276 3265 3613 3317 vestrarum

1947 3358 2009 3414 in
2041 3358 2455 3414 defensionem
2494 3360 2763 3412 nostram
2814 3352 3169 3422 adhibeatis,
3218 3355 3615 3424 nostrumque

1947 3464 2253 3505 carcerem
2282 3447 2568 3503 omnibus
2597 3444 2977 3502 monasteriis
3007 3441 3215 3499 vestris
3242 3442 3616 3499 innotescere

1947 3538 2197 3605 faciatis,
2246 3542 2396 3594 etut
2426 3536 2600 3610 proni
2629 3535 2731 3609 pia
2769 3532 3115 3590 exoratione
3156 3531 3468 3603 invigilent
3515 3532 3613 3602 ju-

1947 3627 2175 3695 beatis;
2226 3627 2309 3683 ita
2368 3632 2505 3700 post
2552 3629 2865 3699 peractum
2920 3621 3226 3679 luctamen
3280 3620 3497 3678 mundi
3539 3621 3614 3676 de

1948 3721 2170 3773 interno
2199 3715 2450 3789 praemio
2480 3714 2802 3771 exsultetis.

2022 3810 2106 3862 t3.
2144 3808 2299 3863 Sane
2329 3804 2758 3862 salutationum
2780 3801 2998 3869 ofﬁcia,
3021 3817 3160 3874 quae
3182 3799 3440 3869 dudum,
3465 3799 3613 3855 alias

1946 3907 1970 3937 ο
1999 3895 2381 3969 proferendo,
2412 3893 2755 3963 omisimus,
2803 3905 2967 3947 nunc
2997 3904 3222 3946 cernua
3251 3892 3449 3944 mente
3475 3904 3612 3961 per-

1946 3986 2237 4041 solvimus
2260 4000 2489 4056 vosque
2512 3980 2753 4038 feliciori
2776 3980 2924 4036 serie
2938 3982 3285 4051 temporum
3299 3977 3496 4048 vigere
3512 3993 3611 4033 ex-

1944 4074 2273 4148 poscimus.
2306 4076 2573 4129 Petentes
2603 4075 2687 4141 ut,
2738 4069 2904 4126 salva
2944 4067 3193 4124 honoris
3234 4067 3415 4123 vestri
3445 4083 3609 4123 reve-

1942 4164 2151 4229 rentia,
2186 4179 2307 4219 non
2329 4160 2740 4232 dedignemini
2758 4158 2935 4216 nobis
2964 4158 3225 4214 salutare
3241 4156 3533 4213 amabiles
3554 4161 3611 4214 et

1943 4253 2330 4310 charissimos
2359 4259 2559 4325 patres
2585 4255 2846 4322 nostros,
2884 4249 2948 4306 id
2989 4251 3079 4305 est
3120 4248 3472 4305 Fortunium
3504 4251 3608 4304 Le-

1943 4343 2209 4415 gerensis
2234 4342 2581 4399 monasterii
2612 4341 2918 4405 abbatem,
2971 4356 3110 4396 cum
3160 4338 3328 4396 omni
3357 4337 3605 4410 collegio

1941 4451 2072 4503 suo,
2106 4433 2394 4490 Athilium
2421 4431 2700 4490 Cellensis
2731 4429 3076 4488 monasterii
3106 4427 3412 4497 abbatem,
3463 4445 3604 4485 cum

1939 4524 2106 4582 omni
2132 4523 2385 4595 collegio
2415 4540 2546 4593 suo,
2571 4521 2898 4579 Odoarium
2928 4519 2955 4560 (ι
2982 4519 3339 4575 Serasiensis
3385 4535 3601 4577 mona-

1938 4653 2157 4710 chariae
2182 4651 2619 4708 monasterium
2640 4666 2677 4706 a
2700 4647 3051 4715 Sarasiensi,
3074 4647 3190 4718 hoc
3216 4645 3601 4718 potissimum

1939 4724 2236 4781 adductus
2266 4727 2644 4793 argumento,
2689 4720 2869 4793 quod,
2903 4717 3119 4791 prioris
3153 4717 3445 4793 patronus
3477 4722 3604 4793 erat

1940 4798 1995 4852 S.
2026 4786 2367 4869 Zacharias,
2398 4786 2743 4869 posterioris
2765 4792 2829 4869 _S.
2854 4786 3088 4869 Petrus,
3135 4786 3200 4842 Iit
3249 4786 3601 4869 agnduqu

1936 4867 2197 4938 vetustis
2214 4858 2621 4920 instrumentis
2651 4862 2941 4938 probatur
2968 4858 3231 4938 (Blanca.
3262 4859 3419 4938 Hist.
3447 4858 3602 4938 Afa-

1933 4954 2097 5012 gqon.,
2125 4936 2204 4993 ad
2232 4928 2984 5012 annum_969).‘t'rrefuerat
3010 4928 3259 5003 quidem
3291 4931 3348 4985 S.
3380 4929 3599 5012 Zacha-

1933 5002 2031 5065 riae
2062 5002 2431 5065 monastorio
2463 5006 2756 5064 Odoarius
2784 5002 2996 5071 abbas,
3033 5002 3278 5058 summm
3304 5003 3597 5058 sanctita-

1936 5083 2010 5155 tis
2038 5095 2387 5155 "urgeret/ue
2415 5078 2677 5155 scientiae
2707 5078 2839 5155 oi1_°,'
2856 5073 2987 5155 ‘sed
3018 5072 3199 5154 longe
3242 5076 3379 5129 ante
3407 5089 3597 5155 quam

1933 5153 2091 5227 hanc
2117 5146 2431 5227 epistolam}
2460 5149 2740 5227 scriberet
2767 5146 3076 5227 Eulogius,
3103 5146 3165 5227 in
3194 5160 3317 5227 qua
3342 5160 3492 5227 eum.
3510 5146 3598 5201 uti

1934 5215 2262 5300 marmura
2286 5220 2514 5288 laudat,
2542 5220 2716 5300 et
2744 5218 2880 5300 .fine
2928 5215 3236 5290 epistolae:
3267 5217 3590 5300 Odoarium

1930 5293 2286 5367 Serasiensis
2318 5292 2666 5367 manas/erit
2694 5289 3127 5367 abbatem’cum
3152 5290 3317 5344 omni
3343 5289 3593 5367 collegio

1929 5382 2036 5422 suo
2066 5365 2303 5420 salutat.
2337 5363 2508 5430 Quod
2539 5367 2897 5432 argumento
2926 5366 3015 5419 est
3042 5375 3183 5416 eum
3213 5363 3593 5431 superstitem

1930 5437 2131 5510 fuisse,
2165 5452 2289 5510 non
2319 5435 2952 5510 alterumOdoarium,
2982 5447 3165 5504 quem
3195 5446 3389 5510 unum
3425 5444 3593 5510 eum-

1930 5509 2191 5584 demquc
2249 5507 2481 5584 fuisse,
2517 5506 2794 5584 adeoque
2834 5504 3099 5584 unicum
3155 5504 3592 5584 mgnasterium

1929 5574 2315 5655 esset-apinati
2350 5582 2489 5655 sunt
2516 5574 2761 5655 Morales
2792 5581 2849 5655 et
2874 5574 3186 5655 Yepesius.
3220 5574 3591 5655 Haecpmnia

1926 5645 2299 5707 Mabillonius
2352 5650 2413 5705 in
2462 5649 2744 5707 Annalib.
2787 5647 2925 5707 0rd.
2962 5645 3033 5704 VS.
3082 5645 3380 5702 Benedicti
3426 5659 3589 5701 anno

1926 5726 2051 5791 851,
2081 5735 2249 5779 num.
2280 5725 2350 5777 26
2376 5721 2438 5777 in
2466 5721 2606 5779 ﬁne.
