  <div class='ocr_page' id='page_1' title='image "/cluster/home/n/w/nwhite01/storage/ocr_20150623/115-116/uc1.31175006916467/433.png"; bbox 0 0 3960 6426; ppageno 0'>
   <div class='ocr_carea' id='block_1_1' title="bbox 295 308 393 369">
    <p class='ocr_par' dir='ltr' id='par_1_1' title="bbox 295 308 393 369">
     <span class='ocr_line' id='line_1_1' title="bbox 295 308 393 369; baseline -0.02 0"><span class='ocrx_word' id='word_1_1' title='bbox 295 308 393 369; x_wconf 73' lang='grc'><strong>881</strong></span> 
     </span>
    </p>
   </div>
   <div class='ocr_carea' id='block_1_2' title="bbox 1502 306 2515 369">
    <p class='ocr_par' dir='ltr' id='par_1_2' title="bbox 1502 306 2515 369">
     <span class='ocr_line' id='line_1_2' title="bbox 1502 306 2515 369; baseline 0.001 -4"><span class='ocrx_word' id='word_1_2' title='bbox 1502 310 1558 365; x_wconf 83' lang='grc'>8.</span> <span class='ocrx_word' id='word_1_3' title='bbox 1601 310 1879 366; x_wconf 87' lang='lat' dir='ltr'>EULOGII</span> <span class='ocrx_word' id='word_1_4' title='bbox 1918 306 2239 369; x_wconf 61' lang='lat' dir='ltr'>AWIEP.</span> <span class='ocrx_word' id='word_1_5' title='bbox 2277 312 2515 368; x_wconf 86' lang='lat' dir='ltr'>TOLET.</span> 
     </span>
    </p>
   </div>
   <div class='ocr_carea' id='block_1_3' title="bbox 3629 309 3753 365">
    <p class='ocr_par' dir='ltr' id='par_1_3' title="bbox 3629 309 3753 365">
     <span class='ocr_line' id='line_1_3' title="bbox 3629 309 3753 365; baseline -0.016 0"><span class='ocrx_word' id='word_1_6' title='bbox 3629 309 3753 365; x_wconf 70' lang='lat'>852</span> 
     </span>
    </p>
   </div>
   <div class='ocr_carea' id='block_1_4' title="bbox 297 432 3749 505">
    <p class='ocr_par' dir='ltr' id='par_1_4' title="bbox 297 432 3749 505">
     <span class='ocr_line' id='line_1_4' title="bbox 297 432 3749 505; baseline -0.002 -11"><span class='ocrx_word' id='word_1_7' title='bbox 297 433 458 494; x_wconf 85' lang='lat' dir='ltr'>steril</span> <span class='ocrx_word' id='word_1_8' title='bbox 486 433 795 504; x_wconf 75' lang='lat' dir='ltr'>abbatem,</span> <span class='ocrx_word' id='word_1_9' title='bbox 826 448 965 490; x_wconf 90' lang='lat' dir='ltr'>cum</span> <span class='ocrx_word' id='word_1_10' title='bbox 994 435 1115 490; x_wconf 87' lang='lat' dir='ltr'>toto</span> <span class='ocrx_word' id='word_1_11' title='bbox 1146 434 1387 505; x_wconf 78' lang='lat' dir='ltr'>agmine</span> <span class='ocrx_word' id='word_1_12' title='bbox 1427 449 1560 505; x_wconf 91' lang='lat' dir='ltr'>suo,</span> <span class='ocrx_word' id='word_1_13' title='bbox 1603 436 1960 491; x_wconf 90' lang='lat' dir='ltr'>Scemenum</span> <span class='ocrx_word' id='word_1_14' title='bbox 1991 437 2041 490; x_wconf 88' lang='lat' dir='ltr'><strong>A</strong></span> <span class='ocrx_word' id='word_1_15' title='bbox 2070 436 2448 505; x_wconf 78' lang='lat' dir='ltr'>Sabinianus,</span> <span class='ocrx_word' id='word_1_16' title='bbox 2474 435 2984 505; x_wconf 87' lang='lat' dir='ltr'>Wistremundus,</span> <span class='ocrx_word' id='word_1_17' title='bbox 3005 433 3350 504; x_wconf 85' lang='lat' dir='ltr'>Habentius,</span> <span class='ocrx_word' id='word_1_18' title='bbox 3370 438 3426 490; x_wconf 91' lang='lat' dir='ltr'>et</span> <span class='ocrx_word' id='word_1_19' title='bbox 3445 432 3749 490; x_wconf 85' lang='lat' dir='ltr'>Jeremias</span> 
     </span>
    </p>
   </div>
   <div class='ocr_carea' id='block_1_5' title="bbox 297 522 3744 600">
    <p class='ocr_par' dir='ltr' id='par_1_5' title="bbox 297 522 3744 600">
     <span class='ocr_line' id='line_1_5' title="bbox 297 522 3744 600; baseline -0.001 -19"><span class='ocrx_word' id='word_1_20' title='bbox 297 522 587 597; x_wconf 87' lang='lat' dir='ltr'>Igalensis</span> <span class='ocrx_word' id='word_1_21' title='bbox 615 522 964 581; x_wconf 77' lang='lat' dir='ltr'><strong>monasterii</strong></span> <span class='ocrx_word' id='word_1_22' title='bbox 994 522 1299 595; x_wconf 87' lang='lat' dir='ltr'>abbatem,</span> <span class='ocrx_word' id='word_1_23' title='bbox 1347 539 1487 579; x_wconf 91' lang='lat' dir='ltr'>cum</span> <span class='ocrx_word' id='word_1_24' title='bbox 1514 524 1681 580; x_wconf 91' lang='lat' dir='ltr'>omni</span> <span class='ocrx_word' id='word_1_25' title='bbox 1711 522 1962 594; x_wconf 88' lang='lat' dir='ltr'>collegio</span> <span class='ocrx_word' id='word_1_26' title='bbox 2068 527 2372 598; x_wconf 81' lang='lat' dir='ltr'>monachi,</span> <span class='ocrx_word' id='word_1_27' title='bbox 2398 543 2521 583; x_wconf 91' lang='lat' dir='ltr'>uno</span> <span class='ocrx_word' id='word_1_28' title='bbox 2547 528 2642 583; x_wconf 85' lang='lat' dir='ltr'>die</span> <span class='ocrx_word' id='word_1_29' title='bbox 2673 542 2917 600; x_wconf 84' lang='lat' dir='ltr'>unaque</span> <span class='ocrx_word' id='word_1_30' title='bbox 2946 527 3117 593; x_wconf 86' lang='lat' dir='ltr'>hora,</span> <span class='ocrx_word' id='word_1_31' title='bbox 3171 525 3427 597; x_wconf 91' lang='lat' dir='ltr'>septimo</span> <span class='ocrx_word' id='word_1_32' title='bbox 3459 523 3598 580; x_wconf 88' lang='lat' dir='ltr'>ldus</span> <span class='ocrx_word' id='word_1_33' title='bbox 3630 524 3744 579; x_wconf 87' lang='lat' dir='ltr'>Ju-</span> 
     </span>
    </p>
   </div>
   <div class='ocr_carea' id='block_1_6' title="bbox 298 612 3396 689">
    <p class='ocr_par' dir='ltr' id='par_1_6' title="bbox 298 612 3396 689">
     <span class='ocr_line' id='line_1_6' title="bbox 298 612 3396 689; baseline -0.001 -18"><span class='ocrx_word' id='word_1_34' title='bbox 298 629 431 685; x_wconf 91' lang='lat' dir='ltr'>suo,</span> <span class='ocrx_word' id='word_1_35' title='bbox 462 612 812 671; x_wconf 88' lang='lat' dir='ltr'>Dadilanem</span> <span class='ocrx_word' id='word_1_36' title='bbox 849 624 874 652; x_wconf 78' lang='grc' dir='ltr'>ι</span> <span class='ocrx_word' id='word_1_37' title='bbox 906 612 1410 686; x_wconf 86' lang='lat' dir='ltr'>Hurdaspalensis</span> <span class='ocrx_word' id='word_1_38' title='bbox 1459 614 1804 669; x_wconf 82' lang='lat' dir='ltr'>monasterii</span> <span class='ocrx_word' id='word_1_39' title='bbox 1852 612 1960 670; x_wconf 88' lang='lat' dir='ltr'>ab-</span> <span class='ocrx_word' id='word_1_40' title='bbox 2065 616 2220 686; x_wconf 91' lang='lat' dir='ltr'>nias,</span> <span class='ocrx_word' id='word_1_41' title='bbox 2252 616 2311 671; x_wconf 91' lang='lat' dir='ltr'>in</span> <span class='ocrx_word' id='word_1_42' title='bbox 2344 633 2464 673; x_wconf 70' lang='lat' dir='ltr'>sera</span> <span class='ocrx_word' id='word_1_43' title='bbox 2495 617 2840 689; x_wconf 85' lang='lat' dir='ltr'>supradicta</span> <span class='ocrx_word' id='word_1_44' title='bbox 2869 615 3209 688; x_wconf 83' lang='lat' dir='ltr'>interempti</span> <span class='ocrx_word' id='word_1_45' title='bbox 3240 618 3396 669; x_wconf 90' lang='lat' dir='ltr'>sunt.</span> 
     </span>
    </p>
   </div>
   <div class='ocr_carea' id='block_1_7' title="bbox 295 700 1959 773">
    <p class='ocr_par' dir='ltr' id='par_1_7' title="bbox 295 700 1959 773">
     <span class='ocr_line' id='line_1_7' title="bbox 295 700 1959 773; baseline -0.002 -10"><span class='ocrx_word' id='word_1_46' title='bbox 295 706 522 773; x_wconf 88' lang='lat' dir='ltr'>batem,</span> <span class='ocrx_word' id='word_1_47' title='bbox 554 718 692 759; x_wconf 90' lang='lat' dir='ltr'>cum</span> <span class='ocrx_word' id='word_1_48' title='bbox 727 700 896 758; x_wconf 90' lang='lat' dir='ltr'>omni</span> <span class='ocrx_word' id='word_1_49' title='bbox 925 701 1177 773; x_wconf 90' lang='lat' dir='ltr'>collegio</span> <span class='ocrx_word' id='word_1_50' title='bbox 1210 719 1340 758; x_wconf 91' lang='lat' dir='ltr'>suo.</span> <span class='ocrx_word' id='word_1_51' title='bbox 1389 703 1731 760; x_wconf 91' lang='lat' dir='ltr'>Salutamus</span> <span class='ocrx_word' id='word_1_52' title='bbox 1778 704 1959 759; x_wconf 90' lang='lat' dir='ltr'>etiam</span> 
     </span>
    </p>
   </div>
   <div class='ocr_carea' id='block_1_8' title="bbox 298 789 1958 864">
    <p class='ocr_par' dir='ltr' id='par_1_8' title="bbox 298 789 1958 864">
     <span class='ocr_line' id='line_1_8' title="bbox 298 789 1958 864; baseline -0.003 -13"><span class='ocrx_word' id='word_1_53' title='bbox 298 796 542 850; x_wconf 61' lang='lat' dir='ltr'>caeteros</span> <span class='ocrx_word' id='word_1_54' title='bbox 571 793 791 864; x_wconf 84' lang='lat' dir='ltr'>patres,</span> <span class='ocrx_word' id='word_1_55' title='bbox 838 805 995 862; x_wconf 88' lang='lat' dir='ltr'>quos</span> <span class='ocrx_word' id='word_1_56' title='bbox 1022 789 1085 845; x_wconf 92' lang='lat' dir='ltr'>in</span> <span class='ocrx_word' id='word_1_57' title='bbox 1113 791 1597 863; x_wconf 76' lang='lat' dir='ltr'>peregrinatione</span> <span class='ocrx_word' id='word_1_58' title='bbox 1635 797 1839 847; x_wconf 89' lang='lat' dir='ltr'>nostra</span> <span class='ocrx_word' id='word_1_59' title='bbox 1866 796 1958 846; x_wconf 90' lang='lat' dir='ltr'>tu-</span> 
     </span>
    </p>
   </div>
   <div class='ocr_carea' id='block_1_9' title="bbox 299 878 1959 953">
    <p class='ocr_par' dir='ltr' id='par_1_9' title="bbox 299 878 1959 953">
     <span class='ocr_line' id='line_1_9' title="bbox 299 878 1959 953; baseline -0.002 -14"><span class='ocrx_word' id='word_1_60' title='bbox 299 886 456 939; x_wconf 82' lang='lat' dir='ltr'>tores</span> <span class='ocrx_word' id='word_1_61' title='bbox 484 882 540 936; x_wconf 91' lang='lat' dir='ltr'>et</span> <span class='ocrx_word' id='word_1_62' title='bbox 568 878 973 935; x_wconf 86' lang='lat' dir='ltr'>consolatores</span> <span class='ocrx_word' id='word_1_63' title='bbox 1003 879 1355 949; x_wconf 80' lang='lat' dir='ltr'>habuimus,</span> <span class='ocrx_word' id='word_1_64' title='bbox 1389 895 1755 953; x_wconf 89' lang='lat' dir='ltr'>omnemque</span> <span class='ocrx_word' id='word_1_65' title='bbox 1784 882 1959 936; x_wconf 86' lang='lat' dir='ltr'>scho-</span> 
     </span>
    </p>
   </div>
   <div class='ocr_carea' id='block_1_10' title="bbox 295 967 1404 1027">
    <p class='ocr_par' dir='ltr' id='par_1_10' title="bbox 295 967 1404 1027">
     <span class='ocr_line' id='line_1_10' title="bbox 295 967 1404 1027; baseline -0.002 0"><span class='ocrx_word' id='word_1_66' title='bbox 295 971 419 1027; x_wconf 87' lang='lat' dir='ltr'>lam</span> <span class='ocrx_word' id='word_1_67' title='bbox 443 967 813 1025; x_wconf 90' lang='lat' dir='ltr'>dominicam</span> <span class='ocrx_word' id='word_1_68' title='bbox 844 967 907 1024; x_wconf 91' lang='lat' dir='ltr'>in</span> <span class='ocrx_word' id='word_1_69' title='bbox 938 967 1146 1025; x_wconf 89' lang='lat' dir='ltr'>osculo</span> <span class='ocrx_word' id='word_1_70' title='bbox 1176 972 1404 1025; x_wconf 89' lang='lat' dir='ltr'>sancto.</span> 
     </span>
    </p>
   </div>
   <div class='ocr_carea' id='block_1_11' title="bbox 367 1057 1959 1132">
    <p class='ocr_par' dir='ltr' id='par_1_11' title="bbox 367 1057 1959 1132">
     <span class='ocr_line' id='line_1_11' title="bbox 367 1057 1959 1132; baseline 0.002 -20"><span class='ocrx_word' id='word_1_71' title='bbox 367 1058 432 1114; x_wconf 91' lang='lat' dir='ltr'>In</span> <span class='ocrx_word' id='word_1_72' title='bbox 472 1057 718 1115; x_wconf 91' lang='lat' dir='ltr'>nomine</span> <span class='ocrx_word' id='word_1_73' title='bbox 749 1057 1006 1127; x_wconf 85' lang='lat' dir='ltr'>Domini,</span> <span class='ocrx_word' id='word_1_74' title='bbox 1052 1064 1341 1129; x_wconf 82' lang='lat' dir='ltr'>regnante</span> <span class='ocrx_word' id='word_1_75' title='bbox 1372 1059 1431 1114; x_wconf 90' lang='lat' dir='ltr'>in</span> <span class='ocrx_word' id='word_1_76' title='bbox 1463 1064 1818 1132; x_wconf 89' lang='lat' dir='ltr'>perpetuum</span> <span class='ocrx_word' id='word_1_77' title='bbox 1845 1061 1959 1115; x_wconf 86' lang='lat' dir='ltr'>Do-</span> 
     </span>
    </p>
   </div>
   <div class='ocr_carea' id='block_1_12' title="bbox 296 1147 1960 1220">
    <p class='ocr_par' dir='ltr' id='par_1_12' title="bbox 296 1147 1960 1220">
     <span class='ocr_line' id='line_1_12' title="bbox 296 1147 1960 1220; baseline 0 -15"><span class='ocrx_word' id='word_1_78' title='bbox 296 1147 463 1205; x_wconf 89' lang='lat' dir='ltr'>mino</span> <span class='ocrx_word' id='word_1_79' title='bbox 509 1148 651 1205; x_wconf 89' lang='lat' dir='ltr'>Jesu</span> <span class='ocrx_word' id='word_1_80' title='bbox 675 1147 927 1217; x_wconf 85' lang='lat' dir='ltr'>Christo,</span> <span class='ocrx_word' id='word_1_81' title='bbox 957 1162 1119 1206; x_wconf 91' lang='lat' dir='ltr'>anno</span> <span class='ocrx_word' id='word_1_82' title='bbox 1156 1150 1589 1206; x_wconf 88' lang='lat' dir='ltr'>Incarnationis</span> <span class='ocrx_word' id='word_1_83' title='bbox 1618 1150 1746 1220; x_wconf 90' lang='lat' dir='ltr'>ejus</span> <span class='ocrx_word' id='word_1_84' title='bbox 1773 1150 1960 1205; x_wconf 85' lang='lat' dir='ltr'>octin-</span> 
     </span>
    </p>
   </div>
   <div class='ocr_carea' id='block_1_13' title="bbox 295 1236 1963 1311">
    <p class='ocr_par' dir='ltr' id='par_1_13' title="bbox 295 1236 1963 1311">
     <span class='ocr_line' id='line_1_13' title="bbox 295 1236 1963 1311; baseline 0.001 -18"><span class='ocrx_word' id='word_1_85' title='bbox 295 1236 628 1310; x_wconf 86' lang='lat' dir='ltr'>gentesimo</span> <span class='ocrx_word' id='word_1_86' title='bbox 683 1236 1209 1311; x_wconf 85' lang='lat' dir='ltr'>quinquagesimo,</span> <span class='ocrx_word' id='word_1_87' title='bbox 1278 1252 1398 1294; x_wconf 61' lang='lat' dir='ltr'>tera</span> <span class='ocrx_word' id='word_1_88' title='bbox 1467 1238 1963 1307; x_wconf 75' lang='lat' dir='ltr'>octingentesima</span> 
     </span>
    </p>
   </div>
   <div class='ocr_carea' id='block_1_14' title="bbox 296 1324 1960 1399">
    <p class='ocr_par' dir='ltr' id='par_1_14' title="bbox 296 1324 1960 1399">
     <span class='ocr_line' id='line_1_14' title="bbox 296 1324 1960 1399; baseline 0 -17"><span class='ocrx_word' id='word_1_89' title='bbox 296 1324 714 1398; x_wconf 85' lang='lat' dir='ltr'>octuagesima</span> <span class='ocrx_word' id='word_1_90' title='bbox 763 1331 998 1397; x_wconf 91' lang='lat' dir='ltr'>octava,</span> <span class='ocrx_word' id='word_1_91' title='bbox 1058 1326 1294 1382; x_wconf 86' lang='lat' dir='ltr'>decimo</span> <span class='ocrx_word' id='word_1_92' title='bbox 1368 1334 1584 1399; x_wconf 86' lang='lat' dir='ltr'>quarto</span> <span class='ocrx_word' id='word_1_93' title='bbox 1656 1327 1960 1395; x_wconf 88' lang='lat' dir='ltr'>Kalendas</span> 
     </span>
    </p>
   </div>
   <div class='ocr_carea' id='block_1_15' title="bbox 295 1414 1504 1490">
    <p class='ocr_par' dir='ltr' id='par_1_15' title="bbox 295 1414 1504 1490">
     <span class='ocr_line' id='line_1_15' title="bbox 295 1414 1504 1490; baseline -0.003 -15"><span class='ocrx_word' id='word_1_94' title='bbox 295 1416 496 1490; x_wconf 84' lang='lat' dir='ltr'>Maias,</span> <span class='ocrx_word' id='word_1_95' title='bbox 530 1414 831 1473; x_wconf 82' lang='lat' dir='ltr'>Perfectus</span> <span class='ocrx_word' id='word_1_96' title='bbox 859 1415 1173 1490; x_wconf 82' lang='lat' dir='ltr'>presbyter</span> <span class='ocrx_word' id='word_1_97' title='bbox 1202 1416 1504 1473; x_wconf 84' lang='lat' dir='ltr'>occubuit.</span> 
     </span>
    </p>
   </div>
   <div class='ocr_carea' id='block_1_16' title="bbox 372 1506 1962 1580">
    <p class='ocr_par' dir='ltr' id='par_1_16' title="bbox 372 1506 1962 1580">
     <span class='ocr_line' id='line_1_16' title="bbox 372 1506 1962 1580; baseline -0.001 -17"><span class='ocrx_word' id='word_1_98' title='bbox 372 1506 654 1580; x_wconf 89' lang='lat' dir='ltr'>Sequenti</span> <span class='ocrx_word' id='word_1_99' title='bbox 685 1521 822 1562; x_wconf 85' lang='lat' dir='ltr'>vero</span> <span class='ocrx_word' id='word_1_100' title='bbox 848 1521 1031 1575; x_wconf 90' lang='lat' dir='ltr'>anno,</span> <span class='ocrx_word' id='word_1_101' title='bbox 1059 1506 1164 1579; x_wconf 88' lang='lat' dir='ltr'>qui</span> <span class='ocrx_word' id='word_1_102' title='bbox 1194 1521 1356 1562; x_wconf 87' lang='lat' dir='ltr'>nunc</span> <span class='ocrx_word' id='word_1_103' title='bbox 1383 1510 1489 1573; x_wconf 89' lang='lat' dir='ltr'>est,</span> <span class='ocrx_word' id='word_1_104' title='bbox 1517 1521 1635 1562; x_wconf 79' lang='lat' dir='ltr'>aera</span> <span class='ocrx_word' id='word_1_105' title='bbox 1659 1508 1962 1576; x_wconf 88' lang='lat' dir='ltr'>octingen-</span> 
     </span>
    </p>
   </div>
   <div class='ocr_carea' id='block_1_17' title="bbox 299 1594 1959 1665">
    <p class='ocr_par' dir='ltr' id='par_1_17' title="bbox 299 1594 1959 1665">
     <span class='ocr_line' id='line_1_17' title="bbox 299 1594 1959 1665; baseline -0.001 -13"><span class='ocrx_word' id='word_1_106' title='bbox 299 1595 513 1653; x_wconf 90' lang='lat' dir='ltr'>tesima</span> <span class='ocrx_word' id='word_1_107' title='bbox 550 1594 965 1665; x_wconf 88' lang='lat' dir='ltr'>octuagesima</span> <span class='ocrx_word' id='word_1_108' title='bbox 1010 1609 1194 1665; x_wconf 91' lang='lat' dir='ltr'>nona,</span> <span class='ocrx_word' id='word_1_109' title='bbox 1252 1595 1424 1651; x_wconf 84' lang='lat' dir='ltr'>tertio</span> <span class='ocrx_word' id='word_1_110' title='bbox 1480 1599 1678 1651; x_wconf 86' lang='lat' dir='ltr'>Nonas</span> <span class='ocrx_word' id='word_1_111' title='bbox 1734 1597 1959 1662; x_wconf 88' lang='lat' dir='ltr'>Juuias,</span> 
     </span>
    </p>
   </div>
   <div class='ocr_carea' id='block_1_18' title="bbox 299 1683 1961 1757">
    <p class='ocr_par' dir='ltr' id='par_1_18' title="bbox 299 1683 1961 1757">
     <span class='ocr_line' id='line_1_18' title="bbox 299 1683 1961 1757; baseline -0.002 -17"><span class='ocrx_word' id='word_1_112' title='bbox 299 1688 466 1740; x_wconf 90' lang='lat' dir='ltr'>Isaac</span> <span class='ocrx_word' id='word_1_113' title='bbox 495 1685 834 1741; x_wconf 90' lang='lat' dir='ltr'>monachus</span> <span class='ocrx_word' id='word_1_114' title='bbox 863 1683 1103 1751; x_wconf 88' lang='lat' dir='ltr'>decidit,</span> <span class='ocrx_word' id='word_1_115' title='bbox 1128 1688 1264 1757; x_wconf 90' lang='lat' dir='ltr'>post</span> <span class='ocrx_word' id='word_1_116' title='bbox 1288 1699 1469 1756; x_wconf 89' lang='lat' dir='ltr'>quem</span> <span class='ocrx_word' id='word_1_117' title='bbox 1495 1684 1707 1739; x_wconf 88' lang='lat' dir='ltr'>Sancio</span> <span class='ocrx_word' id='word_1_118' title='bbox 1732 1687 1961 1755; x_wconf 81' lang='lat' dir='ltr'>Laycus</span> 
     </span>
    </p>
   </div>
   <div class='ocr_carea' id='block_1_19' title="bbox 2142 703 3743 776">
    <p class='ocr_par' dir='ltr' id='par_1_19' title="bbox 2142 703 3743 776">
     <span class='ocr_line' id='line_1_19' title="bbox 2142 703 3743 776; baseline -0.003 -12"><span class='ocrx_word' id='word_1_119' title='bbox 2142 706 2506 764; x_wconf 80' lang='lat' dir='ltr'>Sisenandus</span> <span class='ocrx_word' id='word_1_120' title='bbox 2537 722 2676 763; x_wconf 89' lang='lat' dir='ltr'>vero</span> <span class='ocrx_word' id='word_1_121' title='bbox 2706 707 2999 763; x_wconf 85' lang='lat' dir='ltr'>diaconus</span> <span class='ocrx_word' id='word_1_122' title='bbox 3030 705 3267 761; x_wconf 88' lang='lat' dir='ltr'>decimo</span> <span class='ocrx_word' id='word_1_123' title='bbox 3317 704 3573 776; x_wconf 89' lang='lat' dir='ltr'>septimo</span> <span class='ocrx_word' id='word_1_124' title='bbox 3620 703 3743 759; x_wconf 82' lang='lat' dir='ltr'>Ka-</span> 
     </span>
    </p>
   </div>
   <div class='ocr_carea' id='block_1_20' title="bbox 2065 795 3505 868">
    <p class='ocr_par' dir='ltr' id='par_1_20' title="bbox 2065 795 3505 868">
     <span class='ocr_line' id='line_1_20' title="bbox 2065 795 3505 868; baseline -0.001 -17"><span class='ocrx_word' id='word_1_125' title='bbox 2065 795 2277 851; x_wconf 87' lang='lat' dir='ltr'>lendas</span> <span class='ocrx_word' id='word_1_126' title='bbox 2308 798 2608 865; x_wconf 85' lang='lat' dir='ltr'>Augustas</span> <span class='ocrx_word' id='word_1_127' title='bbox 2642 796 2856 852; x_wconf 89' lang='lat' dir='ltr'>eadem</span> <span class='ocrx_word' id='word_1_128' title='bbox 2887 810 3008 851; x_wconf 64' lang='lat' dir='ltr'>aera</span> <span class='ocrx_word' id='word_1_129' title='bbox 3035 798 3369 868; x_wconf 86' lang='lat' dir='ltr'>prostratus</span> <span class='ocrx_word' id='word_1_130' title='bbox 3400 797 3505 849; x_wconf 88' lang='lat' dir='ltr'>est.</span> 
     </span>
    </p>
   </div>
   <div class='ocr_carea' id='block_1_21' title="bbox 2140 882 3741 953">
    <p class='ocr_par' dir='ltr' id='par_1_21' title="bbox 2140 882 3741 953">
     <span class='ocr_line' id='line_1_21' title="bbox 2140 882 3741 953; baseline -0.002 -13"><span class='ocrx_word' id='word_1_131' title='bbox 2140 885 2356 941; x_wconf 88' lang='lat' dir='ltr'>Paulus</span> <span class='ocrx_word' id='word_1_132' title='bbox 2386 886 2678 941; x_wconf 82' lang='lat' dir='ltr'>diaconus</span> <span class='ocrx_word' id='word_1_133' title='bbox 2708 886 2943 940; x_wconf 89' lang='lat' dir='ltr'>decimo</span> <span class='ocrx_word' id='word_1_134' title='bbox 2988 884 3156 940; x_wconf 88' lang='lat' dir='ltr'>tertio</span> <span class='ocrx_word' id='word_1_135' title='bbox 3196 882 3498 939; x_wconf 84' lang='lat' dir='ltr'>Kalendas</span> <span class='ocrx_word' id='word_1_136' title='bbox 3528 887 3741 953; x_wconf 63' lang='lat' dir='ltr'>Auguo</span> 
     </span>
    </p>
   </div>
   <div class='ocr_carea' id='block_1_22' title="bbox 2071 974 3122 1047">
    <p class='ocr_par' dir='ltr' id='par_1_22' title="bbox 2071 974 3122 1047">
     <span class='ocr_line' id='line_1_22' title="bbox 2071 974 3122 1047; baseline -0.001 -19"><span class='ocrx_word' id='word_1_137' title='bbox 2071 980 2210 1039; x_wconf 86' lang='lat' dir='ltr'>stas,</span> <span class='ocrx_word' id='word_1_138' title='bbox 2244 989 2363 1029; x_wconf 68' lang='lat' dir='ltr'>aera</span> <span class='ocrx_word' id='word_1_139' title='bbox 2391 989 2513 1047; x_wconf 91' lang='lat' dir='ltr'>qua</span> <span class='ocrx_word' id='word_1_140' title='bbox 2540 990 2741 1046; x_wconf 86' lang='lat' dir='ltr'>supra,</span> <span class='ocrx_word' id='word_1_141' title='bbox 2776 974 2984 1030; x_wconf 88' lang='lat' dir='ltr'>allisus</span> <span class='ocrx_word' id='word_1_142' title='bbox 3010 976 3122 1028; x_wconf 91' lang='lat' dir='ltr'>est.</span> 
     </span>
    </p>
   </div>
   <div class='ocr_carea' id='block_1_23' title="bbox 2139 1060 3746 1129">
    <p class='ocr_par' dir='ltr' id='par_1_23' title="bbox 2139 1060 3746 1129">
     <span class='ocr_line' id='line_1_23' title="bbox 2139 1060 3746 1129; baseline -0.002 -11"><span class='ocrx_word' id='word_1_143' title='bbox 2139 1062 2565 1119; x_wconf 86' lang='lat' dir='ltr'>Theodemirus</span> <span class='ocrx_word' id='word_1_144' title='bbox 2590 1064 2944 1129; x_wconf 88' lang='lat' dir='ltr'>monachus,</span> <span class='ocrx_word' id='word_1_145' title='bbox 2973 1067 3186 1118; x_wconf 91' lang='lat' dir='ltr'>octavo</span> <span class='ocrx_word' id='word_1_146' title='bbox 3211 1060 3510 1117; x_wconf 84' lang='lat' dir='ltr'>Kalendas</span> <span class='ocrx_word' id='word_1_147' title='bbox 3532 1066 3746 1128; x_wconf 83' lang='lat' dir='ltr'>Augu-</span> 
     </span>
    </p>
   </div>
   <div class='ocr_carea' id='block_1_24' title="bbox 2072 1154 3037 1225">
    <p class='ocr_par' dir='ltr' id='par_1_24' title="bbox 2072 1154 3037 1225">
     <span class='ocr_line' id='line_1_24' title="bbox 2072 1154 3037 1225; baseline 0.001 -19"><span class='ocrx_word' id='word_1_148' title='bbox 2072 1157 2216 1215; x_wconf 84' lang='lat' dir='ltr'>stas,</span> <span class='ocrx_word' id='word_1_149' title='bbox 2250 1154 2463 1209; x_wconf 91' lang='lat' dir='ltr'>eadem</span> <span class='ocrx_word' id='word_1_150' title='bbox 2493 1169 2635 1225; x_wconf 77' lang='lat' dir='ltr'>aera,</span> <span class='ocrx_word' id='word_1_151' title='bbox 2662 1154 2901 1209; x_wconf 87' lang='lat' dir='ltr'>occisus</span> <span class='ocrx_word' id='word_1_152' title='bbox 2932 1158 3037 1208; x_wconf 88' lang='lat' dir='ltr'>est.</span> 
     </span>
    </p>
   </div>
   <div class='ocr_carea' id='block_1_25' title="bbox 2147 1239 3745 1316">
    <p class='ocr_par' dir='ltr' id='par_1_25' title="bbox 2147 1239 3745 1316">
     <span class='ocr_line' id='line_1_25' title="bbox 2147 1239 3745 1316; baseline -0.001 -20"><span class='ocrx_word' id='word_1_153' title='bbox 2147 1243 2240 1297; x_wconf 89' lang='lat' dir='ltr'>Isti</span> <span class='ocrx_word' id='word_1_154' title='bbox 2289 1247 2429 1298; x_wconf 91' lang='lat' dir='ltr'>sunt</span> <span class='ocrx_word' id='word_1_155' title='bbox 2473 1244 2577 1316; x_wconf 91' lang='lat' dir='ltr'>qui</span> <span class='ocrx_word' id='word_1_156' title='bbox 2627 1242 3001 1299; x_wconf 87' lang='lat' dir='ltr'>tradiderunt</span> <span class='ocrx_word' id='word_1_157' title='bbox 3029 1257 3284 1315; x_wconf 89' lang='lat' dir='ltr'>corpora</span> <span class='ocrx_word' id='word_1_158' title='bbox 3310 1256 3421 1296; x_wconf 89' lang='lat' dir='ltr'>sua</span> <span class='ocrx_word' id='word_1_159' title='bbox 3452 1239 3512 1295; x_wconf 90' lang='lat' dir='ltr'>in</span> <span class='ocrx_word' id='word_1_160' title='bbox 3541 1241 3745 1295; x_wconf 79' lang='lat' dir='ltr'>morte</span> 
     </span>
    </p>
   </div>
   <div class='ocr_carea' id='block_1_26' title="bbox 2071 1322 3742 1400">
    <p class='ocr_par' dir='ltr' id='par_1_26' title="bbox 2071 1322 3742 1400">
     <span class='ocr_line' id='line_1_26' title="bbox 2071 1322 3742 1400; baseline -0.002 -19"><span class='ocrx_word' id='word_1_161' title='bbox 2071 1332 2316 1400; x_wconf 90' lang='lat' dir='ltr'>propter</span> <span class='ocrx_word' id='word_1_162' title='bbox 2336 1328 2744 1383; x_wconf 87' lang='lat' dir='ltr'>testimonium</span> <span class='ocrx_word' id='word_1_163' title='bbox 2772 1326 3054 1390; x_wconf 86' lang='lat' dir='ltr'>veritatis,</span> <span class='ocrx_word' id='word_1_164' title='bbox 3080 1329 3144 1382; x_wconf 90' lang='lat' dir='ltr'>ut</span> <span class='ocrx_word' id='word_1_165' title='bbox 3171 1326 3230 1381; x_wconf 91' lang='lat' dir='ltr'>in</span> <span class='ocrx_word' id='word_1_166' title='bbox 3260 1331 3543 1381; x_wconf 83' lang='lat' dir='ltr'>aeternum</span> <span class='ocrx_word' id='word_1_167' title='bbox 3576 1322 3742 1378; x_wconf 87' lang='lat' dir='ltr'>vive-</span> 
     </span>
    </p>
   </div>
   <div class='ocr_carea' id='block_1_27' title="bbox 2074 1414 3746 1487">
    <p class='ocr_par' dir='ltr' id='par_1_27' title="bbox 2074 1414 3746 1487">
     <span class='ocr_line' id='line_1_27' title="bbox 2074 1414 3746 1487; baseline -0.002 -16"><span class='ocrx_word' id='word_1_168' title='bbox 2074 1420 2221 1472; x_wconf 87' lang='lat' dir='ltr'>rent.</span> <span class='ocrx_word' id='word_1_169' title='bbox 2256 1416 2561 1487; x_wconf 86' lang='lat' dir='ltr'>Siquidem</span> <span class='ocrx_word' id='word_1_170' title='bbox 2593 1422 2649 1472; x_wconf 86' lang='lat' dir='ltr'>et</span> <span class='ocrx_word' id='word_1_171' title='bbox 2686 1417 2841 1471; x_wconf 88' lang='lat' dir='ltr'>duas</span> <span class='ocrx_word' id='word_1_172' title='bbox 2871 1415 3135 1483; x_wconf 75' lang='lat' dir='ltr'>virgines</span> <span class='ocrx_word' id='word_1_173' title='bbox 3175 1414 3383 1470; x_wconf 86' lang='lat' dir='ltr'>Christi</span> <span class='ocrx_word' id='word_1_174' title='bbox 3416 1414 3645 1469; x_wconf 88' lang='lat' dir='ltr'>Floram</span> <span class='ocrx_word' id='word_1_175' title='bbox 3683 1416 3746 1467; x_wconf 87' lang='lat' dir='ltr'>et</span> 
     </span>
    </p>
   </div>
   <div class='ocr_carea' id='block_1_28' title="bbox 2072 1506 3748 1578">
    <p class='ocr_par' dir='ltr' id='par_1_28' title="bbox 2072 1506 3748 1578">
     <span class='ocr_line' id='line_1_28' title="bbox 2072 1506 3748 1578; baseline -0.004 -15"><span class='ocrx_word' id='word_1_176' title='bbox 2072 1507 2334 1573; x_wconf 89' lang='lat' dir='ltr'>Mariam,</span> <span class='ocrx_word' id='word_1_177' title='bbox 2359 1507 2675 1562; x_wconf 88' lang='lat' dir='ltr'>nobiscum</span> <span class='ocrx_word' id='word_1_178' title='bbox 2701 1508 2778 1561; x_wconf 91' lang='lat' dir='ltr'>ob</span> <span class='ocrx_word' id='word_1_179' title='bbox 2808 1506 3085 1562; x_wconf 87' lang='lat' dir='ltr'>eamdem</span> <span class='ocrx_word' id='word_1_180' title='bbox 3109 1506 3542 1578; x_wconf 88' lang='lat' dir='ltr'>professionem</span> <span class='ocrx_word' id='word_1_181' title='bbox 3574 1516 3748 1558; x_wconf 85' lang='lat' dir='ltr'>nunc</span> 
     </span>
    </p>
   </div>
   <div class='ocr_carea' id='block_1_29' title="bbox 2073 1592 3745 1667">
    <p class='ocr_par' dir='ltr' id='par_1_29' title="bbox 2073 1592 3745 1667">
     <span class='ocr_line' id='line_1_29' title="bbox 2073 1592 3745 1667; baseline -0.002 -17"><span class='ocrx_word' id='word_1_182' title='bbox 2073 1596 2134 1651; x_wconf 90' lang='lat' dir='ltr'>in</span> <span class='ocrx_word' id='word_1_183' title='bbox 2163 1595 2531 1663; x_wconf 82' lang='lat' dir='ltr'>ergastulum</span> <span class='ocrx_word' id='word_1_184' title='bbox 2561 1596 2959 1663; x_wconf 82' lang='lat' dir='ltr'>detruserunt,</span> <span class='ocrx_word' id='word_1_185' title='bbox 3000 1599 3057 1649; x_wconf 89' lang='lat' dir='ltr'>et</span> <span class='ocrx_word' id='word_1_186' title='bbox 3087 1594 3355 1667; x_wconf 86' lang='lat' dir='ltr'>quotidie</span> <span class='ocrx_word' id='word_1_187' title='bbox 3393 1593 3467 1648; x_wconf 89' lang='lat' dir='ltr'>de</span> <span class='ocrx_word' id='word_1_188' title='bbox 3496 1592 3745 1648; x_wconf 89' lang='lat' dir='ltr'>interitu</span> 
     </span>
    </p>
   </div>
   <div class='ocr_carea' id='block_1_30' title="bbox 2074 1685 2537 1739">
    <p class='ocr_par' dir='ltr' id='par_1_30' title="bbox 2074 1685 2537 1739">
     <span class='ocr_line' id='line_1_30' title="bbox 2074 1685 2537 1739; baseline -0.002 0"><span class='ocrx_word' id='word_1_189' title='bbox 2074 1685 2537 1739; x_wconf 89' lang='lat' dir='ltr'>comminantur.</span> 
     </span>
    </p>
   </div>
   <div class='ocr_carea' id='block_1_31' title="bbox 298 1770 3747 1852">
    <p class='ocr_par' dir='ltr' id='par_1_31' title="bbox 298 1770 3747 1852">
     <span class='ocr_line' id='line_1_31' title="bbox 298 1770 3747 1852; baseline -0.002 -22"><span class='ocrx_word' id='word_1_190' title='bbox 298 1772 376 1830; x_wconf 90' lang='lat' dir='ltr'>de</span> <span class='ocrx_word' id='word_1_191' title='bbox 402 1773 628 1851; x_wconf 83' lang='lat' dir='ltr'>Oppido</span> <span class='ocrx_word' id='word_1_192' title='bbox 650 1774 916 1842; x_wconf 80' lang='lat' dir='ltr'>Albensi,</span> <span class='ocrx_word' id='word_1_193' title='bbox 950 1777 1149 1831; x_wconf 85' lang='lat' dir='ltr'>Nonas</span> <span class='ocrx_word' id='word_1_194' title='bbox 1173 1775 1400 1844; x_wconf 78' lang='lat' dir='ltr'>lunias,</span> <span class='ocrx_word' id='word_1_195' title='bbox 1428 1773 1489 1831; x_wconf 89' lang='lat' dir='ltr'>in</span> <span class='ocrx_word' id='word_1_196' title='bbox 1518 1774 1632 1830; x_wconf 90' lang='lat' dir='ltr'>hac</span> <span class='ocrx_word' id='word_1_197' title='bbox 1660 1774 1793 1846; x_wconf 89' lang='lat' dir='ltr'>ipsa</span> <span class='ocrx_word' id='word_1_198' title='bbox 1821 1788 1960 1839; x_wconf 63' lang='lat' dir='ltr'>tera,</span> <span class='ocrx_word' id='word_1_199' title='bbox 1994 1775 2035 1852; x_wconf 62' lang='grc' dir='ltr'>Β</span> <span class='ocrx_word' id='word_1_200' title='bbox 2144 1774 2294 1827; x_wconf 81' lang='lat' dir='ltr'>Data</span> <span class='ocrx_word' id='word_1_201' title='bbox 2323 1773 2559 1828; x_wconf 87' lang='lat' dir='ltr'>decimo</span> <span class='ocrx_word' id='word_1_202' title='bbox 2590 1772 2844 1844; x_wconf 88' lang='lat' dir='ltr'>septimo</span> <span class='ocrx_word' id='word_1_203' title='bbox 2894 1771 3198 1827; x_wconf 87' lang='lat' dir='ltr'>Kalendas</span> <span class='ocrx_word' id='word_1_204' title='bbox 3242 1770 3583 1826; x_wconf 84' lang='lat' dir='ltr'>Decembris</span> <span class='ocrx_word' id='word_1_205' title='bbox 3633 1784 3747 1840; x_wconf 90' lang='lat' dir='ltr'>per</span> 
     </span>
    </p>
   </div>
   <div class='ocr_carea' id='block_1_32' title="bbox 299 1863 1265 1936">
    <p class='ocr_par' dir='ltr' id='par_1_32' title="bbox 299 1863 1265 1936">
     <span class='ocr_line' id='line_1_32' title="bbox 299 1863 1265 1936; baseline -0.001 -16"><span class='ocrx_word' id='word_1_206' title='bbox 299 1863 631 1936; x_wconf 86' lang='lat' dir='ltr'>martyriali</span> <span class='ocrx_word' id='word_1_207' title='bbox 658 1863 828 1920; x_wconf 89' lang='lat' dir='ltr'>obitu</span> <span class='ocrx_word' id='word_1_208' title='bbox 856 1863 1265 1935; x_wconf 87' lang='lat' dir='ltr'>triumphavit.</span> 
     </span>
    </p>
   </div>
   <div class='ocr_carea' id='block_1_33' title="bbox 375 1951 1959 2026">
    <p class='ocr_par' dir='ltr' id='par_1_33' title="bbox 375 1951 1959 2026">
     <span class='ocr_line' id='line_1_33' title="bbox 375 1951 1959 2026; baseline -0.002 -17"><span class='ocrx_word' id='word_1_209' title='bbox 375 1951 598 2009; x_wconf 88' lang='lat' dir='ltr'>Deinde</span> <span class='ocrx_word' id='word_1_210' title='bbox 625 1956 830 2009; x_wconf 88' lang='lat' dir='ltr'>Petrus</span> <span class='ocrx_word' id='word_1_211' title='bbox 858 1953 1193 2026; x_wconf 88' lang='lat' dir='ltr'>presbyter,</span> <span class='ocrx_word' id='word_1_212' title='bbox 1229 1952 1621 2011; x_wconf 84' lang='lat' dir='ltr'>Walabonsus</span> <span class='ocrx_word' id='word_1_213' title='bbox 1644 1951 1959 2019; x_wconf 88' lang='lat' dir='ltr'>diaconus,</span> 
     </span>
    </p>
   </div>
   <div class='ocr_carea' id='block_1_34' title="bbox 371 2074 1963 2151">
    <p class='ocr_par' dir='ltr' id='par_1_34' title="bbox 371 2074 1963 2151">
     <span class='ocr_line' id='line_1_34' title="bbox 371 2074 1963 2151; baseline -0.003 -15"><span class='ocrx_word' id='word_1_214' title='bbox 371 2091 395 2117; x_wconf 75' lang='grc'><strong><em>⁸</em></strong></span> <span class='ocrx_word' id='word_1_215' title='bbox 425 2080 555 2151; x_wconf 73' lang='lat' dir='ltr'>Non</span> <span class='ocrx_word' id='word_1_216' title='bbox 583 2075 815 2151; x_wconf 71' lang='lat' dir='ltr'>dubito,</span> <span class='ocrx_word' id='word_1_217' title='bbox 842 2075 989 2151; x_wconf 89' lang='lat' dir='ltr'>quin</span> <span class='ocrx_word' id='word_1_218' title='bbox 1001 2078 1072 2151; x_wconf 76' lang='lat' dir='ltr'>in</span> <span class='ocrx_word' id='word_1_219' title='bbox 1098 2078 1443 2135; x_wconf 79' lang='lat' dir='ltr'>ccenobium</span> <span class='ocrx_word' id='word_1_220' title='bbox 1470 2074 1775 2146; x_wconf 81' lang='lat' dir='ltr'>intelligat,</span> <span class='ocrx_word' id='word_1_221' title='bbox 1796 2076 1963 2149; x_wconf 89' lang='lat' dir='ltr'>quod</span> 
     </span>
    </p>
   </div>
   <div class='ocr_carea' id='block_1_35' title="bbox 301 2146 1962 2225">
    <p class='ocr_par' dir='ltr' id='par_1_35' title="bbox 301 2146 1962 2225">
     <span class='ocr_line' id='line_1_35' title="bbox 301 2146 1962 2225; baseline -0.002 -20"><span class='ocrx_word' id='word_1_222' title='bbox 301 2161 465 2205; x_wconf 88' lang='lat' dir='ltr'>nunc</span> <span class='ocrx_word' id='word_1_223' title='bbox 485 2146 560 2225; x_wconf 75' lang='lat' dir='ltr'>de</span> <span class='ocrx_word' id='word_1_224' title='bbox 583 2146 806 2225; x_wconf 29' lang='grc' dir='ltr'>λᾷνάαω</span> <span class='ocrx_word' id='word_1_225' title='bbox 837 2146 1234 2225; x_wconf 56' lang='lat' dir='ltr'>appellamus:</span> <span class='ocrx_word' id='word_1_226' title='bbox 1267 2150 1454 2225; x_wconf 82' lang='lat' dir='ltr'>Situm</span> <span class='ocrx_word' id='word_1_227' title='bbox 1482 2152 1568 2225; x_wconf 79' lang='lat' dir='ltr'>est</span> <span class='ocrx_word' id='word_1_228' title='bbox 1602 2152 1768 2225; x_wconf 79' lang='lat' dir='ltr'>trans</span> <span class='ocrx_word' id='word_1_229' title='bbox 1794 2146 1962 2225; x_wconf 71' lang='lat' dir='ltr'>Pyre-</span> 
     </span>
    </p>
   </div>
   <div class='ocr_carea' id='block_1_36' title="bbox 300 2218 1964 2289">
    <p class='ocr_par' dir='ltr' id='par_1_36' title="bbox 300 2218 1964 2289">
     <span class='ocr_line' id='line_1_36' title="bbox 300 2218 1964 2289; baseline -0.001 -14"><span class='ocrx_word' id='word_1_230' title='bbox 300 2234 470 2276; x_wconf 65' lang='lat' dir='ltr'>nmos</span> <span class='ocrx_word' id='word_1_231' title='bbox 497 2219 747 2278; x_wconf 86' lang='lat' dir='ltr'>Galliam</span> <span class='ocrx_word' id='word_1_232' title='bbox 773 2218 985 2279; x_wconf 70' lang='lat' dir='ltr'>versus</span> <span class='ocrx_word' id='word_1_233' title='bbox 1009 2235 1134 2278; x_wconf 89' lang='lat' dir='ltr'>non</span> <span class='ocrx_word' id='word_1_234' title='bbox 1155 2219 1488 2278; x_wconf 86' lang='lat' dir='ltr'>admodum</span> <span class='ocrx_word' id='word_1_235' title='bbox 1515 2219 1692 2289; x_wconf 90' lang='lat' dir='ltr'>longe</span> <span class='ocrx_word' id='word_1_236' title='bbox 1715 2218 1793 2274; x_wconf 91' lang='lat' dir='ltr'>ab</span> <span class='ocrx_word' id='word_1_237' title='bbox 1816 2218 1964 2274; x_wconf 90' lang='lat' dir='ltr'>urbe</span> 
     </span>
    </p>
   </div>
   <div class='ocr_carea' id='block_1_37' title="bbox 303 2289 1965 2363">
    <p class='ocr_par' dir='ltr' id='par_1_37' title="bbox 303 2289 1965 2363">
     <span class='ocr_line' id='line_1_37' title="bbox 303 2289 1965 2363; baseline -0.001 -13"><span class='ocrx_word' id='word_1_238' title='bbox 303 2291 533 2350; x_wconf 85' lang='lat' dir='ltr'>Baiona</span> <span class='ocrx_word' id='word_1_239' title='bbox 558 2291 857 2352; x_wconf 88' lang='lat' dir='ltr'>dissitum.</span> <span class='ocrx_word' id='word_1_240' title='bbox 900 2296 968 2350; x_wconf 87' lang='lat' dir='ltr'>Et</span> <span class='ocrx_word' id='word_1_241' title='bbox 1010 2309 1151 2350; x_wconf 87' lang='lat' dir='ltr'>cum</span> <span class='ocrx_word' id='word_1_242' title='bbox 1178 2292 1411 2363; x_wconf 77' lang='lat' dir='ltr'>Eulogii</span> <span class='ocrx_word' id='word_1_243' title='bbox 1437 2296 1709 2363; x_wconf 84' lang='lat' dir='ltr'>tempore</span> <span class='ocrx_word' id='word_1_244' title='bbox 1737 2289 1965 2349; x_wconf 85' lang='lat' dir='ltr'>ordinis</span> 
     </span>
    </p>
   </div>
   <div class='ocr_carea' id='block_1_38' title="bbox 2074 1857 3744 1929">
    <p class='ocr_par' dir='ltr' id='par_1_38' title="bbox 2074 1857 3744 1929">
     <span class='ocr_line' id='line_1_38' title="bbox 2074 1857 3744 1929; baseline -0.002 -12"><span class='ocrx_word' id='word_1_245' title='bbox 2074 1862 2393 1917; x_wconf 84' lang='lat' dir='ltr'>Galindum</span> <span class='ocrx_word' id='word_1_246' title='bbox 2428 1861 2743 1916; x_wconf 84' lang='lat' dir='ltr'>Enniconis</span> <span class='ocrx_word' id='word_1_247' title='bbox 2780 1861 2970 1916; x_wconf 81' lang='lat' dir='ltr'>virum</span> <span class='ocrx_word' id='word_1_248' title='bbox 3017 1860 3327 1929; x_wconf 85' lang='lat' dir='ltr'>illustrem,</span> <span class='ocrx_word' id='word_1_249' title='bbox 3380 1874 3499 1913; x_wconf 71' lang='lat' dir='ltr'>tera</span> <span class='ocrx_word' id='word_1_250' title='bbox 3545 1857 3744 1914; x_wconf 83' lang='lat' dir='ltr'>octin-</span> 
     </span>
    </p>
   </div>
   <div class='ocr_carea' id='block_1_39' title="bbox 2074 1950 3108 2021">
    <p class='ocr_par' dir='ltr' id='par_1_39' title="bbox 2074 1950 3108 2021">
     <span class='ocr_line' id='line_1_39' title="bbox 2074 1950 3108 2021; baseline -0.004 -14"><span class='ocrx_word' id='word_1_251' title='bbox 2074 1950 2405 2021; x_wconf 88' lang='lat' dir='ltr'>gentesima</span> <span class='ocrx_word' id='word_1_252' title='bbox 2434 1950 2844 2019; x_wconf 89' lang='lat' dir='ltr'>octuagesima</span> <span class='ocrx_word' id='word_1_253' title='bbox 2869 1965 3033 2005; x_wconf 88' lang='lat' dir='ltr'>nona</span> <span class='ocrx_word' id='word_1_254' title='bbox 3062 1950 3108 2003; x_wconf 73' lang='grc' dir='ltr'>δ.</span> 
     </span>
    </p>
   </div>
   <div class='ocr_carea' id='block_1_40' title="bbox 2074 2072 3736 2142">
    <p class='ocr_par' dir='ltr' id='par_1_40' title="bbox 2074 2072 3736 2142">
     <span class='ocr_line' id='line_1_40' title="bbox 2074 2072 3736 2142; baseline -0.001 -12"><span class='ocrx_word' id='word_1_255' title='bbox 2074 2077 2137 2131; x_wconf 92' lang='lat' dir='ltr'>D.</span> <span class='ocrx_word' id='word_1_256' title='bbox 2196 2073 2491 2131; x_wconf 88' lang='lat' dir='ltr'>Benedicti</span> <span class='ocrx_word' id='word_1_257' title='bbox 2540 2074 2732 2142; x_wconf 82' lang='lat' dir='ltr'>fuerit,</span> <span class='ocrx_word' id='word_1_258' title='bbox 2782 2091 2941 2130; x_wconf 90' lang='lat' dir='ltr'>nunc</span> <span class='ocrx_word' id='word_1_259' title='bbox 2993 2077 3082 2130; x_wconf 90' lang='lat' dir='ltr'>est</span> <span class='ocrx_word' id='word_1_260' title='bbox 3129 2072 3736 2129; x_wconf 72' lang='lat' dir='ltr'>Praemonstratensis.</span> 
     </span>
    </p>
   </div>
   <div class='ocr_carea' id='block_1_41' title="bbox 2073 2151 2292 2204">
    <p class='ocr_par' dir='ltr' id='par_1_41' title="bbox 2073 2151 2292 2204">
     <span class='ocr_line' id='line_1_41' title="bbox 2073 2151 2292 2204; baseline -0.018 0"><span class='ocrx_word' id='word_1_261' title='bbox 2073 2151 2292 2204; x_wconf 66' lang='lat' dir='ltr'>lonAL.</span> 
     </span>
    </p>
   </div>
   <div class='ocr_carea' id='block_1_42' title="bbox 2142 2216 3088 2290">
    <p class='ocr_par' dir='ltr' id='par_1_42' title="bbox 2142 2216 3088 2290">
     <span class='ocr_line' id='line_1_42' title="bbox 2142 2216 3088 2290; baseline -0.003 -15"><span class='ocrx_word' id='word_1_262' title='bbox 2142 2219 2171 2260; x_wconf 75' lang='grc' dir='ltr'>δ</span> <span class='ocrx_word' id='word_1_263' title='bbox 2203 2219 2294 2276; x_wconf 93' lang='lat' dir='ltr'>Sio</span> <span class='ocrx_word' id='word_1_264' title='bbox 2325 2216 2431 2273; x_wconf 86' lang='lat' dir='ltr'>fuit</span> <span class='ocrx_word' id='word_1_265' title='bbox 2461 2219 2521 2273; x_wconf 91' lang='lat' dir='ltr'>in</span> <span class='ocrx_word' id='word_1_266' title='bbox 2553 2217 2901 2290; x_wconf 85' lang='lat' dir='ltr'>exemplari.</span> <span class='ocrx_word' id='word_1_267' title='bbox 2936 2222 3088 2273; x_wconf 74' lang='lat' dir='ltr'>lusu.</span> 
     </span>
    </p>
   </div>
   <div class='ocr_carea' id='block_1_43' title="bbox 1261 2600 2777 2707">
    <p class='ocr_par' dir='ltr' id='par_1_43' title="bbox 1261 2600 2777 2707">
     <span class='ocr_line' id='line_1_43' title="bbox 1261 2600 2777 2707; baseline -0.001 -3"><span class='ocrx_word' id='word_1_268' title='bbox 1261 2600 1902 2707; x_wconf 80' lang='lat' dir='ltr'>SANCTI</span> <span class='ocrx_word' id='word_1_269' title='bbox 2033 2602 2777 2707; x_wconf 89' lang='lat' dir='ltr'>EULOGII</span> 
     </span>
    </p>
   </div>
   <div class='ocr_carea' id='block_1_44' title="bbox 1433 2824 2599 2871">
    <p class='ocr_par' dir='ltr' id='par_1_44' title="bbox 1433 2824 2599 2871">
     <span class='ocr_line' id='line_1_44' title="bbox 1433 2824 2599 2871; baseline -0.001 -4"><span class='ocrx_word' id='word_1_270' title='bbox 1433 2824 1851 2871; x_wconf 68' lang='lat' dir='ltr'>ARCHIEPISCOPI</span> <span class='ocrx_word' id='word_1_271' title='bbox 1887 2826 2160 2869; x_wconf 74' lang='lat' dir='ltr'>TOLETANI</span> <span class='ocrx_word' id='word_1_272' title='bbox 2196 2828 2261 2867; x_wconf 79' lang='lat' dir='ltr'><strong>ET</strong></span> <span class='ocrx_word' id='word_1_273' title='bbox 2302 2826 2599 2871; x_wconf 72' lang='lat' dir='ltr'>IAR&#39;I&#39;YRIS.</span> 
     </span>
    </p>
   </div>
   <div class='ocr_carea' id='block_1_45' title="bbox 700 2987 3326 3135">
    <p class='ocr_par' dir='ltr' id='par_1_45' title="bbox 700 2987 3326 3135">
     <span class='ocr_line' id='line_1_45' title="bbox 700 2987 3326 3135; baseline -0.001 -5"><span class='ocrx_word' id='word_1_274' title='bbox 700 2990 1122 3130; x_wconf 79' lang='lat' dir='ltr'>LIBER</span> <span class='ocrx_word' id='word_1_275' title='bbox 1218 2994 2268 3135; x_wconf 85' lang='lat' dir='ltr'>APOLOGETICUS</span> <span class='ocrx_word' id='word_1_276' title='bbox 2371 2997 3190 3133; x_wconf 80' lang='lat' dir='ltr'>MARTYBUM</span> <span class='ocrx_word' id='word_1_277' title='bbox 3226 2987 3326 3127; x_wconf 46' lang='grc' dir='ltr'>η.</span> 
     </span>
    </p>
   </div>
   <div class='ocr_carea' id='block_1_46' title="bbox 748 3362 1517 3420">
    <p class='ocr_par' dir='ltr' id='par_1_46' title="bbox 748 3362 1517 3420">
     <span class='ocr_line' id='line_1_46' title="bbox 748 3362 1517 3420; baseline 0.001 -2"><span class='ocrx_word' id='word_1_278' title='bbox 748 3362 1230 3419; x_wconf 69' lang='grc' dir='ltr'>ΑΒΕΗΠΕΝΤΗΜ</span> <span class='ocrx_word' id='word_1_279' title='bbox 1268 3363 1517 3420; x_wconf 83' lang='lat' dir='ltr'>OPERIS</span> 
     </span>
    </p>
   </div>
   <div class='ocr_carea' id='block_1_47' title="bbox 307 3448 1969 3532">
    <p class='ocr_par' dir='ltr' id='par_1_47' title="bbox 307 3448 1969 3532">
     <span class='ocr_line' id='line_1_47' title="bbox 307 3448 1969 3532; baseline 0.001 -25"><span class='ocrx_word' id='word_1_280' title='bbox 307 3448 668 3532; x_wconf 60' lang='lat' dir='ltr'>Deereucrat</span> <span class='ocrx_word' id='word_1_281' title='bbox 697 3449 869 3507; x_wconf 84' lang='lat' dir='ltr'>divus</span> <span class='ocrx_word' id='word_1_282' title='bbox 898 3450 1193 3532; x_wconf 74' lang='lat' dir='ltr'>Eulogius</span> <span class='ocrx_word' id='word_1_283' title='bbox 1204 3452 1279 3532; x_wconf 57' lang='lat' dir='ltr'>in</span> <span class='ocrx_word' id='word_1_284' title='bbox 1313 3452 1424 3532; x_wconf 66' lang='lat' dir='ltr'>[ioc</span> <span class='ocrx_word' id='word_1_285' title='bbox 1466 3467 1672 3532; x_wconf 59' lang='lat' dir='ltr'>opere</span> <span class='ocrx_word' id='word_1_286' title='bbox 1689 3454 1872 3532; x_wconf 72' lang='lat' dir='ltr'>vitam</span> <span class='ocrx_word' id='word_1_287' title='bbox 1910 3457 1969 3532; x_wconf 80' lang='lat' dir='ltr'>et</span> 
     </span>
    </p>
   </div>
   <div class='ocr_carea' id='block_1_48' title="bbox 377 3523 1968 3591">
    <p class='ocr_par' dir='ltr' id='par_1_48' title="bbox 377 3523 1968 3591">
     <span class='ocr_line' id='line_1_48' title="bbox 377 3523 1968 3591; baseline 0.002 -15"><span class='ocrx_word' id='word_1_288' title='bbox 377 3523 757 3591; x_wconf 74' lang='lat' dir='ltr'>martyrium</span> <span class='ocrx_word' id='word_1_289' title='bbox 796 3528 1142 3578; x_wconf 85' lang='lat' dir='ltr'>sanctorum</span> <span class='ocrx_word' id='word_1_290' title='bbox 1189 3523 1477 3580; x_wconf 83' lang='lat' dir='ltr'>Ruderici</span> <span class='ocrx_word' id='word_1_291' title='bbox 1525 3531 1580 3579; x_wconf 86' lang='lat' dir='ltr'>et</span> <span class='ocrx_word' id='word_1_292' title='bbox 1633 3526 1968 3580; x_wconf 85' lang='lat' dir='ltr'>Salomonis</span> 
     </span>
    </p>
   </div>
   <div class='ocr_carea' id='block_1_49' title="bbox 380 3589 1966 3665">
    <p class='ocr_par' dir='ltr' id='par_1_49' title="bbox 380 3589 1966 3665">
     <span class='ocr_line' id='line_1_49' title="bbox 380 3589 1966 3665; baseline 0.001 -18"><span class='ocrx_word' id='word_1_293' title='bbox 380 3589 793 3665; x_wconf 79' lang='lat' dir='ltr'>tantummodo</span> <span class='ocrx_word' id='word_1_294' title='bbox 824 3592 1100 3665; x_wconf 78' lang='lat' dir='ltr'>scribere.</span> <span class='ocrx_word' id='word_1_295' title='bbox 1140 3591 1216 3648; x_wconf 93' lang='lat' dir='ltr'>Id</span> <span class='ocrx_word' id='word_1_296' title='bbox 1252 3594 1406 3648; x_wconf 80' lang='lat' dir='ltr'>enim</span> <span class='ocrx_word' id='word_1_297' title='bbox 1448 3595 1618 3650; x_wconf 86' lang='lat' dir='ltr'>initio</span> <span class='ocrx_word' id='word_1_298' title='bbox 1640 3598 1771 3665; x_wconf 87' lang='lat' dir='ltr'>jam</span> <span class='ocrx_word' id='word_1_299' title='bbox 1810 3596 1966 3651; x_wconf 88' lang='lat' dir='ltr'>indi-</span> 
     </span>
    </p>
   </div>
   <div class='ocr_carea' id='block_1_50' title="bbox 380 3660 1965 3737">
    <p class='ocr_par' dir='ltr' id='par_1_50' title="bbox 380 3660 1965 3737">
     <span class='ocr_line' id='line_1_50' title="bbox 380 3660 1965 3737; baseline 0.003 -20"><span class='ocrx_word' id='word_1_300' title='bbox 380 3665 501 3737; x_wconf 78' lang='lat' dir='ltr'>cat,</span> <span class='ocrx_word' id='word_1_301' title='bbox 528 3667 582 3737; x_wconf 84' lang='lat' dir='ltr'>et</span> <span class='ocrx_word' id='word_1_302' title='bbox 614 3660 852 3737; x_wconf 82' lang='lat' dir='ltr'>tandem</span> <span class='ocrx_word' id='word_1_303' title='bbox 899 3663 1127 3737; x_wconf 73' lang='lat' dir='ltr'>inﬁne</span> <span class='ocrx_word' id='word_1_304' title='bbox 1162 3665 1356 3737; x_wconf 75' lang='lat' dir='ltr'>operis</span> <span class='ocrx_word' id='word_1_305' title='bbox 1386 3660 1658 3737; x_wconf 56' lang='lat' dir='ltr'>apparet:</span> <span class='ocrx_word' id='word_1_306' title='bbox 1731 3668 1965 3737; x_wconf 87' lang='lat' dir='ltr'>Verum,</span> 
     </span>
    </p>
   </div>
   <div class='ocr_carea' id='block_1_51' title="bbox 389 3733 1970 3808">
    <p class='ocr_par' dir='ltr' id='par_1_51' title="bbox 389 3733 1970 3808">
     <span class='ocr_line' id='line_1_51' title="bbox 389 3733 1970 3808; baseline 0.001 -19"><span class='ocrx_word' id='word_1_307' title='bbox 389 3733 534 3808; x_wconf 86' lang='lat' dir='ltr'>quia</span> <span class='ocrx_word' id='word_1_308' title='bbox 553 3733 863 3808; x_wconf 77' lang='lat' dir='ltr'>instabant</span> <span class='ocrx_word' id='word_1_309' title='bbox 882 3733 1084 3808; x_wconf 79' lang='lat' dir='ltr'>adhuc</span> <span class='ocrx_word' id='word_1_310' title='bbox 1094 3735 1513 3808; x_wconf 68' lang='lat' dir='ltr'>pusillanimes</span> <span class='ocrx_word' id='word_1_311' title='bbox 1528 3737 1770 3807; x_wconf 87' lang='lat' dir='ltr'>quidam</span> <span class='ocrx_word' id='word_1_312' title='bbox 1797 3733 1970 3793; x_wconf 77' lang='lat' dir='ltr'>Chri-</span> 
     </span>
    </p>
   </div>
   <div class='ocr_carea' id='block_1_52' title="bbox 380 3805 1970 3878">
    <p class='ocr_par' dir='ltr' id='par_1_52' title="bbox 380 3805 1970 3878">
     <span class='ocr_line' id='line_1_52' title="bbox 380 3805 1970 3878; baseline -0.001 -14"><span class='ocrx_word' id='word_1_313' title='bbox 380 3805 586 3874; x_wconf 71' lang='lat' dir='ltr'>stiani,</span> <span class='ocrx_word' id='word_1_314' title='bbox 616 3806 724 3875; x_wconf 97' lang='lat' dir='ltr'>qui</span> <span class='ocrx_word' id='word_1_315' title='bbox 742 3810 996 3878; x_wconf 77' lang='lat' dir='ltr'>propter</span> <span class='ocrx_word' id='word_1_316' title='bbox 1020 3806 1342 3863; x_wconf 74' lang='lat' dir='ltr'>imbecilles</span> <span class='ocrx_word' id='word_1_317' title='bbox 1380 3809 1505 3863; x_wconf 78' lang='lat' dir='ltr'>zelo</span> <span class='ocrx_word' id='word_1_318' title='bbox 1540 3805 1824 3878; x_wconf 80' lang='lat' dir='ltr'>quodam,</span> <span class='ocrx_word' id='word_1_319' title='bbox 1868 3808 1970 3864; x_wconf 90' lang='lat' dir='ltr'>sed</span> 
     </span>
    </p>
   </div>
   <div class='ocr_carea' id='block_1_53' title="bbox 380 3878 1967 3949">
    <p class='ocr_par' dir='ltr' id='par_1_53' title="bbox 380 3878 1967 3949">
     <span class='ocr_line' id='line_1_53' title="bbox 380 3878 1967 3949; baseline -0.003 -11"><span class='ocrx_word' id='word_1_320' title='bbox 380 3892 503 3938; x_wconf 87' lang='lat' dir='ltr'>non</span> <span class='ocrx_word' id='word_1_321' title='bbox 531 3878 858 3949; x_wconf 85' lang='lat' dir='ltr'>secundum</span> <span class='ocrx_word' id='word_1_322' title='bbox 886 3878 1216 3945; x_wconf 78' lang='lat' dir='ltr'>scientiam,</span> <span class='ocrx_word' id='word_1_323' title='bbox 1264 3880 1551 3934; x_wconf 76' lang='lat' dir='ltr'>commoti.</span> <span class='ocrx_word' id='word_1_324' title='bbox 1595 3881 1967 3949; x_wconf 79' lang='lat' dir='ltr'>martyribus</span> 
     </span>
    </p>
   </div>
   <div class='ocr_carea' id='block_1_54' title="bbox 384 3946 1969 4019">
    <p class='ocr_par' dir='ltr' id='par_1_54' title="bbox 384 3946 1969 4019">
     <span class='ocr_line' id='line_1_54' title="bbox 384 3946 1969 4019; baseline -0.003 -10"><span class='ocrx_word' id='word_1_325' title='bbox 384 3951 549 4009; x_wconf 87' lang='lat' dir='ltr'>ultro</span> <span class='ocrx_word' id='word_1_326' title='bbox 569 3962 690 4006; x_wconf 88' lang='lat' dir='ltr'>sese</span> <span class='ocrx_word' id='word_1_327' title='bbox 731 3946 1043 4019; x_wconf 72' lang='lat' dir='ltr'>Judicibus</span> <span class='ocrx_word' id='word_1_328' title='bbox 1061 3949 1358 4019; x_wconf 80' lang='lat' dir='ltr'>passionis</span> <span class='ocrx_word' id='word_1_329' title='bbox 1380 3963 1562 4006; x_wconf 78' lang='lat' dir='ltr'>causa</span> <span class='ocrx_word' id='word_1_330' title='bbox 1585 3946 1969 4019; x_wconf 73' lang='lat' dir='ltr'>offerentibus</span> 
     </span>
    </p>
   </div>
   <div class='ocr_carea' id='block_1_55' title="bbox 383 4019 1968 4091">
    <p class='ocr_par' dir='ltr' id='par_1_55' title="bbox 383 4019 1968 4091">
     <span class='ocr_line' id='line_1_55' title="bbox 383 4019 1968 4091; baseline -0.001 -13"><span class='ocrx_word' id='word_1_331' title='bbox 383 4019 825 4089; x_wconf 83' lang='lat' dir='ltr'>detrahebant;</span> <span class='ocrx_word' id='word_1_332' title='bbox 850 4021 1069 4076; x_wconf 85' lang='lat' dir='ltr'>iterum</span> <span class='ocrx_word' id='word_1_333' title='bbox 1095 4020 1381 4076; x_wconf 86' lang='lat' dir='ltr'>adversus</span> <span class='ocrx_word' id='word_1_334' title='bbox 1412 4036 1506 4077; x_wconf 91' lang='lat' dir='ltr'>eos</span> <span class='ocrx_word' id='word_1_335' title='bbox 1537 4021 1646 4077; x_wconf 85' lang='lat' dir='ltr'>hoc</span> <span class='ocrx_word' id='word_1_336' title='bbox 1676 4036 1853 4091; x_wconf 87' lang='lat' dir='ltr'>opere</span> <span class='ocrx_word' id='word_1_337' title='bbox 1879 4023 1968 4076; x_wconf 87' lang='lat' dir='ltr'>in-</span> 
     </span>
    </p>
   </div>
   <div class='ocr_carea' id='block_1_56' title="bbox 382 4091 1969 4163">
    <p class='ocr_par' dir='ltr' id='par_1_56' title="bbox 382 4091 1969 4163">
     <span class='ocr_line' id='line_1_56' title="bbox 382 4091 1969 4163; baseline -0.001 -14"><span class='ocrx_word' id='word_1_338' title='bbox 382 4091 600 4163; x_wconf 80' lang='lat' dir='ltr'>surgit,</span> <span class='ocrx_word' id='word_1_339' title='bbox 625 4094 913 4163; x_wconf 78' lang='lat' dir='ltr'>tanquam</span> <span class='ocrx_word' id='word_1_340' title='bbox 938 4107 1057 4147; x_wconf 84' lang='lat' dir='ltr'>non</span> <span class='ocrx_word' id='word_1_341' title='bbox 1079 4093 1224 4147; x_wconf 80' lang='lat' dir='ltr'>satis</span> <span class='ocrx_word' id='word_1_342' title='bbox 1247 4092 1491 4148; x_wconf 75' lang='lat' dir='ltr'>haberet</span> <span class='ocrx_word' id='word_1_343' title='bbox 1508 4093 1572 4147; x_wconf 90' lang='lat' dir='ltr'>in</span> <span class='ocrx_word' id='word_1_344' title='bbox 1596 4094 1789 4161; x_wconf 84' lang='lat' dir='ltr'>primo</span> <span class='ocrx_word' id='word_1_345' title='bbox 1817 4093 1969 4148; x_wconf 85' lang='lat' dir='ltr'>libro</span> 
     </span>
    </p>
   </div>
   <div class='ocr_carea' id='block_1_57' title="bbox 385 4161 1969 4231">
    <p class='ocr_par' dir='ltr' id='par_1_57' title="bbox 385 4161 1969 4231">
     <span class='ocr_line' id='line_1_57' title="bbox 385 4161 1969 4231; baseline -0.001 -10"><span class='ocrx_word' id='word_1_346' title='bbox 385 4161 597 4221; x_wconf 80' lang='lat' dir='ltr'>contra</span> <span class='ocrx_word' id='word_1_347' title='bbox 617 4161 723 4218; x_wconf 82' lang='lat' dir='ltr'>hos</span> <span class='ocrx_word' id='word_1_348' title='bbox 747 4162 948 4219; x_wconf 82' lang='lat' dir='ltr'>valide</span> <span class='ocrx_word' id='word_1_349' title='bbox 965 4177 1288 4231; x_wconf 74' lang='lat' dir='ltr'>pugnasse.</span> <span class='ocrx_word' id='word_1_350' title='bbox 1322 4165 1564 4219; x_wconf 82' lang='lat' dir='ltr'>Tractat</span> <span class='ocrx_word' id='word_1_351' title='bbox 1590 4169 1786 4220; x_wconf 84' lang='lat' dir='ltr'>autem</span> <span class='ocrx_word' id='word_1_352' title='bbox 1814 4166 1969 4221; x_wconf 87' lang='lat' dir='ltr'>locos</span> 
     </span>
    </p>
   </div>
   <div class='ocr_carea' id='block_1_58' title="bbox 386 4232 1968 4307">
    <p class='ocr_par' dir='ltr' id='par_1_58' title="bbox 386 4232 1968 4307">
     <span class='ocr_line' id='line_1_58' title="bbox 386 4232 1968 4307; baseline 0.001 -16"><span class='ocrx_word' id='word_1_353' title='bbox 386 4232 676 4307; x_wconf 76' lang='lat' dir='ltr'>quosdam</span> <span class='ocrx_word' id='word_1_354' title='bbox 705 4232 900 4307; x_wconf 57' lang='lat' dir='ltr'>cavbis</span> <span class='ocrx_word' id='word_1_355' title='bbox 930 4233 1141 4304; x_wconf 80' lang='lat' dir='ltr'>quibus</span> <span class='ocrx_word' id='word_1_356' title='bbox 1156 4235 1286 4303; x_wconf 83' lang='lat' dir='ltr'>jam</span> <span class='ocrx_word' id='word_1_357' title='bbox 1321 4236 1731 4307; x_wconf 82' lang='lat' dir='ltr'>responderat,</span> <span class='ocrx_word' id='word_1_358' title='bbox 1771 4242 1827 4292; x_wconf 89' lang='lat' dir='ltr'>et</span> <span class='ocrx_word' id='word_1_359' title='bbox 1869 4236 1968 4292; x_wconf 88' lang='lat' dir='ltr'>de-</span> 
     </span>
    </p>
   </div>
   <div class='ocr_carea' id='block_1_59' title="bbox 386 4303 1972 4375">
    <p class='ocr_par' dir='ltr' id='par_1_59' title="bbox 386 4303 1972 4375">
     <span class='ocr_line' id='line_1_59' title="bbox 386 4303 1972 4375; baseline -0.001 -11"><span class='ocrx_word' id='word_1_360' title='bbox 386 4303 509 4364; x_wconf 72' lang='lat' dir='ltr'>nuo</span> <span class='ocrx_word' id='word_1_361' title='bbox 539 4303 665 4362; x_wconf 89' lang='lat' dir='ltr'>alia</span> <span class='ocrx_word' id='word_1_362' title='bbox 698 4303 1335 4375; x_wconf 38' lang='lat' dir='ltr'>refutat’argumenta.</span> <span class='ocrx_word' id='word_1_363' title='bbox 1360 4306 1515 4361; x_wconf 84' lang='lat' dir='ltr'>Erat</span> <span class='ocrx_word' id='word_1_364' title='bbox 1535 4313 1728 4363; x_wconf 88' lang='lat' dir='ltr'>autem</span> <span class='ocrx_word' id='word_1_365' title='bbox 1760 4310 1972 4363; x_wconf 85' lang='lat' dir='ltr'>misere</span> 
     </span>
    </p>
   </div>
   <div class='ocr_carea' id='block_1_60' title="bbox 388 4375 1971 4451">
    <p class='ocr_par' dir='ltr' id='par_1_60' title="bbox 388 4375 1971 4451">
     <span class='ocr_line' id='line_1_60' title="bbox 388 4375 1971 4451; baseline 0 -18"><span class='ocrx_word' id='word_1_366' title='bbox 388 4375 1343 4451; x_wconf 75' lang='lat' dir='ltr'>corruptumexemplar,_lassato</span> <span class='ocrx_word' id='word_1_367' title='bbox 1366 4379 1657 4451; x_wconf 82' lang='lat' dir='ltr'>nimirum</span> <span class='ocrx_word' id='word_1_368' title='bbox 1677 4382 1812 4449; x_wconf 86' lang='lat' dir='ltr'>jam</span> <span class='ocrx_word' id='word_1_369' title='bbox 1842 4380 1971 4435; x_wconf 87' lang='lat' dir='ltr'>des-</span> 
     </span>
    </p>
   </div>
   <div class='ocr_carea' id='block_1_61' title="bbox 390 4446 1972 4518">
    <p class='ocr_par' dir='ltr' id='par_1_61' title="bbox 390 4446 1972 4518">
     <span class='ocr_line' id='line_1_61' title="bbox 390 4446 1972 4518; baseline -0.001 -14"><span class='ocrx_word' id='word_1_370' title='bbox 390 4446 674 4517; x_wconf 86' lang='lat' dir='ltr'>criptore,</span> <span class='ocrx_word' id='word_1_371' title='bbox 704 4450 761 4501; x_wconf 92' lang='lat' dir='ltr'>et</span> <span class='ocrx_word' id='word_1_372' title='bbox 786 4446 1184 4516; x_wconf 72' lang='lat' dir='ltr'>negligentiae</span> <span class='ocrx_word' id='word_1_373' title='bbox 1211 4449 1411 4503; x_wconf 86' lang='lat' dir='ltr'>omnia</span> <span class='ocrx_word' id='word_1_374' title='bbox 1441 4446 1787 4518; x_wconf 76' lang='lat' dir='ltr'>excipiente.</span> <span class='ocrx_word' id='word_1_375' title='bbox 1812 4451 1972 4504; x_wconf 86' lang='lat' dir='ltr'>Hinc</span> 
     </span>
    </p>
   </div>
   <div class='ocr_carea' id='block_1_62' title="bbox 384 4518 1969 4590">
    <p class='ocr_par' dir='ltr' id='par_1_62' title="bbox 384 4518 1969 4590">
     <span class='ocr_line' id='line_1_62' title="bbox 384 4518 1969 4590; baseline 0 -15"><span class='ocrx_word' id='word_1_376' title='bbox 384 4519 510 4590; x_wconf 85' lang='lat' dir='ltr'>fuit</span> <span class='ocrx_word' id='word_1_377' title='bbox 529 4518 627 4574; x_wconf 82' lang='lat' dir='ltr'>hic</span> <span class='ocrx_word' id='word_1_378' title='bbox 662 4518 854 4574; x_wconf 88' lang='lat' dir='ltr'>multo</span> <span class='ocrx_word' id='word_1_379' title='bbox 882 4520 1074 4590; x_wconf 79' lang='lat' dir='ltr'>magis</span> <span class='ocrx_word' id='word_1_380' title='bbox 1105 4519 1167 4574; x_wconf 86' lang='lat' dir='ltr'>in</span> <span class='ocrx_word' id='word_1_381' title='bbox 1206 4520 1577 4575; x_wconf 88' lang='lat' dir='ltr'>emendando</span> <span class='ocrx_word' id='word_1_382' title='bbox 1608 4521 1969 4577; x_wconf 80' lang='lat' dir='ltr'>sudandum.</span> 
     </span>
    </p>
   </div>
   <div class='ocr_carea' id='block_1_63' title="bbox 387 4588 1974 4662">
    <p class='ocr_par' dir='ltr' id='par_1_63' title="bbox 387 4588 1974 4662">
     <span class='ocr_line' id='line_1_63' title="bbox 387 4588 1974 4662; baseline -0.001 -16"><span class='ocrx_word' id='word_1_383' title='bbox 387 4588 596 4662; x_wconf 86' lang='lat' dir='ltr'>Neque</span> <span class='ocrx_word' id='word_1_384' title='bbox 626 4594 831 4662; x_wconf 63' lang='lat' dir='ltr'>tamen</span> <span class='ocrx_word' id='word_1_385' title='bbox 869 4588 1035 4644; x_wconf 85' lang='lat' dir='ltr'>nobis</span> <span class='ocrx_word' id='word_1_386' title='bbox 1065 4590 1462 4662; x_wconf 73' lang='lat' dir='ltr'>permisimus</span> <span class='ocrx_word' id='word_1_387' title='bbox 1501 4592 1619 4646; x_wconf 87' lang='lat' dir='ltr'>nisi</span> <span class='ocrx_word' id='word_1_388' title='bbox 1652 4607 1835 4646; x_wconf 83' lang='lat' dir='ltr'>unum</span> <span class='ocrx_word' id='word_1_389' title='bbox 1869 4597 1974 4646; x_wconf 87' lang='lat' dir='ltr'>aut</span> 
     </span>
    </p>
   </div>
   <div class='ocr_carea' id='block_1_64' title="bbox 390 4659 1977 4731">
    <p class='ocr_par' dir='ltr' id='par_1_64' title="bbox 390 4659 1977 4731">
     <span class='ocr_line' id='line_1_64' title="bbox 390 4659 1977 4731; baseline -0.001 -12"><span class='ocrx_word' id='word_1_390' title='bbox 390 4659 650 4720; x_wconf 83' lang='lat' dir='ltr'>alterum</span> <span class='ocrx_word' id='word_1_391' title='bbox 703 4659 947 4717; x_wconf 88' lang='lat' dir='ltr'>verbum</span> <span class='ocrx_word' id='word_1_392' title='bbox 995 4660 1238 4731; x_wconf 84' lang='lat' dir='ltr'>addere,</span> <span class='ocrx_word' id='word_1_393' title='bbox 1284 4666 1648 4728; x_wconf 76' lang='lat' dir='ltr'>permutare,</span> <span class='ocrx_word' id='word_1_394' title='bbox 1702 4670 1977 4731; x_wconf 84' lang='lat' dir='ltr'>transpo-</span> 
     </span>
    </p>
   </div>
   <div class='ocr_carea' id='block_1_65' title="bbox 389 4732 1980 4802">
    <p class='ocr_par' dir='ltr' id='par_1_65' title="bbox 389 4732 1980 4802">
     <span class='ocr_line' id='line_1_65' title="bbox 389 4732 1980 4802; baseline -0.002 -12"><span class='ocrx_word' id='word_1_395' title='bbox 389 4748 552 4791; x_wconf 87' lang='lat' dir='ltr'>nere.</span> <span class='ocrx_word' id='word_1_396' title='bbox 606 4732 885 4788; x_wconf 73' lang='lat' dir='ltr'>Diximus</span> <span class='ocrx_word' id='word_1_397' title='bbox 939 4738 1138 4788; x_wconf 75' lang='lat' dir='ltr'>autem</span> <span class='ocrx_word' id='word_1_398' title='bbox 1175 4735 1307 4802; x_wconf 88' lang='lat' dir='ltr'>jam</span> <span class='ocrx_word' id='word_1_399' title='bbox 1358 4738 1662 4789; x_wconf 85' lang='lat' dir='ltr'>auctorem</span> <span class='ocrx_word' id='word_1_400' title='bbox 1714 4734 1980 4789; x_wconf 85' lang='lat' dir='ltr'>Indiculi</span> 
     </span>
    </p>
   </div>
   <div class='ocr_carea' id='block_1_66' title="bbox 388 4803 1977 4875">
    <p class='ocr_par' dir='ltr' id='par_1_66' title="bbox 388 4803 1977 4875">
     <span class='ocr_line' id='line_1_66' title="bbox 388 4803 1977 4875; baseline -0.001 -14"><span class='ocrx_word' id='word_1_401' title='bbox 388 4805 698 4861; x_wconf 73' lang='lat' dir='ltr'>Duminosi</span> <span class='ocrx_word' id='word_1_402' title='bbox 744 4803 811 4859; x_wconf 83' lang='lat' dir='ltr'>id</span> <span class='ocrx_word' id='word_1_403' title='bbox 852 4818 1001 4874; x_wconf 82' lang='lat' dir='ltr'>opus</span> <span class='ocrx_word' id='word_1_404' title='bbox 1050 4804 1116 4859; x_wconf 87' lang='lat' dir='ltr'>in</span> <span class='ocrx_word' id='word_1_405' title='bbox 1181 4804 1583 4873; x_wconf 82' lang='lat' dir='ltr'>defensionem</span> <span class='ocrx_word' id='word_1_406' title='bbox 1640 4811 1977 4875; x_wconf 84' lang='lat' dir='ltr'>martyrum</span> 
     </span>
    </p>
   </div>
   <div class='ocr_carea' id='block_1_67' title="bbox 389 4875 1550 4949">
    <p class='ocr_par' dir='ltr' id='par_1_67' title="bbox 389 4875 1550 4949">
     <span class='ocr_line' id='line_1_67' title="bbox 389 4875 1550 4949; baseline -0.003 -14"><span class='ocrx_word' id='word_1_407' title='bbox 389 4877 694 4949; x_wconf 81' lang='lat' dir='ltr'>scripsisse</span> <span class='ocrx_word' id='word_1_408' title='bbox 721 4875 929 4932; x_wconf 81' lang='lat' dir='ltr'>iisdem</span> <span class='ocrx_word' id='word_1_409' title='bbox 956 4875 1289 4933; x_wconf 78' lang='lat' dir='ltr'>rationibus</span> <span class='ocrx_word' id='word_1_410' title='bbox 1319 4875 1550 4932; x_wconf 79' lang='lat' dir='ltr'>dilatis.</span> 
     </span>
    </p>
   </div>
   <div class='ocr_carea' id='block_1_68' title="bbox 759 4981 1531 5041">
    <p class='ocr_par' dir='ltr' id='par_1_68' title="bbox 759 4981 1531 5041">
     <span class='ocr_line' id='line_1_68' title="bbox 759 4981 1531 5041; baseline 0 -2"><span class='ocrx_word' id='word_1_411' title='bbox 759 4981 1130 5041; x_wconf 83' lang='lat' dir='ltr'>PROLOGUS</span> <span class='ocrx_word' id='word_1_412' title='bbox 1165 4982 1531 5039; x_wconf 81' lang='lat' dir='ltr'>AUCTORIS.</span> 
     </span>
    </p>
   </div>
   <div class='ocr_carea' id='block_1_69' title="bbox 393 5087 1982 5163">
    <p class='ocr_par' dir='ltr' id='par_1_69' title="bbox 393 5087 1982 5163">
     <span class='ocr_line' id='line_1_69' title="bbox 393 5087 1982 5163; baseline 0.002 -20"><span class='ocrx_word' id='word_1_413' title='bbox 393 5089 569 5156; x_wconf 89' lang='lat' dir='ltr'>Dum,</span> <span class='ocrx_word' id='word_1_414' title='bbox 599 5087 800 5144; x_wconf 88' lang='lat' dir='ltr'>studio</span> <span class='ocrx_word' id='word_1_415' title='bbox 827 5088 1148 5160; x_wconf 88' lang='lat' dir='ltr'>promendi</span> <span class='ocrx_word' id='word_1_416' title='bbox 1174 5092 1510 5161; x_wconf 89' lang='lat' dir='ltr'>martyrum</span> <span class='ocrx_word' id='word_1_417' title='bbox 1554 5093 1739 5160; x_wconf 85' lang='lat' dir='ltr'>gesta,</span> <span class='ocrx_word' id='word_1_418' title='bbox 1783 5090 1982 5163; x_wconf 89' lang='lat' dir='ltr'>operis</span> 
     </span>
    </p>
   </div>
   <div class='ocr_carea' id='block_1_70' title="bbox 322 5175 1980 5253">
    <p class='ocr_par' dir='ltr' id='par_1_70' title="bbox 322 5175 1980 5253">
     <span class='ocr_line' id='line_1_70' title="bbox 322 5175 1980 5253; baseline -0.001 -16"><span class='ocrx_word' id='word_1_419' title='bbox 322 5178 505 5253; x_wconf 86' lang='lat' dir='ltr'>hujus</span> <span class='ocrx_word' id='word_1_420' title='bbox 532 5175 889 5235; x_wconf 83' lang='lat' dir='ltr'>brevitatem</span> <span class='ocrx_word' id='word_1_421' title='bbox 917 5183 1220 5235; x_wconf 83' lang='lat' dir='ltr'>exstruere</span> <span class='ocrx_word' id='word_1_422' title='bbox 1248 5177 1625 5247; x_wconf 88' lang='lat' dir='ltr'>intentarem,</span> <span class='ocrx_word' id='word_1_423' title='bbox 1655 5194 1980 5252; x_wconf 91' lang='lat' dir='ltr'>meumque</span> 
     </span>
    </p>
   </div>
   <div class='ocr_carea' id='block_1_71' title="bbox 323 5262 1979 5341">
    <p class='ocr_par' dir='ltr' id='par_1_71' title="bbox 323 5262 1979 5341">
     <span class='ocr_line' id='line_1_71' title="bbox 323 5262 1979 5341; baseline -0.003 -12"><span class='ocrx_word' id='word_1_424' title='bbox 323 5266 540 5329; x_wconf 77' lang='lat' dir='ltr'>exilem</span> <span class='ocrx_word' id='word_1_425' title='bbox 554 5265 616 5322; x_wconf 88' lang='lat' dir='ltr'>in</span> <span class='ocrx_word' id='word_1_426' title='bbox 629 5262 1017 5333; x_wconf 85' lang='lat' dir='ltr'>indagatione</span> <span class='ocrx_word' id='word_1_427' title='bbox 1035 5264 1378 5338; x_wconf 74' lang='lat' dir='ltr'>praeliorum</span> <span class='ocrx_word' id='word_1_428' title='bbox 1393 5271 1739 5325; x_wconf 89' lang='lat' dir='ltr'>sanctorum</span> <span class='ocrx_word' id='word_1_429' title='bbox 1757 5269 1979 5341; x_wconf 91' lang='lat' dir='ltr'>stylum</span> 
     </span>
    </p>
   </div>
   <div class='ocr_carea' id='block_1_72' title="bbox 322 5352 1981 5418">
    <p class='ocr_par' dir='ltr' id='par_1_72' title="bbox 322 5352 1981 5418">
     <span class='ocr_line' id='line_1_72' title="bbox 322 5352 1981 5418; baseline -0.002 -2"><span class='ocrx_word' id='word_1_430' title='bbox 322 5357 727 5418; x_wconf 88' lang='lat' dir='ltr'>immitterem,</span> <span class='ocrx_word' id='word_1_431' title='bbox 767 5352 1084 5412; x_wconf 88' lang='lat' dir='ltr'>confestim</span> <span class='ocrx_word' id='word_1_432' title='bbox 1139 5354 1569 5414; x_wconf 83' lang='lat' dir='ltr'>oblatrantium</span> <span class='ocrx_word' id='word_1_433' title='bbox 1624 5358 1981 5414; x_wconf 80' lang='lat' dir='ltr'>stolidarum</span> 
     </span>
    </p>
   </div>
   <div class='ocr_carea' id='block_1_73' title="bbox 323 5442 1982 5525">
    <p class='ocr_par' dir='ltr' id='par_1_73' title="bbox 323 5442 1982 5525">
     <span class='ocr_line' id='line_1_73' title="bbox 323 5442 1982 5525; baseline -0.001 -20"><span class='ocrx_word' id='word_1_434' title='bbox 323 5446 639 5525; x_wconf 87' lang='lat' dir='ltr'>opiniones</span> <span class='ocrx_word' id='word_1_435' title='bbox 661 5442 951 5511; x_wconf 89' lang='lat' dir='ltr'>recolens,</span> <span class='ocrx_word' id='word_1_436' title='bbox 980 5443 1084 5516; x_wconf 90' lang='lat' dir='ltr'>qui</span> <span class='ocrx_word' id='word_1_437' title='bbox 1106 5445 1419 5517; x_wconf 91' lang='lat' dir='ltr'>proprium</span> <span class='ocrx_word' id='word_1_438' title='bbox 1448 5446 1523 5503; x_wconf 93' lang='lat' dir='ltr'>de</span> <span class='ocrx_word' id='word_1_439' title='bbox 1554 5463 1625 5504; x_wconf 91' lang='lat' dir='ltr'>eo</span> <span class='ocrx_word' id='word_1_440' title='bbox 1655 5463 1766 5521; x_wconf 91' lang='lat' dir='ltr'>pro</span> <span class='ocrx_word' id='word_1_441' title='bbox 1798 5451 1982 5520; x_wconf 91' lang='lat' dir='ltr'>captu</span> 
     </span>
    </p>
   </div>
   <div class='ocr_carea' id='block_1_74' title="bbox 326 5531 1982 5609">
    <p class='ocr_par' dir='ltr' id='par_1_74' title="bbox 326 5531 1982 5609">
     <span class='ocr_line' id='line_1_74' title="bbox 326 5531 1982 5609; baseline -0.002 -16"><span class='ocrx_word' id='word_1_442' title='bbox 326 5535 582 5593; x_wconf 77' lang='lat' dir='ltr'>scientiae</span> <span class='ocrx_word' id='word_1_443' title='bbox 602 5533 856 5591; x_wconf 85' lang='lat' dir='ltr'>ferentes</span> <span class='ocrx_word' id='word_1_444' title='bbox 879 5531 1196 5605; x_wconf 87' lang='lat' dir='ltr'>judicium,</span> <span class='ocrx_word' id='word_1_445' title='bbox 1227 5550 1373 5605; x_wconf 89' lang='lat' dir='ltr'>non,</span> <span class='ocrx_word' id='word_1_446' title='bbox 1414 5540 1478 5591; x_wconf 89' lang='lat' dir='ltr'>ut</span> <span class='ocrx_word' id='word_1_447' title='bbox 1516 5536 1838 5609; x_wconf 86' lang='lat' dir='ltr'>prioribus,</span> <span class='ocrx_word' id='word_1_448' title='bbox 1887 5536 1982 5591; x_wconf 88' lang='lat' dir='ltr'>his</span> 
     </span>
    </p>
   </div>
   <div class='ocr_carea' id='block_1_75' title="bbox 324 5620 1983 5700">
    <p class='ocr_par' dir='ltr' id='par_1_75' title="bbox 324 5620 1983 5700">
     <span class='ocr_line' id='line_1_75' title="bbox 324 5620 1983 5700; baseline -0.001 -20"><span class='ocrx_word' id='word_1_449' title='bbox 324 5641 570 5700; x_wconf 87' lang='lat' dir='ltr'>quoque</span> <span class='ocrx_word' id='word_1_450' title='bbox 593 5620 987 5683; x_wconf 83' lang='lat' dir='ltr'>reverentiam</span> <span class='ocrx_word' id='word_1_451' title='bbox 1014 5624 1377 5697; x_wconf 79' lang='lat' dir='ltr'>martyribus</span> <span class='ocrx_word' id='word_1_452' title='bbox 1406 5626 1805 5683; x_wconf 85' lang='lat' dir='ltr'>exhibendam</span> <span class='ocrx_word' id='word_1_453' title='bbox 1853 5640 1983 5681; x_wconf 89' lang='lat' dir='ltr'>esse</span> 
     </span>
    </p>
   </div>
   <div class='ocr_carea' id='block_1_76' title="bbox 326 5713 1983 5792">
    <p class='ocr_par' dir='ltr' id='par_1_76' title="bbox 326 5713 1983 5792">
     <span class='ocr_line' id='line_1_76' title="bbox 326 5713 1983 5792; baseline 0 -20"><span class='ocrx_word' id='word_1_454' title='bbox 326 5714 659 5773; x_wconf 91' lang='lat' dir='ltr'>decernunt</span> <span class='ocrx_word' id='word_1_455' title='bbox 686 5731 699 5782; x_wconf 90' lang='lat'><strong>;</strong></span> <span class='ocrx_word' id='word_1_456' title='bbox 746 5713 914 5769; x_wconf 90' lang='lat' dir='ltr'>nisus</span> <span class='ocrx_word' id='word_1_457' title='bbox 941 5729 1078 5770; x_wconf 89' lang='lat' dir='ltr'>sum</span> <span class='ocrx_word' id='word_1_458' title='bbox 1105 5714 1167 5771; x_wconf 92' lang='lat' dir='ltr'>in</span> <span class='ocrx_word' id='word_1_459' title='bbox 1191 5716 1436 5777; x_wconf 83' lang='lat' dir='ltr'>exordio</span> <span class='ocrx_word' id='word_1_460' title='bbox 1461 5718 1660 5792; x_wconf 89' lang='lat' dir='ltr'>operis</span> <span class='ocrx_word' id='word_1_461' title='bbox 1686 5716 1983 5775; x_wconf 87' lang='lat' dir='ltr'>adversus</span> 
     </span>
    </p>
   </div>
   <div class='ocr_carea' id='block_1_77' title="bbox 398 5821 1053 5898">
    <p class='ocr_par' dir='ltr' id='par_1_77' title="bbox 398 5821 1053 5898">
     <span class='ocr_line' id='line_1_77' title="bbox 398 5821 1053 5898; baseline 0 -17"><span class='ocrx_word' id='word_1_462' title='bbox 398 5837 422 5866; x_wconf 75' lang='grc' dir='ltr'>α</span> <span class='ocrx_word' id='word_1_463' title='bbox 451 5821 714 5898; x_wconf 85' lang='lat' dir='ltr'>Scriptus</span> <span class='ocrx_word' id='word_1_464' title='bbox 736 5836 901 5883; x_wconf 87' lang='lat' dir='ltr'>anno</span> <span class='ocrx_word' id='word_1_465' title='bbox 928 5826 1053 5882; x_wconf 75' lang='lat'><strong>857.</strong></span> 
     </span>
    </p>
   </div>
   <div class='ocr_carea' id='block_1_78' title="bbox 2053 3234 2355 3250">
    <p class='ocr_par' dir='ltr' id='par_1_78' title="bbox 2053 3234 2355 3250">
     <span class='ocr_line' id='line_1_78' title="bbox 2053 3234 2355 3250; baseline -0.003 0"><span class='ocrx_word' id='word_1_466' title='bbox 2053 3234 2355 3250; x_wconf 64' lang='lat'>—_‘</span> 
     </span>
    </p>
   </div>
   <div class='ocr_carea' id='block_1_79' title="bbox 1994 3357 3736 3439">
    <p class='ocr_par' dir='ltr' id='par_1_79' title="bbox 1994 3357 3736 3439">
     <span class='ocr_line' id='line_1_79' title="bbox 1994 3357 3736 3439; baseline -0.005 -18"><span class='ocrx_word' id='word_1_467' title='bbox 1994 3367 2033 3421; x_wconf 89' lang='lat' dir='ltr'><strong>C</strong></span> <span class='ocrx_word' id='word_1_468' title='bbox 2074 3380 2177 3420; x_wconf 89' lang='lat' dir='ltr'>eos</span> <span class='ocrx_word' id='word_1_469' title='bbox 2205 3367 2589 3439; x_wconf 89' lang='lat' dir='ltr'>respondere.</span> <span class='ocrx_word' id='word_1_470' title='bbox 2624 3366 2751 3430; x_wconf 89' lang='lat' dir='ltr'>Quo</span> <span class='ocrx_word' id='word_1_471' title='bbox 2783 3363 3029 3433; x_wconf 82' lang='lat' dir='ltr'>contigit</span> <span class='ocrx_word' id='word_1_472' title='bbox 3057 3366 3121 3418; x_wconf 90' lang='lat' dir='ltr'>ut</span> <span class='ocrx_word' id='word_1_473' title='bbox 3142 3362 3204 3418; x_wconf 90' lang='lat' dir='ltr'>in</span> <span class='ocrx_word' id='word_1_474' title='bbox 3228 3360 3496 3430; x_wconf 83' lang='lat' dir='ltr'>vigorem</span> <span class='ocrx_word' id='word_1_475' title='bbox 3520 3357 3736 3431; x_wconf 82' lang='lat' dir='ltr'>Apolo-</span> 
     </span>
    </p>
   </div>
   <div class='ocr_carea' id='block_1_80' title="bbox 2078 3449 3733 3527">
    <p class='ocr_par' dir='ltr' id='par_1_80' title="bbox 2078 3449 3733 3527">
     <span class='ocr_line' id='line_1_80' title="bbox 2078 3449 3733 3527; baseline -0.005 -15"><span class='ocrx_word' id='word_1_476' title='bbox 2078 3456 2249 3523; x_wconf 82' lang='lat' dir='ltr'>getici</span> <span class='ocrx_word' id='word_1_477' title='bbox 2270 3462 2577 3525; x_wconf 89' lang='lat' dir='ltr'>gestorum</span> <span class='ocrx_word' id='word_1_478' title='bbox 2602 3454 2986 3527; x_wconf 84' lang='lat' dir='ltr'>pertransiret</span> <span class='ocrx_word' id='word_1_479' title='bbox 3014 3452 3313 3509; x_wconf 88' lang='lat' dir='ltr'>materies.</span> <span class='ocrx_word' id='word_1_480' title='bbox 3350 3454 3434 3515; x_wconf 86' lang='lat' dir='ltr'>Et,</span> <span class='ocrx_word' id='word_1_481' title='bbox 3468 3449 3603 3507; x_wconf 85' lang='lat' dir='ltr'>licet</span> <span class='ocrx_word' id='word_1_482' title='bbox 3632 3465 3733 3503; x_wconf 87' lang='lat' dir='ltr'>su—</span> 
     </span>
    </p>
   </div>
   <div class='ocr_carea' id='block_1_81' title="bbox 2076 3536 3733 3617">
    <p class='ocr_par' dir='ltr' id='par_1_81' title="bbox 2076 3536 3733 3617">
     <span class='ocr_line' id='line_1_81' title="bbox 2076 3536 3733 3617; baseline -0.005 -17"><span class='ocrx_word' id='word_1_483' title='bbox 2076 3560 2286 3616; x_wconf 87' lang='lat' dir='ltr'>prema</span> <span class='ocrx_word' id='word_1_484' title='bbox 2300 3561 2440 3617; x_wconf 88' lang='lat' dir='ltr'>pars</span> <span class='ocrx_word' id='word_1_485' title='bbox 2464 3562 2595 3600; x_wconf 88' lang='lat' dir='ltr'>com</span> <span class='ocrx_word' id='word_1_486' title='bbox 2607 3536 2880 3599; x_wconf 85' lang='lat' dir='ltr'>mentarii</span> <span class='ocrx_word' id='word_1_487' title='bbox 2893 3547 3229 3614; x_wconf 86' lang='lat' dir='ltr'>martyrum</span> <span class='ocrx_word' id='word_1_488' title='bbox 3254 3543 3439 3607; x_wconf 80' lang='lat' dir='ltr'>gestet</span> <span class='ocrx_word' id='word_1_489' title='bbox 3451 3553 3733 3609; x_wconf 87' lang='lat' dir='ltr'>agonem,</span> 
     </span>
    </p>
   </div>
   <div class='ocr_carea' id='block_1_82' title="bbox 2077 3626 3737 3707">
    <p class='ocr_par' dir='ltr' id='par_1_82' title="bbox 2077 3626 3737 3707">
     <span class='ocr_line' id='line_1_82' title="bbox 2077 3626 3737 3707; baseline -0.006 -18"><span class='ocrx_word' id='word_1_490' title='bbox 2077 3638 2134 3690; x_wconf 90' lang='lat' dir='ltr'>et</span> <span class='ocrx_word' id='word_1_491' title='bbox 2180 3634 2435 3706; x_wconf 83' lang='lat' dir='ltr'>qualiter</span> <span class='ocrx_word' id='word_1_492' title='bbox 2477 3635 2714 3707; x_wconf 64' lang='lat' dir='ltr'>tropaeis</span> <span class='ocrx_word' id='word_1_493' title='bbox 2759 3631 3071 3689; x_wconf 83' lang='lat' dir='ltr'>victoriam</span> <span class='ocrx_word' id='word_1_494' title='bbox 3119 3629 3334 3691; x_wconf 84' lang='lat' dir='ltr'>milites</span> <span class='ocrx_word' id='word_1_495' title='bbox 3387 3627 3485 3685; x_wconf 89' lang='lat' dir='ltr'>Dei</span> <span class='ocrx_word' id='word_1_496' title='bbox 3514 3626 3737 3682; x_wconf 89' lang='lat' dir='ltr'>clarue—</span> 
     </span>
    </p>
   </div>
   <div class='ocr_carea' id='block_1_83' title="bbox 2078 3720 3735 3795">
    <p class='ocr_par' dir='ltr' id='par_1_83' title="bbox 2078 3720 3735 3795">
     <span class='ocr_line' id='line_1_83' title="bbox 2078 3720 3735 3795; baseline -0.005 -17"><span class='ocrx_word' id='word_1_497' title='bbox 2078 3724 2194 3780; x_wconf 90' lang='lat' dir='ltr'>rint</span> <span class='ocrx_word' id='word_1_498' title='bbox 2213 3724 2546 3795; x_wconf 90' lang='lat' dir='ltr'>penultima</span> <span class='ocrx_word' id='word_1_499' title='bbox 2575 3723 2754 3778; x_wconf 87' lang='lat' dir='ltr'>series</span> <span class='ocrx_word' id='word_1_500' title='bbox 2781 3720 2959 3776; x_wconf 85' lang='lat' dir='ltr'>libelli</span> <span class='ocrx_word' id='word_1_501' title='bbox 2986 3724 3281 3791; x_wconf 85' lang='lat' dir='ltr'>exponat;</span> <span class='ocrx_word' id='word_1_502' title='bbox 3310 3733 3421 3790; x_wconf 87' lang='lat' dir='ltr'>pro</span> <span class='ocrx_word' id='word_1_503' title='bbox 3442 3732 3513 3772; x_wconf 94' lang='lat' dir='ltr'>eo</span> <span class='ocrx_word' id='word_1_504' title='bbox 3532 3720 3735 3772; x_wconf 87' lang='lat' dir='ltr'>tamen</span> 
     </span>
    </p>
   </div>
   <div class='ocr_carea' id='block_1_84' title="bbox 2078 3803 3735 3885">
    <p class='ocr_par' dir='ltr' id='par_1_84' title="bbox 2078 3803 3735 3885">
     <span class='ocr_line' id='line_1_84' title="bbox 2078 3803 3735 3885; baseline -0.006 -17"><span class='ocrx_word' id='word_1_505' title='bbox 2078 3812 2241 3885; x_wconf 91' lang='lat' dir='ltr'>quod</span> <span class='ocrx_word' id='word_1_506' title='bbox 2280 3812 2342 3868; x_wconf 89' lang='lat' dir='ltr'>in</span> <span class='ocrx_word' id='word_1_507' title='bbox 2385 3812 2680 3884; x_wconf 90' lang='lat' dir='ltr'>principio</span> <span class='ocrx_word' id='word_1_508' title='bbox 2723 3810 3061 3866; x_wconf 72' lang='lat' dir='ltr'>delatorum</span> <span class='ocrx_word' id='word_1_509' title='bbox 3108 3806 3441 3864; x_wconf 89' lang='lat' dir='ltr'>maledictis</span> <span class='ocrx_word' id='word_1_510' title='bbox 3479 3803 3735 3871; x_wconf 90' lang='lat' dir='ltr'>occurri,</span> 
     </span>
    </p>
   </div>
   <div class='ocr_carea' id='block_1_85' title="bbox 2079 3899 3735 3974">
    <p class='ocr_par' dir='ltr' id='par_1_85' title="bbox 2079 3899 3735 3974">
     <span class='ocr_line' id='line_1_85' title="bbox 2079 3899 3735 3974; baseline -0.005 -16"><span class='ocrx_word' id='word_1_511' title='bbox 2079 3902 2275 3974; x_wconf 88' lang='lat' dir='ltr'>potius</span> <span class='ocrx_word' id='word_1_512' title='bbox 2305 3902 2727 3972; x_wconf 87' lang='lat' dir='ltr'>Apologeticus</span> <span class='ocrx_word' id='word_1_513' title='bbox 2788 3902 3170 3965; x_wconf 81' lang='lat' dir='ltr'>Sanctorum,</span> <span class='ocrx_word' id='word_1_514' title='bbox 3203 3913 3391 3969; x_wconf 89' lang='lat' dir='ltr'>quam</span> <span class='ocrx_word' id='word_1_515' title='bbox 3435 3899 3601 3966; x_wconf 88' lang='lat' dir='ltr'>gesta</span> <span class='ocrx_word' id='word_1_516' title='bbox 3640 3910 3735 3950; x_wconf 84' lang='lat' dir='ltr'>so-</span> 
     </span>
    </p>
   </div>
   <div class='ocr_carea' id='block_1_86' title="bbox 2077 3987 3736 4063">
    <p class='ocr_par' dir='ltr' id='par_1_86' title="bbox 2077 3987 3736 4063">
     <span class='ocr_line' id='line_1_86' title="bbox 2077 3987 3736 4063; baseline -0.006 -15"><span class='ocrx_word' id='word_1_517' title='bbox 2077 3991 2394 4049; x_wconf 89' lang='lat' dir='ltr'>lummodo</span> <span class='ocrx_word' id='word_1_518' title='bbox 2423 3996 2761 4063; x_wconf 83' lang='lat' dir='ltr'>martyrum</span> <span class='ocrx_word' id='word_1_519' title='bbox 2794 3988 3081 4063; x_wconf 89' lang='lat' dir='ltr'>appellari</span> <span class='ocrx_word' id='word_1_520' title='bbox 3112 3987 3369 4056; x_wconf 86' lang='lat' dir='ltr'>decrevi,</span> <span class='ocrx_word' id='word_1_521' title='bbox 3422 3990 3505 4056; x_wconf 86' lang='lat' dir='ltr'>ut,</span> <span class='ocrx_word' id='word_1_522' title='bbox 3548 3989 3736 4040; x_wconf 86' lang='lat' dir='ltr'>totum</span> 
     </span>
    </p>
   </div>
   <div class='ocr_carea' id='block_1_87' title="bbox 2078 4076 3738 4155">
    <p class='ocr_par' dir='ltr' id='par_1_87' title="bbox 2078 4076 3738 4155">
     <span class='ocr_line' id='line_1_87' title="bbox 2078 4076 3738 4155; baseline -0.007 -16"><span class='ocrx_word' id='word_1_523' title='bbox 2078 4098 2189 4155; x_wconf 92' lang='lat' dir='ltr'>pro</span> <span class='ocrx_word' id='word_1_524' title='bbox 2218 4087 2387 4155; x_wconf 90' lang='lat' dir='ltr'>parte</span> <span class='ocrx_word' id='word_1_525' title='bbox 2408 4082 2754 4151; x_wconf 85' lang='lat' dir='ltr'>designans,</span> <span class='ocrx_word' id='word_1_526' title='bbox 2778 4096 2921 4135; x_wconf 79' lang='lat' dir='ltr'>mox</span> <span class='ocrx_word' id='word_1_527' title='bbox 2939 4079 3122 4135; x_wconf 88' lang='lat' dir='ltr'>limen</span> <span class='ocrx_word' id='word_1_528' title='bbox 3142 4076 3412 4133; x_wconf 88' lang='lat' dir='ltr'>lectionis</span> <span class='ocrx_word' id='word_1_529' title='bbox 3432 4089 3738 4131; x_wconf 90' lang='lat' dir='ltr'>recessum</span> 
     </span>
    </p>
   </div>
   <div class='ocr_carea' id='block_1_88' title="bbox 2080 4166 3736 4245">
    <p class='ocr_par' dir='ltr' id='par_1_88' title="bbox 2080 4166 3736 4245">
     <span class='ocr_line' id='line_1_88' title="bbox 2080 4166 3736 4245; baseline -0.005 -18"><span class='ocrx_word' id='word_1_530' title='bbox 2080 4173 2335 4245; x_wconf 89' lang='lat' dir='ltr'>aperiret</span> <span class='ocrx_word' id='word_1_531' title='bbox 2354 4170 2675 4227; x_wconf 81' lang='lat' dir='ltr'>voluminis</span> <span class='ocrx_word' id='word_1_532' title='bbox 2697 4188 2708 4237; x_wconf 94' lang='lat'><strong>;</strong></span> <span class='ocrx_word' id='word_1_533' title='bbox 2740 4185 2835 4236; x_wconf 83' lang='lat' dir='ltr'>ne,</span> <span class='ocrx_word' id='word_1_534' title='bbox 2860 4184 2970 4240; x_wconf 89' lang='lat' dir='ltr'>pro</span> <span class='ocrx_word' id='word_1_535' title='bbox 2992 4171 3116 4223; x_wconf 91' lang='lat' dir='ltr'>toto</span> <span class='ocrx_word' id='word_1_536' title='bbox 3136 4166 3458 4222; x_wconf 88' lang='lat' dir='ltr'>nominans</span> <span class='ocrx_word' id='word_1_537' title='bbox 3479 4175 3736 4237; x_wconf 85' lang='lat' dir='ltr'>partem,</span> 
     </span>
    </p>
   </div>
   <div class='ocr_carea' id='block_1_89' title="bbox 2079 4253 3739 4333">
    <p class='ocr_par' dir='ltr' id='par_1_89' title="bbox 2079 4253 3739 4333">
     <span class='ocr_line' id='line_1_89' title="bbox 2079 4253 3739 4333; baseline -0.007 -15"><span class='ocrx_word' id='word_1_538' title='bbox 2079 4262 2141 4318; x_wconf 88' lang='lat' dir='ltr'>in</span> <span class='ocrx_word' id='word_1_539' title='bbox 2170 4261 2354 4327; x_wconf 87' lang='lat' dir='ltr'>aliud,</span> <span class='ocrx_word' id='word_1_540' title='bbox 2373 4260 2539 4333; x_wconf 90' lang='lat' dir='ltr'>quod</span> <span class='ocrx_word' id='word_1_541' title='bbox 2559 4276 2681 4315; x_wconf 90' lang='lat' dir='ltr'>non</span> <span class='ocrx_word' id='word_1_542' title='bbox 2709 4258 3087 4323; x_wconf 77' lang='lat' dir='ltr'>existimaret,</span> <span class='ocrx_word' id='word_1_543' title='bbox 3121 4258 3386 4329; x_wconf 88' lang='lat' dir='ltr'>prudens</span> <span class='ocrx_word' id='word_1_544' title='bbox 3416 4256 3600 4311; x_wconf 91' lang='lat' dir='ltr'>lector</span> <span class='ocrx_word' id='word_1_545' title='bbox 3627 4253 3739 4308; x_wconf 85' lang='lat' dir='ltr'>im-</span> 
     </span>
    </p>
   </div>
   <div class='ocr_carea' id='block_1_90' title="bbox 2082 4341 3739 4423">
    <p class='ocr_par' dir='ltr' id='par_1_90' title="bbox 2082 4341 3739 4423">
     <span class='ocr_line' id='line_1_90' title="bbox 2082 4341 3739 4423; baseline -0.007 -17"><span class='ocrx_word' id='word_1_546' title='bbox 2082 4351 2372 4423; x_wconf 85' lang='lat' dir='ltr'>pingeret,</span> <span class='ocrx_word' id='word_1_547' title='bbox 2409 4350 2677 4421; x_wconf 79' lang='lat' dir='ltr'>foretque</span> <span class='ocrx_word' id='word_1_548' title='bbox 2709 4354 2851 4404; x_wconf 89' lang='lat' dir='ltr'>tunc</span> <span class='ocrx_word' id='word_1_549' title='bbox 2884 4348 3073 4403; x_wconf 84' lang='lat' dir='ltr'>facilis</span> <span class='ocrx_word' id='word_1_550' title='bbox 3104 4345 3457 4403; x_wconf 89' lang='lat' dir='ltr'>detrahendi</span> <span class='ocrx_word' id='word_1_551' title='bbox 3490 4341 3739 4399; x_wconf 82' lang='lat' dir='ltr'>infensis</span> 
     </span>
    </p>
   </div>
   <div class='ocr_carea' id='block_1_91' title="bbox 2082 4431 3736 4507">
    <p class='ocr_par' dir='ltr' id='par_1_91' title="bbox 2082 4431 3736 4507">
     <span class='ocr_line' id='line_1_91' title="bbox 2082 4431 3736 4507; baseline -0.005 -11"><span class='ocrx_word' id='word_1_552' title='bbox 2082 4439 2512 4501; x_wconf 90' lang='lat' dir='ltr'>occasio,dum</span> <span class='ocrx_word' id='word_1_553' title='bbox 2552 4438 2715 4493; x_wconf 88' lang='lat' dir='ltr'>aliud</span> <span class='ocrx_word' id='word_1_554' title='bbox 2759 4453 3007 4507; x_wconf 91' lang='lat' dir='ltr'>nomen,</span> <span class='ocrx_word' id='word_1_555' title='bbox 3045 4436 3211 4493; x_wconf 90' lang='lat' dir='ltr'>aliud</span> <span class='ocrx_word' id='word_1_556' title='bbox 3256 4435 3535 4507; x_wconf 86' lang='lat' dir='ltr'>proderet</span> <span class='ocrx_word' id='word_1_557' title='bbox 3568 4431 3736 4488; x_wconf 84' lang='lat' dir='ltr'>volu-</span> 
     </span>
    </p>
   </div>
   <div class='ocr_carea' id='block_1_92' title="bbox 2083 4520 3740 4597">
    <p class='ocr_par' dir='ltr' id='par_1_92' title="bbox 2083 4520 3740 4597">
     <span class='ocr_line' id='line_1_92' title="bbox 2083 4520 3740 4597; baseline -0.007 -10"><span class='ocrx_word' id='word_1_558' title='bbox 2083 4546 2244 4586; x_wconf 90' lang='lat' dir='ltr'>men.</span> <span class='ocrx_word' id='word_1_559' title='bbox 2264 4533 2617 4586; x_wconf 87' lang='lat' dir='ltr'>Percurrant</span> <span class='ocrx_word' id='word_1_560' title='bbox 2636 4543 2779 4597; x_wconf 85' lang='lat' dir='ltr'>ergo</span> <span class='ocrx_word' id='word_1_561' title='bbox 2800 4527 3048 4583; x_wconf 90' lang='lat' dir='ltr'>lectores</span> <span class='ocrx_word' id='word_1_562' title='bbox 3072 4527 3191 4583; x_wconf 92' lang='lat' dir='ltr'>mei</span> <span class='ocrx_word' id='word_1_563' title='bbox 3214 4524 3555 4597; x_wconf 88' lang='lat' dir='ltr'>simpliciter</span> <span class='ocrx_word' id='word_1_564' title='bbox 3574 4520 3740 4594; x_wconf 93' lang='lat' dir='ltr'>quod</span> 
     </span>
    </p>
   </div>
   <div class='ocr_carea' id='block_1_93' title="bbox 2085 4612 3739 4687">
    <p class='ocr_par' dir='ltr' id='par_1_93' title="bbox 2085 4612 3739 4687">
     <span class='ocr_line' id='line_1_93' title="bbox 2085 4612 3739 4687; baseline -0.003 -13"><span class='ocrx_word' id='word_1_565' title='bbox 2085 4619 2278 4674; x_wconf 89' lang='lat' dir='ltr'>ﬁdelis</span> <span class='ocrx_word' id='word_1_566' title='bbox 2308 4618 2541 4673; x_wconf 81' lang='lat' dir='ltr'>devotio</span> <span class='ocrx_word' id='word_1_567' title='bbox 2571 4623 2780 4673; x_wconf 86' lang='lat' dir='ltr'>nostra</span> <span class='ocrx_word' id='word_1_568' title='bbox 2809 4617 2868 4672; x_wconf 91' lang='lat' dir='ltr'>in</span> <span class='ocrx_word' id='word_1_569' title='bbox 2900 4616 3245 4673; x_wconf 88' lang='lat' dir='ltr'>defensione</span> <span class='ocrx_word' id='word_1_570' title='bbox 3275 4620 3612 4687; x_wconf 89' lang='lat' dir='ltr'>martyrum</span> <span class='ocrx_word' id='word_1_571' title='bbox 3642 4612 3739 4683; x_wconf 92' lang='lat' dir='ltr'>pio</span> 
     </span>
    </p>
   </div>
   <div class='ocr_carea' id='block_1_94' title="bbox 2010 4700 3740 4779">
    <p class='ocr_par' dir='ltr' id='par_1_94' title="bbox 2010 4700 3740 4779">
     <span class='ocr_line' id='line_1_94' title="bbox 2010 4700 3740 4779; baseline -0.004 -15"><span class='ocrx_word' id='word_1_572' title='bbox 2010 4723 2051 4775; x_wconf 83' lang='grc' dir='ltr'>ι)</span> <span class='ocrx_word' id='word_1_573' title='bbox 2087 4705 2465 4779; x_wconf 81' lang='lat' dir='ltr'>Redemptori</span> <span class='ocrx_word' id='word_1_574' title='bbox 2518 4706 2784 4771; x_wconf 86' lang='lat' dir='ltr'>dicavit;</span> <span class='ocrx_word' id='word_1_575' title='bbox 2840 4722 2951 4762; x_wconf 91' lang='lat' dir='ltr'>nec</span> <span class='ocrx_word' id='word_1_576' title='bbox 2995 4705 3113 4763; x_wconf 88' lang='lat' dir='ltr'>ritu</span> <span class='ocrx_word' id='word_1_577' title='bbox 3161 4703 3425 4760; x_wconf 86' lang='lat' dir='ltr'>belluino</span> <span class='ocrx_word' id='word_1_578' title='bbox 3471 4700 3740 4758; x_wconf 86' lang='lat' dir='ltr'>laborem</span> 
     </span>
    </p>
   </div>
   <div class='ocr_carea' id='block_1_95' title="bbox 2087 4792 3741 4865">
    <p class='ocr_par' dir='ltr' id='par_1_95' title="bbox 2087 4792 3741 4865">
     <span class='ocr_line' id='line_1_95' title="bbox 2087 4792 3741 4865; baseline -0.004 -12"><span class='ocrx_word' id='word_1_579' title='bbox 2087 4801 2362 4853; x_wconf 91' lang='lat' dir='ltr'>nostrum</span> <span class='ocrx_word' id='word_1_580' title='bbox 2388 4796 3005 4852; x_wconf 83' lang='lat' dir='ltr'>malivolaintentione</span> <span class='ocrx_word' id='word_1_581' title='bbox 3030 4795 3423 4863; x_wconf 89' lang='lat' dir='ltr'>subsannent,</span> <span class='ocrx_word' id='word_1_582' title='bbox 3452 4792 3741 4865; x_wconf 89' lang='lat' dir='ltr'>quoniam</span> 
     </span>
    </p>
   </div>
   <div class='ocr_carea' id='block_1_96' title="bbox 2091 4882 3744 4959">
    <p class='ocr_par' dir='ltr' id='par_1_96' title="bbox 2091 4882 3744 4959">
     <span class='ocr_line' id='line_1_96' title="bbox 2091 4882 3744 4959; baseline -0.004 -17"><span class='ocrx_word' id='word_1_583' title='bbox 2091 4887 2376 4959; x_wconf 89' lang='lat' dir='ltr'>scriptum</span> <span class='ocrx_word' id='word_1_584' title='bbox 2410 4889 2533 4941; x_wconf 89' lang='lat' dir='ltr'>est:</span> <span class='ocrx_word' id='word_1_585' title='bbox 2571 4886 2773 4941; x_wconf 83' lang='lat' dir='ltr'>Omnis</span> <span class='ocrx_word' id='word_1_586' title='bbox 2803 4887 3110 4942; x_wconf 86' lang='lat' dir='ltr'>detractor</span> <span class='ocrx_word' id='word_1_587' title='bbox 3137 4884 3567 4941; x_wconf 87' lang='lat' dir='ltr'>eradicabitur.</span> <span class='ocrx_word' id='word_1_588' title='bbox 3592 4882 3744 4936; x_wconf 88' lang='lat' dir='ltr'>Licet</span> 
     </span>
    </p>
   </div>
   <div class='ocr_carea' id='block_1_97' title="bbox 2090 4970 3741 5048">
    <p class='ocr_par' dir='ltr' id='par_1_97' title="bbox 2090 4970 3741 5048">
     <span class='ocr_line' id='line_1_97' title="bbox 2090 4970 3741 5048; baseline -0.004 -16"><span class='ocrx_word' id='word_1_589' title='bbox 2090 4977 2251 5032; x_wconf 91' lang='lat' dir='ltr'>enim</span> <span class='ocrx_word' id='word_1_590' title='bbox 2280 4991 2434 5048; x_wconf 91' lang='lat' dir='ltr'>opus</span> <span class='ocrx_word' id='word_1_591' title='bbox 2460 4979 2731 5031; x_wconf 91' lang='lat' dir='ltr'>nostrum</span> <span class='ocrx_word' id='word_1_592' title='bbox 2772 4971 3340 5048; x_wconf 88' lang='lat' dir='ltr'>reprehensionibus</span> <span class='ocrx_word' id='word_1_593' title='bbox 3367 4971 3618 5041; x_wconf 85' lang='lat' dir='ltr'>dignum</span> <span class='ocrx_word' id='word_1_594' title='bbox 3652 4970 3741 5039; x_wconf 90' lang='lat' dir='ltr'>sit,</span> 
     </span>
    </p>
   </div>
   <div class='ocr_carea' id='block_1_98' title="bbox 2089 5058 3744 5131">
    <p class='ocr_par' dir='ltr' id='par_1_98' title="bbox 2089 5058 3744 5131">
     <span class='ocr_line' id='line_1_98' title="bbox 2089 5058 3744 5131; baseline -0.002 -11"><span class='ocrx_word' id='word_1_595' title='bbox 2089 5068 2209 5123; x_wconf 92' lang='lat' dir='ltr'>Deo</span> <span class='ocrx_word' id='word_1_596' title='bbox 2259 5070 2480 5131; x_wconf 89' lang='lat' dir='ltr'>tamen,</span> <span class='ocrx_word' id='word_1_597' title='bbox 2552 5080 2677 5120; x_wconf 91' lang='lat' dir='ltr'>non</span> <span class='ocrx_word' id='word_1_598' title='bbox 2736 5064 2974 5131; x_wconf 91' lang='lat' dir='ltr'>invidis,</span> <span class='ocrx_word' id='word_1_599' title='bbox 3027 5062 3320 5131; x_wconf 87' lang='lat' dir='ltr'>arguendi</span> <span class='ocrx_word' id='word_1_600' title='bbox 3373 5077 3485 5119; x_wconf 91' lang='lat' dir='ltr'>nos</span> <span class='ocrx_word' id='word_1_601' title='bbox 3542 5058 3744 5116; x_wconf 87' lang='lat' dir='ltr'>manet</span> 
     </span>
    </p>
   </div>
   <div class='ocr_carea' id='block_1_99' title="bbox 2086 5151 3742 5228">
    <p class='ocr_par' dir='ltr' id='par_1_99' title="bbox 2086 5151 3742 5228">
     <span class='ocr_line' id='line_1_99' title="bbox 2086 5151 3742 5228; baseline -0.004 -16"><span class='ocrx_word' id='word_1_602' title='bbox 2086 5156 2403 5228; x_wconf 90' lang='lat' dir='ltr'>judicium,</span> <span class='ocrx_word' id='word_1_603' title='bbox 2436 5155 2531 5211; x_wconf 89' lang='lat' dir='ltr'>cui</span> <span class='ocrx_word' id='word_1_604' title='bbox 2561 5171 2700 5210; x_wconf 89' lang='lat' dir='ltr'>cum</span> <span class='ocrx_word' id='word_1_605' title='bbox 2736 5153 2885 5209; x_wconf 90' lang='lat' dir='ltr'>velle</span> <span class='ocrx_word' id='word_1_606' title='bbox 2915 5153 3177 5224; x_wconf 89' lang='lat' dir='ltr'>suppetit</span> <span class='ocrx_word' id='word_1_607' title='bbox 3213 5151 3565 5221; x_wconf 82' lang='lat' dir='ltr'>indulgenti,</span> <span class='ocrx_word' id='word_1_608' title='bbox 3607 5165 3742 5222; x_wconf 88' lang='lat' dir='ltr'>pro-</span> 
     </span>
    </p>
   </div>
   <div class='ocr_carea' id='block_1_100' title="bbox 2092 5242 3176 5314">
    <p class='ocr_par' dir='ltr' id='par_1_100' title="bbox 2092 5242 3176 5314">
     <span class='ocr_line' id='line_1_100' title="bbox 2092 5242 3176 5314; baseline -0.006 -11"><span class='ocrx_word' id='word_1_609' title='bbox 2092 5247 2248 5304; x_wconf 87' lang='lat' dir='ltr'>tinus</span> <span class='ocrx_word' id='word_1_610' title='bbox 2276 5244 2485 5301; x_wconf 89' lang='lat' dir='ltr'>subest</span> <span class='ocrx_word' id='word_1_611' title='bbox 2514 5243 2761 5300; x_wconf 87' lang='lat' dir='ltr'>facilitas</span> <span class='ocrx_word' id='word_1_612' title='bbox 2791 5242 3176 5314; x_wconf 85' lang='lat' dir='ltr'>exsequendi.</span> 
     </span>
    </p>
   </div>
   <div class='ocr_carea' id='block_1_101' title="bbox 2743 5367 3106 5425">
    <p class='ocr_par' dir='ltr' id='par_1_101' title="bbox 2743 5367 3106 5425">
     <span class='ocr_line' id='line_1_101' title="bbox 2743 5367 3106 5425; baseline -0.006 -2"><span class='ocrx_word' id='word_1_613' title='bbox 2743 5367 3106 5425; x_wconf 86' lang='lat' dir='ltr'>INCIPIT</span> 
     </span>
    </p>
   </div>
   <div class='ocr_carea' id='block_1_102' title="bbox 2398 5489 3440 5580">
    <p class='ocr_par' dir='ltr' id='par_1_102' title="bbox 2398 5489 3440 5580">
     <span class='ocr_line' id='line_1_102' title="bbox 2398 5489 3440 5580; baseline -0.005 0"><span class='ocrx_word' id='word_1_614' title='bbox 2398 5492 2818 5580; x_wconf 82' lang='lat' dir='ltr'>TEXTUS</span> <span class='ocrx_word' id='word_1_615' title='bbox 2903 5489 3440 5578; x_wconf 72' lang='lat' dir='ltr'>OPUSCULI</span> 
     </span>
    </p>
   </div>
   <div class='ocr_carea' id='block_1_103' title="bbox 2168 5614 3748 5696">
    <p class='ocr_par' dir='ltr' id='par_1_103' title="bbox 2168 5614 3748 5696">
     <span class='ocr_line' id='line_1_103' title="bbox 2168 5614 3748 5696; baseline -0.004 -16"><span class='ocrx_word' id='word_1_616' title='bbox 2168 5628 2217 5682; x_wconf 77' lang='lat' dir='ltr'>i.</span> <span class='ocrx_word' id='word_1_617' title='bbox 2245 5623 2494 5696; x_wconf 71' lang='lat' dir='ltr'>Egregia</span> <span class='ocrx_word' id='word_1_618' title='bbox 2520 5622 2836 5676; x_wconf 79' lang='lat' dir='ltr'>beatorum</span> <span class='ocrx_word' id='word_1_619' title='bbox 2863 5619 3192 5676; x_wconf 88' lang='lat' dir='ltr'>certamina</span> <span class='ocrx_word' id='word_1_620' title='bbox 3218 5623 3549 5690; x_wconf 83' lang='lat' dir='ltr'>martyrum</span> <span class='ocrx_word' id='word_1_621' title='bbox 3576 5614 3748 5675; x_wconf 87' lang='lat' dir='ltr'>felici-</span> 
     </span>
    </p>
   </div>
   <div class='ocr_carea' id='block_1_104' title="bbox 2091 5708 3749 5791">
    <p class='ocr_par' dir='ltr' id='par_1_104' title="bbox 2091 5708 3749 5791">
     <span class='ocr_line' id='line_1_104' title="bbox 2091 5708 3749 5791; baseline -0.006 -16"><span class='ocrx_word' id='word_1_622' title='bbox 2091 5731 2318 5791; x_wconf 83' lang='lat' dir='ltr'>umque</span> <span class='ocrx_word' id='word_1_623' title='bbox 2340 5714 2736 5770; x_wconf 89' lang='lat' dir='ltr'>monumenta</span> <span class='ocrx_word' id='word_1_624' title='bbox 2750 5710 3035 5780; x_wconf 86' lang='lat' dir='ltr'>virorum,</span> <span class='ocrx_word' id='word_1_625' title='bbox 3056 5709 3166 5782; x_wconf 88' lang='lat' dir='ltr'>qui</span> <span class='ocrx_word' id='word_1_626' title='bbox 3182 5711 3303 5767; x_wconf 88' lang='lat' dir='ltr'>Deo</span> <span class='ocrx_word' id='word_1_627' title='bbox 3324 5708 3557 5768; x_wconf 87' lang='lat' dir='ltr'>fautore</span> <span class='ocrx_word' id='word_1_628' title='bbox 3573 5709 3749 5771; x_wconf 84' lang='lat' dir='ltr'>totius</span> 
     </span>
    </p>
   </div>
  </div>
