3960 6404
1258 312 1464 368 LIBER
1502 304 2049 367 APOLOGETICUS
2086 307 2494 369 MARTYRUM.

3490 312 3597 373 8M

145 434 433 493 vanitatis
474 440 827 509 respuentes
875 435 1179 505 aﬂ‘ectum,
1227 436 1534 510 specimen
1572 433 1817 504 bellige-
1848 432 1900 487 Α
1929 448 2103 503 rum;
2161 448 2416 508 sperans
2444 432 2485 493 a'
2527 437 2690 493 cultu
2736 436 3040 508 religionis
3092 439 3366 496 revocari
3413 452 3595 512 posse

144 525 325 581 randi
372 525 749 598 praecipuum
781 525 1137 582 mortalibus
1179 526 1567 599 reliquerunt,
1599 524 1737 580 licet
1782 538 1820 579 a

143 614 648 687 prudentioribus
678 615 969 671 timoretis
1011 615 1304 685 indagare
1352 615 1425 671 sit
1454 629 1815 683 congruum,

142 708 203 760 et
248 704 387 775 jure
417 719 456 760 a
477 704 816 775 justiﬁcatis
845 704 1115 777 quodam
1160 705 1473 778 privilegio
1501 706 1819 760 sanctimo-

141 792 263 849 niae
294 793 519 867 exponi
549 794 623 850 sit
648 798 846 851 ratum
875 813 889 862 ;
923 810 1048 850 non
1099 799 1297 851 tamen
1347 793 1677 850 abnuenda
1731 797 1820 848 est

139 897 263 938 vox
296 886 686 955 peccatorum
706 898 851 939 vera
872 883 1300 955 promentium;
1318 882 1815 956 quandoquidem

139 988 273 1029 non
323 972 522 1029 solum
581 972 1082 1042 alienigenarum,
1112 977 1178 1029 ut
1223 973 1427 1029 Jethro
1475 977 1532 1028 et
1588 971 1812 1042 Hiram,

141 1062 491 1118 consultum
513 1062 859 1131 intenditur,
877 1062 1027 1118 dum
1054 1067 1109 1118 et
1129 1062 1207 1118 ab
1236 1078 1359 1118 uno
1378 1066 1605 1134 Moyses
1627 1077 1811 1134 expo-

142 1151 328 1207 sitam
353 1151 565 1223 judicii
594 1152 858 1209 formam
883 1152 1160 1222 custodit,
1192 1156 1250 1209 et
1276 1152 1355 1208 ab
1385 1152 1501 1209 alio
1526 1152 1811 1209 Salomon

138 1242 205 1298 in
250 1241 651 1298 aediﬁcatione
678 1242 884 1315 templi
935 1242 1293 1298 industriam
1321 1242 1569 1314 accipit;
1605 1256 1814 1297 verum

139 1332 329 1389 etiam
378 1331 770 1388 irrationabili
819 1331 1065 1387 animali
1094 1331 1439 1388 humaniter
1467 1330 1814 1387 facundiam

137 1422 474 1478 exercitare
523 1422 872 1477 conceditur
922 1422 1142 1493 (Exod.
1200 1438 1360 1485 xvm.
1412 1427 1472 1478 t3
1520 1437 1645 1495 seq.
1675 1439 1687 1487 ;
1719 1421 1823 1476 ΙΙΙ

136 1515 290 1582 Reg.
320 1528 376 1578 v,
408 1515 443 1567 2
476 1526 641 1584 seq.;
671 1512 856 1567 Num.
901 1528 1043 1577 xxn,
1071 1514 1140 1567 28
1191 1514 1361 1584 seq.).
1419 1513 1614 1577 Quare
1668 1525 1812 1580 ergo

136 1599 462 1672 culpabilis
487 1600 788 1671 judicetur
811 1600 949 1656 talia
977 1616 1376 1673 praesumens,
1401 1617 1539 1657 cum
1564 1600 1627 1657 in
1656 1600 1810 1656 veri-

135 1694 262 1746 tate
319 1690 541 1756 dignus
589 1690 666 1746 sit
712 1690 965 1762 praemio
994 1690 1449 1757 benedictionis,
1504 1691 1809 1747 veritatem

1929 523 2236 596 suppliciis
2263 526 2520 594 animas,
2546 541 2725 600 quas,
2760 527 3007 601 spiritali
3054 528 3336 585 conﬂictu
3376 529 3592 586 intror-

1929 629 2035 667 sus
2064 615 2193 684 jam
2218 616 2504 681 eruditas,
2546 622 2841 674 noverant
2892 618 3075 674 etiam
3100 617 3379 676 facillime
3411 622 3595 678 mate-

1926 701 2103 758 riales
2162 704 2594 763 debellantium
2645 707 2918 763 evincere
2968 721 3229 779 pugnas.
3262 707 3353 766 Sic
3403 708 3591 767 hebes

1926 791 2075 848 dum
2122 794 2579 852 invictissimam
2608 795 3072 853 fortissimorum
3128 797 3386 854 militum
3412 799 3593 856 virtu-

1927 884 2046 937 tem
2076 882 2428 954 admiratur,
2446 885 2522 940 de
2553 886 2863 942 immensis
2886 901 3133 960 quoque
3156 887 3589 947 miraculorum

1926 971 2181 1027 ostensis
2208 973 2661 1046 obstupescens,
2697 975 2967 1043 insultat,
2998 975 3349 1033 daemonicis
3400 976 3590 1050 depu-

1924 1060 2112 1115 tando
2134 1061 2449 1132 praestigiis
2479 1078 2615 1135 quae
2644 1068 2870 1121 caecata
2889 1069 3088 1121 mente
3116 1065 3352 1139 pietatis
3381 1065 3591 1139 nequi-

1922 1147 2031 1203 bat
2056 1148 2337 1205 effectum
2368 1149 2697 1209 advertere.
2734 1156 3053 1227 Erantque,
3080 1158 3145 1211 ut
3197 1154 3363 1228 apud
3399 1154 3588 1230 pluri-

1924 1254 2026 1294 ma
2042 1237 2300 1307 legimus
2320 1241 2710 1313 exemplaria,
2734 1242 3051 1299 beatorum
3071 1245 3417 1302 occasiones
3446 1259 3588 1303 con-

1923 1328 2193 1383 vertendi
2245 1328 2328 1384 ad
2375 1329 2697 1398 Christum,
2729 1331 3008 1403 prodigia
3059 1333 3193 1405 ipsa
3249 1331 3580 1403 signorum.

1926 1420 2071 1473 Nam
2104 1417 2197 1473 isti
2227 1419 2468 1482 tirones,
2501 1424 2559 1476 et
2582 1425 2927 1477 nostrorum
2979 1423 3321 1495 temporum
3350 1422 3584 1479 confes-

1925 1522 2113 1578 sores,
2167 1509 2247 1564 ab
2302 1509 2423 1565 ictu
2479 1510 2787 1567 mucronis
2842 1511 3095 1571 celerem
3160 1511 3584 1570 tantummodo

1923 1597 2284 1671 excipientes
2320 1599 2644 1669 interitum,
2698 1600 2931 1658 nullam
2985 1601 3312 1659 furentium
3362 1601 3586 1659 acerbi-

1921 1692 2103 1744 tatem
2137 1691 2411 1762 perpessi
2442 1696 2754 1760 tortorum,
2778 1706 2905 1748 non
2935 1693 3049 1749 sub
3079 1692 3381 1749 diutinum
3406 1693 3586 1751 desu-

133 1795 436 1836 enarrans
459 1780 488 1835 ‘2
517 1781 604 1848 Et,
637 1781 686 1835 si
724 1780 1006 1836 sanctitas
1053 1785 1398 1836 renumeret
1433 1780 1687 1852 justum,
1719 1780 1810 1835 di-
1842 1793 1887 1850 β
1921 1778 2143 1835 darunt
2189 1780 2521 1837 stimulum.
2556 1783 2882 1838 Prtesertim
2929 1798 3069 1839 cum
3111 1783 3191 1839 ab
3232 1783 3585 1841 hominibus

135 1883 459 1941 gnumque
516 1867 695 1924 efﬁcit
755 1869 1098 1925 concionari
1164 1875 1373 1925 sancta
1438 1875 1807 1938 sanctorum,

132 1973 335 2030 quare
384 1973 510 2013 non
538 1962 777 2014 tueatur
827 1958 1043 2030 pietate
1100 1964 1381 2030 peccator
1410 1959 1811 2028 magnificans

128 2047 752 2119 justum,dummodo
776 2047 857 2103 ad
887 2047 1213 2103 multorum
1245 2048 1581 2120 profectum
1612 2049 1811 2104 studet

132 2136 481 2209 patefacere
537 2136 820 2193 victorias
869 2137 1237 2193 beatorum?
1283 2140 1425 2202 Quae
1477 2138 1527 2193 si
1591 2137 1811 2193 fuerint

135 2225 499 2283 oblitteratae
524 2226 778 2296 silentio,
815 2226 1049 2282 nullum
1081 2231 1364 2299 poterunt
1380 2227 1663 2283 ﬁdelibus
1693 2229 1807 2300 pias

135 2316 621 2373 conservationis
640 2316 920 2373 exhibere
952 2333 1018 2371 ex
1030 2319 1300 2389 emplum
1326 2336 1340 2384 ;
1364 2322 1431 2373 ut
1445 2317 1809 2374 elucubratis

136 2406 470 2462 electorum
495 2405 736 2477 tropaeis
768 2410 893 2461 tam
923 2406 1156 2478 possint
1182 2406 1419 2462 desides
1442 2409 1699 2462 excitare
1728 2407 1809 2463 ad

137 2495 443 2568 prmlium,
474 2510 663 2567 quam
718 2499 1013 2551 certantes
1058 2495 1382 2551 informare
1428 2496 1807 2569 perfectionis

138 2585 452 2642 intendere
473 2584 816 2641 terminum.
852 2589 1023 2651 Nam,
1052 2602 1191 2642 cum
1223 2601 1436 2641 omnes
1480 2587 1671 2642 sancti
1696 2592 1808 2642 ter-

135 2690 292 2730 reno
334 2689 458 2731 non
506 2678 723 2744 egeant
761 2673 1123 2730 laudationis
1168 2676 1492 2748 praeconio,
1525 2677 1629 2748 qui
1682 2677 1808 2747 iam

133 2763 475 2823 caelestium
507 2763 842 2819 exuberant
868 2764 1223 2820 muneribus
1261 2764 1675 2836 praemiorum,
1701 2782 1807 2822 ne-

133 2852 401 2909 cessario
431 2856 631 2909 tamen
663 2868 875 2909 eorum
904 2853 1130 2908 meritis
1151 2853 1489 2926 applicatur
1508 2854 1808 2927 quidquid

134 2941 425 2998 bonitatis
453 2958 701 2998 suorum
733 2942 925 3012 gratia
965 2942 1404 3014 exemplarium
1442 2943 1804 2999 mortalibus

135 3035 444 3103 operatur.

1918 1869 2105 1924 Deum
2140 1869 2491 1938 colentibus,
2524 1877 2581 1926 et
2610 1872 2874 1930 cmlestia
2898 1875 3036 1945 jura
3066 1872 3391 1929 fatentibus
3422 1890 3584 1931 com-

1916 1958 2213 2029 pendiosa
2232 1964 2424 2016 morte
2470 1962 2765 2034 perempti
2791 1962 2928 2018 sint.
2965 1960 3132 2018 Unde
3180 1966 3273 2019 sat
3297 1962 3382 2019 eis
3410 1966 3497 2019 est
3526 1963 3581 2020 si

1915 2047 2353 2118 praeteritorum
2383 2050 2756 2106 curationem
2798 2048 3002 2124 adepti
3048 2054 3191 2107 sunt
3233 2051 3577 2123 criminum,

1916 2136 2082 2209 quod
2129 2153 2252 2193 non
2300 2138 2463 2194 tersit
2512 2143 2863 2196 catenarum
2921 2140 3160 2211 stridor,
3205 2139 3344 2197 ferri
3395 2156 3575 2211 onus,

1917 2226 2166 2296 squalor
2221 2228 2502 2300 carceris,
2550 2243 2661 2286 nec
2715 2229 2953 2288 diversa
3005 2230 3323 2303 pmnalitas
3380 2246 3581 2306 perse-

1914 2316 2173 2387 quentis.

1985 2409 2039 2461 4.
2084 2406 2263 2476 Igitur
2288 2407 2416 2463 haec
2448 2422 2607 2465 vana
2629 2408 3198 2483 parvipendentium
3230 2410 3577 2471 adinventio

1916 2510 2179 2566 congrua
2212 2511 2455 2552 necesse
2482 2504 2572 2554 est
2590 2499 2791 2572 legum
2824 2501 3172 2558 auctoritate
3201 2501 3574 2572 retundatur,

1917 2588 1991 2651 et,
2009 2584 2069 2640 in
2103 2591 2397 2656 quantum
2419 2588 2713 2643 Dominus
2746 2589 2986 2661 juverit,
3013 2591 3276 2648 veridico
3306 2592 3578 2649 assertio-

1915 2690 2063 2729 nnm
2091 2675 2271 2730 ariete
2301 2676 2675 2750 impellatur;
2708 2683 2775 2735 ut
2818 2694 2992 2735 mens
3020 2680 3436 2752 religiosorum
3484 2698 3581 2738 sa-

1918 2764 2267 2821 cratissimis
2290 2766 2524 2823 imbuta
2553 2768 2830 2836 oraculis,
2857 2769 3053 2826 discat
3078 2786 3155 2827 ex
3183 2771 3426 2830 veritate
3471 2788 3578 2829 no-

1916 2852 2107 2923 vitios,
2140 2855 2310 2911 sicuti
2340 2857 2577 2928 priscos
2628 2859 2903 2916 venerari
2928 2863 3239 2932 patronos,
3273 2876 3428 2937 quos
3474 2875 3576 2933 ge-

1916 2943 2130 3087 ngraéial
2154 2943 2470 3001 devotione
2496 2962 2605 3018 per
2629 2952 2885 3005 mortem
2934 2948 3260 3019 gloriosam
3285 2948 3369 3007 ire
3396 2949 3584 3010 cernit

1917 3047 1954 3087 a
2018 3048 2051 3087 c
2133 3049 2221 3087 os.

1917 3047 1995 3087 aa
2018 3047 2221 3087 castos.

207 3123 265 3177 2.
307 3122 591 3177 Promam
639 3119 817 3190 igitur
863 3119 1257 3176 dominorum
1313 3137 1590 3177 meorum
1640 3126 1808 3192 gesta
1836 3150 1878 3206 ο
1991 3127 2043 3177 5.
2088 3122 2240 3187 Quid
2272 3122 2432 3178 enim
2485 3124 2673 3181 celere
2701 3125 2993 3182 militibus
3025 3128 3247 3184 sanctis
3278 3128 3582 3189 excidium

135 3207 427 3275 victricia,
453 3214 512 3266 et
538 3209 601 3266 in
630 3214 931 3281 quantum
974 3225 1156 3281 posse
1189 3210 1420 3265 coalitus
1451 3210 1598 3266 mihi
1628 3211 1807 3267 colla-

136 3302 269 3355 tum
309 3304 421 3367 est,
449 3298 510 3355 in
550 3298 769 3356 talibus
824 3299 1010 3356 rebus
1062 3303 1314 3355 conatus
1368 3316 1538 3357 meos
1591 3316 1811 3373 expen-

136 3388 287 3445 dam
312 3405 329 3453 ;
352 3388 500 3459 quia
527 3403 650 3444 non
679 3386 849 3444 dubii
897 3392 973 3443 de
1019 3387 1339 3444 clementia
1368 3389 1805 3461 Redemptoris,

136 3493 263 3533 non
322 3476 521 3533 solum
570 3476 889 3549 culparum
938 3476 1156 3534 talibus
1211 3477 1421 3533 studiis
1468 3477 1805 3534 remedium

136 3582 477 3639 speramus,
501 3583 707 3622 verum
750 3566 932 3624 etiam
964 3582 1195 3629 eorum,
1218 3582 1375 3638 quos
1404 3567 1606 3623 votivo
1653 3567 1804 3623 cele-

134 3656 390 3715 bramus
419 3656 594 3728 stylo.
627 3656 994 3713 consortium
1026 3656 1277 3727 adispici
1307 3656 1690 3725 conﬁdimus,
1719 3656 1806 3713 di-

134 3750 307 3803 cente
359 3745 614 3803 Domino
649 3762 663 3803 :
698 3745 812 3812 Qui
836 3761 935 3804 vos
985 3746 1204 3815 diligit,
1234 3760 1329 3802 me
1356 3746 1594 3816 diligit;
1621 3752 1679 3802 et
1703 3748 1809 3818 qui

134 3851 238 3892 vos
265 3837 503 3904 recipit,
538 3850 631 3893 me
665 3836 901 3906 recipit,
933 3841 988 3892 et
1036 3838 1144 3906 qui
1187 3836 1401 3904 recipit
1441 3835 1803 3905 prophetam

136 3926 198 3981 in
221 3925 463 3982 nomine
476 3924 814 3994 prophetae,
834 3925 1161 3982 mercedem
1189 3925 1500 3995 prophetas
1525 3926 1799 3994 accipiet;

134 4020 189 4071 et
238 4016 345 4085 qui
376 4016 588 4085 recipit
622 4018 849 4085 iustum
895 4016 959 4071 in
1002 4017 1241 4073 nomine
1271 4017 1448 4085 justi,
1475 4016 1802 4072 mercedem

123 4105 285 4174 justi
313 4106 565 4174 accipiet
596 4104 837 4175 (Matth.
867 4121 927 4173 x,
947 4108 1038 4169 40,
1065 4106 1176 4176 41).
1213 4108 1281 4161 Et
1306 4105 1521 4161 iterum
1552 4104 1613 4160 in
1643 4104 1801 4161 Psal-

134 4193 250 4250 mis
278 4211 292 4251 :
322 4195 480 4253 Mihi
508 4200 707 4254 autem
732 4194 1118 4263 honoriﬁcati
1138 4198 1281 4251 sunt
1303 4196 1483 4252 amici
1502 4195 1612 4264 tui,
1647 4196 1802 4252 Deus

136 4284 327 4350 (Psal.
359 4298 633 4352 CXXXVIII,
668 4284 774 4355 l7).

205 4377 257 4431 3.
300 4372 413 4433 Sed
445 4373 612 4445 prius
639 4389 827 4446 quam
854 4388 1065 4431 eorum
1086 4387 1384 4444 exsequar
1404 4376 1632 4441 tropaea
1658 4371 1799 4429 insi-

1918 3210 2118 3277 ofﬁcit,
2146 3227 2254 3284 per
2304 3213 2471 3285 quod
2501 3214 2579 3269 ad
2626 3214 2689 3270 id
2736 3216 2955 3272 cursim
2993 3217 3280 3290 pervenit,
3321 3234 3445 3292 quo
3474 3235 3603 3295 per

1918 3300 2083 3357 varia
2111 3305 2169 3356 et
2190 3316 2407 3374 aspera
2433 3308 2732 3361 tormenta
2752 3304 2896 3362 olim
2925 3304 3236 3378 catalogus
3262 3306 3582 3368 beatorum

1918 3390 2211 3447 accessit?
2242 3393 2361 3447 Aut
2388 3392 2534 3464 quid
2564 3394 2806 3450 interest
2833 3411 2956 3468 quo
2995 3397 3206 3453 mortis
3237 3413 3453 3469 genere
3506 3415 3583 3457 ex

1914 3481 2030 3536 hac
2055 3481 2178 3537 vita
2206 3482 2415 3538 mortis
2440 3484 2710 3547 excedat,
2741 3485 3011 3558 quando,
3044 3490 3108 3543 ut
3135 3488 3425 3561 scriptum
3451 3494 3576 3547 est:

1914 3571 2119 3626 Justus
2143 3585 2503 3643 quacunque
2529 3580 2721 3629 morte
2742 3582 3204 3646 praeoccupatus
3222 3577 3434 3648 fuerit,
3454 3578 3582 3635 ani—

1914 3675 2013 3717 ma
2043 3662 2173 3730 ejus
2203 3662 2265 3716 in
2296 3662 2616 3732 refrigerio
2660 3666 2775 3720 erit
2804 3668 2833 3719 ?
2859 3665 3019 3736 (Sap.
3050 3681 3128 3736 Iv,
3159 3667 3236 3740 7.)
3271 3672 3385 3724 Aut
3429 3667 3580 3741 quid

1914 3748 2085 3805 obest
2115 3754 2316 3805 utrum
2357 3767 2465 3824 per
2493 3751 2680 3823 longa
2725 3754 3118 3825 cruciamina,
3151 3770 3229 3812 an
3259 3755 3577 3814 subitaneo

1913 3838 2081 3894 obitu
2108 3838 2365 3908 decidat,
2397 3841 2648 3913 quando
2678 3857 2803 3898 una
2831 3843 3169 3917 eademque
3197 3860 3292 3900 res
3322 3848 3412 3902 est
3437 3860 3577 3920 quia

1914 3933 2200 4001 utrosque
2228 3934 2498 3996 coronat,
2531 3930 2690 3987 zelus
2721 3931 2939 3988 scilicet
2973 3933 3093 4002 Dei,
3123 3937 3179 3990 et
3204 3949 3377 3991 amor
3403 3936 3578 4010 regni

1912 4018 2185 4091 perpetui
2205 4018 2232 4074 ‘2
2262 4025 2351 4076 An
2400 4034 2522 4075 non
2548 4020 2790 4092 perfecti
2820 4026 3197 4079 exsecutores
3245 4029 3575 4099 praecepto-

1909 4123 2047 4162 rum
2074 4107 2285 4163 Christi
2315 4109 2598 4165 censendi
2628 4114 2785 4179 sunt,
2818 4112 2943 4185 qui,
2977 4112 3295 4171 subitanea
3322 4113 3572 4172 mortiﬁ-

1909 4196 2144 4253 catione
2191 4199 2452 4261 accensi,
2480 4215 2684 4257 rerum
2731 4200 3175 4260 oblectamenta
3199 4211 3570 4278 spernentes,

1908 4285 2092 4341 etiam
2122 4291 2462 4358 parentum,
2479 4287 2762 4357 ﬁliorum,
2785 4291 3571 4367 conjugum,fratrum,cun-

1909 4379 2266 4448 ctorumque
2295 4375 2639 4434 affectiones
2669 4379 2943 4437 afﬁnium
2975 4382 3055 4439 ad
3101 4388 3395 4456 punctum
3425 4389 3572 4444 tem-

133 4462 298 4561 gnia,
332 4478 531 4566 operae
577 4464 839 4566 pretium
888 4462 1163 4521 resistere
1217 4462 1440 4520 credidi
1482 4463 1792 4566 imperitis,
1823 4509 1873 4566 Β
1910 4465 2070 4537 poris
2086 4465 2509 4537 abnegarunt?
2535 4471 2600 4524 Et
2618 4470 2766 4543 quid
2785 4470 2940 4528 inter
2964 4471 3246 4530 universa
3274 4472 3570 4550 supplicia

132 4551 231 4624 qui
263 4567 366 4610 ore
412 4552 757 4626 basphemo
784 4554 1004 4611 horum
1054 4557 1395 4624 temporum
1428 4552 1795 4625 martyribus
1823 4551 1870 4566 ⁵’
1909 4556 2213 4612 cruentius
2241 4561 2433 4613 morte
2478 4562 2611 4614 est?
2639 4560 2795 4626 Quid
2848 4560 3193 4630 terribilius,
3224 4577 3412 4637 quam
3460 4565 3569 4621 ml-

132 4639 511 4711 derogantes,
561 4657 685 4699 non
743 4658 876 4699 esse
922 4641 1055 4699 illos
1104 4641 1449 4698 consimiles
1495 4642 1796 4715 prioribus

133 4730 499 4803 martyribus
539 4731 767 4791 volunt.
810 4731 915 4791 illa
937 4732 1220 4803 denique.
1251 4731 1438 4795 aiunt,
1477 4732 1793 4803 gentilitas,

131 4818 272 4876 olim
300 4819 765 4878 simulacrorum
791 4821 1052 4878 cultibus
1073 4820 1297 4891 dedita,
1320 4821 1618 4895 variisque
1648 4822 1797 4881 ima-

131 4909 337 4978 ginum
368 4908 698 4978 sacrilegiis
729 4914 1044 4983 occupata,
1073 4910 1315 4968 milleno
1345 4913 1565 4970 exstitit
1600 4913 1793 4971 idolo-

127 5014 263 5057 rum
295 5002 573 5070 portento
622 4998 913 5066 subacta;
944 5004 1004 5057 et
1030 4999 1197 5071 quod
1247 5001 1649 5058 mundialium
1680 5003 1794 5060 mi-

127 5093 256 5147 rata
311 5092 404 5145 est
451 5087 682 5161 species
728 5104 951 5153 rerum,
987 5093 1071 5147 tot
1121 5088 1234 5146 sibi
1284 5089 1537 5147 instituit
1565 5090 1791 5149 formas

128 5177 380 5233 deorum
410 5195 424 5246 ;
452 5182 675 5250 putans
704 5193 829 5233 non
873 5177 1023 5234 alias
1051 5177 1305 5234 obtineri
1348 5194 1529 5250 posse
1554 5184 1789 5251 tempo-

125 5268 350 5327 rarium
381 5267 797 5332 commodum,
830 5268 911 5325 ob
963 5267 1131 5341 quod
1177 5283 1356 5324 suum
1386 5268 1789 5327 miserabilem

127 5356 381 5423 summis
412 5356 643 5415 viribus
665 5356 1049 5430 expendebat
1077 5356 1511 5422 conatum,nisi
1538 5357 1789 5417 haberet

124 5462 516 5507 numerosam
543 5447 989 5505 observantiam
1009 5448 1351 5507 numinum.
1379 5448 1563 5518 Cujus
1586 5464 1787 5507 errore

123 5536 391 5609 decepta.
419 5535 647 5595 creduli
696 5538 1112 5609 persecutione
1144 5537 1519 5595 resistentem
1550 5554 1622 5594 ac
1675 5539 1782 5596 ad-

124 5632 460 5687 versantem
493 5626 603 5685 sibi
628 5627 1021 5685 Christianam
1052 5627 1314 5685 vexabat
1346 5626 1618 5684 militiam
1639 5645 1781 5685 con-

122 5716 308 5783 viciis,
335 5715 823 5784 lacerationibus,
855 5717 1082 5788 ﬂagris,
1123 5716 1417 5789 equuleis,
1464 5717 1779 5790 incendiis,

120 5804 348 5875 bestiis.
376 5804 684 5878 ﬂuctibus,
708 5822 781 5869 ac
828 5806 1080 5868 diversis
1109 5806 1430 5879 generibus
1458 5811 1782 5871 tormento-

1906 4650 2142 4702 cantem
2186 4650 2325 4702 ante
2378 4648 2586 4704 oculos
2628 4663 2869 4706 cernere
2913 4648 3183 4720 gladium
3232 4651 3567 4710 cervicibus

1904 4736 2317 4793 conﬁtentium
2364 4737 2637 4810 protinus
2690 4738 3046 4812 illapsurum
3066 4744 3095 4797 ‘I
3122 4743 3238 4796 Aut
3280 4741 3430 4815 quid
3456 4757 3568 4817 per

1899 4822 2085 4893 longa
2103 4824 2436 4880 certamina
2453 4824 2569 4880 nisi
2587 4840 2753 4881 mors
2777 4827 2997 4882 sanctis
3013 4825 3379 4899 martyribus
3399 4845 3565 4905 quie-

1899 4913 2049 4970 ritur
2068 4914 2096 4969 ‘I
2122 4913 2228 4969 Illa
2278 4914 2481 4985 utique
2511 4929 2674 4971 mors
2698 4915 2775 4971 de
2813 4930 2937 4988 qua
2978 4914 3290 4973 Psalmista
3318 4919 3477 4976 canit
3506 4923 3563 4978 et

1900 5002 2080 5060 dicit:
2106 5004 2380 5060 Pretiosa
2409 5006 2474 5059 in
2500 5010 2819 5074 conspectu
2848 5005 3092 5061 Domini
3134 5021 3293 5063 mors
3322 5015 3559 5068 sancto-

1899 5108 2036 5148 rum
2066 5095 2195 5162 ejus
2222 5094 2416 5163 (Psat.
2440 5108 2565 5160 cxv,
2600 5093 2707 5164 15).
2740 5094 2869 5149 Non
2924 5092 3085 5151 enim
3132 5095 3238 5153 diu
3285 5099 3557 5173 patienti,

1900 5181 2007 5237 sed
2037 5181 2299 5237 vincenti
2328 5197 2554 5239 corona
2591 5182 2974 5255 promittitur.
3006 5186 3075 5242 Et
3102 5182 3349 5245 feliciori
3376 5188 3557 5264 perti-

1893 5270 2071 5327 nacia
2122 5270 2284 5327 beati
2332 5270 2545 5342 agonis
2587 5271 2909 5329 terminum
2939 5275 3317 5347 praestolans,
3348 5277 3423 5334 de
3450 5295 3556 5352 spe

1896 5360 2105 5417 salutis
2130 5363 2368 5418 aeternae
2397 5361 2860 5435 quodammodo
2884 5364 3083 5435 magis
3112 5364 3437 5439 animatur,
3469 5368 3559 5425 di-

1893 5454 2061 5507 cente
2084 5450 2377 5507 Domino:
2412 5454 2530 5521 Qui
2548 5455 3021 5523 perseveraverit
3049 5470 3234 5526 usque
3260 5457 3325 5513 in
3352 5457 3554 5533 ﬁnem,

1895 5542 1992 5598 hic
2020 5542 2226 5597 salvus
2254 5544 2369 5598 erit
2401 5542 2638 5613 (Matth.
2672 5558 2725 5611 ι,
2756 5545 2876 5616 22).
2908 5544 3041 5601 Sive
3095 5550 3298 5605 autem
3327 5548 3557 5610 dilatio-

1892 5630 2094 5697 nibus,
2165 5630 2287 5687 sive
2362 5631 2618 5688 fortuitis
2682 5630 2925 5690 casibus
2990 5635 3345 5708 passionum
3413 5645 3556 5698 stre-

1891 5720 2029 5777 nuis
2055 5720 2345 5778 militibus
2367 5727 2613 5796 propter
2640 5721 2937 5781 Christum
2968 5726 3383 5799 pugnantibus
3411 5747 3555 5805 pro-

1890 5826 2038 5885 pera
2085 5827 2191 5869 seu
2238 5812 2413 5872 tarda
2451 5829 2616 5871 mors
2657 5818 2954 5888 occurrat,
2995 5814 3113 5874 hoc
3165 5818 3552 5881 solummodo
