3960 6396
362 302 470 355 855

1494 258 1501 265 ’
1559 302 1618 355 s.
1658 298 1938 355 EULOGII
1988 299 2318 356 ARCHIEP.
2355 303 2596 359 TOLET.

3686 295 3801 350 856

359 421 804 479 advertendum
859 426 972 492 est,
1000 423 1050 478 si
1098 437 1284 479 causa
1335 422 1475 478 ﬁdei
1527 423 1845 497 passiones
1871 423 2022 479 exci-
2053 424 2102 478 Α
2203 431 2256 480 7.
2288 426 2704 483 Miraculorum
2719 441 2863 482 vero
2878 422 3137 494 insignia
3157 422 3291 479 ideo
3313 421 3457 477 olim
3478 419 3631 475 inter
3652 434 3805 492 sup-

359 511 549 585 piant,
585 510 634 566 si
682 515 928 583 propter
979 512 1277 570 Christum
1334 518 1763 570 coronatorum
1804 516 2024 584 marty-

360 616 519 667 rum,
565 602 633 655 ut
674 599 737 654 in
788 604 1079 656 aeternum
1129 600 1457 671 salventur,
1491 602 1728 658 animas
1775 602 2023 674 perdere

362 686 671 755 anhelant,
702 688 855 745 sicut
884 689 1174 762 scriptum
1196 696 1285 747 est
1319 708 1331 745 :
1365 692 1430 747 Si
1456 693 1589 763 quis
1616 693 1872 748 voluerit
1896 692 2025 748 ani.

360 794 522 835 mam
548 793 719 835 suam
750 779 983 835 salvam
1004 781 1232 851 facere,
1255 781 1466 850 perdet
1496 797 1644 847 eam,
1673 787 1727 837 et
1756 782 1861 852 qui
1882 796 2025 851 per-

362 868 585 925 diderit
610 869 875 925 animam
907 884 1077 925 suam
1122 876 1375 941 propter
1398 887 1509 939 me,
1532 872 1595 927 in
1638 872 1821 928 vitam
1863 876 2027 927 aeter-

362 972 506 1015 nam
551 956 840 1013 custodiet
871 972 1001 1013 eam
1050 958 1248 1028 (Ibid.,
1282 959 1393 1030 39).
1424 962 1595 1023 Nam,
1628 965 1683 1015 et
1735 959 1781 1014 si
1836 958 2026 1031 culpis

361 1044 612 1104 obnoxii
657 1050 965 1109 maneant,
1000 1051 1056 1102 et
1106 1062 1179 1102 ex
1228 1047 1498 1119 qualibet
1540 1048 1716 1104 sorde
1744 1048 2026 1104 vitiorum

360 1134 565 1191 infecti
594 1134 675 1191 ad
714 1135 1072 1207 martyrium
1100 1136 1366 1205 veniant,
1397 1137 1545 1192 nihil
1572 1137 1822 1210 impedit
1846 1156 1859 1205 ;
1887 1154 2027 1193 cum

363 1223 651 1283 omnibus
694 1224 1027 1296 martyriali
1076 1230 1302 1298 tropaeo
1348 1226 1557 1282 deletis
1602 1227 1679 1283 ad
1729 1227 2027 1284 Christum

363 1312 700 1369 coronandi
729 1312 1039 1369 accedant.
1061 1313 1226 1368 Idem
1259 1315 1419 1369 enim
1450 1319 1538 1371 est
1567 1331 1674 1387 per
1701 1315 1891 1371 multa
1915 1320 2028 1371 tor-

363 1405 571 1459 menta
600 1400 662 1456 in
687 1400 933 1456 nomine
964 1402 1241 1457 Cruciﬁxi
1272 1403 1541 1460 animam
1583 1405 1645 1459 in
1675 1409 1863 1460 morte
1916 1410 2028 1460 tra-

365 1489 530 1553 dere,
549 1493 608 1546 et
637 1488 827 1545 semel
851 1505 975 1546 uno
996 1490 1116 1546 ictu
1144 1498 1388 1565 propter
1417 1494 1616 1565 ipsum
1647 1494 2025 1557 occumbere,

366 1579 476 1652 qui
498 1578 673 1636 dixit:
696 1579 764 1635 Si
786 1581 919 1652 quis
936 1582 1272 1650 perdiderit
1294 1585 1558 1639 animam
1587 1601 1758 1642 suam
1782 1592 2030 1655 propter

366 1685 481 1738 me,
507 1670 570 1725 in
602 1670 785 1727 vitam
820 1676 1105 1728 aeternam
1135 1675 1391 1730 inveniet
1421 1690 1569 1731 eam.
1600 1679 1667 1731 Et
1712 1676 1846 1732 licet
1894 1676 2031 1732 scri-

2132 514 2309 586 plicia
2334 532 2441 588 per
2466 516 2713 573 eosdem
2740 514 2992 571 athletas
3020 512 3120 569 Dei
3150 512 3336 568 virtus
3387 508 3618 565 mundo
3643 523 3804 581 pra:-

2134 603 2350 675 stabat,
2390 610 2455 660 ut
2483 604 2895 676 prodigiorum
2922 601 3235 658 virtutibus
3259 598 3353 655 vel
3382 598 3687 668 mitigaret
3711 596 3805 651 fu-

2132 696 2371 748 rentum
2390 693 2713 762 insaniam,
2742 708 2879 766 quae
2907 691 3226 747 beatorum
3246 687 3646 745 constantiam
3668 684 3803 742 fati-

2135 782 2346 851 gabat;
2371 783 2458 838 vel
2490 783 2867 839 incredulum
2891 796 3080 853 genus
3104 780 3181 837 ab
3210 776 3574 835 inﬁdelitatis
3594 790 3800 832 errore

2134 875 2525 943 converteret,
2558 873 2665 946 qui
2694 871 3023 927 caelestium
3048 870 3188 941 jura
3219 866 3658 939 Scripturarum
3689 863 3802 921 ob-

2133 960 2362 1017 duratis
2391 961 2735 1035 praecordiis
2758 960 3102 1034 respuebat.
3126 961 3379 1029 Eratque
3402 955 3500 1011 illo
3521 959 3801 1028 tempore

2134 1050 2434 1107 multoties
2473 1051 2879 1107 necessarium
2913 1049 3014 1105 Dei
3052 1051 3230 1104 testes
3261 1045 3447 1116 signis
3476 1059 3800 1101 coruscare

2132 1138 2438 1205 virtutum,
2490 1139 2780 1211 quoniam
2831 1138 3044 1194 rudem
3092 1152 3199 1209 per
3247 1150 3445 1190 sevum
3498 1132 3801 1189 diffusum

2136 1227 2653 1284 Christianismum
2680 1244 2843 1283 nunc
2864 1225 3253 1283 instructions
3268 1222 3609 1293 verborum,
3627 1237 3801 1277 nunc

2134 1316 2552 1372 exercitatione
2573 1317 3035 1390 Scripturarum,
3054 1331 3216 1371 nunc
3237 1312 3575 1369 ostensione
3596 1311 3800 1381 signo-

2134 1419 2290 1473 rum,
2318 1420 2478 1459 nunc
2506 1405 2684 1460 etiam
2716 1404 2953 1477 tropaeis
2974 1402 3210 1475 inclytis
3232 1400 3587 1474 passionum
3608 1414 3800 1455 cona-

2134 1492 2356 1549 bantur
2392 1494 2675 1550 radicitus
2707 1494 2835 1550 ﬁeri
2864 1494 3110 1550 ﬁrmum
3139 1492 3200 1548 in
3232 1490 3516 1548 cordibus
3547 1489 3804 1545 creden-

2136 1584 2285 1640 tium
2316 1585 2703 1658 populorum,
2737 1586 2887 1641 sicut
2917 1585 3204 1657 scriptum
3264 1586 3351 1637 est
3384 1597 3398 1635 :
3428 1582 3663 1637 Euntes
3689 1595 3806 1649 per

2139 1676 2481 1731 universum
2511 1676 2822 1745 mundum,
2852 1675 3177 1745 pradicate
3210 1671 3609 1741 Evangelium
3637 1672 3809 1725 omni

366 1765 543 1834 ptum
573 1760 669 1829 sit,
703 1763 863 1834 quod
885 1778 995 1832 per
1038 1765 1261 1820 multas
1309 1767 1728 1823 tribulationes
1757 1774 2028 1837 oporteat
2059 1779 2103 1833 Β
2141 1768 2454 1819 creatura}.
2482 1764 2597 1831 Qui
2625 1764 2964 1829 crediderit,
2988 1767 3043 1818 et
3075 1760 3411 1830 baptizatus
3438 1759 3652 1829 fuerit,
3679 1759 3807 1814 sal-

367 1866 477 1908 nos
507 1852 898 1909 conscendere
935 1852 1018 1908 ad
1044 1869 1296 1923 regnum
1344 1856 1500 1922 (Act.
1530 1873 1648 1924 xxv,
1683 1858 1796 1929 2t),
1824 1859 2029 1931 utique

369 1957 511 1998 cum
554 1944 899 2014 suppetunt,
928 1942 1349 2000 sustinendum
1398 1951 1485 2002 est
1538 1963 1729 2019 usque
1779 1948 1858 2004 ad
1905 1949 2033 2005 obi-

366 2034 532 2098 tum;
565 2029 657 2085 sin
706 2046 849 2086 vero
903 2030 1171 2088 celeritas
1219 2036 1631 2107 persequentis
1672 2036 2032 2094 intercidens

366 2117 710 2191 expeditam
740 2117 1186 2176 confessoribus
1222 2121 1434 2179 Christi
1463 2124 1723 2182 intulerit
1752 2131 2030 2200 mortem,

368 2211 426 2264 et
452 2209 516 2263 in
543 2208 660 2264 hoc
684 2207 1027 2264 nullatenus
1059 2209 1249 2279 gloria
1294 2228 1504 2268 eorum
1553 2214 1890 2272 mutilanda
1920 2221 2029 2289 est,

367 2296 513 2369 quia
541 2303 1076 2370 perseveraverunt
1105 2315 1297 2373 usque
1326 2301 1387 2357 in
1417 2301 1623 2360 ﬁnem.

441 2390 493 2442 6.
536 2388 776 2443 Frustra
804 2403 948 2458 ergo
977 2388 1105 2445 zelo
1160 2391 1261 2447 Dei
1304 2408 1594 2449 accensus
1638 2396 1717 2451 ad
1755 2396 2032 2454 bravium

366 2475 674 2534 festinaret
701 2476 874 2533 miles
919 2478 1219 2550 egregius,
1259 2485 1318 2539 et
1357 2498 1533 2539 casso
1566 2489 1786 2542 conatu
1825 2486 1887 2542 in
1918 2488 2033 2560 pri-

366 2565 648 2622 mordiali
676 2567 1097 2624 exercitatione
1124 2568 1281 2626 vires
1302 2588 1445 2628 suas
1475 2574 1860 2647 expenderet,
1885 2578 1933 2632 si
1951 2577 2031 2633 ab

365 2653 726 2727 imperatore
754 2655 1017 2711 emeritae
1044 2656 1305 2714 victoriae
1354 2660 1673 2734 triumphis
1710 2662 2029 2719 defrauda-

366 2747 552 2808 retur,
585 2758 696 2815 pro
725 2759 798 2799 eo
853 2744 1022 2816 quod
1069 2746 1132 2801 in
1179 2747 1491 2819 procinctu
1533 2755 1592 2806 et
1638 2750 1701 2806 in
1729 2751 1863 2823 ipso
1891 2751 2030 2808 belli

367 2830 643 2903 auspicio
671 2830 945 2903 palmam
973 2833 1048 2889 de
1080 2838 1335 2906 tyranno
1366 2838 1641 2907 obtinuit,
1672 2855 1869 2913 neque
1893 2856 2029 2897 eam

367 2919 602 2977 diutina
628 2924 685 2977 et
708 2920 1016 2979 laboriosa
1046 2924 1480 2984 conﬂictatione
1511 2929 1893 3001 conquisivit,
1927 2934 2031 2987 aut

368 3024 480 3082 per
508 3008 937 3066 multimodum
969 3015 1428 3071 concertationis
1458 3015 1803 3074 discursum
1841 3019 2028 3092 adepe

2140 1866 2247 1905 vus
2276 1852 2430 1922 erit;
2460 1852 2565 1922 qui
2593 1866 2728 1907 vero
2758 1866 2877 1906 non
2909 1849 3249 1915 crediderit,
3278 1845 3802 1903 condemnabitur.

2138 1940 2329 2010 Signa
2358 1945 2552 1996 autem
2584 1956 2677 1996 eos
2717 1942 2821 2012 qui
2842 1938 3205 1996 crediderint
3228 1952 3250 2007 ;
3279 1936 3403 1992 haec
3433 1941 3760 2006 sequentur
3778 1951 3805 1992 :

2144 2031 2212 2085 In
2240 2032 2474 2086 nomine
2494 2045 2619 2086 meo
2635 2030 2927 2085 damonia
2948 2029 3206 2100 ejicient,
3231 2028 3455 2098 linguis
3472 2028 3805 2097 loquentur

2141 2120 2328 2186 novis,
2357 2126 2655 2189 serpentes
2685 2120 2918 2188 tollent,
2949 2125 3002 2175 et
3033 2119 3088 2173 si
3110 2117 3491 2186 mortiferum
3536 2115 3682 2186 quid
3712 2114 3800 2170 bi-

2143 2209 2355 2276 berint,
2388 2224 2507 2264 non
2535 2209 2616 2265 eis
2654 2208 2904 2265 nocebit.
2928 2209 3125 2277 Super
3149 2222 3337 2277 aegros
3370 2220 3585 2261 manus
3608 2206 3799 2273 impo-

2139 2305 2302 2365 nent,
2327 2304 2380 2355 et
2409 2298 2552 2356 bene
2572 2299 2893 2356 habebunt.
2926 2299 3037 2354 Illi
3052 2303 3248 2354 autem
3270 2296 3554 2366 profecti,
3574 2294 3797 2364 praedi-

2141 2392 2429 2443 caverunt
2459 2388 2674 2457 ubique
2698 2388 2951 2442 Domino
2982 2391 3355 2455 cooperante,
3388 2389 3443 2440 et
3467 2397 3796 2439 sermonem

2141 2477 2535 2545 conﬁrmante
2553 2476 2929 2548 sequentibus
2949 2476 3136 2545 signis
3160 2476 3377 2542 (Marc.
3392 2490 3513 2538 XVI,
3532 2477 3593 2527 15
3618 2474 3796 2543 seq.).

2142 2565 2208 2619 Et
2227 2563 2441 2619 iterum
2466 2581 2478 2619 :
2504 2564 2750 2631 Euntes,
2768 2565 3122 2634 prcedicate,
3141 2563 3399 2619 dicentes
3418 2562 3561 2633 quia
3580 2574 3801 2629 appro-

2138 2652 2456 2723 pinquavit
2487 2669 2737 2724 regnum
2765 2654 3070 2710 calorum.
3097 2652 3371 2721 Inﬁrmos
3393 2655 3620 2716 curate,
3644 2663 3801 2705 mor-

2142 2748 2272 2798 tuos
2301 2744 2602 2807 suscitate,
2635 2745 2893 2813 leprosos
2912 2742 3217 2808 mandate,
3246 2741 3538 2797 daemones
3563 2740 3802 2810 ejicite;

2138 2834 2330 2903 gratis
2357 2834 2689 2903 accepistis,
2721 2835 2910 2905 gratis
2941 2834 3079 2889 date
3124 2831 3368 2903 (Matth.
3400 2846 3456 2894 x,
3481 2835 3534 2900 7,
3558 2830 3631 2901 8).
3663 2831 3799 2884 Haec

2139 2921 2336 2993 prima
2378 2921 2520 2977 ﬁdei
2573 2926 2790 2979 nostraa
2842 2921 3185 2977 rudimenta
3226 2920 3467 2975 fuerunt
3513 2936 3526 2974 :
3576 2917 3798 2974 harum

2138 3012 2558 3068 exercitatione
2587 3011 2897 3078 virtutum,
2926 3011 3107 3084 quasi
3130 3004 3478 3067 lactantium
3509 3007 3797 3082 parvulos

369 3096 463 3154 sit.
522 3096 639 3188 Illis
690 3098 896 3188 utique
943 3099 1261 3158 laboriOSis
1299 3105 1740 3177 vexationibus,
1794 3111 1851 3164 et
1904 3122 2027 3165 non
2059 3133 2101 3188 ο
2135 3115 2273 3156 rum
2303 3101 2593 3173 auspicia,
2616 3102 2951 3158 teneritudo
2979 3101 3110 3173 ejus
3134 3105 3192 3156 et
3220 3099 3460 3156 confota
3488 3104 3581 3156 est
3604 3102 3663 3155 et
3688 3113 3801 3154 nu-

366 3185 659 3260 expeditaa
689 3187 952 3245 victoriae
981 3206 1207 3248 corona
1235 3191 1572 3257 deberetur,
1597 3194 1644 3250 si
1672 3196 1867 3267 magis
1894 3214 2029 3271 pro-

365 3274 562 3332 lixitas
590 3292 837 3349 pugnae,
872 3294 1060 3351 quam
1090 3280 1439 3338 festinatum
1472 3286 1767 3356 tropaeum
1808 3302 2026 3359 pensa-

362 3368 548 3420 retur.
566 3364 830 3431 Qualitas
855 3367 1057 3441 itaque
1078 3386 1203 3426 non
1223 3372 1531 3444 quantitas
1557 3374 1901 3432 intentionis
1923 3377 2029 3434 ob-

364 3453 668 3510 servanda
691 3459 781 3511 est
803 3455 1193 3516 discurrentis
1224 3459 1303 3515 ad
1337 3462 1677 3533 praemium,
1711 3482 1850 3523 cum
1879 3483 2029 3539 quo-

363 3543 679 3615 quomodo
729 3545 817 3601 rei
862 3545 1215 3606 desideratas
1246 3550 1520 3622 capiatur
1561 3553 1827 3612 effectus.
1863 3559 2026 3613 Unus

363 3635 571 3689 tamen
600 3633 884 3708 idemque
909 3643 1002 3694 est
1027 3655 1132 3694 rex
1163 3643 1436 3708 aeternus,
1467 3658 1580 3716 pro
1610 3646 1784 3717 cujus
1823 3663 2028 3703 amore

364 3720 800 3793 temporalibus
831 3741 893 3781 se
912 3727 1303 3799 passionibus
1332 3730 1519 3786 sancti
1541 3748 1754 3789 omnes
1778 3734 2029 3792 submit-

363 3813 515 3866 tunt.
570 3811 726 3877 Quid
777 3814 938 3871 enim
989 3815 1206 3874 latroni
1256 3819 1606 3890 evangelico
1660 3821 1905 3894 obstitit,
1958 3826 2027 3897 (t)

363 3899 531 3971 quod
552 3899 815 3959 fraterno
838 3921 1048 3962 cruore
1070 3906 1229 3964 illitis
1249 3909 1536 3966 manibus
1563 3927 1801 3968 crucem
1825 3928 2030 3970 ascen-

363 3986 497 4043 dit?
526 3990 646 4045 Aut
670 3991 953 4063 qualibus
981 3994 1136 4052 inter
1170 3996 1307 4070 ipsa
1332 3998 1544 4056 mortis
1573 3999 1892 4073 dispendia
1916 4003 2029 4059 mi-

362 4076 583 4133 raculis
619 4083 981 4150 coruscavit,
1014 4085 1120 4157 qui
1151 4086 1240 4158 (ut
1268 4087 1351 4143 ita
1370 4087 1648 4157 dixerim)
1675 4090 1854 4145 totius
1895 4092 2028 4149 vitae

364 4180 490 4220 suae
521 4172 745 4224 metam
777 4168 1124 4244 latrociniis,
1154 4174 1404 4248 rapinis,
1436 4177 1774 4250 praedisque
1795 4181 2030 4251 exegit?

366 4256 436 4309 Et
465 4257 669 4311 tamen
712 4258 827 4314 sub
870 4260 1052 4317 unius
1100 4263 1475 4321 confessione
1522 4269 1808 4325 momenti
1863 4273 2029 4328 tanto

364 4341 585 4400 scelere
627 4360 753 4401 non
797 4347 998 4406 solum
1043 4351 1287 4421 eruitur,
1319 4369 1533 4410 verum
1576 4355 1755 4412 etiam
1809 4358 2030 4429 dignus

363 4431 657 4547 ﬁor‘nitatu
681 4436 1118 4547 JRedemptoris
1166 4441 1398 4513 primus
1427 4444 1694 4516 paradisi
1717 4461 2030 4518 possessor
2057 4493 2107 4547 Dp

410 4534 437 4547 η
493 4524 621 4547 κισ...
721 4524 906 4547 2--..1.-
964 4528 1165 4547 n-_-3,,
1198 4546 1205 4547 ,
1312 4533 1367 4547 π
1426 4533 1465 4547 ιι
1882 4538 1892 4547 .
1977 4539 1985 4547 .

362 4518 642 4591 habetur,
674 4522 913 4582 dicente
962 4528 1218 4586 Domino
1250 4549 1264 4587 :
1298 4533 1495 4588 Hodie
1542 4549 1771 4591 mecum
1800 4538 1916 4593 eris
1962 4539 2027 4594 in

358 4610 648 4676 paradiso
680 4613 848 4679 (Luc.
879 4631 1042 4683 xxm,
1064 4620 1175 4688 43).
1202 4622 1271 4676 Et
1292 4620 1363 4692 si,
1391 4638 1571 4678 nemo
1602 4624 1895 4694 majorem
1919 4627 2028 4682 ha-

361 4695 465 4787 bet
491 4697 894 4769 dilectionem,
916 4721 1105 4777 quam
1130 4708 1237 4781 qui
1264 4710 1535 4768 animam
1558 4728 1734 4768 suam
1751 4729 1864 4787 pro
1884 4716 2031 4772 ami-

362 4786 446 4841 cis
478 4787 603 4844 suis
632 4791 802 4860 ponit
853 4794 1049 4865 (Joan.
1081 4813 1183 4866 xv,
1218 4799 1323 4873 13),
1373 4805 1603 4874 quanto
1631 4786 2032 4862 excellentiori

361 4875 650 4933 charitate
699 4878 987 4938 ferendus
1036 4890 1147 4955 est,
1176 4888 1282 4960 qui
1310 4905 1422 4962 pro
1473 4893 1595 4945 Deo
1626 4907 1737 4947 suo
1767 4892 2033 4953 decertat

361 4978 556 5035 usque
585 4965 667 5021 ad
691 4974 949 5026 mortem
967 4972 996 5027 ‘I
1020 4976 1169 5030 Nam
1207 4980 1266 5032 et
1287 4976 1719 5049 paterfamilias
1757 4997 1882 5039 non
1908 5000 2030 5043 una

360 5050 515 5137 hora
543 5053 773 5112 colonis
802 5058 864 5114 in
890 5059 1132 5118 vineam
1161 5064 1363 5119 missis
1394 5080 1634 5137 aequam
1688 5073 2028 5130 mercedem

359 5136 742 5228 dispensans,
771 5163 894 5204 non
924 5164 1296 5224 magnOpere
1331 5153 1407 5209 de
1434 5136 1719 5228 temporis
1750 5167 1920 5219 curat
1943 5163 2027 5219 di-

359 5227 632 5324 versitate
656 5250 675 5324 ξ
703 5236 849 5305 quia
866 5235 930 5292 in
964 5238 1384 5297 exercitatione
1408 5227 1632 5302 laboris
1661 5263 1784 5305 non
1822 5267 2026 5324 exper-

358 5317 481 5407 tem
519 5335 557 5375 a
585 5319 857 5392 priorum
894 5324 1224 5384 intentione
1250 5329 1593 5392 ultimorum
1630 5317 2026 5397 mercenaria-

358 5418 495 5462 rum
522 5423 775 5481 operam
798 5418 1172 5485 compensat.
1211 5418 1369 5476 Multi
1396 5428 1596 5481 autem
1627 5433 1801 5484 erunt
1824 5431 2025 5485 novis-

358 5491 493 5588 simi
515 5495 739 5588 ‘primi,
768 5505 827 5556 et
849 5500 1032 5573 primi
1058 5505 1366 5565 novissimi
1393 5512 1631 5583 (Matth.
1662 5532 1774 5584 xm,
1807 5520 1931 5588 30);
1965 5523 2024 5574 et

357 5583 529 5674 multi
559 5587 803 5644 venient
856 5589 936 5645 ab
981 5592 1204 5653 oriente
1235 5602 1292 5655 et
1321 5603 1650 5674 occidente,
1692 5611 1749 5661 et
1792 5583 2022 5663 recum-

354 5666 498 5765 bent
521 5687 663 5765 cum
685 5674 1020 5765 Abraham,
1054 5687 1218 5746 Isaac
1249 5692 1306 5747 et
1328 5691 1513 5763 Jacob
1538 5692 1596 5765 in
1625 5666 1815 5765 regno
1844 5697 2021 5753 coelo-

351 5754 552 5819 lor'um
581 5757 775 5841 (Ibid,
808 5782 933 5840 vm,
968 5770 1079 5843 ll.)

2137 3190 2306 3258 trita;
2337 3197 2401 3248 ut
2429 3191 2755 3248 ministerio
2788 3191 3100 3262 signorum
3129 3190 3225 3247 vel
3254 3193 3572 3261 augeretur
3600 3188 3801 3245 multi-

2137 3280 2284 3337 tudo
2327 3281 2619 3349 ﬁdelium,
2645 3280 2733 3337 vel
2759 3281 3144 3337 roboraretur
3185 3279 3337 3335 ﬁdes
3384 3277 3798 3347 credentium;

2138 3387 2208 3426 ac
2224 3370 2400 3427 veluti
2428 3368 2710 3445 quaadam
2739 3371 3136 3427 instrumenta
3155 3368 3655 3427 ferramentorum
3674 3366 3800 3422 fue—

2137 3466 2298 3526 runt,
2335 3477 2439 3535 per
2467 3477 2604 3533 quae
2637 3464 2994 3517 ornamenta
3020 3475 3096 3515 ex
3122 3474 3273 3515 auro
3304 3463 3649 3530 argentove,
3682 3461 3798 3512 tor-

2139 3566 2288 3622 ques
2315 3546 2554 3621 scilicet,
2587 3549 2856 3618 monilia,
2890 3564 3224 3621 regumque
3255 3547 3601 3604 diademata
3629 3562 3798 3603 com-

2138 3639 2444 3711 ponenda,
2472 3639 2761 3712 aptanda,
2779 3643 2837 3695 et
2863 3637 3329 3710 compingenda,
3357 3636 3612 3693 formata
3634 3640 3794 3692 sunt.

2209 3729 2262 3784 8.
2304 3732 2530 3800 Itaque,
2563 3728 2753 3800 gratia
2783 3727 3258 3785 conﬁrmationis
3290 3726 3596 3783 catholicas
3633 3725 3796 3793 ﬁdei,

2138 3817 2200 3873 in
2223 3817 2555 3890 primordio
2580 3817 2672 3874 sui
2697 3822 2974 3891 portenta
3021 3820 3201 3890 atque
3244 3815 3535 3872 miracula
3563 3815 3799 3871 Christo

2139 3911 2497 3979 cooperante
2552 3907 2857 3980 profusius
2909 3922 3042 3963 esse
3099 3909 3342 3962 ostensa
3394 3904 3708 3972 videmus;
3740 3909 3803 3961 et

2138 3996 2274 4053 ideo
2294 4013 2419 4054 non
2443 3997 2733 4054 miracula
2758 3997 2943 4053 ﬁdem
2972 3995 3340 4070 praecedunt,
3371 3999 3475 4051 aut
3498 3994 3649 4051 ﬁdes
3682 3994 3797 4050 mi-

2139 4086 2356 4143 raculis
2384 4087 2540 4143 cedit
2559 4086 2637 4143 ad
2657 4104 2920 4160 quorum
2945 4086 3321 4142 efﬁcientiam
3347 4084 3462 4140 nisi
3484 4100 3591 4157 per
3608 4082 3794 4139 ﬁdem

2137 4193 2261 4235 non
2288 4178 2649 4251 pervenitur.
2686 4178 2778 4234 Sic
2807 4180 3041 4249 Moyses
3071 4175 3278 4245 legifer
3324 4179 3588 4241 sanctus,
3619 4173 3795 4229 alter-

2137 4269 2377 4325 natione
2408 4268 2592 4324 divini
2624 4267 2903 4341 colloquii
2934 4267 3174 4336 dignus,
3202 4264 3320 4320 ﬁde
3352 4264 3597 4335 grandis
3624 4263 3795 4320 effec-

2138 4362 2234 4415 tus
2259 4363 2371 4414 est.
2402 4359 2493 4414 Sic
2512 4359 2633 4413 Deo
2663 4356 2943 4413 credulus
2973 4355 3279 4411 Abraham
3303 4353 3619 4425 justiﬁcari
3660 4370 3795 4426 pro-

2136 4447 2377 4517 meruit,
2407 4447 2639 4503 dicente
2664 4446 2996 4519 Scriptura:
3023 4444 3291 4501 Credidit
3313 4445 3624 4500 Abraham
3650 4445 3790 4516 Deo,

2140 4545 2193 4594 et
2223 4542 2568 4607 reputatum
2596 4543 2682 4593 est
2723 4538 2823 4592 illi
2866 4536 2948 4592 ad
2965 4535 3293 4605 justitiam,
3324 4540 3379 4591 et
3428 4535 3656 4589 amicus
3686 4536 3796 4591 Dei

2139 4628 2482 4696 appellatus
2508 4634 2589 4682 est
2620 4628 2784 4694 (Gen.
2819 4642 2916 4692 xv,
2950 4628 3015 4691 6;
3047 4625 3174 4680 Jac.
3224 4640 3281 4686 ιι,
3312 4619 3403 4693 23)
3436 4622 3527 4679 Sic
3551 4623 3694 4694 justi
3722 4640 3791 4680 ex

2137 4716 2258 4773 ﬁde
2286 4717 2516 4783 vivunt,
2549 4721 2605 4772 et
2627 4732 2840 4773 omnes
2869 4714 3060 4770 sancti
3085 4729 3192 4786 per
3216 4711 3400 4768 ﬁdem
3429 4727 3618 4782 regna
3648 4712 3793 4769 vice-

2137 4810 2297 4877 runt,
2324 4806 2556 4879 operati
2577 4810 2716 4862 sunt
2736 4804 3051 4877 justitiam,
3080 4802 3279 4874 adepti
3312 4806 3454 4857 sunt
3481 4802 3792 4874 repromis-

2139 4896 2362 4959 siones,
2412 4895 2865 4960 obturaverunt,
2907 4908 3015 4949 ora
3065 4891 3333 4959 leonum,
3387 4890 3792 4948 exstinxerunt

2135 4985 2429 5058 impetum
2475 4984 2650 5055 ignis,
2705 4982 3062 5054 fugaverunt
3102 4980 3294 5037 aciem
3340 4979 3543 5050 gladii,
3573 4995 3790 5036 conva-

2134 5074 2378 5130 luerunt
2422 5074 2498 5129 de
2544 5072 2908 5140 inﬁrmitate,
2935 5070 3116 5127 fortes
3163 5069 3304 5125 facti
3351 5073 3490 5125 sunt
3536 5069 3599 5125 in
3635 5068 3790 5127 bello

2136 5164 2342 5235 (Hebr.
2375 5179 2436 5233 11,
2468 5166 2557 5232 33,
2589 5162 2698 5234 34).

2207 5259 2261 5309 9.
2303 5251 2555 5308 Videsne
2586 5252 2642 5322 (ο
2668 5256 2731 5306 tu
2758 5249 3033 5323 quisquis
3086 5249 3183 5306 ille
3211 5266 3298 5317 es,
3330 5249 3435 5323 qui
3461 5253 3669 5305 contra
3696 5263 3789 5305 as-

2136 5341 2355 5411 surgis)
2381 5339 2549 5406 quod
2576 5340 2705 5395 haec
2734 5339 2941 5395 omnia
2969 5339 3366 5395 instrumento
3388 5337 3530 5394 ﬁdei
3550 5342 3708 5406 sunt,
3736 5340 3793 5392 et

2133 5431 2311 5503 quasi
2331 5430 2607 5487 clientulo
2625 5429 2917 5486 famulatu
2930 5429 3045 5503 piae
3056 5429 3327 5499 religioni
3340 5428 3628 5500 subjecta,
3643 5432 3707 5483 ut
3720 5444 3790 5483 ex

2134 5519 2249 5575 hoc
2281 5536 2442 5575 nunc
2468 5520 2595 5591 jam
2622 5524 2678 5575 te
2715 5518 2778 5575 in
2804 5519 3049 5575 veritate
3078 5518 3318 5574 credere
3347 5521 3637 5590 oporteat,
3668 5531 3788 5572 non

2134 5608 2425 5681 prodigiis
2466 5612 2645 5682 atque
2682 5608 2994 5681 portentis,
3023 5607 3130 5663 sed
3176 5606 3510 5677 integritate
3549 5605 3709 5674 ﬁdei,
3737 5610 3792 5662 et

2132 5698 2525 5769 professionis
2538 5699 2876 5753 constantia
2886 5698 3146 5753 excellen
3153 5696 3329 5752 tiores
3340 5694 3467 5752 ﬁeri
3478 5700 3787 5767 martyres;

2131 5784 2403 5856 illudque
2426 5786 2847 5843 tantummodo
2877 5786 2939 5841 in
2957 5786 3044 5842 eis
3064 5786 3139 5842 sit
3157 5784 3610 5850 admirandum,
3626 5784 3790 5857 quod
