3960 6386
146 305 247 368 857

1253 319 1457 376 LIBER
1495 311 2027 376 APOLOGETICUS
2068 321 2472 382 MARTYBUM.

3479 339 3589 393 858

143 431 345 495 anitno
376 437 600 496 fortiori
632 445 887 498 mortem
923 449 1286 516 exceperunt
1328 448 1574 520 propter
1614 442 1806 502 Chris-
1833 444 1882 498 Α
1920 445 2271 515 mysterium
2290 453 2544 506 utverus
2563 451 2904 509 Antichristi
2925 469 3264 527 prtecursor
3279 473 3586 530 exercens,

143 533 288 592 tum,
349 528 450 602 qui
507 529 654 587 dixit
705 551 718 588 :
769 532 884 600 Qui
933 535 1268 603 perdiderit
1313 551 1575 592 animam
1635 551 1804 592 suam

133 623 385 689 propter
397 635 510 689 me,
528 620 591 676 in
618 621 801 679 vitam
823 629 1110 681 aeternam
1135 626 1394 683 inveniet
1416 643 1544 684 eam
1563 625 1801 698 (Matth.

140 725 190 772 x,
222 710 334 780 39).
356 710 509 767 Sane
539 711 813 768 omnium
833 712 1122 771 virtutum
1149 715 1320 774 radix
1351 733 1422 774 ac
1447 717 1808 774 fundamen-

140 800 262 854 tum
280 798 434 856 ﬁdes
467 803 574 869 est,
589 818 724 875 quae
758 805 1052 860 certantes
1081 805 1668 878 adjuvat,vincentes
1699 825 1801 864 co-

137 892 328 960 ronat,
359 893 416 945 et
441 889 666 947 ccelesti
695 890 860 948 dono
889 894 1191 966 quosdam
1221 895 1455 953 defectu
1487 897 1801 967 signorum

139 983 498 1036 remunerat.
541 980 693 1038 Nihil
721 987 812 1038 est
841 983 1004 1040 enim
1032 984 1199 1057 quod
1231 985 1474 1042 sincera:
1515 987 1656 1043 ﬁdei
1697 988 1802 1044 de-

138 1072 404 1138 negetur,
430 1069 577 1142 quia
605 1087 716 1127 nec
741 1070 904 1127 aliud
931 1089 968 1128 a
993 1073 1168 1129 nobis
1193 1077 1348 1131 Deus
1367 1092 1553 1149 quam
1579 1075 1759 1132 ﬁdem
1778 1086 1802 1112 ³

139 1157 329 1227 exigit.
390 1158 556 1215 Hanc
606 1159 818 1232 diligit,
864 1161 1022 1218 hanc
1080 1163 1347 1236 requirit,
1395 1165 1537 1222 huic
1585 1170 1802 1223 cuncta

137 1245 422 1320 promittit
453 1251 509 1304 et
539 1246 760 1306 tribuit.
803 1249 1006 1320 Fides,
1048 1251 1262 1325 inquit,
1309 1261 1414 1311 tua
1465 1261 1521 1310 te
1563 1257 1800 1312 salvum

133 1336 291 1405 fecit.
327 1339 395 1393 Et
431 1355 444 1393 :
481 1344 600 1394 esto
645 1339 844 1408 ﬁdelis
885 1356 1068 1413 usque
1105 1343 1188 1398 ad
1227 1351 1499 1412 mortem,
1547 1351 1600 1402 et
1644 1346 1798 1402 dabo

134 1425 240 1480 tibi
265 1442 552 1484 coronam
592 1429 727 1484 vita
767 1430 972 1500 (Apoc.
1023 1447 1082 1494 ιι,
1133 1435 1244 1500 10).
1286 1432 1437 1490 Nihil
1477 1449 1620 1504 ergo
1657 1433 1800 1492 ﬁdei

133 1513 440 1585 subtraxit,
470 1516 619 1573 nihil
647 1517 701 1574 ei
730 1519 1107 1590 impossibile
1138 1538 1268 1578 esse
1307 1522 1626 1596 depromit.

201 1639 284 1696 10.
327 1645 444 1698 Nec
474 1658 843 1716 magnopere
882 1645 956 1700 de
1000 1647 1414 1719 prodigiorum
1457 1649 1796 1719 insignibus

131 1727 555 1786 confidendum
587 1737 694 1802 est,
739 1749 877 1805 quae
924 1733 1281 1808 plerumque
1321 1736 1400 1792 ab
1449 1736 1794 1793 inﬁdelibus

129 1823 466 1890 exeruntur,
499 1825 564 1878 ut
590 1821 650 1877 in
684 1823 888 1878 Exodo
911 1823 1192 1881 scribitur
1224 1845 1236 1881 :
1271 1827 1570 1883 Fecerunt
1599 1835 1656 1882 et
1671 1841 1796 1882 ma-

132 1907 278 1976 leﬁci
320 1924 433 1979 per
482 1913 944 1982 incantationes,
986 1915 1142 1969 sicut
1189 1920 1242 1972 et
1291 1916 1522 1985 Moyses
1571 1915 1792 1986 (Exod.

129 2011 226 2060 vn,
260 2001 344 2065 Η,
380 2003 472 2065 22,
499 2008 556 2056 et
587 2017 709 2072 vui,
743 2007 796 2072 7,
846 2001 952 2066 15).
995 2002 1076 2057 De
1105 2018 1230 2075 qua
1259 2004 1591 2076 quaestione
1637 2003 1796 2059 sufﬁ-

129 2085 361 2157 cienter,
406 2093 474 2145 ut
516 2089 732 2163 opinor
781 2089 840 2146 iu
891 2089 992 2146 illo
1022 2092 1385 2148 Memorialib
1436 2096 1790 2150 Sanctorum

128 2188 295 2247 Opere
325 2177 706 2250 disputatum
745 2182 851 2234 est.
887 2179 1020 2236 Sive
1059 2179 1222 2236 enim
1255 2181 1356 2238 Dei
1399 2186 1580 2238 testes
1617 2181 1795 2238 mira-

127 2263 261 2320 culis
285 2266 572 2337 emicent,
603 2267 723 2323 sive
753 2267 985 2342 absque
1010 2269 1301 2342 prodigiis
1332 2269 1579 2327 beatum
1610 2275 1797 2327 certa-

126 2369 255 2411 men
299 2355 650 2429 expediant,
698 2358 847 2414 nihil
900 2360 1181 2428 interest;
1227 2377 1367 2418 cum
1421 2361 1500 2417 ab
1544 2362 1628 2417 eis
1679 2361 1794 2417 hoc

125 2444 366 2502 celestis
397 2450 612 2502 auctor
649 2446 1036 2505 solummodo
1077 2454 1334 2522 expetat,
1380 2455 1442 2506 ut
1481 2466 1672 2523 usque
1713 2449 1793 2506 ad

124 2532 294 2592 ﬁnem
335 2537 745 2592 constantiam
787 2539 914 2611 spei
941 2557 1064 2595 suae
1098 2556 1218 2596 non
1251 2540 1616 2609 deserentes,
1656 2540 1794 2596 viri-

124 2622 245 2680 liter
282 2641 547 2697 agonem
587 2634 1031 2700 consumment,
1059 2644 1183 2702 quo
1212 2631 1273 2686 in
1303 2636 1593 2686 aeternum
1634 2635 1795 2686 cata-

122 2711 263 2783 logis
309 2714 563 2770 adunati
605 2720 975 2786 sanctorum,
1021 2717 1096 2773 de
1139 2720 1531 2790 perpetuitate
1581 2718 1792 2774 salutis

123 2801 399 2866 exultent,
469 2802 702 2860 dicente
760 2807 1016 2861 Domino
1073 2823 1085 2861 :
1145 2807 1262 2874 Qui
1315 2809 1790 2876 perseveraverit

125 2906 303 2964 usque
331 2893 396 2949 in
422 2894 626 2962 finem,
661 2895 758 2952 hic
787 2897 992 2952 salvus
1021 2897 1135 2953 erit
1165 2897 1404 2954 (Matth.
1430 2914 1492 2963 x,
1523 2901 1637 2962 2‘2).

192 3017 273 3075 ll.
336 3019 604 3092 Simplex
655 3019 924 3095 profecta
969 3021 1283 3095 dispositio
1337 3028 1546 3080 nostra
1607 3023 1785 3080 exsti-

1914 535 2117 590 neseio
2160 553 2348 608 quam
2395 541 2674 597 novitatis
2719 540 2916 611 legem
2960 559 3070 616 pro
3127 562 3237 600 suo
3285 545 3474 614 libito,
3528 553 3586 606 et

1912 620 2197 680 instinctu
2227 627 2668 686 dieinoniorum
2710 631 2942 703 perdito
2987 632 3168 703 vulgo
3199 633 3468 694 instituit.
3506 640 3584 694 De

1912 727 2175 784 quorum
2204 717 2506 788 impietate
2541 719 2752 776 beatus
2775 721 2998 777 Paulus
3024 725 3332 796 apostolus
3359 727 3582 799 patulis

1911 804 2306 876 prophetismi
2324 808 2584 864 oraculis
2609 815 2816 866 sancto
2840 812 3142 870 revelante
3167 814 3386 888 Spiritu
3407 817 3588 873 Thes-

1912 891 2386 950 salonicensibm
2419 897 2577 955 dicit:
2608 901 2732 956 Pro
2761 916 2826 958 eo
2847 902 3009 972 quod
3041 901 3400 960 charitatem
3431 908 3586 962 veri-

1913 984 2056 1038 tatis
2091 1001 2208 1050 non
2249 995 2621 1056 receperunt,
2667 996 2731 1045 ut
2781 992 2938 1047 salvi
2971 993 3203 1060 ﬁerent,
3237 995 3367 1051 ideo
3396 997 3586 1052 mittit

1910 1071 2034 1126 illis
2065 1075 2219 1128 Deus
2249 1077 2528 1144 spiritum
2553 1080 2776 1134 erroris
2805 1086 2867 1135 ut
2891 1081 3140 1136 credant
3167 1083 3498 1154 mendacio,
3524 1091 3582 1142 et

1899 1161 2260 1231 judicentur
2279 1179 2478 1221 omnes
2499 1168 2605 1238 qui
2627 1185 2747 1224 non
2775 1169 3160 1226 crediderunt
3187 1173 3448 1237 veritati,
3478 1175 3586 1232 sed

1910 1258 2337 1308 consenserunt
2380 1255 2692 1326 iniquitati
2744 1258 2807 1312 in
2858 1261 3022 1314 omni
3077 1261 3423 1320 seductione
3468 1265 3578 1330 (II,

1911 1340 2079 1396 Thes.
2113 1356 2178 1402 ιι,
2217 1341 2303 1406 10,
2331 1343 2434 1413 Η).
2457 1343 2620 1400 Idem
2651 1361 2896 1418 quoque
2923 1346 3002 1403 ad
3029 1351 3332 1405 Romanos
3361 1351 3538 1407 refert
3563 1369 3578 1406 :

1905 1428 2295 1486 Revelabitur
2340 1433 2497 1488 enim
2536 1434 2632 1490 ira
2677 1435 2788 1491 Dei
2828 1435 2900 1492 de
2938 1438 3086 1492 creto
3123 1453 3306 1506 super
3348 1455 3578 1497 omnem

1909 1518 2295 1588 impietatem,
2343 1527 2396 1578 et
2437 1524 2800 1592 injustitiam
2847 1524 3152 1582 hominum
3210 1543 3434 1594 eorum,
3477 1530 3582 1601 qui

1907 1609 2216 1665 veritatem
2250 1611 2310 1664 in
2340 1611 2643 1680 injustitia
2665 1613 2977 1686 detinent;
3005 1617 3148 1686 quia
3176 1616 3338 1688 quod
3369 1623 3578 1674 notum

1904 1701 1988 1752 est
2017 1698 2130 1753 Dei
2149 1699 2535 1767 manifestum
2563 1707 2646 1756 est
2671 1703 2732 1756 in
2759 1703 2904 1759 illis.
2952 1706 3017 1758 Et
3047 1720 3060 1758 :
3091 1704 3237 1760 Cum
3275 1709 3574 1774 coqnovis-

1821 1795 1868 1853 Β
1902 1791 2032 1842 sent
2068 1788 2270 1856 Deum,
2312 1805 2432 1844 non
2473 1790 2624 1845 sicut
2673 1792 2862 1848 Deum
2903 1794 3429 1864 gloriﬁcaverunt,
3471 1801 3580 1852 aut

1901 1876 2137 1946 gratias
2163 1883 2456 1947 egerunt;
2485 1879 2589 1935 sed
2617 1887 2994 1936 evanuerunt
3022 1883 3084 1937 in
3113 1885 3580 1954 cogitationibus

1901 1965 2045 2026 suis,
2079 1970 2133 2020 et
2174 1965 2556 2022 obscuratum
2600 1975 2684 2024 est
2730 1970 3017 2038 insipiens
3059 1987 3162 2026 cor
3205 1987 3428 2028 eorum.
3475 1975 3582 2028 Di-

1902 2052 2097 2111 centes
2129 2058 2284 2112 enim
2311 2073 2372 2114 se
2391 2073 2513 2114 esse
2540 2059 2858 2128 sapientes,
2891 2061 3067 2116 stulti
3086 2061 3250 2131 facti
3269 2067 3430 2118 sunt.
3461 2063 3577 2130 Qui

1901 2151 2422 2202 commutaverunt
2451 2149 2764 2206 veritatem
2805 2150 2920 2205 Dei
2958 2150 3020 2205 in
3064 2151 3493 2224 mendacium;
3519 2157 3576 2208 et

1901 2235 2238 2294 coluerunt.
2256 2241 2310 2291 et
2338 2238 2677 2294 servierunt
2699 2240 2962 2294 vanitati
2979 2241 3179 2309 potius
3194 2255 3374 2311 quam
3395 2240 3574 2298 Crea-

1901 2325 2039 2390 tori,
2081 2325 2184 2394 qui
2220 2331 2306 2380 est
2349 2327 2506 2382 Deus
2550 2326 2892 2384 benedictus
2925 2329 2990 2383 in
3029 2329 3272 2386 saecula.
3314 2330 3577 2400 Propter

1899 2414 2062 2486 quod
2093 2414 2348 2470 tradidit
2369 2431 2463 2471 eos
2495 2417 2557 2471 in
2584 2417 2904 2486 reprobum
2931 2433 3188 2485 sensum,
3231 2425 3298 2474 ut
3334 2420 3573 2489 faciant

1900 2519 2032 2576 qua?
2085 2520 2206 2558 non
2267 2507 2668 2576 conveniunt;
2700 2508 2958 2576 repletos
3015 2510 3182 2564 omni
3231 2511 3571 2582 iniquitate,

1898 2595 2160 2662 malitia,
2210 2595 2641 2666 fornicatione,
2700 2598 2963 2652 avaritia
3014 2599 3326 2670 nequitia;
3363 2601 3574 2669 plenos

1897 2683 2150 2750 invidia,
2176 2682 2532 2750 homicidiis,
2556 2685 2952 2754 contentione,
2968 2686 3127 2756 dolo,
3151 2688 3575 2758 malignitate;

1898 2787 2190 2826 susurron
2198 2773 2271 2839 ei,
2285 2771 2802 2839 detractores,Deo
2819 2774 3574 2848 odibiles,contumeliosos,

1897 2860 2181 2929 superbos
2221 2862 2431 2931 elatos,
2474 2863 2813 2918 inventores
2854 2865 3176 2930 malorum,
3215 2865 3571 2934 parentibus

1895 2966 2017 3004 non
2048 2950 2402 3015 obedientes,
2436 2951 2806 3022 insipientes,
2835 2953 3276 3022 incompositos,
3315 2955 3444 3010 sine
3479 2954 3574 3024 af-

1893 3041 2169 3111 fectione,
2195 3040 2416 3110 absque
2427 3041 2676 3111 foedere,
2698 3043 2826 3098 sine
2847 3043 3279 3099 misericordia.
3299 3045 3414 3110 Qui
3434 3059 3570 3099 cum

124 3110 280 3174 terat,
326 3113 410 3178 ut,
455 3109 751 3167 victorum
797 3111 1078 3168 victorias
1127 3113 1571 3186 depromentes,
1627 3129 1737 3170 con

1960 3131 2190 3184 :stitiam
2216 3109 2324 3183 Dei
2341 3109 2773 3199 cognovissent,
2799 3146 2920 3185 non
2957 3132 3412 3199 intellexerunt,
3433 3147 3571 3204 quo-

120 3197 414 3269 pendiosze
473 3199 747 3256 brevitati
813 3201 1190 3258 studeremus
1235 3219 1248 3257 :
1313 3201 1420 3258 sed
1477 3202 1784 3275 repagulis

121 3285 498 3345 insolentium
527 3290 914 3363 praepeditus,
946 3291 1117 3346 nisus
1171 3309 1306 3346 sum
1338 3291 1453 3346 hoc
1489 3291 1784 3364 Apologe-

122 3373 290 3432 ticum
314 3377 557 3434 incertis
581 3379 978 3435 assertoribus
999 3379 1166 3443 dare,
1187 3384 1242 3435 et
1267 3379 1403 3434 ideo
1433 3380 1602 3450 forte,
1627 3380 1785 3437 ultra

120 3480 293 3536 quam
317 3467 522 3530 debui,
549 3467 802 3524 modum
826 3469 1056 3525 excessi
1077 3469 1360 3525 historiae.
1385 3470 1603 3526 Contra
1630 3485 1783 3543 quo-

119 3568 242 3610 rum
283 3557 607 3628 pravitates
658 3557 966 3631 paulisper
1012 3557 1212 3614 adhuc
1261 3557 1626 3613 veniendum
1673 3564 1784 3630 est,

119 3657 230 3714 quo
271 3643 466 3702 ﬁdelis
508 3652 842 3704 conventus
893 3646 1089 3703 discat
1136 3647 1286 3703 votis
1337 3646 1782 3703 ardentioribus

117 3731 241 3803 plus
272 3749 481 3792 amare
511 3735 680 3808 quod
709 3735 918 3802 credit,
951 3736 1098 3792 dum
1117 3753 1188 3792 ex
1213 3736 1563 3792 auctoritate
1595 3754 1780 3792 sacrae

116 3817 252 3891 legis
280 3829 337 3881 et
365 3826 682 3882 veritatem
712 3827 1018 3898 religionis
1057 3833 1116 3884 et
1143 3843 1408 3884 errorem
1437 3827 1638 3899 impiae
1679 3843 1784 3883 no-

114 3910 297 3968 vitatis
321 3915 703 3988 compererit.

182 4019 262 4078 l2.
305 4023 515 4080 Dicunt
555 4025 716 4080 enim
755 4025 923 4096 quod
971 4024 1052 4080 ab
1091 4025 1440 4080 hominibus
1489 4025 1677 4080 Deum
1727 4028 1786 4081 et

115 4105 295 4178 legem
325 4113 664 4169 colentibus
687 4114 852 4185 passi
887 4121 1044 4178 sunt,
1080 4129 1190 4168 nec
1218 4115 1294 4169 ad
1314 4114 1626 4179 sacrilegia
1654 4113 1784 4170 ido-

116 4193 320 4266 lorum,
367 4201 472 4256 sed
515 4199 596 4256 ad
637 4200 864 4256 cultum
910 4200 1034 4257 veri
1068 4201 1168 4256 Dei
1199 4201 1451 4270 invitati,
1485 4201 1784 4274 perempti

118 4291 276 4354 sunt;
307 4293 364 4345 et
405 4288 546 4346 ideo
587 4305 708 4345 non
751 4294 814 4346 ut
855 4289 1126 4363 priorum
1172 4295 1509 4360 martyrum
1560 4291 1780 4346 horum

117 4377 388 4449 martyria
434 4378 788 4434 veneranda
835 4384 992 4435 sunt.
1042 4379 1230 4434 Deum
1282 4395 1426 4448 ergo
1473 4385 1530 4434 et
1578 4380 1774 4448 legem

1895 3219 2058 3274 niam
2086 3221 2190 3289 qui
2220 3220 2372 3274 talia
2397 3225 2587 3288 agunt
2609 3219 2784 3290 digni
2799 3226 2941 3275 sunt
2972 3226 3162 3277 morte
3179 3235 3204 3277 .’
3231 3237 3350 3278 ηοη
3373 3222 3569 3278 solum

1893 3309 2000 3380 qui
2016 3308 2278 3378 faciunt,
2291 3308 2395 3364 sed
2407 3315 2460 3364 et
2477 3310 2587 3379 qui
2603 3311 2982 3366 consentiunt
2993 3311 3358 3380 facientibus
3377 3312 3565 3381 (Rom.

1908 3412 1927 3450 ι
1955 3398 2215 3467 18).Νίιω
2247 3396 2526 3452 etbeatus
2557 3399 2780 3464 Petrus,
2811 3399 3096 3470 princeps
3127 3399 3568 3470 apostolorum,

1892 3483 2314 3541 ﬁrmissimum
2371 3485 2646 3541 Ecclesiae
2705 3486 3013 3542 catholicae
3075 3487 3568 3555 fundamentum,

1894 3579 2098 3646 utpote
2139 3575 2235 3630 cui
2265 3575 2344 3630 ab
2364 3575 2498 3647 ipso
2525 3575 2925 3648 Redemptore
2955 3575 3183 3632 dictum
3213 3582 3305 3634 est
3333 3595 3346 3632 :
3393 3578 3479 3632 Tu
3511 3592 3570 3633 es

1892 3666 2132 3728 Petrus,
2165 3670 2221 3720 et
2242 3681 2424 3734 super
2445 3665 2604 3721 hanc
2631 3667 2875 3721 Petram
2899 3665 3206 3735 aediﬁcabo
3233 3667 3571 3724 Ecclesium

1891 3770 2083 3810 meam
2115 3754 2357 3826 (Matth.
2400 3771 2514 3818 xvr,
2562 3756 2670 3826 18),
2713 3759 2796 3810 ita
2843 3755 2905 3810 in
2947 3755 3073 3810 suis
3121 3755 3396 3828 Epistolis
3437 3756 3568 3812 ait:

1890 3843 2162 3908 Fratres,
2198 3844 2485 3899 habemus
2521 3844 2850 3912 ﬁrmiorem
2883 3843 3305 3914 propheticum
3353 3859 3569 3901 sermo-

1888 3947 2044 4002 nem,
2077 3934 2179 3988 cui
2204 3933 2553 4002 benefacitis
2575 3933 2968 4004 intendentes,
2993 3933 3172 4004 quasi
3195 3934 3446 3989 lucerna
3475 3934 3564 3989 lu-

1892 4020 2053 4076 centi
2096 4021 2160 4075 in
2202 4020 2532 4090 caliginoso
2567 4022 2692 4076 loco
2723 4021 2909 4076 donec
2941 4021 3066 4078 dies
3095 4021 3354 4078 lucescat
3384 4027 3440 4078 et
3480 4023 3572 4077 lu-

1891 4109 2044 4177 cifer
2073 4110 2312 4163 oriatur
2340 4109 2402 4163 in
2433 4108 2710 4164 cordibus
2739 4111 2979 4164 nostris.
3027 4111 3157 4165 Hoc
3181 4111 3448 4179 primum
3478 4112 3570 4166 in-

1889 4197 2412 4266 telligentes.quod
2419 4199 2611 4253 omnis
2623 4197 2948 4267 prophetia
2963 4199 3302 4270 Scriptura
3309 4201 3568 4270 propria

1888 4287 2387 4355 interpretatione
2401 4304 2521 4342 non
2533 4288 2768 4356 ﬁt.Non
2787 4289 2943 4345 enim
2967 4290 3281 4346 voluntate
3299 4291 3568 4348 humana

1889 4377 2087 4433 allata
2113 4383 2196 4433 est
2215 4378 2550 4448 aliquando
2573 4379 2899 4449 prophetia
2921 4395 2946 4450 ;
2975 4379 3077 4436 sed
3103 4380 3334 4452 Spiritu
3360 4387 3568 4438 sancto

114 4460 200 4520 isti
227 4466 499 4524 vanitatis
547 4467 804 4524 cultores
837 4467 956 4524 ullo
991 4467 1176 4523 modo
1224 4467 1448 4524 habere
1488 4466 1772 4523 credendi
1810 4511 1860 4569 Β
1887 4469 2224 4538 inspirante
2249 4469 2440 4524 locuti
2459 4475 2599 4524 sunt
2631 4471 2831 4526 sancti
2858 4471 2970 4526 Dei
2997 4469 3566 4527 homines.Fuerunt

116 4559 264 4622 sunt,
304 4557 408 4630 qui
446 4557 814 4624 Evangeiicm
863 4557 1250 4614 institutionis
1295 4573 1400 4630 per
1445 4563 1636 4613 totum
1683 4575 1776 4614 or-

115 4639 246 4700 bem
279 4647 480 4705 vitalia
508 4647 733 4705 diﬂ'usa
771 4653 1073 4722 praecepta
1108 4665 1230 4704 non
1265 4648 1459 4704 solum
1498 4665 1622 4704 non
1656 4665 1777 4704 cre-

114 4729 496 4802 dunt,verum
525 4737 703 4794 etiam
723 4737 888 4793 omni
905 4737 1030 4793 zelo
1052 4737 1456 4810 perversitatis
1479 4753 1776 4808 magnum

115 4818 422 4882 discrimen
461 4843 536 4884 ea
574 4826 900 4884 fatentibus
941 4827 1239 4898 ingerunt.
1283 4843 1535 4883 exosum
1577 4834 1634 4883 et
1672 4827 1780 4883 ini-

115 4923 290 4980 quum
320 4920 600 4987 putantes
637 4917 935 4972 Christum
975 4933 1185 4971 verum
1234 4918 1421 4972 Deum
1467 4923 1525 4972 et
1563 4932 1776 4972 verum

115 4996 407 5059 hominem
434 5005 718 5061 credere?
751 5009 834 5061 Ac
861 5005 942 5060 sic
964 5004 1234 5060 irrisione
1260 5005 1488 5060 nefaria
1507 5005 1773 5078 quotidie

119 5087 209 5142 Dei
260 5098 476 5150 sortem
533 5093 919 5164 infamantes,
971 5093 1153 5149 ritum
1216 5110 1403 5150 sacrae
1465 5093 1773 5163 religionis

115 5174 326 5250 ubique
380 5179 703 5253 lacessunt,
751 5182 1001 5239 irrident
1049 5187 1107 5238 et
1157 5181 1546 5245 maledicunt,
1603 5198 1776 5254 spem

116 5266 459 5326 credulitatis
489 5275 548 5328 et
575 5271 717 5328 ﬁdei
749 5288 872 5328 sua:
916 5271 979 5328 in
1020 5271 1340 5343 cujusdam
1381 5270 1772 5344 pestilentiosi

119 5366 182 5408 ac
203 5355 549 5416 deemoniosi
571 5361 924 5418 homunculi
957 5360 1431 5418 divinationibus
1470 5360 1770 5417 collocan-

116 5442 212 5500 ιθε.
243 5447 348 5512 Qui
377 5449 454 5506 ab
477 5452 689 5524 spiritu
708 5451 1030 5508 immundo
1055 5456 1410 5524 praereptus,
1433 5449 1769 5523 iniquitatis

179 5571 486 5650 'yiyidam
515 5577 802 5634 nimirum
835 5583 893 5634 et
919 5577 1204 5650 operibus
1233 5577 1478 5650 plenam
1502 5577 1773 5644 intelligit

121 5637 180 5720 υτ
196 5642 628 5722 ,Ευιοεὶιιεηςιυὶ
649 5650 724 5705 de
744 5637 1079 5722 martyrum
1098 5650 1217 5722 ﬁde
1233 5637 1516 5722 loquitur,
1544 5666 1666 5721 qua
1689 5637 1772 5704 ἧ-

121 5709 397 5795 Ῠξάὶᾳζθῃῇ
423 5709 652 5776 nullam
682 5709 965 5795 reperies,
998 5709 1430 5795 siquidemfper
1457 5709 1766 5795 ingentem

120 5778 451 5847 charitatem
479 5778 779 5860 operatur.
813 5778 978 5850 Illam
1011 5778 1173 5850 enim
1189 5778 1484 5864 majorem
1507 5778 1761 5850 charita-

1889 4573 2024 4614 vero
2055 4565 2109 4614 et
2125 4558 2664 4628 pseudoprophetae
2694 4561 2756 4614 in
2781 4559 3201 4628 populo,sicut
3229 4565 3284 4614 et
3308 4561 3370 4614 in
3403 4560 3566 4615 vobis

1887 4656 2062 4705 erunt
2087 4649 2367 4718 magistri
2380 4649 2712 4713 mendaces,
2733 4650 2838 4719 qui
2858 4648 3351 4703 subintroducent
3375 4654 3565 4704 sectas

1880 4738 2330 4808 perditionis,et
2355 4752 2489 4792 eum
2511 4737 2618 4808 qui
2637 4739 2775 4793 emit
2800 4737 3358 4801 eos,dominatorem
3389 4737 3568 4792 abne-

1885 4832 2119 4898 gantcs,
2153 4825 2558 4894 superducent
2589 4825 2705 4880 sibi
2741 4825 2991 4880 celerem
3033 4824 3451 4894 perditionem.
3484 4825 3563 4880 Et

1885 4917 2174 4986 multiseq
2183 4920 2402 4970 uentur
2412 4929 2617 4971 eorum
2636 4914 3058 4982 luaeurias,per
3073 4929 3218 4986 quos
3236 4913 3333 4970 via
3351 4916 3566 4972 verita-

1885 5007 1958 5060 tis
1975 5004 2512 5074 blasphemabitur;
2523 5009 2576 5059 et
2590 5003 2652 5057 in
2667 5003 2930 5058 avaritia
2940 5002 3096 5072 ﬁctis
3110 5003 3302 5060 verbis
3315 5003 3389 5062 de
3403 5006 3564 5062 vobis

1884 5095 2373 5164 negotiabantur.
2384 5091 3047 5163 Quibusjudiciumjam
3061 5094 3203 5150 olim
3216 5110 3337 5150 non
3351 5102 3564 5159 cessat,

1876 5184 2353 5253 perditioemvtm
2369 5199 2490 5238 non
2501 5181 2792 5237 dormitat
2810 5185 2823 5252 (
2839 5181 3132 5250 II.Petr.I,
3146 5189 3162 5238 t
3176 5187 3305 5239 9-21
3325 5202 3338 5252 ;
3358 5184 3561 5256 Il,l-3)~

1960 5277 2042 5328 13.
2078 5273 2221 5336 ριιεεε
2244 5271 2472 5330 omnia.
2499 5271 2650 5326 sicut
2675 5271 2802 5326 haec
2825 5271 3003 5328 beata
3024 5271 3440 5345 apostolorum
3462 5287 3566 5328 an-

1884 5361 2179 5418 nuntiatio
2219 5360 2501 5426 enminet,
2544 5376 2667 5416 non
2708 5361 2905 5417 solum
2949 5361 3143 5418 eidem
3186 5361 3562 5434 pseudopro-

1883 5450 2102 5524 phette,
2131 5449 2231 5504 sed
2255 5453 2310 5504 et
2326 5449 2437 5503 illis
2455 5449 2558 5522 qui
2577 5465 2711 5504 eum
2733 5454 3069 5505 reverenter
3086 5449 3410 5522 accipiunt,
3425 5465 3564 5507 con-

1885 5583 2002 5632 tem
2031 5591 2164 5629 esse
2216 5575 2480 5629 (.hristus
2534 5574 2804 5638 astruxit,
2859 5591 2999 5630 cum
3057 5575 3329 5633 animam
3385 5591 3562 5636 suam

1879 5645 2232 5721 ponatquis
2267 5663 2378 5718 ριο
2409 5647 2620 5701 amicis
2651 5646 2798 5701 suis.
2833 5649 3054 5704 Monu.

1952 5719 1980 5758 δ
2009 5717 2136 5773 Lib.
2175 5733 2210 5786 ι,
2245 5717 2412 5773 num.
2454 5722 2514 5774 13
2547 5733 2674 5792 seq.
