3960 6448
352 296 460 357 ιω

1559 286 1616 345 S.
1656 283 1943 345 EULOGII
1976 277 2304 347 ARCHIEP.
2342 279 2586 337 TOLET.

3694 271 3837 331 860

352 417 578 487 venire,
629 415 800 471 multi
836 413 1333 488 peritissimorum
1372 426 1611 467 mecum
1651 406 2005 477 intelligunt,
2040 406 2089 479 Α
2118 418 2321 461 eorum
2354 407 2422 457 ut
2465 406 2676 458 ventus
2717 414 2916 466 urens,
2958 398 3040 454 ad
3076 395 3419 469 arguendos
3460 393 3709 464 ﬁdeles,
3738 398 3836 488 ‘et

352 520 464 563 nec
510 481 623 560 nos
667 481 859 560 tanta-
875 501 949 558 de
996 500 1219 558 sanctis
1268 498 1582 573 Scripturis
1625 502 1833 553 contra
1871 510 2011 550 eum
2119 487 2359 550 terram'
2377 492 2440 547 in
2464 489 2845 547 solitudinem
2884 485 3271 558 redigendam
3302 484 3483 573 [Hab.
3517 500 3553 549 ι,
3589 487 3653 552 6,
3687 481 3760 553 8]
3804 482 3826 554 )

355 595 607 667 ejusque
638 590 1001 665 sequipedas
1029 589 1246 647 frustra
1270 587 1641 660 congessisse
1671 586 2010 641 advertunt.

2118 597 2333 638 nocere
2356 597 2457 637 eos
2482 579 2772 655 permisit.
2814 577 3082 633 Primum
3109 590 3374 648 namque
3403 572 3661 629 fratrem
3695 572 3830 628 imo

358 661 589 756 Quippe
636 661 830 754 quem
864 679 994 752 jam
1041 678 1249 735 vident
1290 694 1475 734 sacrae
1516 676 1662 746 legis
1708 671 2011 748 praeconio
2117 671 2431 745 peratoris,
2474 670 2581 744 qui
2619 668 2776 725 illius
2814 672 2981 723 terrae
3022 665 3309 756 ditionem
3352 662 3614 756 tenebat,
3653 661 3825 756 inte:

356 769 731 846 praedictum,
763 784 834 825 ac
869 766 994 824 veri
1021 767 1289 839 magistri
1323 766 1593 824 docentis
1626 761 1869 821 oraculo
1913 760 2014 816 de-

356 863 633 918 notatum
665 875 677 914 :
707 858 892 915 Multi
912 858 1441 929 pseudoprophetae
1460 858 1727 925 surgent,
1770 856 1825 909 et
1852 849 2016 906 sedu-

357 954 490 1009 cent
518 949 739 1005 multos
764 947 1004 1020 (Matth.
1029 963 1191 1012 xxnv,
1227 950 1335 1015 Η).
1369 943 1522 1002 Nihil
1541 946 1696 1000 certe
1717 941 1791 997 de
1811 945 2017 997 nostra

355 1040 418 1097 in
448 1054 587 1096 eum
616 1037 1078 1112 exprobratione
1097 1039 1435 1107 arguerent,
1456 1051 1639 1110 quem
1661 1036 1746 1089 tot
1776 1032 2016 1088 Patrum

356 1127 705 1186 auctoritate
742 1125 1088 1198 impugnari
1116 1128 1443 1182 cernerent.

431 1237 517 1293 14.
553 1238 928 1310 Quapropter
950 1236 1088 1306 (hoc
1118 1235 1180 1290 in
1203 1234 1337 1291 loco
1366 1249 1491 1291 non
1511 1232 1660 1289 mihi
1684 1228 2019 1288 absurdum

356 1342 486 1385 esse
508 1326 744 1383 videtur
772 1326 822 1381 si
851 1324 1319 1398 praecedentium
1350 1323 1424 1380 de
1454 1339 1525 1379 eo
1555 1322 1871 1378 doctorum
1898 1318 2019 1374 tes-

356 1416 679 1474 timonium
701 1414 1029 1489 proferam,
1060 1418 1126 1470 ut
1153 1413 1464 1487 quomodo
1494 1428 1633 1468 eum
1663 1414 1805 1466 tunc
1832 1407 2019 1464 eccle-

360 1505 582 1563 siastici
606 1504 718 1560 viri
748 1503 1227 1577 dijudicaverint,
1258 1507 1317 1559 et
1343 1501 1599 1575 qualiter
1623 1499 1796 1556 illum
1819 1497 1938 1554 ﬁde
1966 1500 2026 1554 et

357 1594 761 1669 professsione
792 1593 1103 1662 coluerint,
1134 1596 1521 1666 quantusque
1551 1594 1608 1645 et
1635 1588 1832 1662 qualis
1856 1586 2026 1659 apud

357 1690 596 1742 nostros
637 1684 939 1751 exstiterit,
983 1682 1195 1739 melius
1236 1698 1307 1737 ex
1346 1697 1556 1737 eorum
1595 1679 1766 1736 dictis
1805 1693 2028 1748 agnos-

359 1778 499 1832 cant
536 1772 643 1846 qui
680 1789 843 1829 nunc
881 1789 1021 1828 cum
1050 1787 1175 1828 non
1205 1786 1356 1827 sano
1395 1786 1576 1826 sensu
1617 1767 1814 1837 legem
1856 1766 2025 1821 illum

360 1862 712 1930 adduxisse,
758 1866 863 1920 aut
900 1865 1089 1919 Deum
1122 1861 1186 1917 in
1224 1860 1469 1918 veritate
1500 1858 1759 1914 coluisse
1791 1870 2025 1913 asseve-

359 1956 515 2008 rant.

437 2058 526 2115 15.
560 2061 710 2119 Cum
737 2073 933 2115 essem
961 2057 1107 2115 olim
1126 2058 1188 2114 in
1208 2054 1654 2129 Pampilonensi
1675 2052 1902 2127 oppido
1923 2066 2033 2124 po-

363 2145 537 2216 situs,
560 2148 639 2219 (2)
661 2151 716 2205 et
745 2147 911 2219 apud
933 2149 1260 2217 Legerense
1284 2144 1631 2202 coenobium
1655 2144 2027 2209 demererer,

362 2241 701 2309 cunctaque
730 2236 1056 2305 volumina,
1088 2252 1227 2310 quas
1255 2236 1339 2293 ibi
1367 2239 1556 2302 erant,
1590 2234 1784 2305 gratia
1812 2232 2029 2301 digno-

364 2326 590 2394 scandi,
613 2326 989 2401 incomperta
1007 2326 1409 2394 revolverem;
1444 2324 1642 2382 subito
1667 2324 1729 2379 in
1758 2321 2032 2395 quadam

362 2419 533 2488 parte
573 2416 895 2487 cujusdam
933 2415 1211 2489 opusculi
1255 2416 1415 2472 hanc
1457 2414 1533 2469 de
1580 2411 1845 2469 nefando
1892 2414 2033 2467 vate

362 2504 739 2563 historiolam
769 2505 1006 2576 absque
1043 2504 1303 2562 auctoris
1331 2503 1579 2560 nomine
1606 2502 1799 2573 reperi
1832 2517 1848 2555 :

441 2633 525 2687 to.
550 2652 579 2681 ‹‹
612 2632 862 2686 Exortus
883 2633 972 2686 est
989 2642 1256 2701 namque
1288 2627 1588 2685 Mahomat
1615 2628 1694 2695 (3)
1720 2623 2031 2681 haeresiar-

366 2718 510 2777 ohes
547 2724 820 2791 tempore
863 2714 1108 2775 Heraclii
1155 2714 1555 2790 imperatoris,
1597 2729 1758 2771 anno
1795 2711 2031 2786 imperii

367 2808 498 2879 ejus
536 2805 814 2879 septimo,
845 2811 1116 2863 currente
1142 2821 1260 2861 sera
1297 2820 1477 2860 norm.
1513 2807 1575 2859 In
1605 2803 1720 2859 hoc
1764 2806 2031 2874 tempore

370 2894 632 2951 Isidorus
686 2892 1053 2968 Hispalensis
1090 2893 1413 2967 episcopus
1451 2893 1512 2948 in
1551 2890 1844 2948 catholico
1883 2890 2031 2957 dog-

367 2988 528 3041 mate
573 2981 804 3048 claruit,
854 2988 911 3040 et
951 2983 1256 3040 Sisebutus
1301 2981 1499 3039 Toleto
1542 2978 1742 3050 regale
1790 2978 2028 3035 culmen

366 3070 642 3173 obtinuit.
676 3071 754 3145 (4)
780 3071 1043 3173 Ecclesia
1068 3069 1230 3172 beati
1260 3069 1573 3173 Euphnasii
1615 3069 1787 3173 apud
1808 3066 2030 3173 Iliturgi
2057 3110 2103 3173 ο

366 3162 580 3219 urbem
608 3177 788 3236 super
811 3162 1115 3219 tumulum
1153 3161 1283 3233 ejus
1322 3159 1672 3216 aediﬁcatur.
1714 3160 1791 3231 (5)
1830 3156 2028 3214 Toleto

365 3267 610 3328 quoque
637 3251 829 3309 beata;
861 3250 1169 3309 Leocadiie
1196 3250 1337 3308 aula
1367 3252 1520 3306 miro
1552 3264 1752 3322 opere,
1780 3248 2029 3320 jubente

364 3341 650 3415 praedicto
693 3339 982 3414 principe,
1016 3338 1275 3396 culmine
1308 3338 1428 3395 alto
1468 3337 1824 3394 extenditur.
1865 3336 2031 3393 Obti-

365 3430 614 3503 nuitque
663 3430 982 3502 praedictus
1030 3430 1332 3487 Mahomat
1389 3425 1686 3484 nefandus
1733 3428 2030 3499 propheta

366 3516 770 3591 principatum
792 3518 967 3575 annis
991 3518 1220 3584 decem,
1235 3517 1456 3590 quibus
1481 3517 2031 3590 expletis,mortuus

367 3612 476 3679 est,
512 3612 570 3663 et
598 3607 866 3680 sepultus
894 3606 956 3663 in
986 3607 1239 3663 inferno.
1279 3604 1534 3662 Exordia
1570 3622 1714 3662 vero
1744 3606 1873 3675 ejus
1904 3605 2030 3660 fue-

363 3699 505 3752 runt
533 3694 692 3753 talia.
727 3697 877 3753 Cum
900 3701 1054 3753 esset
1080 3693 1359 3770 pusillus,
1376 3694 1568 3750 factus
1595 3699 1683 3749 est
1711 3694 2030 3765 cujusdam

365 3784 563 3841 viduas
595 3784 890 3842 subditus.
925 3788 1194 3859 Cumque
1223 3786 1284 3841 in
1306 3782 1561 3854 negotiis
1591 3781 1845 3855 cupidus
1876 3782 2036 3837 fene-

365 3877 527 3932 rator
554 3875 931 3947 discurreret,
957 3873 1137 3951 coepit
1159 3873 1631 3931 Christianorum
1659 3874 2037 3928 convention-

365 3964 437 4020 lis
468 3964 710 4022 assidue
744 3966 1048 4032 interesse,
1093 3967 1167 4033 et,
1219 3968 1285 4021 ut
1326 3967 1452 4019 erat
1481 3960 1734 4018 astutior
1774 3962 2034 4018 tenebrae

365 4052 543 4127 ﬁlius,
586 4054 765 4128 cmpit
809 4053 1135 4111 nonnullas
1181 4052 1525 4111 collationes
1564 4050 2035 4108 Christianorum

364 4143 673 4199 memorias
698 4142 1145 4213 commendare,
1164 4149 1221 4200 et
1239 4142 1393 4199 inter
1413 4160 1556 4198 suos
1578 4142 1788 4199 brutos
1807 4141 2030 4198 Arabes

367 4230 596 4287 cunctis
623 4232 949 4306 sapientior
979 4248 1130 4289 esse.
1153 4231 1439 4288 Libidinis
1463 4246 1605 4288 vero
1636 4246 1759 4289 suae
1787 4247 2033 4288 succen-

368 4336 475 4376 sus
503 4320 727 4392 fomite,
760 4337 901 4379 cum
926 4327 1184 4395 patrona
1212 4336 1322 4379 sua
1343 4322 1477 4393 jure
1508 4321 1823 4379 barbarico
1854 4322 1916 4378 in
1942 4321 2032 4378 ira

367 4424 729 4481 congressus
760 4418 866 4468 est.
887 4415 1138 4485 Moxque
1167 4413 1382 4468 erroris
1409 4413 1648 4486 spiritus
1678 4412 1738 4467 in
1769 4412 2030 4485 speciem

364 4497 617 4555 vulturis
664 4500 715 4556 ei
765 4515 1090 4575 apparens,
1122 4516 1190 4558 os
1229 4516 1481 4558 aureum
1523 4499 1635 4557 sibi
1684 4499 2026 4567 ostendens,

366 4587 651 4659 angelum
683 4587 1020 4648 Gabrielem
1063 4607 1194 4648 esse
1235 4608 1297 4647 se
1328 4589 1496 4656 dixit,
1543 4594 1598 4646 et
1644 4593 1707 4646 ut
1736 4590 2031 4662 propheta

366 4683 702 4752 appareret,
743 4680 1106 4755 impetravit.
1139 4684 1408 4754 Cumque
1444 4679 1704 4753 repletus
1744 4684 1897 4735 esset
1936 4683 2031 4735 tu-

366 4782 533 4825 more
563 4772 880 4844 superbiaa,
922 4770 1102 4847 coepit
1138 4770 1409 4828 inaudita
1439 4771 1625 4827 brutis
1666 4768 2033 4827 animalibus

364 4856 714 4933 praedicare,
748 4866 806 4919 et
846 4863 1021 4936 quasi
1065 4862 1295 4919 ratione
1322 4860 1614 4936 quadam,
1647 4865 1711 4916 ut
1736 4859 1816 4915 ab
1844 4859 2033 4914 idolo-

365 4960 503 5003 rum
546 4948 708 5006 cultu
755 4950 1121 5019 recederent,
1171 4956 1229 5008 et
1270 4952 1458 5007 Deum
1506 4949 1930 5021 incorporeum
1971 4946 2033 5002 in

369 5033 533 5089 ccelis
559 5034 898 5102 adorarent,
921 5040 1269 5097 insinuavit.
1299 5043 1479 5095 Arma
1510 5035 1624 5093 sibi
1648 5035 2030 5092 credentibus

370 5136 681 5179 assumere
702 5124 893 5196 jubet,
924 5131 980 5182 et
1008 5129 1182 5199 quasi
1213 5142 1373 5183 novo
1402 5124 1545 5181 ﬁdei
1569 5122 1715 5191 zelo,
1742 5128 1805 5180 ut
1824 5125 2034 5182 adver-

371 5210 563 5267 sarios
590 5212 792 5281 gladio
819 5212 1203 5281 trucidarent,
1226 5213 1493 5269 instituit.
1524 5213 1766 5270 Occulto
1788 5230 2031 5289 quoque

372 5302 528 5356 Deus
569 5300 796 5374 judicio
835 5301 963 5375 (qui
1005 5301 1150 5358 olim
1196 5318 1305 5375 per
1349 5301 1707 5375 prophetam
1746 5303 1970 5361 dixerat
2013 5324 2026 5361 :

372 5389 524 5447 Ecce
553 5406 658 5463 ego
705 5391 1004 5448 suscitabo
1051 5405 1231 5460 super
1275 5406 1374 5448 vos
1424 5393 1756 5461 Chaldaeos,
1797 5401 2029 5466 gentem

371 5492 647 5537 amaram
693 5488 746 5539 et
798 5483 1074 5547 velocem,
1126 5481 1531 5539 ambulantem
1584 5498 1765 5554 super
1820 5486 2029 5541 latitu-

375 5568 572 5627 dinem
605 5578 802 5639 terra,
846 5576 912 5625 ut
951 5571 1247 5638 possideat
1289 5574 1683 5630 tabernacula
1733 5591 1855 5630 non
1896 5590 2027 5630 sua.

377 5656 556 5727 Cujus
595 5661 733 5731 equi
768 5660 1084 5715 velociores
1130 5662 1283 5732 lupis
1324 5665 1690 5734 vespertinis,
1744 5670 1797 5721 et
1843 5664 2033 5734 facies

444 5773 474 5800 ι
506 5765 750 5835 Schott.,
783 5766 1236 5827 devoraverunt.

2117 761 2362 828 rimunt,
2393 764 2450 816 et
2477 762 2742 824 ovantes,
2789 757 2863 813 de
2902 754 3206 828 triumpho
3236 753 3498 809 victoria:
3542 750 3827 823 gloriosi

2124 849 2334 921 effecti,
2376 848 2541 922 apud
2574 852 2932 904 Damascum
2966 845 3147 918 Syriae
3184 842 3398 899 urbem
3428 842 3595 912 regni
3635 840 3830 915 prin-

2124 936 2347 1013 cipium
2380 937 2801 999 fondaverunt.
2837 933 3103 991 Psalmos
3128 933 3393 1007 denique
3422 931 3577 988 idem
3606 944 3828 1006 pseu—

2123 1027 2504 1101 dopropheta
2533 1027 2593 1082 in
2625 1041 2725 1081 ore
2752 1022 3187 1080 insensibilium
3226 1020 3580 1078 animalium
3622 1033 3826 1075 com-

2124 1117 2346 1190 posuit,
2388 1115 2583 1171 vitulaa
2624 1114 2845 1171 scilicet
2892 1113 3089 1169 rubras
3136 1110 3491 1169 memoriam
3540 1106 3822 1164 faciens.

2126 1210 2372 1262 Aranete
2402 1220 2646 1279 quoque
2677 1202 3033 1276 muscipulie
3062 1202 3139 1258 ad
3179 1198 3506 1275 capiendas
3544 1211 3824 1253 muscas

2124 1294 2436 1350 historiam
2459 1294 2659 1350 texuit.
2698 1295 2965 1367 Upuppaa
2984 1295 3273 1364 praeterea
3302 1293 3360 1345 et
3388 1303 3550 1344 ranas
3580 1288 3826 1341 cantus

2126 1383 2430 1457 quosdam
2474 1382 2831 1455 composuit,
2877 1384 2943 1436 ut
2988 1380 3161 1436 fcetor
3189 1379 3369 1435 unius
3399 1393 3472 1433 ex
3510 1376 3649 1446 ejus
3704 1388 3826 1429 ore

2128 1470 2764 1541 eructaret,garrulitas
2784 1485 2928 1526 vero
2949 1469 3191 1525 alterius
3219 1466 3279 1523 in
3304 1468 3434 1538 ejus
3462 1463 3644 1520 labiis
3680 1474 3827 1517 non

2128 1561 2437 1616 desineret.
2450 1560 2610 1615 Alios
2638 1575 2883 1631 quoque
2923 1556 2999 1614 ad
3032 1555 3487 1612 condimentum
3519 1552 3612 1608 sui
3646 1565 3831 1606 erro-

2129 1649 2211 1705 ris
2240 1649 2304 1706 in
2340 1651 2635 1706 honorem
2684 1647 2927 1719 Ioseph,
2975 1646 3296 1715 Zacharias,
3328 1644 3454 1700 sive
3481 1642 3674 1699 etiam
3707 1654 3826 1709 ge-

2052 1762 2095 1819 B
2132 1738 2353 1794 nitricis
2382 1737 2615 1794 Domini
2656 1737 2867 1803 Mariae,
2900 1736 3053 1808 stylo
3084 1752 3196 1791 suo
3223 1732 3489 1803 digessit.
3524 1734 3827 1801 Cumque

2131 1829 2195 1884 in
2225 1832 2390 1884 tanto
2420 1826 2682 1884 vaticinii
2706 1826 2795 1882 sui
2828 1841 3025 1882 errore
3051 1828 3314 1891 duraret,
3347 1837 3599 1878 uxorem
3617 1819 3828 1876 vicini

2135 1916 2227 1973 sui
2254 1917 2499 1973 nomine
2524 1915 2659 1973 Zeid
2690 1914 3049 1986 concupivit,
3081 1918 3139 1970 et
3173 1928 3298 1969 sum
3325 1910 3560 1967 libidini
3587 1908 3823 1978 subju-

2135 2005 2314 2077 gavit.
2350 2004 2523 2071 Quod
2552 2004 2745 2061 scelus
2788 2003 3040 2060 maritus
3077 2003 3208 2074 ejus
3257 2000 3542 2066 sentiens,
3580 1998 3825 2054 exhor-

2135 2094 2273 2158 ruit,
2300 2110 2560 2166 eamque
2603 2093 2911 2166 prophetm
2943 2108 3074 2157 suo,
3105 2091 3202 2148 cui
3231 2088 3640 2147 contradicere
3678 2100 3823 2144 non

2136 2183 2396 2255 valebat,
2422 2183 2712 2255 permisit.
2739 2182 2836 2239 ille
2858 2198 3003 2239 vero
3027 2181 3203 2254 quasi
3227 2196 3303 2236 ex
3320 2194 3465 2235 voce
3487 2177 3821 2233 Dominica

2134 2273 2199 2330 in
2225 2274 2355 2344 lege
2387 2290 2497 2330 sua
2524 2272 2674 2329 illud
2712 2273 3044 2343 annotavit,
3085 2271 3294 2327 dicens
3325 2286 3338 2325 :
3372 2271 3644 2339 Cumque
3676 2283 3819 2323 mu-

2135 2363 2243 2420 lier
2270 2364 2372 2420 illa
2416 2362 2822 2435 displicuisset
2848 2362 2912 2419 in
2936 2361 3126 2417 oculis
3154 2359 3313 2429 Zeid,
3344 2362 3404 2415 et
3443 2373 3582 2414 eam
3624 2372 3815 2429 repu-

2136 2452 2378 2522 diasset,
2401 2450 2764 2508 sociavimus
2788 2466 2926 2507 eam
2951 2449 3259 2521 prophetas
3281 2451 3488 2503 nostro
3505 2445 3569 2503 in
3597 2445 3816 2515 conju-

2138 2542 2324 2611 gium,
2352 2540 2515 2612 quod
2549 2539 2775 2598 castoris
2800 2540 2862 2596 in
2891 2538 3259 2611 exemplum,
3287 2540 3347 2594 et
3367 2534 3623 2609 posteris
3653 2533 3811 2591 ﬁde-

2135 2629 2294 2685 libus
2321 2628 2383 2684 id
2420 2643 2600 2699 agere
2627 2627 3030 2699 cupientibus,
3070 2642 3195 2684 non
3235 2626 3313 2682 sit
3356 2625 3421 2681 in
3461 2627 3807 2696 peccatum.

2137 2720 2280 2773 Post
2297 2717 2469 2787 cujus
2492 2715 2639 2772 tanti
2665 2715 2901 2772 sceleris
2922 2715 3149 2772 factum
3171 2731 3336 2772 mors
3357 2713 3574 2771 anima:
3595 2716 3654 2770 et
3673 2726 3809 2769 cor-

2136 2805 2301 2879 poris
2339 2804 2499 2861 illius
2529 2804 2706 2860 simul
2735 2804 3218 2877 apropinquavit.
3261 2808 3333 2861 At
3365 2802 3464 2860 ille
3499 2801 3809 2858 interitum

2138 2893 2378 2950 sibimet
2402 2891 2715 2949 imminere
2740 2893 3134 2964 persentiens,
3156 2892 3300 2964 quia
3321 2890 3567 2963 propria
3587 2889 3808 2947 virtute

2139 3000 2200 3037 se
2232 2987 2705 3037 resurrecturum
2725 2980 2891 3035 nullo
2913 2980 3096 3037 modo
3120 2980 3366 3053 sciebat,
3392 2996 3497 3055 per
3517 2977 3804 3047 angelum

2139 3071 2493 3138 Gabrielem,
2528 3070 2630 3149 qui
2662 3070 2714 3125 ei
2754 3069 2813 3126 in
2848 3071 3042 3142 specie
3087 3069 3339 3126 vulturis
3378 3084 3692 3145 apparere,
3740 3071 3804 3123 ut

2137 3162 2269 3235 ipse
2300 3160 2521 3230 aiebat,
2575 3158 2783 3216 solitus
2813 3167 2962 3227 erat,
2993 3159 3488 3217 resuscitaturum
3529 3175 3590 3214 se
3629 3157 3802 3214 tertia

2138 3250 2233 3306 die
2264 3249 2555 3324 praedixit.
2600 3252 2869 3322 Cumque
2900 3250 3174 3307 animum
3203 3247 3404 3304 inferis
3435 3246 3798 3319 tradidisset,

2141 3338 2372 3395 solliciti
2426 3338 2502 3394 de
2559 3338 2850 3395 miraculo
2888 3338 3055 3411 quod
3100 3338 3183 3394 eis
3239 3337 3535 3412 pollicitus
3587 3336 3798 3407 fuerat,

2140 3428 2332 3486 ardua
2384 3428 2581 3499 vigilia
2637 3428 2897 3487 cadaver
2942 3428 3071 3501 ejus
3130 3427 3429 3485 custodire
3469 3427 3796 3501 jusserunt.

2141 3521 2330 3584 Quem
2362 3534 2500 3574 cum
2531 3517 2699 3573 tertia
2730 3517 2826 3574 die
2853 3518 3158 3574 fcetentem
3188 3517 3496 3587 vidissent,
3520 3521 3577 3572 et
3612 3532 3799 3571 resur-

2141 3613 2376 3679 gentem
2426 3606 2591 3662 nullo
2635 3607 2819 3664 modo
2858 3611 3186 3679 cernerent,
3235 3606 3481 3677 angelos
3511 3605 3646 3665 ideo
3676 3620 3796 3662 non

2143 3697 2355 3753 adesse
2386 3698 2685 3767 dixerunt,
2716 3697 2860 3769 quia
2890 3697 3210 3771 praesentia
3240 3713 3487 3752 suorum
3522 3700 3798 3759 terreren-

2144 3794 2259 3843 tur.
2291 3790 2536 3843 lnvento
2568 3786 2745 3859 igitur
2790 3786 3016 3843 salubri
3044 3788 3129 3859 (ut
3167 3786 3483 3862 putabant)
3524 3783 3790 3851 consilio,

2143 3877 2445 3949 privatum
2477 3876 2751 3932 custodia
2790 3876 3050 3932 cadaver
3088 3876 3216 3948 ejus
3254 3875 3639 3949 reliquerunt,
3683 3878 3795 3930 sta-

2143 3967 2370 4037 timque
2408 3965 2533 4021 vice
2584 3965 2855 4034 angelica
2897 3965 2975 4020 ad
3014 3967 3143 4036 ejus
3177 3966 3451 4021 faetorem
3493 3979 3671 4020 canes
3712 3961 3794 4018 in-

2145 4054 2349 4123 gressi,
2381 4053 2538 4110 latus
2570 4054 2619 4125 ej
2632 4063 2736 4109 usa
2766 4054 3205 4110 deforaverunt.
3242 4054 3412 4118 Quod
3438 4052 3789 4131 reperientes

2142 4145 2390 4210 factum,
2429 4142 2736 4200 residuum
2769 4144 3079 4199 cadaveris
3109 4144 3238 4214 ejus
3266 4144 3455 4198 humo
3485 4140 3785 4196 dederunt.

2143 4237 2210 4290 Et
2236 4233 2316 4290 ob
2346 4233 2475 4305 ejus
2505 4232 2937 4289 vindicandam
2966 4233 3269 4305 injuriam,
3320 4232 3495 4288 annis
3544 4224 3786 4300 singulis

2142 4339 2323 4379 canes
2371 4322 2641 4378 occidere
2681 4322 3071 4378 decreverunt
3121 4339 3134 4377 :
3186 4325 3251 4379 ut
3299 4320 3511 4377 merito
3552 4336 3684 4374 cum
3721 4335 3787 4374 eo

2140 4413 2405 4470 habeant
2434 4412 2550 4468 illic
2576 4412 2978 4485 participium,
3016 4412 3121 4485 qui
3146 4427 3254 4485 pro
3295 4427 3367 4468 eo
3402 4409 3651 4476 dignum
3674 4425 3789 4466 me-

2140 4506 2389 4559 ruerunt
2409 4501 2607 4557 subire
2630 4502 3006 4574 martyrium.
3043 4499 3227 4571 Digne
3250 4501 3302 4557 ei
3322 4500 3568 4574 quidem
3589 4498 3788 4555 accidit

2143 4597 2209 4648 ut
2236 4608 2455 4647 canum
2486 4594 2753 4647 ventrem
2796 4596 2993 4647 tantus
3024 4607 3094 4646 ac
3127 4589 3258 4647 talis
3285 4591 3578 4663 propheta
3607 4588 3783 4662 reple-

2140 4684 2245 4747 ret,
2287 4680 2391 4753 qui
2429 4696 2553 4736 non
2592 4679 2789 4736 solum
2821 4697 3015 4748 suam,
3059 4680 3164 4735 sed
3194 4680 3522 4736 multorum
3566 4679 3784 4734 animas

2140 4768 2343 4826 inferis
2383 4770 2751 4829 tradidisset.
2800 4770 2977 4826 Multa
3018 4770 3266 4843 quidem
3318 4775 3375 4825 et
3412 4769 3529 4826 alia
3579 4768 3784 4825 scelera

2140 4864 2423 4932 operatus
2462 4864 2570 4927 est,
2611 4876 2744 4933 quae
2780 4876 2901 4916 non
2944 4864 3085 4915 sunt
3115 4860 3334 4932 scripta
3371 4860 3431 4915 in
3470 4854 3620 4914 libro
3655 4858 3777 4914 hoc.

2141 4950 2260 5005 Hoc
2291 4954 2522 5005 tantum
2556 4948 2845 5022 scriptum
2876 4955 2981 5018 est,
3015 4955 3079 5007 ut
3104 4949 3369 5019 legentes
3400 4952 3657 5021 quantus
3692 4948 3780 5003 hic

2139 5038 2313 5094 fuerit
2340 5043 2693 5110 agnoscant.
2734 5061 2762 5089 »

2217 5131 2297 5185 l7.
2347 5132 2491 5185 Ecce
2553 5128 2836 5202 qualibus
2881 5128 3199 5201 praestigiis
3230 5127 3499 5184 deditum
3558 5125 3775 5198 vulgus,

2137 5224 2501 5293 quantaeque
2516 5218 3361 5292 impietatisducem,plerique
3384 5232 3505 5273 non
3528 5220 3780 5277 metuunt

2139 5309 2255 5365 sub
2284 5308 2529 5365 nomine
2551 5308 2664 5381 piae
2686 5307 2989 5377 religionis
3016 5305 3611 5364 censeri.Asserentes
3630 5305 3775 5379 quod

2139 5398 2217 5455 ab
2249 5398 2598 5455 hominibus
2632 5401 2817 5454 Deum
2848 5397 3180 5454 colentibus
3211 5402 3266 5456 et
3293 5397 3488 5469 legem
3527 5394 3775 5453 habenti-

2137 5489 2252 5545 bus
2279 5486 2373 5542 isti
2389 5485 2610 5542 tirones
2641 5490 2987 5543 nostrorum
3018 5491 3359 5560 temporum
3388 5485 3599 5541 milites
3618 5485 3773 5541 occisi

2137 5577 2301 5632 fuere
2337 5595 2349 5632 :
2385 5575 2548 5631 nulla
2576 5576 2813 5633 discreti
2846 5576 3184 5649 prudentia,
3216 5581 3281 5632 ut
3322 5575 3518 5632 saltim
3547 5575 3773 5647 provido

2140 5665 2498 5737 cogitamine
2524 5664 2857 5737 advertant,
2887 5666 3036 5739 quia
3064 5666 3112 5721 si
3138 5664 3346 5722 talium
3365 5664 3557 5721 cultus
3581 5667 3675 5719 aut
3690 5662 3772 5721 lex
