3960 6388
97 268 184 323 861
1192 264 1395 321 mean
1423 258 1959 323 APOLOGETICUS
1983 248 2392 327 numam.

3413 266 3525 327 801

95 404 225 445 vera
249 385 503 444 dicenda
532 389 639 457 est,
667 402 778 460 pro
808 391 966 445 certo
1006 388 1176 461 vigor
1221 388 1564 447 Christianae
1615 385 1744 441 reli-
1778 393 1824 453 Α
1852 386 2150 460 propheta
2166 387 2373 447 audire
2402 403 2527 447 non
2548 387 2790 461 patitur.
2816 388 3008 454 Quem
3029 386 3353 461 impietatis
3372 388 3534 447 rudi-

96 476 273 548 gionis
300 475 723 532 inﬁrmabitur.

159 566 237 622 18.
283 563 418 630 Etsi,
446 564 613 637 quod
656 565 718 621 in
754 566 992 623 veritate
1035 566 1348 624 fatendum
1388 569 1497 633 est,
1538 563 1748 622 notitia

94 658 299 712 SaIlClEB
374 653 515 710 ﬁdei
571 653 752 709 totius
806 653 1019 713 mundi
1072 655 1334 731 compita
1390 653 1743 728 penetravit,

93 747 326 800 cunctas
379 742 656 798 nationes
711 748 876 798 terrae
929 760 1284 818 peragrans,
1326 743 1559 799 nullam
1613 743 1745 816 jam

91 838 311 906 partem
340 828 504 887 orbis
536 837 840 906 expertem
886 832 1130 891 luminis
1160 835 1290 906 ejus
1332 833 1456 889 fore
1501 832 1748 890 conﬁdi-

92 939 234 977 mus.
268 919 595 977 Praesertim
626 920 770 995 quia
800 922 861 978 in
910 939 1156 979 omnem
1189 926 1410 981 terram
1440 922 1617 979 exivit
1654 938 1746 978 so-

91 1028 194 1067 nus
221 1010 654 1084 apostolorum,
683 1014 739 1067 et
766 1012 827 1067 in
848 1009 1000 1068 ﬁnes
1029 1012 1192 1068 orbis
1228 1017 1391 1069 terrae
1416 1010 1601 1069 verba
1621 1010 1746 1067 illo-

93 1117 234 1170 rum,
261 1102 317 1155 et
341 1115 521 1157 omne
544 1098 707 1155 aliud
733 1101 1364 1175 Evangelium,praeter
1380 1100 1547 1175 quod
1568 1116 1745 1172 apos-

92 1189 181 1245 toli
229 1190 505 1261 gentibus
563 1189 955 1259 tradiderunt,
991 1192 1319 1248 anathema
1372 1190 1568 1259 magis
1612 1206 1746 1245 esse

90 1295 261 1353 quam
292 1279 546 1335 verbum
575 1277 783 1336 salutis
833 1278 1109 1349 fatemur,
1144 1280 1295 1337 sicut
1322 1280 1464 1336 dicit
1488 1283 1745 1352 Aposto-

88 1368 206 1424 lus:
235 1370 303 1425 Si
328 1368 460 1442 quis
485 1370 647 1425 vobis
671 1371 1177 1443 evangelizaverit
1200 1375 1427 1441 praeter
1462 1369 1622 1441 quod
1645 1384 1743 1424 ac-

88 1460 326 1526 cepistis,
357 1459 683 1515 anathema
708 1463 785 1514 sit
814 1459 971 1533 (Gal.
999 1477 1037 1530 1,
1061 1462 1135 1531 9).
1174 1462 1237 1515 Et
1261 1458 1477 1515 veritas
1501 1473 1603 1514 ore
1634 1474 1744 1513 suo

87 1545 399 1621 discipulos
439 1551 828 1615 contestatur,
865 1548 1107 1605 dicens:
1155 1549 1343 1603 Multi
1383 1548 1745 1618 pseudopro-

83 1636 267 1705 phelte
295 1643 564 1708 surgent,
602 1642 658 1693 et
694 1638 976 1694 sedueent
1006 1640 1223 1694 multos
1247 1652 1271 1710 ,'
1318 1644 1371 1693 et
1402 1637 1634 1693 dabunt
1667 1638 1741 1692 si-

1858 480 1985 533 tum
2015 476 2163 534 dum
2186 478 2340 535 divae
2363 478 2673 535 memorim
2704 493 2852 534 avus
2881 493 3055 533 meus
3076 476 3363 547 Eulogius
3383 492 3531 535 aure

1856 571 2143 640 captaret,
2193 568 2392 625 ferunt
2433 568 2719 625 continuo
2768 566 2983 623 vexillo
3033 566 3226 623 crucis
3270 565 3530 627 frontem

1856 657 2284 729 praemuniens,
2316 674 2457 715 cum
2486 656 2713 729 gemitu
2740 656 2905 713 hunc
2938 655 3247 712 Psalmum
3287 654 3530 713 solitum

1856 745 2040 803 fuisse
2068 752 2348 805 cantare:
2381 749 2560 814 Deus,
2593 747 2725 818 quis
2758 745 2970 802 similis
3014 746 3173 803 tidi?
3209 746 3300 802 Ne
3328 750 3529 807 taceas

1856 851 2046 908 neque
2074 838 2274 902 sileas,
2304 838 2486 901 Deus,
2529 837 2813 909 quoniam
2846 850 2977 892 ecce
3014 835 3244 891 inimici
3279 834 3390 901 tui,
3420 838 3531 891 Do.

1855 927 2034 996 mine,
2052 932 2387 983 sonuerunt
2400 939 2425 997 ,'
2454 932 2509 984 et
2537 927 2644 999 qui
2673 930 2728 982 te
2754 925 3033 996 oderunt,
3062 925 3417 982 levaverunt
3436 939 3532 982 ca-

1850 1021 1965 1085 put
1996 1016 2187 1086 (Psal.
2219 1032 2433 1084 Lxxxu,
2464 1019 2519 1083 2,
2545 1015 2618 1085 3).
2653 1017 2769 1071 Nos
2802 1018 3005 1070 autem
3038 1029 3182 1070 mox
3210 1018 3277 1069 ut
3322 1012 3530 1071 fallen-

1858 1104 1928 1161 tis
1959 1121 2171 1161 vocem
2195 1104 2490 1177 praeconis
2522 1104 2828 1170 audimus,
2863 1103 3181 1160 confestim
3233 1118 3483 1160 oramus
3511 1119 3527 1159 :

1855 1195 2046 1251 Salva
2076 1210 2203 1266 nos,
2232 1196 2504 1264 Domine,
2537 1194 2612 1250 ab
2635 1194 2852 1250 auditu
2880 1194 3149 1261 malo,.et
3177 1208 3341 1250 nunc
3379 1198 3435 1251 et
3464 1193 3528 1251 in

1858 1290 2166 1341 aeternum.
2219 1286 2285 1339 Et
2340 1283 2595 1340 iterum:
2652 1283 3131 1352 Confundantur
3186 1297 3383 1339 omnes
3425 1282 3534 1352 qui

1856 1372 2118 1443 adprant
2146 1374 2480 1441 sculptilia,
2521 1378 2574 1428 et
2606 1371 2712 1443 qui
2724 1371 3077 1441 gloriantur
3095 1372 3158 1426 in
3187 1370 3531 1427 simulacris

1855 1436 1977 1517 suis
2006 1462 2194 1531 (Psal.
2228 1436 2383 1530 xcw,
2416 1436 2495 1523 7t.

1927 1553 2015 1606 20.
2048 1550 2230 1621 Cujus
2260 1548 2511 1623 quidem
2540 1546 2758 1605 erroris
2800 1545 3127 1614 insaniam,
3161 1544 3533 1620 praedicatio-

1856 1639 1948 1695 nis
1972 1638 2389 1705 deliramenta,
2424 1643 2479 1694 et
2506 1637 2708 1710 impia:
2732 1637 3012 1697 novitatis
3041 1640 3345 1710 praecepta
3363 1635 3531 1708 quis-

85 1741 195 1795 gna
223 1742 447 1799 magna
474 1731 529 1782 et
551 1726 855 1798 prodigia,
880 1729 965 1783 ita
992 1729 1146 1783 utin
1168 1744 1430 1784 errorem
1451 1727 1746 1784 indacan-
1782 1745 1821 1803 Β
1855 1729 1991 1801 quis
2045 1728 2477 1785 catholicorum
2530 1742 2895 1797 cognoscere
2952 1725 3134 1798 cupit,
3198 1724 3531 1781 evidentius

87 1822 195 1882 tur,
222 1816 272 1868 si
292 1815 432 1883 ﬁeri
465 1819 677 1886 potest,
708 1816 885 1871 etiam
935 1816 1111 1873 electi
1163 1814 1406 1890 (Matth.
1441 1832 1595 1880 xxxv,
1632 1818 1742 1879 ll).

92 1905 148 1958 Et
178 1904 441 1960 iterum':
474 1906 677 1961 Nolite
707 1907 871 1961 omni
898 1908 1144 1976 spiritui
1173 1906 1430 1971 credere,
1474 1905 1579 1961 sed
1601 1920 1745 1974 pro-

90 1993 208 2049 bate
234 1994 505 2066 spiritus,
538 1996 591 2049 si
618 2010 693 2051 ea:
740 1996 859 2062 Deo
907 2001 1047 2051 sunt
1096 1997 1151 2063 (Ι
1179 1997 1357 2051 Joan.
1393 2010 1469 2061 1v,
1510 1996 1576 2065 1).
1616 1995 1748 2059 Qua

87 2083 505 2155 consequentia
536 2083 907 2139 credendum
935 2088 1025 2139 est
1045 2084 1485 2152 daemoniosum
1507 2088 1745 2140 etmeu-

86 2172 242 2229 dacio
270 2173 525 2248 plenum
547 2173 852 2229 veritatem
882 2171 1193 2246 proferre?
1220 2172 1467 2231 fallaciis
1489 2170 1742 2229 obvolu-

86 2265 197 2317 tum
225 2259 424 2333 legem
455 2262 720 2318 donare?
743 2278 960 2317 nemus
995 2279 1346 2335 perversum
1377 2262 1603 2318 fructus
1633 2262 1742 2319 bo-

87 2367 183 2408 nos
209 2352 492 2409 exhibere
513 2353 541 2408 ?
582 2350 677 2407 Ille
706 2350 946 2409 interim
976 2352 1276 2409 nefandus
1304 2352 1379 2409 de
1423 2352 1585 2410 malo
1612 2370 1741 2409 cor-

87 2440 162 2497 dis
175 2459 279 2499 suo
296 2443 582 2499 thesauro
595 2442 905 2515 proferens
920 2442 1236 2511 malum,et
1248 2443 1429 2514 vulgo
1440 2443 1746 2516 insipienti

85 2528 354 2591 ducatum
406 2530 732 2606 impietatis
780 2532 1147 2602 ministrans,
1181 2537 1432 2609 uterque
1480 2532 1745 2606 praecipi-

86 2618 216 2675 tium
233 2618 295 2675 in
326 2620 517 2677 chaos
542 2624 834 2675 aeternum
861 2619 1347 2693 poenasluiturus
1370 2621 1637 2680 incurrit.
1663 2620 1741 2677 De

83 2723 190 2780 quo
218 2712 397 2783 atque
419 2709 551 2781 ejus
567 2707 861 2765 similibus
880 2710 1170 2766 Dominus
1195 2726 1302 2783 per
1317 2711 1533 2766 Oseam
1552 2708 1743 2784 loqui-

84 2800 165 2851 tur
184 2796 390 2854 dicens
416 2815 429 2853 :
461 2798 589 2868 Ipsi
607 2804 1038 2870 regnaverunt,
1071 2803 1125 2855 et
1158 2816 1279 2854 non
1311 2816 1386 2857 ex
1415 2816 1543 2859 me:
1577 2801 1743 2871 prin-

83 2886 221 2955 cipes
253 2888 634 2958 exstiterunt,
667 2893 719 2944 et
741 2904 861 2943 non
893 2887 1147 2959 cognovi
1174 2888 1325 2959 (Ose.
1356 2905 1472 2957 vui,
1497 2889 1574 2959 4).

145 2980 223 3032 19.
245 2976 516 3051 Denique
538 2977 689 3032 inter
729 2980 976 3032 caeteros
1009 2981 1146 3050 post
1184 2976 1602 3034 ascensionem
1636 2980 1743 3034 Do-

1856 1819 1934 1875 ab
1965 1817 2239 1888 ejusdem
2270 1821 2444 1873 secta:
2467 1816 2796 1873 cultoribus
2846 1815 3283 1888 perscrutando
3319 1814 3529 1871 adver-

1856 1912 1953 1964 tet.
1989 1907 2291 1974 Quoniam
2321 1922 2564 1962 sacrum
2595 1922 2658 1961 se
2701 1904 3019 1978 quidpiam
3070 1907 3270 1960 tenere
3310 1907 3369 1960 et
3410 1918 3533 1960 cre-

1855 2000 1997 2054 dere
2024 2000 2427 2060 autumantes,
2462 2010 2586 2050 non
2642 1994 2826 2050 modo
2859 1992 3133 2065 privatis,
3163 1991 3271 2047 sed
3308 1991 3530 2063 apertis

1853 2088 2105 2147 vocibus
2131 2087 2284 2143 vatis
2313 2086 2407 2142 sui
2438 2085 2726 2154 dogmata
2752 2082 3101 2156 praedicant.
3142 2080 3318 2139 Multa
3347 2081 3529 2138 etiam

1855 2176 2021 2251 apud
2078 2175 2376 2250 quosdam
2432 2178 2780 2229 nostrorum
2841 2171 3203 2244 scriptorum
3246 2169 3527 2233 inveniet,

1854 2266 1959 2339 qui
1989 2265 2114 2322 zelo
2148 2264 2248 2320 Dei
2279 2264 2497 2321 armati
2527 2263 2818 2325 adversus
2854 2262 3060 2334 ipsum
3086 2265 3286 2316 vatem
3336 2258 3531 2331 impu-

1854 2356 2061 2414 dicum
2117 2353 2400 2428 prudenti
2448 2356 2800 2410 exarserunt
2859 2351 3037 2424 stylo.
3069 2350 3185 2407 Sed
3228 2354 3286 2407 et
3311 2365 3424 2406 nos
3465 2348 3530 2407 in

1852 2446 1952 2503 illo
1981 2444 2325 2503 Memoriali
2359 2443 2728 2500 Sanctorum
2775 2440 3069 2514 opusculo
3117 2439 3304 2511 hujus
3354 2442 3528 2494 sectae

1853 2552 2085 2594 errores
2117 2551 2191 2591 ex
2220 2537 2388 2608 parte
2417 2532 2810 2603 digessimus,
2832 2529 3222 2587 refutavimus
3250 2533 3310 2586 et
3327 2527 3532 2586 confo-s

1853 2625 2080 2682 dimus.

1922 2714 2012 2770 21.
2034 2716 2233 2771 Restat
2246 2711 2380 2783 jam
2397 2726 2581 2775 nunc,
2596 2708 2889 2783 expeditis
2906 2707 3299 2782 apologeticis
3322 2708 3533 2763 Beato-

1850 2819 2009 2875 rum,
2033 2806 2100 2857 ut
2145 2798 2375 2874 aliquid
2418 2798 2494 2855 de
2522 2797 2786 2854 victoriis
2842 2813 3050 2854 eorum
3097 2795 3177 2852 ad
3207 2794 3535 2852 aemulatio-

1851 2908 1994 2949 nem
2037 2886 2344 2947 catholicae
2384 2887 2578 2961 plebis
2627 2886 2973 2961 pandemus
2994 2890 3090 2954 (7).
3113 2884 3330 2942 Beatus
3353 2884 3534 2956 igitur

1851 2980 2181 3038 Rudericus
2232 2977 2546 3050 presbyter
2582 2992 2655 3031 ex
2694 2975 2968 3047 quodam
3012 2974 3147 3030 vico
3199 2970 3535 3043 Egabrensi

81 3063 213 3121 mini
242 3064 540 3125 haeresum
570 3071 844 3123 auctores
891 3066 1054 3123 solus
1083 3066 1179 3124 hic
1210 3064 1513 3123 infaustus
1568 3083 1743 3124 novre
1781 3102 1821 3156 ο
1851 3068 2224 3145 progenitus,
2251 3067 2312 3122 in
2331 3065 2544 3121 eadem
2574 3064 2724 3121 urbe
2747 3069 2968 3121 sanctae
2996 3062 3145 3135 legis
3170 3061 3531 3131 doctrinam,

85 3156 506 3228 superstitionis
565 3157 788 3212 sectam
842 3156 1126 3213 instinctu
1178 3157 1405 3213 diaboli
1453 3157 1743 3228 condens,

83 3242 276 3316 procul
301 3244 379 3303 ab
424 3245 701 3303 Ecclesiae
741 3249 963 3303 sanctae
1023 3254 1323 3305 conventu
1374 3247 1742 3318 desciscitur,

85 3336 483 3393 auctoritatem
514 3336 729 3413 priscae
761 3336 909 3407 legis
956 3335 1279 3394 infamans.
1310 3336 1743 3415 prophetarum

86 3426 344 3483 vaticinia
374 3443 694 3499 respuens,
725 3426 914 3486 sancti
945 3426 1248 3498 Evangelii
1273 3427 1583 3486 veritatem
1605 3444 1747 3485 con-

86 3516 330 3588 culcans,
354 3518 410 3574 et
460 3516 876 3591 apostolorum
926 3516 1263 3576 doctrinam
1308 3518 1611 3575 detestans
1644 3520 1743 3591 (6),

85 3606 176 3675 qui
194 3606 516 3664 ridiculum
546 3607 746 3679 potius
786 3623 973 3681 quam
1018 3624 1219 3665 rerum
1266 3607 1745 3665 necessariarum

86 3710 284 3752 causas
325 3713 432 3771 per
486 3695 765 3752 eamdem
798 3702 1023 3755 sectam
1062 3714 1237 3753 suam
1273 3697 1612 3761 insinuans,
1645 3714 1747 3754 ore

84 3783 420 3858 blasphemo
438 3784 961 3844 docuitChristum
977 3787 1076 3844 Dei
1103 3786 1369 3844 Verbum
1387 3796 1602 3856 esse,et
1626 3788 1749 3861 Spi-

89 3872 247 3930 ritum
274 3876 422 3948 ejus,
452 3880 514 3932 et
553 3874 913 3951 prophetam
955 3874 1204 3951 quidem
1233 3894 1550 3949 magnum,
1583 3876 1750 3936 nulla

94 3978 212 4019 vero
236 3964 471 4022 Deitatis
494 3965 765 4040 potentia
790 3966 1135 4040 praeditum,
1157 3967 1299 4022 Adae
1325 3966 1601 4035 similem,
1624 3983 1749 4024 non

92 4052 198 4108 Deo
224 4055 375 4123 Patri
421 4052 762 4129 aequalem;
803 4055 907 4127 qui
948 4050 1027 4110 ob
1084 4056 1361 4111 meritum
1423 4054 1750 4112 sanctitatis

94 4147 281 4198 sancto
295 4144 559 4221 repletus
589 4142 826 4217 Spiritu,
848 4160 956 4216 per
983 4145 1263 4200 virtutem
1318 4144 1417 4200 Dei
1444 4142 1750 4200 miraculis

93 4226 303 4300 claruit,
330 4232 520 4305 signis
549 4236 731 4309 atque
752 4236 1043 4307 portentis
1075 4234 1306 4306 enituit,
1331 4234 1478 4293 nihil
1515 4250 1587 4289 ex
1616 4250 1753 4307 pro-

93 4320 210 4389 pria
226 4324 538 4395 majestate
561 4327 665 4379 aut
684 4324 903 4381 Deitate
926 4324 1284 4397 prmvaleus,
1305 4323 1410 4380 sed
1434 4328 1498 4380 ut
1522 4324 1611 4381 vir
1627 4323 1753 4395 jus-

95 4412 177 4462 tus
201 4415 255 4465 et
280 4414 381 4487 pia
398 4413 681 4469 servitute
702 4413 821 4469 Deo
844 4413 1173 4481 cohaerens,
1198 4415 1350 4470 votis
1381 4412 1752 4487 supplicibus

95 4496 166 4553 ab
187 4502 601 4576 Omnipotente
624 4504 814 4560 multa
842 4502 1532 4578 impetrarelpromeruit.
1558 4502 1672 4559 Sed
1698 4510 1755 4559 et

96 4584 200 4643 alia
249 4590 517 4648 inaudita
569 4590 850 4648 vanitatis
908 4593 1132 4649 scelera
1181 4592 1543 4667 praedicans,
1586 4592 1755 4649 adin-

98 4678 355 4736 ventione
394 4680 747 4756 versipellis,
782 4698 817 4737 a
870 4699 994 4756 quo
1042 4681 1459 4754 obsidebatur,
1488 4681 1754 4766 inventa,

99 4769 189 4835 qui
218 4784 277 4824 se
306 4770 503 4826 eidem
525 4771 946 4841 trantiguravit
973 4771 1033 4827 in
1066 4772 1351 4841 angelum
1383 4770 1555 4837 lucis,
1591 4770 1757 4827 delu—

100 4852 199 4911 bra
225 4857 284 4913 in
336 4859 563 4932 quibus
607 4861 946 4935 pessimum
994 4860 1221 4931 dogma
1259 4879 1437 4918 suum
1469 4862 1760 4918 coleretur

103 4949 390 5020 exstruxit,
414 4950 785 5006 constituens
816 4948 878 5006 in
900 4948 1113 5006 ultimo
1135 4950 1483 5008 idololatriae
1506 4952 1621 5007 situ
1644 4955 1760 5007 tur-

102 5049 236 5106 rem,
259 5036 449 5096 altiori
482 5039 813 5114 pinnaculo
848 5039 1074 5097 caeteris
1106 5039 1335 5096 aedibus
1381 5040 1761 5114 prominente

104 5137 161 5177 ex
180 5140 296 5196 qua
315 5128 558 5201 populis
590 5144 820 5185 veneno
849 5129 1131 5205 nequitiae
1165 5146 1287 5184 suae
1342 5127 1548 5184 illectis
1579 5129 1760 5184 sacri-

104 5210 207 5282 legi
260 5215 473 5273 furoris
521 5219 978 5275 concionaretur
1043 5219 1373 5289 decretum,
1428 5218 1594 5292 quod
1657 5220 1765 5279 ho.

105 5300 190 5358 die
241 5322 359 5362 suae
414 5308 741 5381 impietatis
802 5306 1145 5365 sacerdotes
1191 5308 1269 5364 ab
1312 5304 1412 5364 illo
1440 5307 1632 5363 edocti
1661 5307 1767 5364 ob-

109 5400 342 5484 servant.
384 5398 470 5455 Ita
522 5402 588 5454 ut
628 5414 797 5455 more
852 5396 1022 5455 aselli
1077 5397 1323 5454 dissutis
1369 5395 1763 5484 mandibulis,

112 5478 464 5559 impurisque
513 5485 860 5560 patentibus
907 5487 1083 5544 labiis
1131 5486 1503 5543 horrendum
1546 5478 1767 5558 praeco;

112 5568 265 5628 nium
287 5589 405 5632 non
429 5578 598 5649 prius
629 5578 922 5647 emittant,
954 5590 1141 5650 quam
1183 5576 1476 5632 obseratis
1507 5580 1763 5647 utroque

113 5657 282 5730 digito
301 5667 740 5741 auribus,quod
760 5667 891 5725 aliis
905 5667 1365 5741 exsequendum
1381 5665 1762 5734 annuntiant,

114 5752 271 5821 quasi
297 5756 608 5829 quoddam
637 5756 901 5815 edictum
921 5756 1181 5831 sceleris,
1196 5752 1360 5814 idem
1389 5754 1522 5829 ipse
1550 5769 1762 5812 eorum

1855 3157 2237 3230 gradumque
2256 3152 2697 3211 sacerdotalem
2709 3150 3061 3226 promeruit.
3091 3150 3238 3207 Huic
3268 3149 3390 3207 duo
3410 3148 3532 3211 fra-

1853 3254 1972 3305 tres
1990 3248 2256 3313 fuerunt;
2283 3242 2411 3299 sed
2436 3258 2509 3299 ex
2549 3242 2642 3299 his
2677 3256 2835 3298 unus
2874 3239 3060 3297 ﬁdem
3081 3237 3297 3297 Christi
3314 3237 3533 3295 rectius

1856 3344 2084 3404 tenens,
2130 3334 2277 3391 alter
2308 3330 2586 3403 gentilico
2617 3331 2987 3403 depravatus
3026 3344 3248 3398 errore,
3283 3326 3532 3384 catholi-

1856 3444 1993 3486 cam
2045 3423 2272 3498 sprevit
2317 3421 2692 3492 religionem.
2740 3419 2872 3489 Qui,
2908 3419 3062 3475 sicut
3091 3418 3321 3474 discors
3349 3432 3385 3472 a
3413 3415 3534 3473 ﬁde

1857 3520 2066 3574 sancta
2096 3513 2402 3583 manebat,
2427 3512 2510 3569 ita
2543 3527 2784 3584 semper
2812 3509 3188 3566 discordanti
3229 3507 3533 3566 conﬂicta-

1857 3607 2017 3664 tione
2047 3605 2126 3661 ob
2159 3605 2541 3661 diversarum
2567 3617 2767 3658 rerum
2798 3600 3150 3658 occasiones
3180 3615 3322 3657 cum
3351 3598 3535 3657 fratre

1858 3694 2151 3755 catholico
2194 3692 2569 3749 movebatur.
2605 3695 2751 3747 Nam
2781 3688 3054 3764 quadam
3100 3693 3297 3760 nocte,
3328 3687 3535 3745 nescio

1857 3789 1995 3860 qua;
2013 3784 2351 3852 occasione,
2376 3780 2768 3839 tumultuaria
2787 3781 2849 3835 in
2880 3779 3233 3836 alterutrum
3261 3775 3536 3847 litigatio-

1858 3893 1934 3934 ne
1969 3892 2031 3933 se
2055 3872 2533 3936 conserentibus,
2555 3871 2693 3929 etin
2720 3886 2849 3926 sese
2868 3870 3123 3926 invicem
3144 3868 3307 3925 fmda
3328 3865 3535 3927 simul-2

1860 3970 1977 4023 tate
1999 3960 2438 4021 bacchantibus
2489 3963 2732 4016 sanctus
2763 3956 3046 4015 sacerdos
3092 3957 3256 4013 litem
3299 3955 3537 4015 medius

1861 4055 2175 4111 sedaturus
2208 4049 2541 4109 intervenit.
2576 4049 2687 4115 Qui
2716 4064 2929 4105 omnes
2961 4047 3149 4104 nimio
3175 4047 3305 4119 jam
3335 4046 3536 4103 furore

1861 4139 2118 4215 accensi,
2150 4157 2311 4198 caeca
2337 4139 2751 4212 indignatione
2796 4138 3170 4194 sacerdotem
3198 4136 3535 4197 involvunt.

1860 4240 1936 4304 et,
1967 4230 2162 4302 magis
2192 4231 2525 4287 nescientes
2546 4245 2737 4303 quam
2764 4228 3055 4299 volentes,
3080 4244 3222 4283 eum
3244 4243 3438 4301 usque
3458 4225 3539 4283 ad

1861 4339 2071 4380 necem
2122 4320 2443 4377 lacessunt.
2476 4320 2559 4375 Ex
2610 4335 2735 4393 qua
2786 4318 2946 4375 caede
2999 4317 3177 4375 valde
3227 4317 3536 4385 contritus,

1862 4414 2010 4469 dum
2069 4410 2236 4468 omni
2285 4407 2605 4465 destitutus
2645 4411 2871 4479 vigore,
2901 4407 3209 4464 confracta
3261 4406 3541 4467 membra

1861 4502 2079 4558 lectulo
2107 4501 2442 4575 reponeret,
2471 4496 2765 4571 profanus
2792 4496 2890 4554 ille
2921 4497 3101 4587 frater
3126 4496 3342 4553 feretro
3369 4496 3540 4553 illum

1863 4592 2205 4664 imponens,
2238 4605 2348 4662 per
2374 4588 2541 4643 vicos
2567 4591 2623 4643 et
2660 4586 2878 4642 vicinia
2903 4600 3162 4658 quaeque
3191 4585 3540 4641 vehentium

1865 4678 2131 4738 humeris
2162 4678 2303 4734 duci
2333 4693 2403 4732 ac
2449 4674 2654 4733 reduci
2706 4675 2859 4743 fecit,
2895 4680 2972 4745 et,
3006 4679 3070 4730 ut
3126 4689 3304 4730 verus
3346 4671 3540 4729 imitus

1866 4773 1959 4826 tor
1987 4765 2234 4830 diaboli,
2267 4763 2650 4821 fraudulenta
2694 4761 3139 4819 machinatione
3195 4776 3376 4834 super
3403 4775 3541 4816 exa-

1867 4860 2096 4916 minem
2120 4855 2495 4912 sacerdotem
2519 4852 2928 4909 testimonium
2949 4849 3277 4923 iniquitatis
3298 4864 3543 4922 compo-

1872 4949 2010 5021 suit,
2042 4946 2280 5003 dicens:
2329 4965 2357 4993 «
2378 4941 2481 4998 Hic
2528 4940 2709 4998 frater
2744 4955 2918 4996 meus
2970 4937 3304 5013 presbyter,
3335 4937 3541 4994 visita-

1870 5039 2028 5096 tione
2050 5035 2154 5092 Dei
2173 5036 2595 5107 compunctus,
2623 5028 2765 5087 ﬁdei
2803 5033 3022 5086 nostris
3068 5027 3296 5084 cultum
3343 5027 3539 5098 elegit,

1872 5132 1930 5186 et
1958 5127 2112 5183 sicut
2140 5120 2397 5191 cernitis,
2424 5121 2556 5194 jam
2582 5119 2644 5176 in
2671 5116 2894 5175 ultimis
2921 5135 3133 5190 agens,
3160 5117 3351 5175 noluit
3373 5118 3541 5192 prius

1874 5214 2105 5275 mundo
2131 5209 2459 5281 discedere,
2491 5225 2678 5282 quam
2700 5208 2874 5265 vobis
2894 5208 2955 5265 id
2974 5214 3184 5266 notum
3209 5208 3539 5264 existeret.»

1874 5309 1961 5363 Ita
1990 5319 2128 5362 cum
2156 5316 2228 5358 eo
2255 5298 2390 5357 loca
2420 5299 2659 5356 diversa
2703 5314 3059 5373 peragrans,
3092 5298 3220 5353 haec
3260 5300 3315 5352 et
3344 5296 3438 5352 his
3469 5294 3542 5350 si-

1874 5393 2041 5452 milia
2069 5388 2404 5448 criminosis
2434 5389 2509 5446 de
2539 5405 2611 5445 eo
2653 5388 2852 5446 verbis
2897 5387 3205 5453 narrabat,
3238 5383 3540 5440 nesciente

1874 5485 2009 5558 ipso
2036 5496 2304 5555 prorsus,
2336 5479 2459 5536 imo
2514 5495 2627 5534 nec
2677 5477 2986 5545 sentiente,
3010 5475 3158 5548 quid
3210 5478 3418 5529 contra
3475 5487 3540 5528 se

1872 5574 1964 5630 vir
1992 5571 2087 5627 ille
2134 5570 2378 5643 iniquus
2424 5568 2695 5642 aptabat.
2736 5566 2836 5622 Dei
2882 5580 3025 5622 vero
3068 5559 3538 5637 dispensatione,

1874 5658 2352 5741 postnonnullos
2380 5660 2508 5719 dies
2539 5656 2825 5713 molestiis
2855 5652 3225 5727 aegritudinis
3258 5651 3541 5741 sacerdos

1874 5739 2100 5818 erutus,
2114 5765 2185 5807 ac
2199 5745 2429 5813 viribus
2447 5746 2834 5819 reformatus,
2850 5762 2991 5806 cum
3015 5740 3276 5811 subdola
3290 5739 3541 5809 nefandi
