3960 6448
356 296 460 350 863

1502 314 1512 325 '
1575 304 1632 358 S.
1666 299 1944 357 EULOGII
1972 295 2297 354 ARCHIEP.
2327 298 2571 354 TOLET.

3684 295 3819 350 864

350 419 545 475 fratris
576 420 894 478 molimina
919 425 1313 493 cognovisset,
1332 425 1608 499 exemplo
1631 425 1886 487 Domini,
1910 422 2015 496 qui
2045 423 2095 477 A
2124 422 2359 493 legibus
2385 422 2597 477 vestris
2621 422 2825 487 dediti,
2847 421 3177 493 ritibusque
3203 418 3471 492 profanis
3497 416 3815 488 immersi,

353 507 431 564 ad
476 508 899 566 informandos
938 527 1049 566 nos
1097 513 1350 571 insidias
1401 515 1723 571 declinavit
1770 512 2015 570 Herodis

357 598 598 669 (Matth.
625 614 748 668 xrv,
784 601 889 671 l3),
923 600 1046 656 sive
1078 604 1266 658 sancti
1307 604 1609 674 Evangelii
1637 620 1760 660 non
1799 602 2018 658 surdus

355 687 617 749 auditor,
651 703 776 760 quo
806 688 880 744 de
912 689 1145 747 civitate
1177 692 1236 747 in
1264 692 1582 761 civitatem,
1607 709 1793 750 causa
1821 692 2017 747 vitan-

356 776 449 832 dae
498 777 949 848 persecutionis,
996 779 1337 837 delitescere
1378 782 1666 853 jubemur
1714 781 1914 850 (Ibid.,
1955 796 2017 847 x,

363 866 472 935 l3),
489 864 693 920 relicto
714 867 959 939 proprio
987 885 1145 936 rure,
1174 870 1317 926 alibi
1346 888 1407 927 se
1433 872 1659 928 Christo
1674 871 1857 926 libere
1880 884 2021 925 con-

357 953 489 1009 tulit
536 954 879 1011 serviturus.
906 958 1089 1023 Quasi
1138 964 1341 1030 posset
1395 960 1723 1033 temporale
1766 958 2021 1015 evadere

362 1042 871 1114 supplicium,cui
913 1046 1196 1104 divinitus
1251 1065 1288 1105 a
1343 1049 1759 1106 constitutione
1809 1046 2023 1103 mundi

358 1131 853 1204 praedestinatum
908 1137 1240 1208 parabatur
1280 1142 1678 1211 martyrium;
1730 1142 1833 1194 aut
1874 1137 2025 1192 sicut

360 1220 438 1276 ad
456 1225 694 1293 tempus
723 1239 853 1279 sese
882 1226 1214 1282 occulenao
1239 1228 1642 1283 insecutorem
1664 1226 1865 1283 fefellit
1890 1241 2026 1298 pro-

361 1308 593 1378 fanum,
611 1311 694 1366 ita
713 1327 959 1385 quoque
980 1314 1192 1370 abesse
1213 1322 1416 1389 posset
1430 1316 1616 1372 oculis
1638 1317 1719 1389 pii
1736 1315 2026 1386 Redemp-

361 1399 525 1463 toris,
559 1405 615 1456 et
642 1403 935 1458 vocatoris
968 1405 1056 1460 sui
1105 1406 1183 1461 ad
1212 1422 1490 1476 regnum.
1930 1438 1971 1477 ο

435 1494 526 1545 22.
557 1494 664 1546 Per
692 1492 851 1548 idem
883 1511 1026 1564 ergo
1053 1500 1290 1569 tempus
1321 1498 1580 1568 graviter
1609 1498 1669 1552 in
1712 1512 1829 1552 nos
1875 1511 2029 1568 prte-

366 1577 594 1634 sidialis
626 1582 1019 1649 grassabatur
1038 1585 1294 1653 insania,
1326 1587 1409 1643 ita
1431 1592 1496 1642 ut
1514 1586 1837 1643 nonnullas
1865 1584 2030 1657 apud

366 1668 733 1739 Cordubam,
768 1671 909 1728 olim
942 1675 1279 1745 Patriciam,
1299 1693 1461 1731 nunc
1504 1682 1704 1731 autem
1738 1673 2030 1731 ﬂorentis-

2126 512 2339 585 potiori
2370 512 2587 568 intuitu
2616 512 3004 568 commodum
3027 508 3376 582 temporale,
3404 524 3588 581 quam
3623 512 3817 562 aeter-

2128 617 2277 657 num
2326 601 2607 658 affectant
2649 602 2959 658 honorem.
2995 603 3110 656 Nos
3140 612 3162 641 ο
3193 603 3395 655 autem
3437 598 3677 668 (quibus
3716 598 3817 653 vi-

2129 706 2265 747 vere
2290 692 2564 748 Christus
2612 697 2719 757 est,
2752 697 2804 747 et
2846 691 3000 746 mori
3043 690 3279 746 lucrum
3319 687 3635 759 (Philip.1.
3681 687 3810 755 2i),

2130 781 2223 836 cui
2254 787 2496 836 sanctus
2528 780 2620 836 ille
2652 780 3076 836 Clavicularius
3101 778 3270 849 regni
3300 776 3480 832 futuri
3512 776 3763 831 dicebat
3791 792 3806 830 :

2132 872 2392 937 Domine,
2419 871 2501 926 ad
2527 886 2697 942 quem
2729 870 2944 925 ibimus
2964 874 2992 924 ?
3034 868 3215 924 verba
3260 869 3394 923 vitae
3420 872 3664 922 aeternae
3697 865 3816 921 ha-

2133 959 2226 1015 bes
2257 959 2453 1030 (Joan.
2485 976 2566 1021 v1,
2600 1003 2613 1028 ,
2646 960 2758 1029 69),
2786 959 2896 1028 (10)
2928 957 3033 1029 qui
3056 954 3418 1028 discipulum
3456 954 3517 1010 in
3559 966 3817 1008 carcere

2132 1048 2579 1118 commonebat,
2607 1048 2850 1103 dicens:
2886 1048 3106 1103 Beatus
3138 1046 3243 1118 qui
3266 1061 3385 1101 non
3406 1045 3599 1116 fuerit
3631 1056 3819 1097 scan-

2132 1138 2432 1193 dalizatus
2466 1138 2524 1193 in
2559 1154 2646 1193 me
2680 1136 2921 1209 (Matth.
2955 1152 3014 1206 ιι,
3049 1136 3148 1207 6]),
3206 1139 3273 1191 ut
3317 1133 3463 1207 quid
3515 1130 3819 1205 perennis

2132 1227 2312 1283 fontis
2362 1228 2647 1300 poculum
2701 1227 3130 1299 relinquemus,
3170 1225 3441 1282 hausturi
3501 1222 3819 1294 gurgitem

2136 1333 2306 1371 cmno
2334 1317 2631 1372 mendacii
2662 1333 2731 1372 ac
2762 1317 3039 1372 vitiorum
3064 1315 3342 1372 sordibus
3356 1309 3820 1370 turbulentum?

2135 1411 2249 1462 Aut
2276 1423 2398 1479 qua
2417 1406 2648 1462 ultione
2690 1407 3025 1479 procacitas
3052 1405 3360 1478 punienda
3406 1408 3493 1459 est
3516 1402 3821 1466 ﬁliorum,

2137 1496 2263 1567 qui,
2296 1496 2396 1567 pia
2426 1502 2744 1568 parentum
2787 1497 2927 1568 jura
2970 1500 3337 1569 spernentes,
3366 1494 3659 1565 injustum
3702 1490 3827 1545 vico

2138 1583 2266 1639 trici
2300 1585 2762 1640 contubernium
2792 1584 3172 1658 expetunt?»
3226 1584 3326 1637 His
3372 1581 3571 1637 verbis
3616 1578 3827 1651 judex

2144 1674 2479 1728 vehementi
2510 1674 2705 1729 furore
2755 1680 3114 1743 commotus,
3145 1671 3431 1746 applicari
3476 1674 3830 1741 martyrem

367 1759 589 1814 simam
645 1760 810 1832 regni
867 1763 1103 1819 Arabici
1159 1765 1373 1821 urbem
1420 1765 1811 1823 bastlicarum
1840 1769 2031 1819 turres
2069 1776 2113 1830 β
2145 1763 2459 1831 ergastulis
2473 1763 2730 1834 jubens:
2782 1764 3040 1827 «Abeat,
3087 1762 3300 1835 inquit,
3329 1778 3467 1817 cum
3498 1759 3834 1815 damnato-

367 1851 669 1918 everteret,
697 1850 1060 1923 templorum
1082 1870 1249 1908 arces
1272 1854 1550 1923 dirueret,
1570 1859 1626 1910 et
1648 1852 1883 1909 excelsa
1905 1852 2033 1924 pin-

368 1937 725 1993 naculorum
759 1947 1152 2011 prosterneret
1196 1945 1292 2014 (8),
1329 1960 1465 2016 qua;
1497 1944 1807 2013 signorum
1838 1946 2034 2011 gesta-

368 2026 538 2082 mina
587 2034 775 2090 erant.
804 2029 881 2085 ad
936 2038 1301 2088 conventum
1359 2034 1720 2089 canonicum
1767 2030 2034 2104 quotidie

371 2116 734 2173 Christicolis
781 2118 1178 2177 innuendum.
1208 2122 1473 2195 Denique
1504 2139 1645 2179 cum
1684 2125 2033 2193 exoptatum

372 2205 561 2278 patris
593 2207 684 2262 sui
715 2206 949 2265 libitum
972 2213 1292 2283 progenies
1337 2212 1590 2285 iniqua!I
1623 2213 2033 2280 cognOSceret,

374 2299 442 2350 ut
468 2294 930 2371 quibuscunque
961 2301 1158 2355 modis
1192 2317 1261 2357 ac
1304 2301 1528 2357 viribus
1573 2304 1797 2373 posset,
1839 2298 2036 2355 Eccle-

375 2383 531 2439 siam
556 2384 878 2458 infestaret,
903 2404 1148 2445 omnem
1187 2389 1550 2447 crudelitatis
1583 2390 1864 2446 adnisum
1896 2403 2039 2457 erga

373 2473 530 2530 ﬁlios
557 2473 707 2530 lucis
738 2477 1056 2534 tenebrosa
1083 2479 1282 2550 proles
1312 2479 1586 2535 alacriori
1614 2485 1755 2535 voto
1786 2480 2039 2547 exercet,

375 2563 699 2636 minusque
730 2581 791 2620 se
833 2571 1006 2638 putat
1034 2567 1285 2641 adipisci
1316 2570 1617 2635 meritum,
1650 2569 1764 2624 nisi
1798 2582 2039 2623 summo

375 2654 575 2711 furore
605 2659 891 2713 exarserit
921 2658 979 2713 in
1028 2659 1399 2715 eversionem
1434 2659 1723 2716 fidelium.
1757 2657 2044 2715 Praedixe-

377 2748 469 2800 rat
497 2745 722 2817 quippe
773 2748 888 2802 hoc
934 2749 1158 2803 Veritas
1202 2755 1412 2805 sancta
1463 2750 1837 2805 auditoribus
1895 2747 2041 2813 suis,

376 2834 625 2891 dicens:
659 2836 891 2908 Absque
928 2840 1249 2909 synagogis
1292 2840 1523 2909 facient
1563 2855 1697 2907 vos;
1744 2845 1799 2894 et
1854 2837 2043 2894 omnis

383 2925 489 2997 qui
510 2925 813 2995 interfecit
842 2941 942 2982 vos
973 2928 1376 2983 arbitrabitur
1405 2944 1465 2985 se
1493 2930 1833 3001 obsequium
1856 2940 2045 2997 praes-

383 3017 514 3068 tare
533 3014 673 3069 Deo.
712 3017 775 3069 Et
803 3014 1019 3070 iterum
1044 3033 1057 3070 :
1090 3017 1234 3074 Herc
1261 3019 1492 3073 locutus
1522 3033 1650 3073 sum
1678 3017 1862 3085 vobis,
1888 3021 1953 3070 ut
1979 3015 2045 3069 in

381 3117 474 3157 me
496 3117 703 3171 pacem
744 3104 1030 3161 habeatis.
1066 3107 1133 3161 In
1184 3108 1407 3163 mundo
1455 3113 1653 3164 autem
1701 3119 2045 3176 pressuram

384 3189 674 3247 habebitis
695 3192 892 3263 (Joan.
924 3211 1041 3258 xw.
1057 3200 1110 3255 2.
1144 3200 1255 3264 33).
1610 3264 1635 3285 ο

454 3282 544 3335 23.
578 3280 778 3351 Igitur,
805 3281 955 3338 dum
984 3284 1064 3339 ob
1120 3285 1203 3340 rei
1256 3285 1568 3342 familiaris
1615 3280 2046 3341 necessitatem

386 3381 461 3422 ex
490 3368 752 3423 interiori
805 3376 1096 3427 montana
1126 3374 1521 3437 Cordubensi,
1554 3390 1675 3446 quo
1720 3390 1783 3429 se
1813 3373 2046 3446 pridem

385 3454 600 3509 beatus
631 3457 910 3512 sacerdos
939 3458 1154 3514 intuitu
1177 3460 1402 3517 latendi
1430 3462 1778 3531 contulerat,
1801 3462 1862 3517 in
1892 3476 2050 3517 nun-

389 3544 564 3600 dinas
629 3544 1054 3613 descendisset,
1111 3548 1171 3603 in
1216 3549 1439 3621 quibus
1486 3566 1688 3606 rerum
1740 3551 2048 3607 distractio

388 3633 798 3697 exercebatur,
831 3634 909 3690 ab
940 3634 1148 3708 iniquo
1196 3637 1375 3693 fratre
1418 3638 1633 3694 obvius
1683 3640 2046 3710 agnoscitur.

390 3724 580 3789 Quem
611 3728 676 3780 ut
714 3725 900 3781 cernit
928 3726 1209 3797 stigmata
1250 3728 1362 3801 piae
1410 3728 1711 3798 religionis
1741 3731 2051 3793 ferentem,

387 3826 510 3869 non
539 3813 796 3869 modicis
827 3814 854 3854 ιι
879 3813 1223 3872 lacessitum
1254 3817 1485 3888 injuriis
1514 3822 1585 3889 (9)
1619 3819 1697 3873 ad
1722 3818 1915 3873 vicem
1958 3834 2054 3872 ex-

388 3903 592 3977 quisiti
631 3904 897 3960 muneris
940 3906 1129 3977 judici
1183 3907 1373 3975 offert,
1402 3907 1714 3981 deponens
1761 3908 2052 3964 adversus

389 4009 529 4050 eum
554 4010 759 4051 coram
786 3995 1008 4052 arbitro
1038 4002 1316 4069 questum
1341 3997 1853 4070 praevaricationis
1878 4002 2052 4053 sectae

390 4084 842 4150 Mahometanae,
867 4101 1051 4157 quam
1089 4102 1153 4142 se
1179 4087 1416 4143 dudum
1436 4088 1722 4144 veraciter
1737 4088 2053 4144 coliturum

390 4171 583 4227 fuerat
610 4172 937 4229 confessus.
970 4176 1069 4230 Dei
1098 4193 1241 4232 vero
1290 4176 1479 4243 miles,
1512 4177 1732 4234 caelesti
1768 4180 1894 4250 jam
1925 4194 2054 4233 mu-

393 4276 534 4316 nere
562 4260 914 4331 illustratus,
936 4279 1059 4319 non
1087 4266 1237 4322 sicut
1262 4266 1405 4322 olim
1432 4268 1789 4325 adversariis
1820 4275 2054 4339 tergum

393 4349 655 4423 exponit,
701 4351 807 4408 sed
857 4368 1084 4423 magna
1135 4357 1448 4428 praeditum
1502 4358 1866 4421 fortitudine,
1904 4375 2058 4415 nun-

393 4456 583 4513 quam
607 4457 668 4496 se
698 4457 735 4497 a
765 4442 992 4498 Christo
1023 4444 1206 4501 fuisse
1237 4446 1526 4515 decisum,
1562 4465 1880 4522 nunquam
1918 4465 2052 4522 per-

392 4545 567 4585 verso
622 4528 892 4599 dogmati
938 4532 1265 4605 aliquando
1305 4538 1705 4608 consensisse,
1727 4538 1917 4609 judici
1968 4555 2056 4594 re-

395 4617 503 4676 fert
528 4638 540 4688 ;
577 4635 830 4694 seseque
855 4637 978 4677 non
995 4623 1190 4679 solum
1211 4625 1630 4694 Christianum,
1647 4644 1855 4684 verum
1878 4627 2054 4684 etiam

395 4709 607 4766 Christi
630 4709 844 4767 fatetur
874 4728 1002 4768 esse
1034 4713 1394 4773 ministrum.
1431 4718 1619 4783 Quem
1650 4718 1845 4791 primo
1870 4718 2060 4791 judex

395 4797 633 4855 blandis
646 4817 928 4858 revocare
944 4802 1224 4860 affatibus
1249 4812 1469 4878 putans
1493 4824 1505 4862 :
1536 4832 1562 4857 ‹‹
1585 4809 1821 4876 Poteris,
1843 4809 2056 4881 inquit,

393 4903 597 4944 rerum
625 4887 947 4946 aﬂluentiis
979 4898 1035 4948 et
1064 4894 1421 4963 dignitatum
1455 4896 1721 4952 fascibus
1751 4897 2058 4964 honorari,

397 4980 474 5043 et,
506 4992 640 5048 quae
667 4978 771 5033 tibi
809 4980 1102 5043 imminet,
1132 4984 1489 5039 sententiam
1537 4982 1745 5040 mortis
1783 4986 2057 5048 evadere,

400 5065 450 5120 si
490 5070 543 5121 te
600 5067 863 5138 pristinis
915 5072 1067 5126 votis
1122 5072 1389 5128 redivivo
1442 5073 1655 5128 ardore
1702 5076 2059 5145 reformans,

403 5152 658 5210 missum
699 5155 777 5210 ab
834 5158 1252 5228 Omnipotente
1299 5163 1358 5215 in
1414 5160 1658 5215 veritate
1704 5163 2062 5233 prophetam

404 5248 749 5300 nostrorum
821 5244 1140 5301 credideris
1172 5289 1188 5316 ,
1265 5249 1683 5320 Christumque
1760 5252 2063 5306 testaveris

405 5334 594 5389 Deum
626 5348 748 5388 non
780 5349 928 5388 esse.
949 5352 979 5387 »
1008 5334 1111 5389 Ολὶ
1142 5335 1355 5390 beatus
1395 5336 1675 5392 sacerdos
1705 5339 1822 5394 ait:
1860 5361 1888 5387 «
1919 5337 2055 5404 Illis,

403 5424 675 5497 inquam,
697 5424 905 5496 judex,
924 5424 1053 5479 haec
1075 5425 1457 5481 observanda
1476 5442 1767 5500 propone,
1790 5428 1894 5501 qui
1914 5428 2064 5484 forte

478 5566 501 5593 α
530 5551 995 5625 Abdarrahman
1022 5556 1253 5622 patrem
1284 5556 1341 5608 et
1365 5554 1678 5610 Mahomad
1716 5555 1767 5625 ej
1780 5572 1846 5609 us
1875 5554 2062 5610 ﬁlium

407 5640 578 5691 reges
607 5623 895 5691 intelligit.
926 5625 1145 5678 MORAL.

480 5695 507 5772 ιξ
536 5696 620 5750 Ita
637 5701 811 5772 recte.
828 5693 1092 5772 Bolland.
1111 5696 1189 5772 ad
1209 5694 1389 5753 diem.
1418 5698 1477 5753 l3
1499 5696 1685 5772 Martii
1707 5715 1720 5767 ;
1747 5712 2067 5772 perperam

409 5768 612 5822 autem
636 5765 834 5823 Moral.
866 5771 924 5823 et
955 5767 1196 5836 Schott.,
1227 5784 1347 5824 non
1376 5769 1606 5827 mediis.

2144 1862 2281 1906 rum
2311 1852 2620 1919 custodia;
2651 1853 2898 1909 horrida
2927 1852 3364 1909 macerandum
3409 1854 3582 1905 antra
3609 1863 3833 1904 carce-

2147 1955 2283 1993 rum
2310 1939 2627 2011 excipiant;
2653 1941 3091 2012 parricidarum
3108 1944 3167 1996 et
3193 1940 3393 1995 furum
3422 1936 3632 1993 solatio
3660 1934 3832 1990 frua-

2147 2031 2278 2096 tur;
2309 2033 2365 2083 et
2385 2029 2551 2083 omni
2582 2030 2818 2101 penitus
2846 2030 3056 2085 solatio
3073 2029 3373 2098 destituta,
3396 2027 3489 2082 vel
3514 2026 3596 2081 sic
3618 2024 3834 2098 pervi-

2151 2133 2263 2172 cax
2295 2116 2548 2172 elidatur
2578 2119 2951 2174 temeritas.»

2220 2208 2310 2262 24.
2346 2205 2481 2261 Adit
2509 2207 2610 2263 Dei
2658 2207 2921 2263 famulus
2955 2207 3132 2264 hilari
3181 2205 3372 2277 vultu,
3404 2201 3831 2260 exultantibus

2151 2295 2387 2362 animis,
2416 2312 2664 2369 specum
2720 2297 2888 2353 illum
2938 2312 3199 2367 reorum,
3241 2295 3346 2368 qui
3403 2310 3540 2349 vere
3587 2291 3832 2347 sciebat

2150 2391 2455 2441 auctorem
2511 2402 2634 2441 suae
2687 2385 2894 2443 salutis
2937 2386 3161 2459 ubique
3191 2385 3537 2441 invocatum
3577 2381 3824 2445 adesse,

2151 2489 2261 2529 nec
2302 2474 2504 2546 aliquo
2558 2492 2736 2548 posse
2794 2476 3005 2531 abesse
3064 2476 3195 2542 situ,
3251 2475 3424 2545 cujus
3482 2470 3827 2528 dominatio

2152 2579 2396 2619 omnem
2454 2570 2724 2636 penetrat
2780 2564 3028 2634 locum;
3081 2565 3186 2638 qui
3242 2565 3421 2620 etiam
3470 2560 3699 2635 potenti
3742 2561 3828 2616 di-

2150 2653 2368 2708 vinatis
2417 2655 2669 2725 imperio
2696 2654 2839 2710 olim
2871 2654 3263 2710 sectatoribus
3296 2652 3420 2707 suis
3457 2650 3635 2706 ﬁdele
3687 2666 3832 2723 pro-

2154 2743 2411 2798 missum
2443 2742 2710 2809 dederat,
2735 2744 2968 2800 dicens:
3024 2746 3177 2800 Ecce
3205 2760 3309 2815 ego
3357 2742 3653 2799 vobiscum
3688 2756 3829 2796 sum

2154 2832 2427 2887 omnibus
2456 2832 2661 2887 diebus
2692 2849 2877 2905 usque
2900 2834 2981 2889 ad
3009 2833 3576 2889 consummationem
3616 2828 3837 2885 seculi

2159 2920 2397 2991 (Matth.
2433 2937 2629 2991 xxvui,
2664 2923 2775 2993 20).
2821 2923 2934 2993 (ll)
2985 2923 3083 2977 Hae
3145 2927 3304 2987 sunt,
3337 2920 3598 2983 diabole,
3631 2918 3833 2973 mina-

2156 3027 2253 3067 ces
2281 3010 2517 3067 saevitiae
2569 3019 2681 3067 tuae
2717 3012 2900 3084 leges,
2928 3013 2985 3069 hi
3047 3016 3186 3068 sunt
3228 3010 3503 3084 exquisiti
3543 3015 3827 3079 terrores.

2086 3133 2127 3188 ρ
2162 3101 2274 3156 Sed
2303 3101 2531 3156 dictum
2564 3109 2649 3157 est
2680 3103 2888 3158 nobis:
2919 3104 3119 3159 Nolite
3149 3104 3355 3157 timere
3400 3115 3492 3156 eos
3534 3099 3642 3170 qui
3675 3098 3833 3188 occi-

2157 3190 2311 3245 dunt
2340 3206 2576 3260 corpus,
2617 3194 2758 3262 quia
2800 3208 2917 3247 non
2972 3192 3191 3248 habent
3220 3191 3367 3263 quid
3422 3188 3687 3258 amplius
3728 3187 3834 3256 fa-

2158 3282 2358 3347 ciant;
2390 3281 2493 3337 sed
2534 3282 2730 3349 potius
2761 3298 2891 3337 eum
2924 3284 3120 3337 timete
3165 3282 3271 3351 qui
3292 3283 3481 3350 potest
3520 3292 3739 3346 corpus
3778 3280 3832 3331 et

2160 3373 2423 3426 animam
2460 3372 2729 3441 perdere,
2762 3378 2814 3427 et
2864 3374 3099 3427 mittere
3142 3372 3203 3426 in
3245 3370 3579 3441 gehennam
3621 3366 3835 3437 (Ibid.,

2158 3463 2358 3525 1,28).
2400 3463 2465 3516 Et
2516 3462 2770 3516 iterum:
2834 3461 3139 3516 Traddent
3189 3474 3287 3515 vos
3332 3459 3395 3513 in
3453 3456 3746 3523 conciliis,
3780 3460 3837 3510 et

2160 3550 2224 3604 in
2267 3551 2589 3620 synagogis
2652 3550 2774 3604 suis
2817 3549 3221 3619 ﬂagellabant
3267 3562 3401 3613 vos;
3448 3552 3503 3602 et
3543 3544 3625 3600 ad
3672 3558 3845 3613 prav-

2163 3638 2314 3694 sides
2368 3644 2421 3694 et
2479 3654 2641 3708 rcges
2695 3639 2996 3693 ducemini
3037 3643 3290 3707 propter
3335 3651 3428 3692 me
3463 3636 3526 3690 in
3572 3636 3839 3690 testimo-

2162 3729 2328 3783 nium
2388 3729 2531 3797 illis,
2564 3733 2617 3783 et
2669 3728 2962 3798 gentibus.
2997 3726 3110 3793 Qui
3162 3733 3359 3782 autem
3414 3738 3840 3793 perseverave-

2163 3818 2245 3872 rit
2274 3831 2457 3888 usque
2488 3818 2550 3871 in
2572 3817 2772 3885 ﬁnem,
2802 3817 2898 3873 hic
2928 3816 3130 3871 salvus
3158 3816 3269 3871 erit
3297 3814 3496 3885 (Ibid.,
3530 3828 3676 3881 xvn,
3717 3812 3834 3879 18).

2162 3904 2219 3959 Si
2249 3920 2391 3974 ergo
2443 3909 2634 3976 potes,
2692 3905 3055 3974 congredere
3103 3903 3393 3959 adversus
3452 3900 3747 3967 animam,
3784 3906 3837 3955 et

2163 3994 2531 4066 pertinacem
2572 3994 2633 4049 in
2675 3994 3054 4049 confessione
3103 4009 3213 4049 sua
3265 3991 3538 4065 spiritum
3583 4005 3834 4061 supera,

2163 4082 2396 4138 videbis
2426 4099 2521 4138 me
2552 4083 2747 4153 magis
2771 4100 2877 4157 per
2907 4086 3199 4138 tormenta
3228 4080 3517 4154 proﬁcere
3544 4095 3558 4133 :
3592 4082 3647 4133 et
3689 4094 3832 4132 cum

2167 4177 2229 4230 tu
2261 4175 2399 4247 plus
2432 4174 2744 4244 exarseris,
2772 4173 2910 4247 plus
2938 4187 3178 4244 semper
3224 4169 3483 4237 deficies,
3517 4173 3574 4222 et
3612 4165 3836 4222 felicio-

2168 4280 2295 4320 rem
2326 4280 2422 4320 me
2454 4265 2636 4320 facies
2664 4262 2975 4336 pervenire
3004 4261 3081 4317 ad
3115 4259 3390 4330 gloriam.

2240 4356 2569 4428 25.Reperit
2582 4368 2722 4408 vero
2740 4353 2797 4408 in
2815 4366 3049 4406 carcere
3063 4349 3388 4405 Rudericus
3404 4345 3651 4401 beatum
3671 4345 3831 4402 Salo-

2172 4462 2413 4502 monem
2440 4459 2621 4517 quem
2640 4443 2720 4498 ob
2742 4439 3180 4497 confessionem
3206 4436 3467 4492 nominis
3491 4434 3709 4490 Christi
3730 4435 3832 4490 du-

2169 4535 2317 4592 dum
2353 4533 2669 4590 crudelitas
2700 4527 3189 4604 persequentium
3204 4525 3430 4582 ibidem
3451 4523 3831 4593 religaverat.

2172 4626 2354 4684 Simili
2367 4625 2590 4699 quippe
2605 4627 2660 4677 et
2672 4621 2796 4693 ipse
2811 4618 3055 4675 crimine
3073 4615 3472 4688 impetebatur
3484 4630 3530 4679 d,
3550 4629 3621 4668 eo
3638 4612 3829 4686 quod,

2170 4720 2393 4774 sanctae
2415 4711 2714 4783 religionis
2745 4710 2972 4765 cultum
2995 4721 3303 4780 spernens,
3336 4703 3539 4776 aliquo
3564 4708 3831 4775 tempore

2178 4812 2351 4863 sectr.
2401 4805 2829 4860 Mahometana:
2862 4796 3232 4853 adhaesisset.
3271 4793 3579 4865 Extemplo
3615 4793 3829 4849 indivi-

2168 4896 2288 4950 duo
2301 4899 2440 4949 voto
2454 4895 2867 4959 nectuntur,ac
2881 4887 3120 4943 sibimet
3131 4885 3385 4940 invicem
3401 4882 3828 4939 consolationis

2169 4983 2455 5052 suffragia
2478 4981 2905 5049 ministrantes,
2930 4976 3007 5031 ab
3049 4975 3331 5031 alterutro
3354 4990 3415 5028 se
3434 4973 3510 5027 ad
3535 4989 3828 5045 peragen-

2168 5076 2314 5130 dum
2337 5087 2595 5143 agonem
2617 5072 2957 5133 armantur;
2979 5064 3041 5120 id
3065 5064 3126 5120 in
3153 5078 3475 5120 commune
3508 5067 3829 5118 statuentes

2169 5169 2252 5227 ut,
2276 5160 2518 5217 calcatis
2537 5157 2747 5213 mundi
2769 5153 3100 5219 affectibus,
3125 5153 3224 5226 pia
3255 5150 3520 5225 quotidie
3552 5153 3828 5207 servitute

2171 5254 2289 5308 Deo
2319 5249 2668 5306 inhaereant.
2699 5246 2781 5301 Fit
2810 5260 3061 5300 concors
3087 5244 3147 5299 in
3176 5242 3271 5297 Hei
3300 5242 3507 5296 timore
3539 5245 3831 5295 utrorum-

2170 5358 2287 5414 que
2306 5353 2610 5401 assensus;
2630 5338 3011 5389 macerantur
3028 5330 3302 5386 membra
3314 5328 3830 5401 jejuniis,fatigan-

2173 5437 2265 5487 tur
2291 5427 2520 5499 vigiliis,
2536 5425 2823 5481 limantur
2871 5422 3095 5489 ciliciis,
3126 5417 3617 5476 meditationibus
3677 5436 3826 5474 com-

2240 5567 2268 5596 ο
2298 5553 2440 5610 Male
2458 5551 2625 5607 nobis
2654 5549 2715 5603 in
2732 5547 2930 5605 Mora].
2953 5552 3010 5602 et
3033 5546 3228 5604 Schot.
3253 5564 3266 5611 ;
3294 5544 3446 5599 bene
3468 5559 3574 5598 nos
3615 5544 3677 5599 in
3710 5543 3829 5600 Bol-

2174 5626 2524 5761 l(iii-gebat”
2554 5691 3011 5763 impediebatur.
