3960 6410
89 285 183 337 865
1185 274 1388 334 UMR
1417 274 1957 333 APOLOGETICUS
1988 278 2395 338 MARTYRUM.

90 406 451 476 punguntur,
482 403 853 460 orationibus
877 403 1260 467 refoventur;
1292 400 1738 474 sicque,ardorc
1769 404 1813 457 A
1856 404 1983 457 tum
2040 408 2459 462 coronatorem
2518 411 2794 464 nostrum
2847 426 3051 468 rerum
3114 412 3512 473 ineﬁabilium

90 493 348 566 quodam
388 492 643 548 ccelestis
692 493 899 566 patriae
952 491 1325 562 conﬂagrati,
1376 489 1617 545 dissolvi
1645 505 1743 545 cu-

90 582 253 656 piunt
281 586 337 637 et
375 598 503 637 esse
534 598 674 637 cum
706 582 957 647 Christo,
985 581 1335 637 festinantes
1368 580 1584 635 faciem
1613 578 1743 649 ejus

92 671 302 742 videre,
331 670 426 727 cui
456 672 788 728 servierunt
813 690 825 726 :
861 687 970 744 pro
1003 671 1177 741 cujus
1207 686 1412 725 amore
1443 668 1743 723 defectum

91 760 367 833 temporis
394 776 515 815 non
546 767 837 830 verentes,
894 764 1077 815 vitam
1119 759 1295 824 hanc,
1338 762 1403 812 ut
1429 755 1744 829 quoddam

92 848 404 905 discrimen
432 849 721 915 immane,
756 850 1075 920 refugiunt.

157 943 241 994 26.
273 939 451 1009 Igitur
480 940 974 1011 permanentibus
1020 938 1239 993 sanctis
1266 937 1327 993 in
1358 936 1634 993 exercitio
1663 933 1747 991 of-

95 1026 356 1084 ﬁciorum
400 1028 755 1097 ccelestium,
803 1035 858 1084 et
906 1027 1297 1083 reddentibus
1355 1026 1621 1099 quotidie
1648 1025 1747 1098 pio

95 1118 469 1191 Redemptori
498 1120 891 1174 caeremonias
916 1118 1191 1183 laudum,
1226 1134 1335 1190 pro
1368 1117 1623 1173 summis
1650 1115 1750 1171 de-

92 1206 231 1263 liciis
265 1212 509 1263 antrum
538 1207 685 1263 illud
705 1208 1029 1264 habebant.
1056 1209 1432 1279 Quapropter
1456 1206 1579 1262 zelo
1600 1206 1748 1261 duc-

94 1302 180 1353 tus
207 1296 584 1371 iniquissimo
611 1298 817 1369 judex,
864 1292 1032 1353 ferali
1078 1297 1271 1353 edicto
1305 1297 1588 1353 custodes
1619 1313 1748 1353 car-

94 1386 234 1443 ceris
265 1388 480 1458 arguit,
507 1404 731 1459 eosque
754 1388 831 1443 ab
853 1387 1110 1443 invicem
1143 1386 1340 1441 divelli
1374 1387 1674 1459 praecepit,
1695 1390 1753 1442 et

92 1492 161 1532 ne
193 1492 228 1533 a
255 1492 570 1550 quoquam
598 1477 955 1533 visitationis
985 1476 1178 1547 gratia
1208 1476 1751 1543 illustrarentur,to-

96 1566 159 1621 tis
188 1565 443 1622 vesaniae
479 1583 602 1621 suae
638 1565 943 1622 furoribus
967 1566 1164 1637 jussit.
1216 1566 1328 1623 Sed
1371 1566 1432 1620 in
1486 1565 1651 1621 nullo
1699 1570 1751 1621 te

87 1655 282 1725 juvas,
316 1653 579 1723 diabole,
607 1655 857 1729 quando
904 1671 1012 1729 per
1063 1656 1177 1711 hoc
1223 1654 1545 1711 discidium
1572 1670 1751 1710 cons-

1851 508 1997 565 opes
2062 510 2328 562 manere,
2373 512 2528 569 quas
2579 498 2791 555 oculus
2837 516 2962 557 non
3000 502 3168 574 vidit,
3209 519 3320 562 nec
3350 507 3514 564 auris

1851 582 2099 646 audivit,
2125 600 2236 640 nec
2259 585 2320 641 in
2350 602 2453 642 cor
2471 587 2736 644 hominis
2769 591 3126 663 ascendunt,
3174 610 3238 649 se
3267 594 3516 666 diligen-

1852 671 2011 728 tibus
2049 675 2447 746 repromissas
2480 677 2506 731 ?
2553 677 2811 751 Ideoque
2857 680 3122 739 celeriter
3150 685 3515 744 crudelitatis

1852 766 1967 817 tuae
1998 765 2059 817 in
2088 779 2200 819 nos
2240 781 2444 820 exsere
2488 765 2798 829 ultionem,
2843 786 2999 842 quos
3033 773 3227 830 cernis
3264 775 3518 833 nullate~

1851 866 1969 906 nus
2002 866 2038 907 a
2067 852 2445 910 confessione
2477 856 2686 912 Christi
2713 856 3001 915 desistere
3030 878 3222 935 usque
3253 864 3332 920 ad
3358 882 3520 923 mor-

1854 943 1973 994 tem
2005 958 2018 1007 ;
2054 945 2117 996 ut
2142 947 2199 997 et
2216 959 2352 1015 quae
2387 943 2683 1001 debentur
2710 946 2986 1003 hostibus
3002 949 3124 1015 Dei,
3159 951 3265 1008 tibi
3291 968 3520 1012 accres-

1854 1029 2068 1085 cantin
2098 1032 2432 1099 cumulum,
2460 1038 2517 1088 et
2545 1033 2651 1089 diu
2680 1036 2857 1091 nobis
2885 1036 3139 1096 dilatum
3163 1041 3278 1098 cito
3308 1059 3519 1115 prove-

1854 1118 1982 1174 niat
2006 1120 2347 1191 praemium.
2379 1144 2406 1171 ››

1927 1210 2018 1263 29.
2058 1208 2205 1263 Hinc
2236 1209 2570 1266 acrioribus
2629 1212 2913 1270 frendens
2960 1217 3291 1276 scelerosus
3331 1222 3520 1293 judex

1856 1295 2243 1368 clamoribus,
2276 1298 2550 1356 ultimam
2602 1318 2727 1357 suae
2763 1304 3127 1363 crudelitatis
3164 1312 3520 1369 sententiam

1857 1401 2165 1458 promens,
2201 1410 2228 1437 ‹‹
2259 1388 2677 1457 Perduellium,
2714 1393 2905 1465 inquit
2934 1394 3263 1462 lictoribus,
3308 1415 3523 1474 prope-

1856 1479 1985 1530 rate
2016 1475 2372 1533 abscindere
2404 1478 2576 1543 colla,
2632 1484 2690 1536 et
2731 1480 3002 1539 debitam
3044 1484 3105 1540 in
3156 1488 3348 1559 capite
3381 1505 3522 1545 con-

1860 1568 2224 1638 temptorum
2266 1567 2515 1623 celerius
2562 1576 2899 1644 retorquetc
2945 1573 3290 1633 vindictam.
3326 1601 3354 1628 »
3412 1580 3522 1651 (t3)

1863 1655 1954 1711 Sic
1977 1672 2158 1728 super
2186 1658 2555 1730 crepidinem
2578 1659 2732 1716 alvei
2754 1663 3080 1732 constituti,
3105 1666 3299 1722 crucis
3328 1668 3526 1739 signa-

94 1746 336 1801 tantiam
385 1750 564 1818 putas
607 1744 844 1817 fatigari
893 1750 1263 1815 sanctorum,
1308 1745 1529 1818 quibus
1562 1761 1751 1801 unum
1781 1760 1826 1813 Β
1864 1744 1999 1800 culo
2030 1762 2092 1801 se
2135 1748 2564 1818 praemuniunt,
2615 1752 2672 1805 et
2701 1750 2783 1805 sic
2815 1750 3017 1808 denuo
3046 1770 3189 1811 ense
3216 1763 3525 1828 prostran-

90 1834 368 1908 idemque
397 1851 508 1908 pro
548 1835 780 1891 Christo
833 1834 1131 1891 moriendi
1183 1841 1390 1891 manet
1434 1834 1752 1891 indissolu-

92 1924 202 1981 bile
232 1930 463 1981 votum.
513 1929 665 1982 Nam
694 1926 755 1982 hi
784 1927 1157 1983 confessores
1180 1925 1360 1993 beati,
1396 1931 1509 1995 (l2)
1542 1926 1752 1982 ordine

92 2019 144 2070 et
167 2014 411 2071 natione
442 2014 783 2082 dissimiles,
835 2015 1122 2070 charitate
1176 2030 1299 2070 non
1346 2015 1638 2087 impares,
1670 2014 1755 2070 di-

93 2120 260 2160 verso
302 2104 443 2160 licet
473 2110 740 2177 tempore
771 2103 1115 2159 certaminis
1147 2120 1436 2176 campum
1463 2104 1750 2174 aggressi,

92 2209 206 2249 uno
236 2200 445 2249 tamen
478 2194 815 2266 eodemque
860 2192 1000 2248 ﬁdei
1031 2193 1244 2248 ardore
1276 2192 1592 2265 ﬂammati,
1624 2210 1755 2267 spe-

96 2282 275 2338 cimen
322 2282 518 2339 beata:
557 2282 860 2356 passionis
915 2281 1224 2352 egregium
1256 2282 1387 2337 orbi
1416 2282 1751 2338 instituunt.

156 2377 241 2429 27.
276 2376 530 2439 Interea,
551 2388 675 2428 non
700 2376 836 2445 post
862 2372 1082 2428 multos
1111 2371 1259 2440 dies,
1292 2372 1602 2429 obtutibus
1633 2373 1755 2428 suis

92 2461 267 2531 judex
325 2478 434 2518 eos
485 2461 751 2517 exhiberi
798 2462 1176 2535 praecipiens,
1245 2462 1401 2518 illico
1455 2462 1535 2518 ad
1574 2463 1755 2518 ritum

97 2568 267 2607 suum
297 2551 529 2616 invitat,
564 2567 633 2607 ac
659 2550 734 2606 de
764 2567 965 2607 rerum
1002 2552 1189 2623 cepiis
1208 2561 1231 2587 α
1257 2557 1312 2607 et
1333 2551 1619 2622 dignitate
1651 2552 1757 2607 ho-

96 2657 306 2697 norum
338 2640 688 2698 suadendos
719 2646 985 2707 attentat,
1008 2659 1162 2714 quos
1184 2647 1319 2697 ante
1336 2641 1550 2697 mundi
1578 2658 1753 2697 cons-

100 2730 428 2788 titutionem
456 2730 673 2787 electos
718 2735 775 2787 et
817 2731 1274 2803 praedestinatos
1319 2731 1382 2786 in
1429 2732 1754 2803 adoptione

96 2820 352 2877 filiorum
388 2820 487 2876 Dei
512 2820 792 2876 divinitas
812 2825 1021 2876 sancta
1042 2820 1754 2893 perscripserat.Quorum

95 2911 486 2983 pertinaciam
513 2911 574 2966 in
624 2910 724 2967 Dei
767 2910 1137 2983 professione
1170 2910 1582 2978 considerans,
1616 2914 1757 2982 post

97 3001 423 3058 secundam
452 3006 510 3057 et
539 3001 771 3057 tertiam
802 2999 1280 3056 exhortationem
1308 3017 1382 3055 ex
1407 3000 1647 3056 decreto
1667 3016 1755 3055 rc-

1863 1841 1974 1891 tur.
2005 1839 2045 1890 E
2076 1836 2299 1908 quibus
2328 1839 2492 1910 prior
2516 1840 2611 1894 Dei
2649 1841 2932 1897 sacerdos
2965 1845 3354 1915 occumbens,
3372 1863 3526 1921 prte-

1859 1924 1993 1980 vius
2026 1925 2426 1998 triumphator
2456 1927 2676 1983 ctelum
2706 1929 2965 1987 intravit.
2991 1933 3164 1997 Quod
3183 1934 3321 1991 ideo
3335 1936 3527 2007 judex

1861 2014 1988 2069 ﬁeri
2016 2014 2206 2070 voluit
2235 2021 2299 2070 ut
2329 2016 2377 2071 si
2403 2016 2552 2072 forte
2571 2017 2818 2074 horrore
2842 2019 3029 2076 decisi
3052 2022 3359 2080 cadaveris
3386 2025 3527 2084 bea-

1862 2104 1904 2159 ti
1929 2103 2265 2160 Salomonis
2292 2105 2532 2161 animus
2550 2106 2881 2164 ﬂecteretur
2910 2127 2922 2177 ;
2951 2125 3137 2183 quem
3157 2118 3296 2185 post
3328 2116 3526 2173 varias

1862 2193 2286 2266 deceptionum
2318 2194 2629 2251 illecebras
2657 2202 3033 2255 constantem
3055 2206 3113 2257 et
3132 2201 3527 2264 fortissimum

1864 2283 2293 2356 comprobans,
2316 2284 2526 2341 ultimo
2571 2285 2771 2355 gladio
2803 2288 3037 2346 vindice
3071 2292 3356 2354 trucidari
3384 2311 3527 2368 prae-

1865 2373 2038 2445 cepit.
2072 2373 2249 2429 Haesit
2278 2380 2482 2431 tamen
2514 2391 2626 2431 suo
2664 2376 2818 2433 collo
2862 2394 2986 2434 non
3023 2378 3294 2439 funditus
3322 2390 3527 2442 vertex

1864 2463 2108 2529 incisus,
2150 2465 2295 2535 quia
2333 2464 2764 2536 expetitiorem
2793 2466 2971 2524 beato
3003 2469 3295 2529 Ruderico
3337 2490 3527 2546 quam

1864 2551 2003 2607 huic
2029 2551 2332 2609 Salomoni
2355 2551 2585 2608 framea
2615 2553 2811 2610 intulit
2840 2555 3094 2615 obitum.

1935 2647 2024 2699 30.
2060 2642 2173 2699 Sed
2203 2642 2349 2714 quia
2377 2643 2668 2699 caelorum
2700 2660 2886 2715 regna
2907 2648 3269 2706 adeuntibus
3300 2652 3532 2710 anima-

1862 2731 1979 2789 bus
2001 2732 2212 2804 nequit
2237 2732 2531 2787 obsistere
2558 2733 2822 2789 callidus
2854 2752 3121 2809 serpens,
3156 2740 3357 2797 adhuc
3386 2758 3529 2799 con-

1864 2826 1955 2879 tra
1980 2822 2324 2877 exanimata
2372 2838 2629 2894 corpora
2676 2822 2901 2880 bellum
2935 2829 3260 2885 exsuscitat
3300 2848 3314 2899 ;
3355 2831 3532 2905 quasi

1863 2917 2104 2968 mortua
2132 2927 2415 2983 superare
2439 2920 2642 2983 posset
2663 2913 2981 2983 cadavera,
3010 2932 3150 2973 cum
3168 2919 3298 2989 jam
3325 2920 3531 2978 nullus

1864 3006 2019 3058 esset
2050 3000 2315 3073 spiritus,
2366 3001 2470 3072 qui
2518 3002 2719 3073 potius
2754 3002 3022 3061 irrideret
3070 3023 3260 3079 quam
3291 3010 3534 3067 sentiret

95 3091 177 3161 gis
234 3091 362 3147 fore
408 3089 758 3165 plectendos
815 3089 1035 3146 statuit.
1100 3089 1267 3145 Prius
1316 3094 1517 3146 tamen
1566 3105 1752 3162 quam
1784 3118 1824 3173 ο
1865 3096 2163 3148 tormenta
2204 3107 2217 3157 ;
2261 3093 2364 3145 aut
2402 3089 2577 3161 quasi
2607 3090 2826 3163 aliquis
2856 3092 3060 3149 titulus
3080 3100 3393 3167 putaretur
3421 3099 3534 3155 vic-

94 3180 514 3250 egrederentur
542 3179 621 3235 ad
640 3179 974 3252 publicum,
1007 3178 1464 3234 convinctorum
1492 3194 1556 3233 se
1583 3178 1750 3250 pedi-

94 3266 199 3325 bus
228 3269 623 3326 advolventes
660 3273 876 3337 rogant
900 3273 962 3324 ut
992 3268 1291 3324 continuis
1322 3266 1751 3323 obsecrationi-

94 3356 202 3413 bus
224 3359 605 3430 juvarentur,
652 3374 750 3423 ne,
803 3357 1122 3413 tentatione
1153 3358 1425 3412 humana
1452 3355 1749 3428 praerepti,

94 3451 416 3504 retrorsum
464 3448 851 3521 respicerent,
900 3451 956 3503 et
1005 3446 1082 3502 ab
1138 3446 1353 3501 intuitu
1384 3443 1755 3517 percipiendi

95 3538 373 3594 vexillum
405 3537 669 3593 victoria:
700 3535 1104 3593 turbarentur.
1131 3536 1217 3591 Ita
1245 3534 1413 3608 pacis
1438 3533 1645 3590 osculo
1674 3550 1755 3589 re-

97 3627 407 3698 conciliati,
453 3626 561 3700 qui
608 3642 926 3699 nunquam
958 3625 1194 3681 fuerant
1242 3624 1429 3694 litigio
1475 3623 1754 3696 separati,

97 3732 300 3772 omnes
329 3734 458 3790 prae
488 3715 712 3787 gaudio
741 3715 1169 3788 lacrymantes,
1196 3720 1545 3770 sanctorum
1577 3729 1638 3768 se
1670 3712 1757 3768 fa-

96 3805 335 3862 voribus
356 3804 508 3861 tueri
540 3808 808 3859 exorant.
831 3804 1062 3877 Sicque,
1084 3802 1435 3873 urgentibus
1451 3802 1758 3870 ministris,

97 3900 228 3951 voto
260 3894 538 3951 alacriori
565 3893 901 3967 prosiliunt,
957 3893 1205 3948 celerius
1247 3897 1639 3965 properantes
1682 3889 1761 3945 ad

97 3980 289 4039 locum
311 3983 438 4057 quo
466 3983 817 4056 passionem
848 3986 1364 4039 consummarent.

164 4076 252 4130 28.
288 4075 355 4129 Et
386 4089 527 4130 cum
557 4073 686 4144 jam
716 4072 867 4128 hora
893 4070 1213 4127 decisionis
1243 4070 1511 4137 instaret,
1545 4069 1758 4124 iterum

99 4178 133 4218 a
149 4164 347 4235 judice
376 4163 666 4220 blandius
695 4163 1086 4218 exhortantur
1112 4177 1251 4216 cum
1296 4160 1494 4231 specie
1534 4159 1762 4214 divitia-

98 4267 246 4323 rum,
264 4253 696 4324 honorumque
716 4249 1087 4317 sublimium,
1119 4249 1345 4322 quibus
1372 4249 1577 4321 utique
1607 4246 1762 4302 frue-

99 4347 314 4414 rentur,
348 4342 396 4398 si
431 4345 885 4397 reverterentur.
935 4339 1225 4395 Abnuunt
1268 4337 1486 4405 sancti,
1520 4336 1691 4391 sicuti
1723 4352 1759 4392 a

98 4432 407 4505 principio,
446 4429 669 4503 judicis
712 4429 1040 4503 optionem,
1100 4428 1183 4484 ita
1236 4432 1300 4483 ut
1341 4426 1756 4483 sanctissimus

99 4521 419 4579 Rudericus
451 4519 722 4594 quadam
759 4523 1068 4590 vegetatus
1119 4517 1515 4584 animositate,
1551 4532 1757 4588 super-

99 4626 174 4667 no
200 4611 329 4682 jam
370 4626 624 4667 munere
665 4609 1082 4682 perlustratus,
1114 4608 1401 4664 audacter
1430 4606 1483 4662 ei
1512 4622 1761 4679 respon-

100 4698 279 4771 deret,
310 4701 558 4757 dicens:
594 4721 622 4751 ‹‹
660 4697 980 4765 Quomodo
1010 4714 1122 4754 nos
1154 4696 1321 4767 cogis
1352 4695 1557 4752 relicta
1581 4696 1762 4768 pieta-

102 4791 153 4844 te
173 4789 474 4847 declinare
504 4789 567 4845 in
596 4788 983 4860 devium,qui
1016 4790 1235 4843 sanctae
1263 4785 1399 4842 ﬁdei
1421 4800 1763 4842 sacramen-

104 4877 170 4932 tis
190 4876 717 4947 instructi,fortiter
737 4874 1140 4946 ignorantiam
1162 4880 1423 4932 vestram
1446 4873 1760 4939 deﬂemus,

104 4981 248 5039 quos
293 4973 460 5026 tanto
514 4966 796 5023 videmus
846 4982 1044 5022 errore
1094 4965 1397 5022 infectos?
1445 4968 1594 5021 Nam
1651 4980 1763 5019 nos

104 5056 248 5114 adeo
276 5058 438 5115 hanc
469 5063 698 5114 sectam
720 5055 1171 5113 detrectabilem
1196 5054 1566 5127 judicamus,
1594 5058 1659 5109 ut
1687 5068 1762 5108 ne

103 5147 313 5204 nostris
355 5148 611 5221 quidem
639 5162 776 5203 eam
813 5144 1203 5203 incolendam
1258 5143 1512 5200 canibus
1536 5147 1765 5215 patere-

104 5251 252 5306 mur,
278 5241 512 5311 quanto
540 5236 736 5308 magis
765 5236 1170 5308 nosmetipsos
1200 5231 1604 5289 fallacissimis
1633 5232 1763 5303 ejus

104 5322 395 5397 ﬁgmentis
425 5327 787 5384 subdamus.
833 5326 951 5383 Aut
994 5341 1185 5399 quare
1216 5323 1405 5397 copiis
1433 5339 1635 5379 rerum
1661 5326 1765 5378 aut

106 5414 381 5485 dignitate
410 5417 719 5473 honorum
745 5415 1084 5472 labentium
1123 5413 1511 5480 oblectemur,
1544 5412 1606 5467 in
1631 5411 1763 5483 ipso

108 5502 345 5564 forsitan
370 5506 789 5578 objectationis
809 5502 1532 5572 momento,intercidente
1550 5507 1761 5565 morte,

109 5596 370 5664 protinus
396 5597 607 5653 omnia
622 5595 926 5664 amissuri,
948 5594 1053 5668 qui
1080 5592 1362 5650 novimus
1382 5592 1548 5665 apud
1580 5592 1767 5647 Chris-

1858 3181 2046 3249 toriaa,
2078 3194 2219 3234 cum
2244 3176 2542 3233 defunctis
2569 3177 2796 3235 bellum
2828 3180 2997 3238 inire.
3032 3186 3099 3239 Ut
3126 3199 3271 3255 ergo
3296 3186 3531 3259 passio-

1858 3270 2042 3329 nibus
2075 3266 2283 3323 Christi
2330 3267 2851 3325 communicarent
2889 3276 3210 3343 martyres,
3236 3274 3526 3331 instinctu

1861 3358 2183 3416 ferocitatis
2215 3372 2252 3411 a
2290 3354 2535 3412 diabolo
2575 3372 2801 3428 praeses
2849 3366 3143 3427 armatus,
3195 3362 3309 3418 sub
3360 3363 3534 3434 cujus

1860 3449 1993 3505 dira
2036 3445 2384 3502 crudelitate
2444 3444 2622 3501 totius
2653 3445 2916 3516 dignitas
2957 3449 3364 3507 Cordubensis
3394 3457 3535 3508 tunc

1865 3537 2123 3609 graviter
2151 3534 2501 3602 vexabatur,
2528 3535 2702 3607 jubet
2727 3553 2983 3611 corpora
3004 3541 3337 3614 martyriali
3366 3558 3538 3599 cruo-

1866 3645 1928 3685 re
1959 3628 2224 3700 perfusa,
2257 3626 2521 3695 vestigiis
2560 3626 2812 3682 inversis
2864 3628 3105 3701 conﬁgi,
3149 3648 3220 3688 ac
3250 3632 3536 3706 deinceps

1866 3715 2090 3772 ﬂuviali
2117 3714 2341 3786 abysso
2372 3713 2639 3772 recondi.
2668 3715 2893 3771 Eadem
2935 3723 3112 3775 nocte
3139 3719 3363 3791 ingenti
3382 3719 3535 3792 lapi-

1868 3805 2016 3860 dum
2047 3819 2226 3859 onere
2268 3802 2531 3870 alligata,
2563 3805 2884 3875 separatim
2936 3807 3279 3864 vastissimo
3313 3807 3532 3878 gurgiti

1868 3896 2327 3963 immerguntur.
2356 3892 2648 3964 Sperabat
2677 3893 2859 3948 miser
2901 3894 3209 3952 elementis
3237 3896 3536 3970 imperare

1869 3984 2196 4049 undarum,
2251 3998 2387 4054 quae
2446 3982 2830 4054 praestantius
2879 3983 3186 4040 intendere
3242 3988 3540 4042 noverant

1868 4072 2160 4129 Creatoris
2189 4071 2532 4144 imperium,
2568 4075 2633 4127 ut
2682 4072 2937 4129 creditas
2983 4074 3092 4130 sibi
3141 4092 3288 4148 opes
3317 4080 3539 4149 marty-

1867 4162 2043 4218 riales
2068 4177 2192 4217 non
2232 4159 2442 4243 solum.
2486 4176 2523 4216 a
2580 4159 2795 4217 belluis
2844 4169 3293 4234 conservarent,
3329 4182 3538 4222 verum

1866 4252 2047 4308 etiam
2100 4255 2307 4322 erepta
2337 4266 2624 4307 saxorum
2666 4252 2935 4325 pondere
2980 4254 3259 4311 membra
3296 4255 3538 4328 placido

1866 4340 2117 4410 remigio
2148 4340 2442 4395 ﬂuctuum
2471 4340 2548 4396 ad
2583 4339 2787 4397 locum
2815 4342 3033 4415 quietis
3055 4344 3358 4402 veherent.

1941 4434 2029 4486 3t.
2082 4432 2204 4501 Ego
2253 4428 2492 4484 interim
2548 4435 2828 4502 peccator
2879 4431 3183 4504 Eulogius,
3223 4434 3330 4507 qui
3373 4436 3542 4505 gesta

1868 4517 2187 4575 beatorum
2217 4534 2355 4575 meo
2406 4517 2824 4575 elucubranda
2870 4520 3025 4593 stylo
3073 4521 3309 4578 dudum
3338 4522 3540 4578 decre-

1871 4624 2095 4677 veram,
2125 4625 2265 4663 cum
2293 4624 2502 4663 rumor
2533 4614 2968 4665 consummatae
2998 4610 3305 4681 passionis
3325 4625 3540 4666 eorum

1873 4697 2097 4770 ubique
2138 4696 2517 4766 discurreret,
2550 4696 2799 4769 expletis
2831 4697 3159 4754 missarum
3207 4696 3540 4763 solemniis,

1871 4787 2145 4859 ipsorum
2171 4784 2485 4841 invisenda
2507 4801 2763 4857 corpora
2796 4786 3067 4858 quadam
3091 4791 3406 4857 vegetatus
3436 4802 3541 4843 au-

1871 4876 2046 4933 dacia
2071 4875 2209 4942 adii,
2242 4875 2352 4945 (14)
2387 4890 2456 4930 ac
2483 4874 2765 4946 proprius
2807 4891 2996 4947 quam
3022 4880 3237 4931 caetera
3268 4881 3543 4948 spectan-

1872 4966 2023 5021 tium
2056 4963 2231 5021 turba
2254 4963 2539 5020 accedere
2564 4978 2688 5018 non
2712 4962 2936 5018 veritus
2967 4979 3124 5019 sum.
3170 4966 3236 5020 Et
3265 4964 3428 5020 testis
3451 4970 3541 5022 est

1872 5054 2233 5124 Redemptor
2289 5068 2485 5120 meus,
2536 5051 2640 5123 qui
2690 5052 2806 5107 hoc
2862 5054 3366 5110 commentarium
3418 5054 3541 5111 dis-

1871 5159 2161 5200 cussurus
2177 5146 2285 5203 est,
2312 5140 2595 5213 quianon
2627 5141 2902 5211 mentior,
2928 5142 3097 5214 quod
3117 5148 3287 5201 tanta
3304 5143 3539 5200 decoris

1871 5229 2315 5305 pulchritudine
2358 5228 2561 5285 decisa
2596 5228 2699 5285 illa
2747 5229 3046 5287 cadavera
3095 5231 3428 5303 fulgebant,
3473 5234 3540 5287 ut

1873 5321 2164 5385 crederes,
2195 5320 2243 5375 si
2297 5335 2334 5375 a
2390 5334 2705 5391 quoquam
2751 5320 3212 5392 sciscitarentur,
3263 5320 3539 5394 protinus

1872 5413 2171 5470 locutura.

1945 5506 2035 5558 32.
2064 5498 2341 5557 Nonnulli
2371 5498 2553 5557 etiam
2585 5515 2617 5557 e
2658 5500 2837 5557 turba
2867 5498 3181 5570 gentilium
3202 5497 3536 5571 venientes,

1874 5589 2196 5648 sumebant
2219 5589 2455 5663 lapillos
2487 5589 2776 5658 ﬂuminis,
2809 5590 2909 5663 qui
2945 5604 3156 5646 cruore
3198 5592 3536 5662 martyrum

175 5728 200 5754 ⁸
218 5722 387 5778 Deest
414 5728 469 5779 et
506 5720 566 5777 in
600 5722 796 5778 Schot.
832 5725 890 5776 ct
919 5718 1211 5786 Bolland.,
1257 5718 1365 5773 sed
1404 5717 1597 5775 habet.
1612 5720 1769 5774 recte
1798 5718 2046 5776 Morales
2077 5714 2195 5771 alia
2224 5713 2387 5771 enim
2416 5717 2506 5769 est
2529 5713 2773 5771 tentatio
2796 5713 3164 5783 divitiarum,
3198 5712 3318 5771 alia
3346 5714 3538 5771 hono-

113 5805 260 5856 rum,
289 5809 446 5867 quas
468 5807 709 5866 semper
728 5793 824 5849 hic
862 5790 1147 5848 discernit
1174 5789 1481 5861 Eulogius.
