3960 6386
416 270 534 332 BB7

1037 277 1094 333 s.
1119 276 1400 333 EULOGli
1424 264 2006 333 ARCHIEP.TOLET.
2040 254 2253 327 mare
2284 262 2814 329 APOLOGETICUS
2837 271 3240 328 MARTYRUM.

3748 269 3871 326 ‘868

417 402 587 455 erant
624 399 875 472 aspersi,
904 402 963 455 et
1006 397 1273 471 lymphis
1328 396 1640 456 abluentes
1678 394 2073 473 projiciebant
2097 391 2146 452 Α
2188 394 2376 467 gium,
2419 402 2706 454 resonant
2744 412 2853 454 ora
2890 392 3157 452 ﬁdelium
3199 391 3551 464 congruenti
3583 393 3874 450 carmine

412 486 594 560 (15)in
610 488 931 560 pelago,ne
955 488 1301 544 Christianis
1329 488 1391 543 in
1422 488 1898 545 emolumentum
1924 486 2073 543 exis-

415 580 608 634 terent
633 576 1055 650 lipsanorum‘
1086 593 1100 629 ε
1132 577 1469 633 nescientes
1517 578 1683 651 quod
1723 576 1872 633 nihil
1904 574 2076 632 obes-

418 670 511 722 set
538 664 724 721 abhis
752 667 987 739 partem
1015 666 1301 734 adimere,
1343 665 1565 739 quibus
1589 671 1772 723 totam
1800 664 2076 721 decreve-

416 760 511 810 rat
533 753 820 810 Dominus
850 755 1197 826 passionem
1223 755 1251 795 δ
1278 755 1529 812 donare.
1572 758 1720 811 Nam
1744 752 1968 810 Credita
1996 750 2075 809 al-

416 858 633 914 garum
661 844 924 900 latibulis
952 845 1251 915 membra,
1282 848 1339 901 et
1368 845 1502 902 altis
1546 843 1916 918 abyssorum
1948 856 2074 913 gre-

416 934 552 988 miis
580 933 887 1005 deputata,
916 948 1050 1006 quae
1085 934 1206 990 tam
1231 931 1486 990 celanda
1506 950 1693 1007 quam
1713 933 1943 1007 pabula
1958 930 2075 1005 pis-

414 1021 590 1077 cibus
617 1020 1020 1079 ministranda
1051 1027 1458 1097 susceperant,
1491 1019 1648 1079 illico
1678 1022 1964 1078 divinitus
1995 1018 2074 1077 ad

417 1127 672 1184 superos
702 1116 1005 1181 revocata,
1034 1127 1161 1169 non
1199 1112 1398 1168 solum
1452 1117 1763 1185 nequeunt
1810 1108 2068 1178 retineri,

414 1215 623 1257 verum
653 1200 835 1257 etiam
878 1201 1089 1257 leniori
1137 1201 1463 1274 spiramine
1512 1199 1910 1274 rcciprocanti
1932 1196 2075 1255 ﬂuc-

413 1293 587 1345 tuum
617 1289 1030 1362 alternatione,
1070 1306 1208 1363 quae
1238 1290 1515 1364 diSpet‘Sa
1558 1290 1938 1357 tenebantur,
1986 1290 2074 1345 in-

413 1378 676 1435 columia
702 1378 1003 1436 littoribus
1043 1384 1446 1452 exponuntur.
1498 1381 1651 1436 Sane
1694 1378 1856 1436 beati
1882 1390 2076 1434 saeer~

412 1467 570 1524 dotis
596 1467 722 1523 suis
749 1482 870 1525 non
898 1470 1154 1525 haeserat
1192 1469 1527 1526 cervicibus
1562 1473 1765 1542 caput,
1814 1468 1961 1542 quia
1993 1484 2076 1523 se-

413 1556 534 1612 mel
562 1557 714 1613 illud
732 1572 855 1614 uno
881 1557 1005 1629 ictu
1034 1558 1266 1614 satelles
1297 1558 1618 1616 avulscrat.
1662 1562 1727 1615 Et
1769 1558 1905 1615 ideo
1932 1556 2075 1615 alibi

412 1650 634 1714 vertex,
674 1651 735 1702 et
759 1646 901 1703 alibi
927 1662 1147 1719 corpus
1182 1648 1496 1718 jactatum,
1531 1662 1777 1721 unoque
1831 1648 1891 1703 in
1939 1645 2073 1703 loco

2185 486 2397 555 melos,
2446 490 2852 559 prtestrepunt
2894 501 3105 543 omnes
3159 482 3375 539 divinae
3426 481 3725 539 cantionis
3760 499 3872 541 eu-

2184 574 2499 646 phoniam.
2530 574 2855 648 implentur
2886 573 3037 630 atria
3070 570 3305 629 Domini
3334 586 3646 628 murmure
3676 589 3869 629 sanc-

2183 667 2243 718 to
2284 660 2682 735 psalmorum,
2713 663 3096 735 feliciumque
3137 658 3391 718 laudum
3422 661 3606 717 odam
3637 675 3867 717 omnes

2182 752 2356 823 quasi
2382 767 2454 807 ex
2502 768 2625 808 uno
2657 768 2757 808 ore
2802 752 3152 825 persolvunt
3186 769 3199 818 ;
3255 756 3311 806 et
3342 751 3515 805 suevi
3556 755 3869 806 concentu

2182 839 2465 896 omnibus
2513 841 3031 914 percrepantibus,
3082 838 3371 912 largoque
3423 839 3628 895 fomite
3678 838 3868 895 lumi-

2180 940 2331 984 num
2360 930 2538 985 totius
2571 929 2723 986 aulae
2752 926 3162 1002 penetralibus
3186 927 3869 999 reducentibus,regem

2182 1018 2480 1075 Christum
2528 1018 2737 1076 militia
2785 1020 3108 1076 comitante
3145 1017 3482 1074 caelicolum
3512 1016 3591 1074 ad
3622 1024 3872 1090 specta-

2182 1102 2386 1163 culum
2400 1106 2544 1164 illud
2557 1108 2851 1182 ,exsequis
2871 1108 3160 1165 innuebat
3180 1107 3465 1164 interesse
3480 1110 3862 1163 sanctorum.

2254 1201 2341 1254 35.
2378 1196 2621 1270 Expleta
2651 1197 2829 1269 igitur
2863 1198 3167 1285 functione
3202 1195 3566 1285 sanctissimi
3599 1194 3864 1285 Ruderi-

2184 1285 2256 1353 ci,
2288 1286 2354 1342 iit
2396 1287 2700 1343 ardentior
2743 1284 2995 1343 cunctis
3030 1287 3277 1343 intentio
3328 1284 3671 1358 requirendi
3696 1284 3863 1341 beati

2184 1374 2522 1432 Salomonis
2539 1374 2987 1449 corpusculum,
3014 1377 3179 1450 quod
3197 1375 3482 1433 relatione
3516 1370 3855 1431 multorum

2182 1465 2412 1537 impetu
2460 1463 2725 1521 ﬂuminis
2782 1466 2908 1522 salo
2967 1465 3324 1522 credebatur
3367 1479 3503 1521 esse
3537 1464 3864 1520 transmis-

2185 1568 2341 1612 sum.
2374 1559 2524 1612 Nam
2555 1557 2683 1611 haec
2712 1555 2917 1629 opinio
2942 1556 3268 1629 providum
3299 1556 3493 1623 magis
3540 1554 3866 1609 Christico-

2184 1645 2383 1701 larum
2404 1660 2622 1701 ausum
2650 1642 3014 1713 inhibuerat,
3047 1658 3233 1717 quam
3256 1644 3461 1701 furens
3485 1643 3866 1717 conspiratio

412 1735 627 1792 sabulo
647 1742 925 1809 apertum
946 1736 1025 1793 ab
1051 1736 1270 1793 accolis
1302 1737 1480 1793 viculi
1499 1746 1540 1805 ο,
1564 1750 1688 1811 quo
1713 1736 2070 1795 vehentibus
2101 1758 2143 1825 Β
2183 1735 2478 1825 praesidis,
2511 1751 2647 1808 quae
2678 1736 3008 1791 acrioribus
3038 1735 3455 1825 ulciscendum
3484 1732 3726 1825 legibus
3763 1750 3868 1789 ex—

412 1824 593 1881 undis
621 1826 959 1898 expositum
979 1825 1190 1893 fuerat,
1224 1824 1533 1899 reperitur.

484 1918 574 1971 33.
599 1916 849 1984 Interea,
893 1915 1042 1971 dum
1075 1915 1221 1972 situs
1251 1915 1464 1989 quietis
1494 1921 1834 1973 sanctorum
1862 1914 2073 1972 notitia

410 2019 565 2078 pene
594 2003 830 2061 dierum
856 2004 1067 2075 viginti
1094 2011 1336 2078 tempus
1364 2006 1695 2073 excederet,
1736 2014 1850 2061 nec
1882 2004 2072 2061 ullum

411 2093 747 2167 apparendi
792 2094 1005 2151 darent
1040 2092 1363 2163 indicium;
1424 2095 1835 2169 quorumdam
1869 2108 1943 2151 ex
1970 2093 2075 2150 im-

411 2184 656 2257 proviso
702 2182 989 2240 relatione
1017 2184 1329 2254 gentilium
1358 2185 1651 2258 proditur,
1680 2182 2073 2242 referentibus

414 2273 529 2329 hoc
555 2270 809 2346 quidam
822 2274 1197 2346 presbytero,
1225 2276 1336 2346 (16)
1359 2275 1527 2347 apud
1548 2273 1811 2331 viculum
1843 2270 2072 2330 Tertios

412 2364 838 2431 commanenti,
870 2374 996 2437 quo
1026 2365 1464 2420 monasterium
1479 2365 1669 2421 sancti
1694 2363 2074 2421 Genesiifun-

411 2450 624 2509 datum
644 2458 751 2510 est.
778 2456 907 2519 Quo
942 2454 1153 2509 nuntio
1177 2453 1338 2508 idem
1366 2453 1649 2509 sacerdos
1696 2452 2070 2525 compulsus,

410 2543 659 2599 beatum
706 2542 967 2598 cadaver
998 2555 1122 2598 suae
1152 2538 1601 2614 deponendum
1631 2542 1903 2599 Ecclesiae
1946 2557 2075 2616 per-

413 2631 514 2701 git.
552 2631 660 2688 Cui
702 2630 976 2687 redeunti
1016 2631 1230 2700 ingens
1272 2630 1541 2686 ﬁdelium
1591 2632 1767 2688 turba
1797 2632 2070 2699 occurrit,

416 2726 617 2793 utpote
648 2736 890 2776 summo
913 2721 1332 2794 triumphaturi
1358 2721 1628 2777 debitum
1649 2723 1944 2778 honorem
1973 2722 2075 2778 de-

416 2811 680 2883 pendere
709 2809 1020 2877 anhelans,
1052 2810 1158 2883 qui
1189 2808 1331 2867 talia
1360 2826 1468 2884 pro
1492 2814 1610 2868 Deo
1644 2827 1755 2868 suo
1796 2812 1855 2868 in
1878 2828 2075 2867 exem—

415 2898 519 2971 plo
544 2899 979 2956 catholicorum
1023 2914 1146 2955 non
1173 2899 1600 2973 contempserit
1627 2901 1940 2957 sustinere.
1966 2901 2071 2972 (t7)

419 2990 488 3043 Et
509 2989 652 3061 quia
687 2988 923 3044 defectu
954 2989 1095 3045 solis
1143 3003 1414 3045 crassum
1456 2991 1842 3046 tenebrarum
1888 2991 2074 3045 chaos

414 3076 794 3145 illabebatur,
827 3082 1139 3150 totumque
1180 3078 1393 3133 mundi
1424 3084 1735 3152 aspectum
1765 3092 1887 3135 nox
1916 3092 2074 3134 caeca

414 3171 751 3223 mutaverat
804 3182 816 3233 ;
871 3167 1204 3224 ministerio
1282 3167 1659 3224 obviantium
1706 3170 2071 3242 populorum

415 3254 776 3312 multimoda
798 3256 1155 3329 lampadum
1182 3256 1312 3321 face
1352 3258 1707 3314 tenebrosus
1739 3259 1954 3315 horror
1982 3275 2067 3313 ex-

414 3346 672 3420 pellitur,
704 3347 857 3403 adeo
905 3352 988 3415 ut,
1039 3348 1226 3404 nimio
1283 3348 1604 3421 splendore
1651 3350 1857 3406 omnia
1908 3349 2072 3405 illus-

415 3440 629 3503 trante,
658 3435 996 3491 redivivum
1012 3438 1400 3494 ostentaverit
1423 3452 1545 3495 nox
1569 3438 1670 3496 illa
1698 3436 1858 3495 diem
1890 3454 2075 3495 emer-

417 3536 576 3595 gere.
617 3525 865 3580 Flebant
890 3538 1104 3582 omnes
1132 3536 1258 3598 prae
1306 3527 1548 3596 gaudio,
1585 3528 1953 3585 miscebatur
1978 3529 2074 3585 tri-
2110 3556 2113 3559 ι

416 3613 615 3687 pudiis
645 3613 860 3685 luctus,
892 3618 948 3670 et
986 3615 1152 3670 nulla
1197 3617 1581 3672 contrahente
1605 3642 1609 3647 ο
1636 3618 1918 3673 maestitia
1945 3617 2072 3672 vul-

415 3706 564 3774 tum,
594 3703 761 3776 pium
789 3703 1145 3760 refundebat
1175 3702 1403 3777 pupilla
1429 3703 1784 3761 Iumentum.

486 3796 575 3850 34.
602 3792 787 3849 Adest
812 3798 870 3849 et
892 3792 1254 3849 venerabilis
1287 3792 1575 3866 pontifex,
1600 3793 1863 3849 felicium
1888 3794 2071 3866 stipa-

410 3885 507 3937 tus
530 3881 773 3952 agmine
802 3881 1176 3948 clericorum,
1204 3882 1353 3938 votis
1375 3881 1818 3939 ardentioribus
1851 3881 2071 3937 talibus

410 3969 699 4026 interesse
719 3970 1067 4027 festinantes
1097 3971 1533 4044 exsequiis,qui
1562 3986 1708 4027 mox
1731 3975 1968 4027 sanctas
1985 3986 2075 4027 re-

410 4058 629 4130 liquias
654 4058 1077 4129 adeunt,(t8)et
1098 4059 1359 4131 inclytus
1382 4058 1588 4132 papad
1618 4065 1799 4133 caput
1826 4061 2068 4132 detegit,

412 4146 702 4202 etosculis
716 4151 927 4202 sancta
938 4147 1214 4203 membra
1224 4146 2073 4206 demulceLRedolentsecreta

413 4233 693 4302 cubiculi,
722 4248 845 4307 quo
860 4235 1027 4306 prius
1043 4234 1288 4291 beatum
1306 4248 1524 4309 corpus
1550 4238 1834 4295 sacerdos
1856 4239 2070 4295 intule-

410 4328 524 4391 rat,
543 4323 697 4379 miro
727 4324 1033 4380 suavitatis
1065 4324 1273 4392 odore,
1300 4332 1635 4400 cunctaque
1657 4327 1883 4385 cellulae
1907 4329 2073 4402 pavi-

410 4416 615 4470 menta
641 4413 823 4469 etiam
852 4413 1055 4470 ablato
1070 4414 1316 4488 pulvere
1342 4415 1538 4474 ferunt
1558 4416 1910 4489 aliquandiu
1933 4434 2074 4474 sua-

2183 1824 2550 1897 ploratorem
2596 1825 2989 1899 reliquiarum
3019 1826 3396 1899 promiserat.
3430 1824 3681 1893 Etenim,
3716 1841 3868 1881 cum

2182 1914 2418 1971 nullum
2447 1913 2686 1971 latentis
2716 1916 2984 1989 corporis
3015 1916 3262 1971 instaret
3284 1913 3601 1980 indicium,
3639 1929 3865 1969 move-

2181 2009 2390 2078 retque
2416 2021 2628 2062 omnes
2673 2018 2811 2079 spes
2858 2006 3266 2062 beneﬁcentiae
3300 2005 3421 2075 Dei,
3451 2003 3556 2078 qui
3588 2004 3865 2061 revelare

2182 2093 2461 2152 abstrusa
2490 2100 2547 2151 et
2575 2101 2783 2168 aperta
2813 2094 3071 2152 condere
3095 2092 3424 2163 consuevit,
3452 2094 3863 2168 praerogativa

2181 2184 2452 2257 quodam
2486 2183 2672 2241 modo
2704 2181 3031 2241 divinitatis
3060 2185 3348 2257 potentia,
3376 2201 3500 2257 qua
3528 2184 3591 2251 in
3614 2183 3773 2240 coelo
3800 2191 3860 2239 et

2181 2273 2243 2329 in
2273 2277 2449 2347 terra,
2482 2274 2544 2329 in
2576 2274 2729 2330 mari
2765 2280 2822 2331 et
2868 2274 2930 2331 in
2973 2270 3212 2347 abyssis
3242 2275 3449 2331 omnia
3473 2290 3859 2348 quaecunque

2181 2361 2307 2418 Vult
2335 2362 2591 2430 ordinat,
2621 2363 2887 2436 disponit
2914 2368 2971 2419 et
2999 2363 3138 2420 facit
3167 2382 3179 2432 ;
3214 2362 3411 2420 subito
3436 2380 3544 2437 per
3564 2364 3854 2436 quietem,

2181 2466 2305 2523 quo
2355 2453 2471 2507 situ
2528 2467 2750 2525 corpus
2800 2453 3079 2524 martyris
3137 2451 3466 2517 delitescat,
3498 2450 3855 2524 praedictum

2183 2539 2471 2597 admonet
2509 2538 2901 2597 sacerdotem.
2937 2542 3208 2614 Cumque
3267 2540 3549 2598 sacerdos
3604 2557 3857 2597 monen-

2182 2633 2303 2685 tem
2337 2630 2411 2685 de
2436 2629 2569 2685 loco
2601 2630 2692 2685 sui
2722 2628 2955 2685 latibuli
2983 2630 3400 2700 sciscitaretur,
3430 2646 3613 2703 seque
3639 2630 3855 2685 instrui

2182 2724 2493 2791 quaereret,
2526 2717 2691 2791 quod
2733 2719 3087 2791 explorandi
3117 2725 3316 2776 tenere
3346 2718 3654 2775 debuisset
3691 2717 3848 2774 indi-

2184 2807 2343 2863 cium
2392 2824 2405 2862 z
2457 2811 2578 2863 «in
2603 2805 2727 2873 illa,
2761 2807 2971 2881 inquit,
3008 2809 3141 2882 ripa
3188 2809 3480 2873 ﬂuminis,
3534 2824 3671 2882 quae
3717 2805 3852 2863 vico

2184 2894 2569 2969 Nymphiano
2593 2896 2965 2963 adsciscitur,
3000 2898 3083 2954 ibi
3107 2914 3143 2954 a
3178 2898 3661 2955 commeantibus
3696 2898 3855 2953 inter

2183 2986 2437 3043 fructeta
2461 2988 2821 3043 tamaricum
2854 2989 3177 3060 projectus,
3224 2990 3463 3061 cespitis
3494 2987 3691 3043 limosi
3715 3002 3851 3059 per-

2182 3076 2348 3132 fruor
2376 3077 2475 3132 vili
2506 3078 2801 3150 sepulcro.
2842 3101 2867 3124 ι»
2920 3078 3114 3147 Pergit
3161 3092 3407 3134 securus
3437 3076 3514 3134 ad
3545 3077 3748 3134 locum
3779 3076 3854 3133 si-

2183 3167 2370 3223 bimet
2398 3168 2681 3223 divinitus
2730 3168 3209 3225 demonstratum
3258 3168 3355 3225 ille
3406 3169 3706 3236 sacerdos,
3741 3185 3851 3225 nec

2183 3256 2351 3313 aliter
2380 3273 2567 3329 quam
2594 3258 2761 3330 quod
2803 3257 2855 3313 ei
2895 3259 3256 3315 revelatione
3288 3264 3597 3315 ostensum
3627 3265 3737 3326 est,
3766 3275 3854 3313 re-

2181 3347 2351 3418 perit.
2412 3344 2586 3412 Quod
2633 3346 2791 3403 illico
2847 3348 3100 3403 summis
3147 3348 3489 3403 reverentiae
3541 3346 3853 3420 obsequiis

2182 3440 2515 3508 comptum,
2567 3436 2645 3492 ad
2692 3437 2893 3492 vicum
2926 3437 3196 3494 Colubris
3224 3438 3571 3511 deportans,
3605 3453 3852 3493 venera-

2180 3525 2394 3586 bilium
2417 3524 2513 3580 Dei
2535 3525 2919 3581 sacerdotum
2936 3524 3133 3582 ofﬁcio
3158 3527 3220 3582 in
3239 3525 3484 3583 basilica
3502 3533 3850 3583 sanctorum

2183 3617 2412 3671 Cosmus
2444 3620 2501 3669 et
2542 3614 2815 3670 Damiani
2836 3616 3163 3671 honoriﬁce
3194 3616 3543 3677 tumulatur.
3561 3614 3855 3671 Consum-

2179 3709 2502 3758 maverunt
2532 3708 2737 3759 autem
2762 3704 2921 3761 beati
2946 3710 3243 3777 martyres
3258 3722 3516 3775 agonem
3535 3722 3714 3761 suum
3738 3710 3852 3761 ter-

2180 3791 2262 3847 tio
2288 3791 2426 3846 ldus
2459 3791 2714 3864 Martias,
2747 3793 2855 3865 (19)
2876 3811 2995 3851 aera
3016 3800 3577 3864 Dcccxcv,regnante
3594 3795 3847 3851 Domino

2178 3884 2384 3935 nostro
2412 3881 2549 3935 Jesu
2581 3880 2809 3938 Christo
2838 3883 2900 3938 in
2952 3882 3173 3939 saecula
3212 3883 3594 3939 saeculorum.
3631 3886 3845 3940 Amen.

2252 3971 2397 4024 Ecce
2426 3970 2663 4041 patroni
2693 3971 2812 4027 mei
2840 3970 3336 4040 reverendissimi,
3369 3972 3583 4029 milites
3610 3973 3843 4040 Christi,

2180 4061 2355 4113 testes
2386 4056 2608 4129 idonei,
2663 4057 2982 4117 bellatores
3034 4062 3273 4133 egregii,
3330 4064 3581 4118 victores
3610 4062 3848 4134 potissi-

2177 4147 2284 4218 mi,
2334 4152 2556 4204 tutores
2606 4153 2803 4218 gregis
2849 4150 3145 4216 catholici,
3179 4149 3613 4207 detractoribus
3640 4151 3844 4207 vestris

2178 4237 2395 4295 obvius
2424 4238 2692 4307 veniens,
2727 4239 2931 4312 eisque
2957 4257 3066 4313 pro
3086 4241 3291 4311 vigore
3328 4241 3540 4296 virium
3566 4257 3840 4297 mearum

2178 4328 2484 4400 resistens,
2514 4332 2682 4399 gesta
2707 4345 2952 4402 quoque
2983 4330 3371 4411 victoriarum
3399 4335 3734 4387 vestrarum
3762 4330 3840 4386 ad

2179 4416 2528 4491 exemplum
2574 4416 2847 4475 ﬁdelium
2877 4419 3196 4490 ordinavi;
3252 4425 3319 4476 ut
3359 4424 3483 4477 tam
3526 4420 3839 4493 proﬁceret

408 4501 641 4558 vissimi
670 4501 875 4559 odoris
923 4480 1145 4560 olfactu
1194 4504 1545 4577 respirasse.
1583 4480 1979 4562 Fitomnibus
2006 4505 2068 4562 in
2102 4480 2148 4533 Β
2178 4480 2555 4579 cupientibus
2605 4507 2689 4563 ire
2742 4507 2823 4565 ad
2875 4525 3152 4579 regnum,
3186 4480 3391 4584 (quam
3447 4480 3595 4565 mihi
3636 4524 3837 4565 occur-

410 4596 742 4664 stuporem,
767 4592 937 4665 quod
963 4592 1348 4651 inhumatum
1376 4608 1596 4667 corpus
1624 4592 1791 4651 nulla
1811 4594 2068 4668 putredo

407 4682 988 4755 insumpserit,nulla
1002 4684 1187 4758 pestis
1209 4680 1666 4749 infecerit,nulla
1681 4683 1851 4741 tabes
1870 4699 2070 4741 corru-

406 4771 576 4844 perit,
606 4768 774 4829 nulla
788 4772 1120 4831 bestiarum
1138 4772 1469 4831 altiliumve
1486 4770 1705 4829 rabida
1732 4772 1923 4828 fames
1941 4773 2066 4829 dis-

408 4860 710 4933 cerpserit,
736 4875 849 4918 nec
873 4864 1134 4936 propriae
1164 4863 1314 4919 cutis
1344 4857 1700 4934 qualitatem
1721 4864 1804 4917 tot
1832 4860 2066 4920 dierum

407 4947 715 5020 interjecta
743 4951 974 5021 capedo
1000 4952 1377 5021 degenerans
1407 4949 1832 5007 immutaverit.
1855 4951 2066 5025 Sicque

410 5037 790 5092 sacerdotum
819 5043 877 5093 et
894 5038 1307 5108 religiosorum
1336 5036 1534 5094 ofﬁcio
1555 5043 1831 5096 sanctum
1846 5056 2065 5114 corpus

409 5136 442 5179 θ
468 5122 684 5179 cellula
702 5125 1029 5181 sacerdotis
1048 5126 1435 5182 humandum
1456 5125 1720 5184 ecclesite
1744 5128 2064 5188 inferentes

415 5210 565 5270 dant
587 5212 786 5269 cuncti
812 5213 1184 5285 hymnorum
1201 5213 1526 5271 ccelestium
1554 5214 1881 5275 clamorem
1902 5234 2065 5291 egre-

476 5343 495 5369 ·
524 5337 798 5396 Libenter
823 5339 891 5393 D.
924 5337 1206 5409 Eulogius
1236 5341 1452 5397 Gramis
1476 5343 1824 5399 nominibus
1855 5345 2057 5403 utitur.

411 5413 607 5487 Graece
623 5410 785 5466 idem
805 5414 897 5465 est
916 5411 1083 5487 quod
1104 5412 1270 5487 apud
1292 5414 1526 5487 Latinos
1543 5416 2057 5487 reliquiasMouu.

479 5484 509 5525 δ
548 5485 674 5538 lmo
716 5481 1165 5552 possessiuncm‘
1191 5481 1515 5554 legendum
1550 5481 1785 5543 videtur
1833 5488 2062 5545 Bollan-

409 5553 605 5611 dianis
643 5558 784 5626 post
813 5554 1027 5609 Baron.

480 5638 504 5666 ο
536 5628 744 5680 Deesse
793 5639 1017 5702 nomen
1063 5626 1374 5698 proprium
1408 5628 1681 5702 oppiduli
1731 5630 2007 5688 existimo
2042 5650 2054 5686 :

407 5696 897 5782 nunquamenim
913 5695 1110 5779 ipsum
1126 5695 1333 5782 auctor
1344 5695 2057 5782 solet'praetermjttereln.

405 5795 476 5808 -
500 5767 620 5823 Nisi
643 5767 839 5825 Viculz'
849 5767 1161 5842 prdprium
1188 5769 1287 5830 isti
1309 5767 1527 5831 tractui
1550 5770 1744 5832 fuerit.
1762 5773 2051 5837 Bonum.

2176 4601 2330 4652 reret
2376 4596 2455 4652 ad
2505 4596 2915 4670 expiationem
2965 4598 3324 4657 facinorum.
3388 4599 3539 4666 Quia
3568 4614 3691 4654 non
3722 4597 3837 4653 dis-

2174 4683 2392 4758 plicere
2436 4686 2627 4758 vobis,
2678 4702 2814 4759 quae
2866 4686 2941 4743 de
2998 4687 3170 4745 vobis
3215 4704 3355 4746 vera
3402 4687 3661 4763 diposui,
3691 4687 3837 4743 exis-

2174 4773 2341 4842 timo,
2382 4773 2656 4849 quinimo
2685 4780 2856 4846 grata
2902 4776 3099 4844 vobis,
3140 4777 3493 4851 Christoque
3522 4775 3706 4848 digna
3731 4776 3834 4833 ob-

2173 4869 2340 4921 tentu
2379 4870 2574 4923 vestro
2618 4866 2819 4923 futura
2872 4867 3097 4924 credidi
3154 4874 3373 4925 cuncta
3428 4884 3563 4941 quae
3612 4867 3674 4922 in
3717 4865 3831 4922 hoc

2174 4968 2352 5027 opere
2406 4955 2587 5011 edidi.
2632 4956 2797 5013 Unde
2829 4956 3085 5013 obsecro
3132 4974 3239 5014 vos
3269 4974 3382 5029 ego
3415 4961 3691 5031 peccator
3723 4958 3829 5012 Eu-

2171 5042 2388 5113 logius,
2420 5057 2655 5117 pauper
2682 5044 2930 5117 meritis,
2978 5061 3229 5118 exrguus
3262 5045 3592 5117 sanctitate,
3625 5050 3679 5102 et
3707 5044 3827 5102 cul-

2171 5148 2253 5205 pa
2277 5131 2764 5201 multimodus,ut
2808 5133 2996 5205 digna
3033 5135 3381 5192 intercessio
3409 5139 3611 5192 vestra
3642 5133 3827 5191 tuitio-

2170 5237 2312 5279 nem
2341 5220 2489 5278 mihi
2510 5226 2567 5280 et
2592 5221 2746 5279 inter
2765 5223 3106 5294 ingruentia
3129 5224 3341 5281 mundi
3357 5223 3648 5283 scandala
3676 5239 3827 5297 pras-

2241 5347 2268 5424 ξι
2298 5350 2475 5404 Deest
2501 5354 2684 5424 caput
2713 5347 2785 5424 in
2819 5349 3016 5406 Schot.
3044 5354 3101 5407 et
3130 5350 3423 5419 Bolland.,
3456 5349 3824 5424 proindeque

2170 5416 2322 5496 alius
2354 5424 2442 5496 est
2470 5416 2759 5496 orationis
2796 5436 3033 5496 sensus,
3060 5438 3281 5496 nempe
3311 5416 3480 5496 (Ιαὸᾶ
3507 5416 3822 5496 episcopus

2171 5488 2574 5568 Cordubensis
2602 5490 2885 5568 reliquias
2915 5488 3228 5568 martyris:
3250 5488 3406 5568 qu'as
3437 5488 3641 5549 secum
3663 5488 3821 5567 pres-

2166 5561 2343 5642 byter
2362 5561 3428 5642 asportabatfdetexerit.'In_lectione
3459 5561 3823 5642 autern—nos-

2167 5636 2265 5714 tra_
2296 5633 2687 5714 significatur,
2719 5636 3066 5714 pontiﬁcem
3096 5637 3175 5693 ad
3205 5654 3526 5714 occursum
3555 5638 3660 5714 SS.
3694 5637 3820 5694 reli-

2165 5705 2449 5785 quiarum
2468 5705 2782 5785 proprium
2794 5721 2907 5781 cap
2915 5709 3482 5784 utdiscooperuisse,
3496 5712 3821 5785 sanctaque

2164 5774 2446 5836 membra
2468 5774 2805 5838 bsculasse.
