3960 6390
371 192 480 247 887

1463 190 1528 242 ΙΝ
1570 188 1700 272 E18.
1743 189 1786 240 ll
1830 185 2255 240 MEMORIALIS
2293 187 2720 243 SANCTORUM

3703 185 3814 240 888

375 311 497 368 alia
527 314 667 365 sunt
695 310 907 382 priscae
939 311 1368 382 recordationis
1400 309 1671 377 vestigia,
1699 311 1757 382 et
1808 307 2035 382 ibidem
2063 313 2111 366 Α
2151 325 2330 382 suum
2366 309 2637 382 victrices
2685 314 3260 382 consummaverunt
3277 309 3362 382 _in_
3393 323 3564 380 pace,
3595 307 3816 380 quinta

375 387 671 454 tanquam
693 379 954 454 alumnae
978 387 1033 454 et
1056 381 1351 454 indigenae
1377 396 1615 454 summa
1646 380 1820 435 totius
1847 379 2036 448 regio-

373 453 469 510 nis
498 452 878 522 veneratione
905 453 1199 506 coluntur.
1229 453 1351 522 Hoc
1382 452 1630 506 omnino
1661 457 2039 522 compertum

377 530 435 581 et
461 521 868 580 indubitatum
895 538 1149 581 possum
1171 521 1490 578 afﬁrmare.
1513 522 1766 577 Nomina
1783 521 1882 576 illa
1896 523 2043 576 Ber-

381 597 659 652 betanum
712 610 818 648 seu
863 593 1295 649 Urbevetanum
1329 601 1382 648 et
1417 593 1628 649 Castra
1660 595 1879 662 Bigeti,
1905 608 2040 664 quae

379 669 442 723 in
468 664 780 721 Breviariis
804 664 1174 720 nostratibus
1205 664 1502 733 leguntur,
1528 682 1600 719 ex
1627 668 1830 720 Castro
1859 662 2042 718 veteri

375 737 658 794 videntur
704 740 1004 807 corrupta.
1054 738 1242 790 Bosca
1291 752 1426 807 quae
1480 737 1623 790 urbs
1668 735 1861 803 fuerit,
1916 749 2040 788 non

423 823 641 880 essum
661 806 976 880 explicare.
1013 809 1076 880 In
1123 806 1656 880 veteri’exemplari
1685 816 1709 841 ι
1743 809 1894 862 Osca
1918 820 2042 880 non

423 825 630 864 ossum
661 825 976 879 expncare.
1013 825 1076 860 in
1123 825 1304 862 veteri
1332 825 1656 880 exemplari
1685 825 1709 841 ι
1743 825 1894 862 usea
1918 825 2039 860 non

377 825 568 936 Bosca
617 877 726 932 fuit
758 895 770 932 :
805 892 917 945 ego
970 878 1252 932 usitatum
1288 879 1480 948 magis
1511 893 1735 932 nomen
1781 875 2039 948 reposui.

378 955 529 1008 Nam
561 951 780 1006 Oscam
817 954 1114 1004 remotam
1159 947 1493 1004 admodum
1542 950 1602 1004 in
1651 947 2045 1019 Aragonensi-

379 1019 778 1103 bus_urbem,
821 1035 946 1076 non
997 1019 1176 1076 credo
1221 1020 1402 1075 fuisse
1453 1020 1758 1076 traductas
1805 1024 2044 1074 sanctas

379 1107 664 1162 Virgines.

451 1160 787 1234 («1)Nunilo
816 1168 884 1234 et
924 1162 1167 1234 Alodia.
1203 1162 1426 1234 Elodia
1457 1160 1563 1216 fuit
1591 1161 1650 1215 in
1692 1160 1892 1234 veteri.
1930 1163 2045 1234 Nos

378 1230 664 1290 Alodiam
697 1231 1402 1301 substituimus,vulgata
1428 1231 1859 1287 consuetudine
1889 1230 2043 1284 mul-

380 1309 581 1362 tarum
632 1319 740 1376 per
788 1302 1136 1375 Hispaniam
1182 1303 1606 1376 Ecclesiaruin,
1639 1319 1773 1374 qua:
1829 1301 2045 1357 festum

378 1376 603 1432 harum
633 1374 1020 1445 ‘sanetar’um_
1046 1379 1380 1445 martyrum
1431 1374 1773 1445 celebrant,
1807 1389 2045 1428 earum-

386 1445 650 1518 demque
675 1445 986 1500 historiam
1006 1443 1066 1498 in
1093 1443 1402 1518 matutinis
1430 1444 1652 1518 legunt.

460 1515 914 1588 (5)'Materteraz
944 1516 1294 1588 num’lione.
1332 1519 1527 1588 Longe
1567 1515 1866 1588 diversum
1909 1530 2048 1569 nar-

383 1585 531 1643 rant
559 1585 947 1658 matutinales
980 1602 1087 1658 per
1116 1586 1468 1658 Hispaniam
1500 1587 1801 1655 lectiones,
1826 1592 1881 1641 et
1911 1601 2048 1658 san-

386 1656 655 1724 ctoralia,
698 1673 834 1738 quas
884 1656 1116 1724 voe'ant,
1162 1656 1595 1738 manuscripta.
1644 1658 1833 1713 Orbas
1883 1657 2052 1738 nimi-
2082 1669 2121 1722 Β

384 1745 521 1784 rum
552 1727 964 1810 propinquum
993 1729 1323 1810 quemdam
1357 1727 2002 1810 tutandassuscepisse
2033 1746 2046 1794 ;

387 1799 650 1871 cumque
667 1799 730 1871 is
766 1799 1170 1871 Mahometieo
1191 1815 1387 1855 errore
1445 1805 1758 1870 teneretur,
1789 1799 1984 1870 neque
2012 1815 2051 1871 a

387 1870 601 1942 Christi
653 1870 773 1942 ﬁde
827 1875 1067 1942 sanctas
1118 1870 1378 1942 virgines
1407 1877 1610 1942 posset
1655 1877 1937 1939 avertere,
1972 1870 2050 1925 ab

393 1941 607 1999 eodem
633 1940 860 1996 delatas
891 1946 948 1996 et
976 1941 1052 1995 ad
1082 1940 1666 2010 praesidem—ductas.

466 2013 692 2084 (6)7.Sucb
724 2013 846 2067 ictu
875 2013 1072 2084 gladii
1102 2019 1482 2068 corruerunt.
1510 2013 1813 2084 Lectiones
1836 2012 1896 2066 in
1925 2014 2053 2066 Bre-

389 2082 593 2164 viariis
620 2082 796 2156 plura
819 2083 1560 2164 eademquepicntissima
1590 2083 1664 2138 de
1696 2083 1857 2164 caede
1880 2088 2052 2164 etse-

389 2153 643 2228 pultura
666 2159 1012 2228 sanctarum
1044 2153 1347 2228 sigillatim
1378 2161 1874 2210 commemorant.
1897 2157 1961 2228 _E_t
1991 2153 2052 2208 in

389 2224 820 2298 manuscriptis
848 2226 1203 2298 prasertim,
1233 2231 1296 2281 ut
1343 2230 1580 2288 vocant,
1615 2224 2052 2298 sanctoralibus

389 2295 571 2352 latius
594 2295 990 2370 continentur.
1013 2297 1152 2352 lnde
1175 2313 1717 2370 nos_apponemus,
1737 2296 2052 2370 quiacscitu

391 2372 534 2439 sunt
579 2367 955 2439 dignissima,
983 2372 1039 2423 et
1091 2383 1214 2423 non
1257 2367 1433 2439 plene
1478 2367 1820 2439 assecutum
1844 2367 2049 2422 divum

388 2437 708 2509 Eulogium
756 2437 1067 2494 historiam
1093 2437 1312 2494 harum
1346 2439 1643 2507 virginum
1671 2437 2051 2509 conﬁrmant.

465 2529 496 2563 ‹
525 2508 687 2583 Tunc
726 2511 1012 2583 praecepit
1034 2525 1139 2565 rex
1166 2509 1357 2583 lictori
1377 2509 1626 2583 dicens:
1656 2509 1902 2583 Pereute
1929 2508 2052 2578 gla-

390 2579 492 2636 dio
535 2585 593 2652 et
633 2579 945 2636 abscinde'
969 2597 1178 2652 earum
1209 2580 1426 2652 capita.
1463 2583 1537 2634 At
1563 2579 1733 2652 lictor
1767 2581 1934 2652 tertio
1960 2595 2051 2635 re-

391 2665 532 2722 gem
556 2651 882 2722 interrogat
911 2666 988 2706 an
1018 2651 1254 2706 feriret?
1285 2651 1356 2706 Et
1377 2657 1439 2705 ut
1481 2651 1676 2706 feriret
1718 2651 2054 2722 tertioicum

391 2721 680 2788 audisset,
713 2721 860 2777 dixit
906 2722 1118 2792 majori
1154 2739 1166 2776 :
1205 2723 1463 2777 Extende
1518 2722 1832 2777 cervicem.
1883 2721 2054 2776 Tunc

392 2796 606 2848 sancta
632 2791 844 2848 Nunilo
873 2791 1020 2848 dixit
1067 2793 1144 2848 ad
1193 2808 1460 2848 sororem
1491 2809 1665 2848 suam
1711 2793 2007 2848 minorem
2037 2809 2049 2847 :

391 2861 559 2929 Vide,
589 2877 911 2943 germana,
937 2879 1014 2943 ne
1037 2863 1211 2943 aliter
1253 2862 1441 2919 facias
1470 2864 2056 2943 quam-ego‘fa‘etura

396 2949 560 2989 sum.
593 2933 696 2990 Cui
749 2938 956 3016 sancta
985 2934 1198 3016 Alodia
1226 2933 1760 3016 responditz‘b‘ihil
1793 2934 2051 3016 dubites,

2150 380 2343 436 feriah
2370 380 2734 436 duodecimo
2767 381 3012 436 Kalend.
3049 379 3420 437 Novembris.
3459 403 3486 427 »

2222 453 2354 506 Haec
2377 467 2488 507 nos
2516 468 2589 508 ex
2639 453 3044 507 vetustissimo
3075 450 3402 507 Sanctorali
3434 449 3640 505 codice
3672 454 3815 505 ante

2152 527 2466 578 sexcentos
2491 538 2684 578 annos
2717 523 2973 579 Gothicis
3001 521 3206 578 litteris
3232 521 3290 576 in
3324 521 3685 576 membrana
3714 521 3818 576 de-

2151 593 2371 666 scripto
2401 594 2910 666 transcripsimus.
2946 600 2994 648 Is
3025 593 3364 666 fuitinelyti
3394 592 3646 648 eaanobii
3677 608 3817 666 san-

2152 665 2226 719 cti
2269 663 2425 720 Petri
2474 665 2548 720 de
2599 663 2915 721 Cardenna
2960 663 3499 731 Benedictinorum,
3531 679 3691 718 nunc
3751 663 3816 718 in

2150 736 2314 803 regio
2346 737 2533 791 sancti
2559 737 2854 791 Laurentii
2877 735 3490 807 llieronymianorum
3516 737 3814 807 servatur.

2153 807 2237 879 lbi
2267 807 2328 860 in
2350 806 2519 879 titulo
2549 808 2836 879 scriptum
2860 806 2968 879 fuit
2996 805 3208 879 passas
3229 806 3408 861 fuisse
3431 811 3668 861 sanctas
3698 805 3816 860 vir-

2153 877 2320 946 gines
2352 877 2466 932 sub
2497 877 2765 933 Zumahil
2797 877 3070 949 praeside,
3104 894 3224 932 tera
3253 882 3450 949 tamen
3483 883 3585 949 aut
3614 892 3816 949 annus

2155 948 2425 1017 signatus
2450 964 2571 1004 non
2594 949 2721 1004 fuit.
2749 947 2861 1005 Sed
2883 965 3022 1004 cum
3044 948 3312 1006 Octobris
3333 947 3461 1003 dies
3486 947 3818 1016 vigesimus

2152 1020 2384 1100 primus
2412 1019 2491 1075 ibi
2524 1020 2810 1100 signetur,
2839 1019 2986 1100 et,
3019 1021 3292 1092 quintam
3321 1019 3527 1100 feriam
3555 1035 3624 1074 eo
3648 1033 3817 1100 anno

2153 1090 2436 1145 incidisse
2475 1091 2562 1164 usit
2610 1090 3088 1164 superadditum,
3142 1107 3215 1146 ex
3265 1097 3552 1146 consueta
3581 1094 3820 1164 nostra.

2155 1162 2562 1217 astronomica
2606 1159 3053 1230 computatione
3098 1166 3352 1227 constat,
3385 1177 3546 1216 anno
3578 1159 3820 1216 Domini

2155 1232 2649 1305 octingentesimo
2683 1233 3152 1305 quadragesimo
3194 1239 3431 1288 sanctas
3455 1231 3718 1305 virgines
3751 1231 3818 1285 in

2158 1303 2364 1358 Christi
2395 1303 2770 1360 confessione
2792 1304 2973 1359 fuisse
2996 1309 3333 1360 coronatas.
3355 1308 3406 1358 Is
3431 1303 3591 1358 enim
3618 1317 3820 1356 annus

2156 1379 2296 1446 post
2337 1374 2577 1448 triginta
2625 1375 2908 1448 integras,
2941 1375 3092 1448 eyeli
3137 1374 3347 1448 solaris
3392 1374 3819 1448 conversiones

2157 1444 2356 1518 nonus
2385 1446 2574 1518 fuitin
2607 1444 2910 1518 trigesima
2932 1444 3154 1518 primat
3180 1447 3310 1518 Fuit
3355 1451 3555 1500 autem
3587 1444 3819 1518 bissex:

2160 1520 2273 1582 tus,
2310 1516 2640 1642 habuitque
2684 1515 2904 1572 litteras
2930 1515 3320 1572 dominicales
3357 1519 3398 1572 Ι)
3423 1521 3484 1573 (3.
3509 1519 3576 1571 Et
3600 1531 3739 1569 cum
3777 1515 3820 1567 C

2160 1587 2348 1641 mensi
2396 1589 2537 1642 Octo
2586 1588 2633 1642 ri
2676 1588 3012 1642 deserviret.
3048 1587 3176 1642 dies
3219 1587 3540 1642 vigesimus
3587 1586 3820 1642 primus

2160 1587 2348 1641 mensi
2396 1586 2633 1642 Octobri
2676 1588 3012 1654 deserviret,
3048 1587 3176 1643 dies
3219 1587 3540 1657 vigesimus
3587 1586 3824 1658 primus

2161 1658 2221 1714 in
2253 1658 2528 1729 quintam
2556 1658 2763 1713 feriam
2785 1659 3011 1714 incidit.

2233 1727 2305 1799 (Τ)
2342 1730 2660 1785 Undecimo
2699 1731 2834 1786 Kal.
2871 1732 3016 1786 Cum
3039 1728 3214 1784 divus
3244 1727 3608 1799 Eulogiusiin
3633 1741 3820 1796 anno,

2161 1798 2667 1864 ut'ostendimus,
2701 1801 3056 1864 aberrasset,
3105 1799 3244 1854 inde
3291 1799 3470 1854 etiam
3515 1798 3642 1853 dies
3697 1813 3823 1852 non

2161 1875 2358 1942 potest
2382 1885 2537 1926 recte
2559 1872 2802 1940 signari.
2838 1875 2902 1926 Et
2929 1872 2990 1926 in
3027 1870 3278 1942 Ursuardi
3305 1870 3824 1942 quidcm_marty-

2160 1939 2393 2010 rologio
2440 1939 2800 2010 vigesimum
2854 1941 3188 1996 secundum.
3219 1939 3490 1997 Octobris
3524 1939 3685 1994 diem
3737 1939 3822 2010 fe:

2161 2009 2320 2067 stum
2348 2009 2566 2067 harum
2617 2019 2963 2068 sanctarum
3005 2012 3306 2082 virginum
3346 2017 3621 2082 occupat,
3653 2009 3823 2083 quod

2161 2088 2214 2138 et
2258 2083 2318 2137 in
2369 2084 2677 2148 Breviariis
2725 2083 3093 2140 nostratibus
3143 2089 3444 2149 servatur;
3477 2083 3582 2136 sed
3611 2097 3822 2151 legum

2162 2153 2516 2234 Diplomata,
2551 2160 2630 2234 ut
2672 2154 3196 2234 mox__apparebit,
3238 2153 3816 2234 diem__.vigesimu_m

2159 2225 2427 2298 primum
2470 2230 2768 2298 astruunt.
2804 2228 2868 2280 Et
2899 2225 3338 2298 omnesferme
3393 2225 3688 2298 Hispaniae
3723 2227 3824 2278 Ec-

2162 2295 2350 2351 clesiae
2376 2296 2728 2351 earumdem
2777 2298 3079 2366 virginum
3111 2295 3327 2351 festum
3379 2295 3819 2350 concelebrant.

2164 2367 2374 2440 Tanta
2401 2367 2510 2440 fuit
2536 2367 2598 2422 in
2627 2368 2852 2424 eisdem
2903 2367 3174 2440 martyrii
3231 2367 3576 2440 prmstantia
3607 2373 3664 2422 et
3693 2366 3824 2422 illu-

2163 2439 2296 2493 stris
2327 2437 2587 2493 claritas.

2234 2510 2308 2581 (8)
2339 2509 2602 2575 Quarum
2638 2525 2913 2578 corpora.
2951 2509 3096 2581 Hine
3127 2511 3338 2581 postea
3367 2507 3584 2564 educta
3625 2507 3687 2581 in
3717 2508 3823 2562 Le-

2164 2579 2410 2648 gerensc
2457 2581 2646 2636 sancti
2691 2580 3008 2637 Salvatoris
3063 2579 3430 2649 edenobium,
3479 2579 3643 2651 quod
3694 2593 3818 2651 non

2162 2651 2372 2722 procul
2401 2651 2735 2706 admodum
2766 2651 2945 2707 distat
2965 2653 3055 2777 aut
3082 2651 3366 2721 diximus)
3401 2650 3538 2705 sunt
3570 2650 3818 2705 transla-

2165 2729 2242 2777 ta.
2276 2724 2344 2776 Et
2379 2738 2736 2777 quanquam
2781 2738 2904 2777 uno
2952 2722 3051 2777 ilo
3099 2722 3335 2777 Innigui
3382 2722 3585 2776 Aristaa
3637 2721 3818 2777 regis.

2165 2721 2242 2777 ta.
2276 2724 2344 2794 Et
2379 2738 2904 2794 quanquamiuno
2952 2721 3051 2794 illo
3099 2722 3335 2794 innigui
3382 2722 3585 2794 Aristaa
3637 2721 3818 2794 regis,

2161 2793 2328 2864 quod
2381 2791 2590 2864 s‘upra‘
2618 2793 2948 2859 retulimus,
2996 2793 3323 2864 diplomate
3373 2793 3514 2848 satis
3563 2791 3823 2847 haae’sit

2164 2863 2373 2920 testata
2409 2863 2735 2936 translatio,
2759 2864 2901 2919 libet
2932 2863 3133 2936 tamen
3175 2863 3297 2919 duo
3328 2864 3450 2936 alia
3491 2879 3818 2936 apponere,

2162 2951 2301 3007 quae
2351 2935 2682 3007 exieodem
2743 2935 3052 3005 Legerensi
3102 2935 3467 2990 monasterio
3501 2935 3821 3007 descripta

393 3019 706 3078 germana,
724 3003 891 3078 quod
912 3021 1022 3078 ego
1045 3004 1212 3060 aliter
1232 3003 1469 3078 faciam.
1489 3006 1816 3078 Statimque
1846 3011 2056 3061 sancta
2085 3019 2125 3075 ο
2165 3003 2304 3061 eum
2333 3006 2534 3061 multis
2560 3006 2689 3061 aliis
2718 3003 3061 3062 habuimus.
3094 3009 3159 3062 Et
3179 3023 3440 3078 quorum
3462 3005 3647 3078 altero
3677 3003 3818 3078 eon-

395 3075 612 3148 i‘lunilo
641 3075 829 3148 alacri
851 3077 1055 3148 animo
1085 3076 1419 3148 prosiliens,
1442 3075 1846 3148 apprehensis
1879 3077 2053 3132 crini-

390 3147 510 3203 bus
559 3151 740 3217 eaput
785 3147 899 3202 sibi
948 3147 1390 3217 circumligans,
1421 3147 1562 3203 dicit
1605 3147 1678 3203 ad
1738 3147 2048 3203 lictorem:

393 3217 525 3274 Feri
549 3217 846 3274 velociter.
872 3217 968 3274 llle
997 3218 1295 3274 elevatum
1320 3218 1381 3274 in
1424 3218 1611 3274 altum
1659 3219 1926 3287 gladium
1955 3220 2055 3274 de-

393 3289 599 3362 posuit
629 3306 1005 3362 superieam:
1031 3307 1152 3362 non
1165 3291 1241 3362 in
1268 3289 1537 3345 medium
1559 3290 1802 3362 cervicis
1827 3289 2050 3357 locum,

397 3359 507 3433 sed
529 3359 592 3414 in
621 3359 1009 3433 mandihulas
1038 3360 1562 3433 illud_deponens;
1595 3361 1760 3433 unde
1807 3377 1916 3416 nec
1949 3377 2052 3433 pe-

395 3429 558 3485 nitus
599 3434 781 3502 caput
823 3431 977 3504 ejusf
1010 3431 1281 3487 abscidit.
1297 3429 1709 3504 'iCadenteque
1748 3432 1810 3486 in
1835 3429 2052 3504 terram

397 3501 1013 3572 corpore,’paululum
1061 3518 1236 3558 crura
1272 3503 1401 3572 ejus
1432 3501 1661 3558 nudata
1690 3507 1846 3558 sunt.
1881 3502 2055 3568 Quod

397 3585 649 3654 cernens
679 3588 851 3654 soror
869 3573 1037 3654 ejus,
1050 3573 1367 3654 festinans,
1397 3579 1696 3654 protracta
1718 3578 2054 3654 v_este_con-

393 3643 558 3697 texit.
580 3643 708 3708 Quo
733 3643 890 3699 facto
916 3643 1233 3700 multitudo
1248 3643 1565 3700 hominum
1592 3646 1860 3700 miratur.
1888 3645 2052 3700 Fide-

389 3710 482 3769 les
512 3713 879 3784 gaudebant,
903 3715 1177 3787 inﬁdeles
1208 3715 1616 3771 tabescebant.
1652 3715 1919 3787 Dixitque
1951 3715 2055 3770 ini-

391 3799 552 3857 quus
598 3801 703 3841 rex
745 3786 1013 3842 carniﬁci
1042 3805 1054 3842 :
1088 3787 1222 3843 Sine
1253 3787 1620 3857 modorzrnec
1664 3785 1857 3840 ferias'.
1893 3789 2053 3842 Tune

392 3855 471 3910 ad
503 3862 779 3928 sanctam
819 3857 1096 3912 Alodiam
1123 3857 1268 3928 dixit
1303 3876 1314 3912 :
1352 3856 1504 3928 Quid
1552 3857 1818 3928 proderit
1849 3857 1972 3924 tibi,
2006 3858 2053 3913 si

389 3926 668 3982 moriaris
686 3928 714 3984 ‘2
739 3929 1020 3984 Consenti
1047 3927 1243 3994 nobis,
1276 3932 1332 3982 et
1360 3927 1527 3982 vives
1553 3926 1882 3983 nobiseum
1913 3945 2051 3985 eum

390 3996 582 4052 multo
639 3998 886 4070 honore.
945 3999 1173 4064 Quibus
1230 4003 1460 4069 martyr
1501 3999 1807 4070 respondit
1859 4017 1870 4054 :
1924 4003 2050 4056 Non

388 4069 762 4150 consentiam
796 4086 809 4123 :
835 4069 1070 4150 festina,
1098 4074 1341 4150 percute
1373 4084 1468 4123 me
1499 4086 1572 4124 ne
1612 4069 1750 4150 sola
1775 4087 2045 4150 pergam,

381 4134 459 4192 Et
505 4136 747 4193 elevans
793 4138 1022 4205 oculos,
1054 4134 1201 4194 vidit
1243 4139 1512 4194 animam
1565 4134 1794 4196 sororis.
1833 4134 1954 4198 suae
1985 4134 2047 4198 in

389 4205 691 4280 columba:
723 4208 919 4280 specie
950 4209 1178 4279 angelis
1211 4210 1663 4279 circumdatam,
1694 4217 1749 4267 et
1769 4213 2042 4270 dicebat:

388 4279 1163 4357 Exspecta‘me,_ge_rmana,
1177 4288 1473 4357 cxspecta
1497 4299 1594 4339 me
1635 4284 1965 4357 modicum.
2001 4288 2044 4341 O

388 4297 681 4350 Exspecta
705 4297 826 4350 me,
853 4297 1163 4347 germana,
1195 4297 1298 4336 exs

385 4347 543 4404 mira
583 4349 772 4405 virtus
817 4349 1139 4407 Altissimi!
1175 4297 1341 4408 Pueﬁ

383 4417 566 4499 longe
593 4419 917 4499 micantem
965 4438 1174 4479 cavere
1204 4439 1326 4480 non
1361 4417 1706 4499 poteratfin
1736 4427 2043 4499 propriam

384 4489 678 4570 cervicem
708 4492 1140 4570 descensurum
1165 4512 1287 4552 non
1316 4489 1657 4570 pertimuit,
1669 4489 1786 4570 sed
1831 4489 2043 4570 appre-

380 4558 637 4642 hensam
664 4564 1027 4642 syndonem.
1060 4558 1582 4642 quacvest'iebatur,
1616 4558 1726 4622 sibi
1774 4567 1830 4642 in
1867 4558 2041 4642 cruce

379 4631 663 4716 alligavit,
693 4631 750 4716 et
769 4636 998 4708 capillis
1020 4631 1143 4694 suis
1175 4639 1389 4695 faciem
1416 4631 1586 4716 suam
1617 4640 1873 4694 extersit.
1901 4640 2042 4716 inde

375 4701 546 4791 ﬂexis
576 4701 831 4790 genibus
843 4701 1046 4791 'super
1074 4725 1293 4791 corpus
1342 4711 1564 4791 sororis
1611 4725 1758 4778 suae,
1785 4711 2043 4791 praebuit

376 4790 440 4856 se
469 4778 827 4856 percussori,
859 4778 966 4852 qui
997 4796 1119 4837 uno
1148 4778 1269 4856 ictu
1297 4786 1481 4856 caput
1507 4781 1637 4851 ejus
1682 4778 2035 4856 amputavit.

378 4845 592 4920 Sicque
630 4845 926 4923 martj're's
970 4867 1096 4907 una
1144 4851 1262 4923 die,
1301 4845 1423 4908 una
1468 4845 1640 4921 hora,
1683 4845 2041 4925 martyrium

375 5017 388 5032 .
447 4961 476 5033 ξ
512 4953 686 5033 Quod
713 4955 813 5033 sio
826 4955 1002 5012 fuerit
1023 4956 1084 5012 in
1106 4957 1288 5033 veteri
1318 4955 1647 5033 exemplari
1662 4971 1778 5011 nos
1800 4958 2040 5033 penitus

369 5020 631 5087 induxit,
665 5029 730 5080 ut
771 5027 920 5084 Osca
945 5043 1070 5084 non
1098 5030 1290 5084 Bosca
1317 5027 1380 5082 in
1420 5020 1584 5099 textu
1632 5020 2034 5099 posuerimus,

371 5105 558 5172 quem
577 5109 796 5172 parum
817 5102 975 5172 recte
996 5099 1242 5172 Moraies
1263 5098 1607 5172 emendavit
1622 5114 1795 5172 :Anam
1826 5098 2038 5172 praeter

368 5166 918 5248 vetustumnEulogii
935 5169 1263 5248 exemplar,
1285 5168 1450 5248 quod
1469 5184 1572 5248 eas
1584 5166 1852 5248 cvirgines
1871 5175 2035 5228 Oscae

366 5248 580 5305 passas
597 5236 773 5308 refert
788 5255 861 5293 ex
878 5236 1250 5293 confessione
1269 5236 1539 5307 ejusdem
1556 5242 1801 5308 Moralis,
1819 5259 2032 5298 omnes

362 5307 779 5381 martyrologi,
793 5311 1096 5381 praeeunte
1123 5310 1390 5365 Usuardo
1409 5316 1463 5366 et
1484 5327 1700 5379 agmen
1719 5314 2032 5370 claudente

361 5373 642 5458 guronio,
665 5373 774 5458 qui
794 5373 901 5434 eas
932 5387 1430 5458 commemorant,
1456 5373 1615 5458 idem
1648 5385 2028 5441 conﬁrmant.

364 5445 473 5528 Ubi
517 5445 719 5504 autem
747 5450 876 5528 haec
902 5448 1023 5528 .sita
1076 5447 1251 5528 fuerit
1283 5445 1452 5528 Osca,
1487 5455 1718 5528 variant
1756 5463 2031 5528 auctores

360 5515 682 5589 adhueque
731 5519 845 5573 sub
897 5519 1094 5588 judice
1124 5520 1195 5576 lis
1245 5527 1352 5579 est.
1389 5515 1738 5582 Franciseus
1772 5527 2029 5583 Didaeus

358 5588 567 5669 Aynsa
579 5588 650 5668 :et
667 5589 874 5669 triarte
893 5593 1338 5669 probatissima
1355 5598 1506 5652 Osca
1524 5599 1896 5668 Aragonensi
1922 5599 2026 5654 de-

358 5659 547 5741 certat
574 5659 634 5738 in
658 5659 1087 5741 ejus_historia,
1108 5663 1209 5721 lib.
1240 5682 1297 5741 li,
1325 5685 1456 5741 cap.
1494 5659 1864 5741 3-iretv35,cui
1894 5670 2028 5725 licet

356 5731 668 5809 {emissi‘ve
723 5731 1082 5809 as_t_i_p_ulatur
1133 5731 1454 5809 perdOetus
1527 5740 1616 5794 vir
1670 5741 2026 5796 Emmanuel

357 5796 536 5854 Riseo
586 5804 733 5857 tom.
779 5796 979 5864 XXXI“
1022 5796 1186 5884 Hisp.
1222 5827 1398 5883 sacr.,
1431 5816 1602 5868 tract.
1645 5812 1737 5881 69,
1766 5827 1899 5883 cap.
1937 5815 2024 5878 19,

2165 3081 2330 3150 stare
2360 3078 2574 3150 poterit
2595 3079 2658 3132 21
2700 3078 2967 3133 Octobris
2996 3093 3119 3133 non
3158 3076 3248 3149 2'2,
3282 3083 3520 3134 sanctas
3562 3076 3818 3148 virgines

2162 3148 2518 3204 occubuisse
2529 3193 2540 3204 .

2235 3241 2263 3269 «
2315 3223 2448 3275 Era
2497 3219 2817 3275 millesima
2875 3219 3252 3288 sexagesima
3316 3219 3392 3274 de
3459 3217 3819 3274 duodecimo

2165 3289 2292 3345 Kal.
2341 3291 2692 3346 Novembris
2723 3301 2766 3353 ο.
2813 3291 3083 3346 Sanctius
3143 3291 3338 3360 major
3367 3306 3471 3346 rex
3517 3293 3814 3359 Navarrae,

2163 3366 2219 3416 et
2250 3361 2536 3431 Castellae,
2567 3367 2622 3417 et
2651 3363 2962 3431 Aragoniae
2985 3362 3122 3417 facit
3151 3363 3227 3417 ad
3258 3360 3810 3416 corroborationem

2163 3432 2388 3488 ordinis
2420 3435 2608 3488 sancti
2653 3433 2946 3488 Benedicti
2991 3433 3241 3488 domino
3287 3438 3343 3488 et
3386 3433 3676 3501 magistro
3707 3448 3817 3486 suo

2166 3505 2400 3575 Sanctio
2427 3505 2711 3575 episcopo
2742 3505 3130 3560 donationem
3175 3509 3232 3559 et
3265 3503 3577 3574 Legerensi
3616 3519 3817 3575 coeno-

2161 3573 2285 3646 bio,
2313 3573 2482 3646 quod
2508 3580 2594 3630 est
2632 3573 2955 3630 fundatum
2987 3575 3047 3630 in.
3079 3576 3305 3630 honore
3337 3573 3524 3630 Sancti
3553 3573 3819 3629 Salvato-

2161 3645 2369 3724 ri‘stet
2403 3647 2683 3724 continet
2721 3647 2997 3724 membra
3043 3647 3342 3724 virginum
3388 3651 3443 3701 et
3483 3651 3817 3724 martyrum

2163 3715 2373 3770 Christi
2402 3717 2711 3772 Nunilonis
2745 3723 2801 3773 et
2826 3717 3052 3772 Alodiaa
3107 3715 3245 3772 eum
3275 3715 3817 3772 innumerabilibus

2163 3791 2508 3868 sanctorum
2526 3788 3253 3869 _re_liquiis._Considerans
3284 3788 3444 3869 enim
3473 3803 3712 3860 semper
3743 3787 3816 3868 de

2161 3856 2414 3932 inimicis
2447 3859 2571 3913 suis
2602 3856 3021 3932 triumphasse,
3055 3867 3107 3915 et
3140 3875 3352 3932 omnes
3379 3858 3512 3932 illos
3557 3856 3665 3930 per
3705 3858 3816 3932 eir:

2161 3928 2386 3984 cuitum
2415 3945 2592 3984 suum
2616 3930 2730 3986 sibi
2752 3928 3144 4001 subjugasse;
3179 3930 3390 4002 videns
3422 3928 3622 3991 etiam,
3651 3928 3817 4002 quod

2161 4004 2297 4072 post
2343 4003 2682 4057 Maurorum
2754 4000 3128 4057 invasionem
3194 4000 3326 4056 laici
3395 4000 3816 4072 saecularisque

2159 4070 2309 4145 crdo
2356 4072 2660 4145 ‘Eeelesias
2711 4075 2891 4129 totius
2935 4072 3241 4145 hispania:
3303 4070 3818 4145 habuerunt,__eas

2158 4142 2573 4198 ecclesiasticis
2635 4145 2773 4198 viris
2825 4142 3060 4199 tradere
3107 4143 3388 4198 decrevit.
3444 4145 3512 4199 Et
3563 4142 3816 4198 audiens

2157 4212 2316 4287 beati
2343 4215 2641 4287 Benedicti
2669 4215 3005 4270 doctrinam
3049 4214 3272 4287 ubique
3304 4213 3567 4272 rutilare.
3599 4215 3817 4281 cogita-

2161 4284 2244 4358 vit
2285 4285 2539 4357 qualiter
2581 4286 2641 4340 in
2693 4287 3038 4358 regionibus
3072 4284 3214 4358 suis
3245 4301 3380 4340 eam
3422 4291 3633 4358 posset
3661 4290 3816 4358 tran-

1342 4369 1377 4409 a
1419 4354 1872 4437 quaegiadium
1920 4371 2043 4437 non
2073 4373 2119 4428 ι)
2157 4354 2478 4437 ΞΡΙᾶᾗῐδεξθ..
2538 4359 2606 4437 Et
2634 4354 2873 4437 mittens
2909 4357 2988 4437 ad
3030 4354 3812 4437 Cluniacensc'cmno'.)ium,

2155 4428 2424 4483 evocavit
2452 4427 2592 4482 inde
2622 4427 2908 4484 abbatem
2940 4430 3262 4483 Paternum
3291 4434 3345 4482 et
3371 4442 3510 4482 cum
3541 4427 3641 4482 illo
3692 4442 3816 4496 gre-

2154 4499 2783 4572 gem_monachorum,
2813 4516 2968 4572 quos
2998 4499 3057 4554 in
3080 4498 3410 4570 ascystcrio
3437 4497 3625 4572 sancti
3643 4499 3816 4553 Joan-

2151 4569 2244 4622 nis
2285 4569 2558 4639 Baptistre
2601 4569 2919 4626 constituit.
2959 4572 3126 4624 Nune
3163 4569 3308 4623 vero
3360 4569 3676 4640 praedictus
3714 4585 3812 4623 rex

2154 4640 2424 4712 Sanctius
2457 4642 2739 4712 praedicto
2767 4644 3020 4697 Domino
3042 4647 3100 4696 et
3125 4642 3413 4712 magistro
3436 4656 3545 4695 suo
3579 4640 3814 4696 Sanctio

2150 4709 2724 4790 episeopo—devota
2793 4717 2992 4790 mente
3049 4711 3438 4790 commendat
3493 4714 3548 4765 et
3601 4726 3813 4765 conce-

2149 4780 2235 4836 dit
2263 4780 2617 4862 prédietum
2652 4783 3085 4862 monasterium
3133 4786 3462 4862 Legerense
3499 4798 3638 4862 eum
3670 4798 3813 4862 pos-

2150 4851 2538 4924 sessionibus,
2565 4870 2722 4926 quas
2767 4861 3174 4910 antecessores
3201 4870 3370 4924 reges
3413 4853 3466 4909 ei
3497 4851 3811 4919 dederunt,

2147 4975 2316 5015 num.
2346 4967 2399 5016 7.
2435 4963 2546 5016 RR.
2594 4964 2682 5017 Fr.
2725 4961 3040 5018 Mohedani
3074 4965 3216 5017 tom.
3251 4963 3295 5015 V
3343 4961 3553 5016 Hister.
3594 4959 3811 5021 Litter.,

2145 5029 2248 5086 lib.
2281 5048 2355 5100 IX,
2379 5034 2407 5099 §
2429 5035 2483 5100 2,
2513 5032 2627 5087 sub
2653 5048 2824 5088 num.
2856 5037 2941 5088 16.
2972 5037 3096 5088 not.
3135 5033 3154 5086 l
3190 5031 3492 5087 afﬁrmare
3530 5046 3656 5085 non
3689 5046 3815 5085 am-

2146 5101 2377 5166 bigunt,
2399 5105 2615 5158 Oscam
2645 5104 2819 5173 cujus
2848 5103 3067 5159 Plinius
3097 5104 3385 5173 meminit,
3409 5103 3566 5158 circa
3598 5101 3813 5156 urbem

2144 5173 2330 5228 fuisse
2377 5174 2551 5230 Tucei
2583 5171 2783 5244 (hodie
2826 5176 3078 5243 Martos)
3114 5177 3172 5228 iu
3212 5171 3411 5243 regno
3447 5173 3768 5244 Giennensi
3799 5191 3812 5238 ;

2144 5245 2272 5317 aliis
2301 5261 2440 5300 vero
2471 5243 2944 5317 examinandum
2998 5246 3367 5317 relinquunt,
3399 5260 3479 5300 an
3527 5245 3654 5298 haec
3689 5243 3815 5299 fue-

2142 5315 2214 5369 rit
2240 5331 2383 5371 osca
2415 5315 2661 5385 Eulogii.
2688 5320 2803 5372 Nos
2826 5317 2887 5371 in
2918 5322 3040 5371 tam
3069 5315 3258 5370 dubio
3291 5320 3649 5385 argumento
3683 5330 3816 5369 sen-

2143 5387 2388 5441 tentiam
2421 5387 2724 5456 rejieimus
2755 5387 2987 5444 litoralis
3016 5388 3094 5441 ad
3122 5391 3393 5442 Rueones
3426 5389 3669 5440 sanctas
3701 5386 3814 5440 vir-

2142 5457 2309 5528 gines
2332 5457 2690 5528 ablegantis,
2717 5459 2821 5514 sed
2851 5460 3004 5514 inter
3034 5458 3272 5513 Baeticos
3302 5461 3360 5514 et
3388 5462 3813 5526 Aragonenses

2139 5527 2297 5582 litem
2324 5528 2602 5584 dirimere
2627 5527 2751 5584 nOn
2791 5530 3112 5585 audemus.

2210 5599 2236 5638 δ
2270 5601 2464 5654 t'otius
2516 5602 2847 5668 undecimo,
2903 5606 2964 5656 ut
3026 5599 3328 5668 Eulogius,
3380 5599 3477 5654 cui
3535 5597 3814 5669 congruit

2138 5669 2349 5740 quinta
2381 5669 2526 5725 feria
2557 5677 2612 5726 et
2638 5672 2828 5726 littera
2860 5675 2903 5726 D
2931 5672 3074 5727 anni
3103 5675 3197 5726 851
3216 5713 3228 5724 .

2209 5747 2224 5767 ε
2264 5747 2435 5816 anno
2469 5742 2701 5816 Domini
2729 5743 3047 5816 millesimo
3075 5741 3364 5816 vigesimo
3393 5740 3685 5808 secundo,
3715 5741 3809 5796 die

2137 5811 2397 5867 octobris
2427 5811 2719 5880 vigesima
2749 5814 2966 5886 prima.
