3974 6384
133 262 240 314 977

1180 261 1400 319 EPIST.
1440 265 1535 320 AD
1567 257 1990 319 HINCMARUM
2028 259 2114 316 ET
2159 259 2548 318 PARDULUM

3477 263 3584 318 978

131 386 229 438 tor
255 381 530 438 Veritatis
558 397 758 438 omnis
787 389 1141 456 nuncupat;
1181 401 1338 458 quos
1363 387 1546 444 etiam
1591 384 1807 442 eadem
1841 384 1891 440 A
1919 398 1980 440 se
2002 386 2253 442 moverit
2275 386 2357 441 ad
2378 384 2764 457 quaerendum
2799 398 3042 455 panem,
3093 384 3260 440 novit
3289 385 3452 457 quod
3477 349 3583 454 pa-

129 470 362 526 Veritas
388 486 612 540 paucos
640 476 697 527 et
725 473 939 527 electos
965 472 1246 544 appellat.
1305 475 1614 548 Siquidem
1659 489 1808 547 quo-

128 574 281 616 nam
304 557 490 614 modo
511 560 777 615 omnium
801 560 1098 617 vocabulo
1125 563 1307 618 multi
1331 563 1426 620 vel
1430 565 1620 634 pauci
1642 561 1809 618 intel-

126 647 360 719 ligendi
390 648 527 718 sint,
557 647 903 704 nullatenus
931 649 1224 707 ariditatis
1263 667 1415 708 meae
1453 651 1648 709 rivulo
1691 652 1804 708 im-

125 737 361 794 buendi
392 737 551 805 estis,
585 737 810 812 quippe
867 739 971 811 qui
1002 739 1210 797 omnia
1241 740 1559 799 efficaciter
1602 757 1805 816 perce-

126 826 324 900 pistis.
353 829 570 882 Verum
602 827 1014 883 memorabilis
1050 829 1439 903 Augustinus,
1472 835 1537 888 ut
1579 831 1804 903 optime

125 916 409 984 recolitis,
434 931 634 973 omnes
668 919 857 972 Deum
903 918 1059 974 velle
1096 920 1234 987 ﬁeri
1258 919 1459 976 salvos
1489 919 1659 988 dicit;
1695 919 1804 976 sed

128 1021 536 1079 quoscunque
566 1006 792 1076 salvat;
816 1006 912 1062 vel
942 1023 1142 1064 omnes
1168 1025 1238 1064 ex
1265 1010 1432 1066 omni
1461 1025 1677 1080 genere
1695 1009 1803 1065 ho-

128 1095 493 1168 minum,vel
522 1111 722 1152 omnes
738 1095 887 1151 velle
919 1096 1048 1152 ﬁeri
1079 1097 1305 1167 salvos,
1341 1099 1487 1172 quia
1507 1113 1633 1156 non
1664 1097 1804 1155 facit

125 1185 280 1241 velle
300 1185 429 1241 ﬁeri
449 1202 663 1241 omnes
685 1185 962 1242 homines
986 1187 1217 1243 salvos:
1239 1188 1528 1262 alioquin,
1558 1189 1608 1246 si
1627 1205 1804 1261 gene-

132 1275 341 1332 raliter
367 1281 424 1332 et
451 1292 576 1332 non
608 1275 943 1349 specialiter
966 1292 1167 1334 omnes
1213 1277 1582 1349 intelligendi
1639 1284 1796 1348 sunt,

123 1365 228 1420 ubi
263 1371 355 1422 est
381 1365 484 1422 illa
513 1365 954 1438 omnipotentia
1002 1383 1128 1438 qua
1176 1369 1378 1425 omnia
1431 1384 1799 1442 quaecunque

121 1457 319 1512 voluit
339 1457 404 1512 in
427 1457 576 1513 caelo
605 1461 659 1512 et
682 1458 746 1511 in
769 1462 1211 1529 terra,prorsus
1234 1473 1358 1514 non
1386 1459 1672 1532 quaedam
1690 1459 1796 1515 sed

119 1549 329 1602 omnia
358 1545 716 1616 generaliter
735 1545 934 1615 fecit?
968 1546 1088 1617 (Ps.
1118 1548 1377 1619 cxxxiv).
1414 1550 1492 1603 De
1531 1563 1656 1621 quo
1699 1562 1795 1604 ve-

116 1633 362 1690 rissime
385 1635 651 1690 canitur:
687 1634 901 1691 Omnia
937 1651 1310 1707 quaecunque
1359 1637 1546 1693 voluit
1588 1638 1791 1693 Domi-

1917 480 2090 529 ratus
2117 474 2193 530 sit
2223 475 2284 530 in
2315 490 2500 531 manu
2531 477 2660 544 ejus
2682 474 3065 531 tenebrarum
3110 473 3234 530 dies
3267 473 3418 539 (Job.
3453 473 3576 545 xv).

1917 564 1984 618 Et
2012 562 2230 620 Isaias:
2259 564 2495 621 Parata
2532 569 2616 620 est
2636 563 2794 621 enim
2823 563 2900 620 ab
2927 563 3059 619 heri
3085 563 3372 632 Topheth,
3389 577 3576 632 para-

1915 657 1979 709 ta
2003 658 2057 710 et
2084 652 2350 710 dilatata
2380 653 2516 726 (Isa.
2549 653 2708 724 xxx).
2729 657 2792 708 ιιι
2822 651 3070 708 eodem:
3105 651 3212 707 Ubi
3235 653 3445 708 vermis
3477 667 3574 709 eo-

1913 756 2049 798 rum
2075 757 2196 798 non
2212 743 2524 810 morietur,
2559 747 2614 799 et
2643 743 2801 813 ignis
2838 757 2958 797 non
2980 741 3398 811 exstinguetur
3425 742 3569 812 (Isa.

1913 832 2089 902 va1):
2116 830 2369 888 Domino
2399 831 2598 886 verbis
2629 830 2855 886 eisdem
2884 830 2946 886 in
3002 828 3326 900 Evangeiio
3355 845 3569 886 secun-

1911 919 2060 976 dum
2091 923 2353 976 Marcum
2384 919 2544 976 idem
2575 919 2952 993 approbante
2975 920 3190 990 (Marc.
3226 922 3327 989 ix).

1982 1009 2360 1082 Perpendite,
2389 1008 2660 1076 obsecro,
2685 1024 2872 1081 quare
2929 1008 3030 1064 uni
3082 1007 3184 1064 det
3236 1010 3390 1064 Deus
3433 1022 3567 1078 gra-

1907 1097 2258 1169 tiam,alteri
2283 1113 2408 1153 non
2431 1097 2548 1154 det.
2571 1099 2765 1163 Quare
2781 1101 2918 1170 post
2948 1101 3032 1153 tot
3051 1096 3238 1154 millia
3262 1111 3565 1154 annorum

1905 1203 2015 1260 pro
2036 1186 2451 1260 redemptione
2483 1186 2735 1242 humani
2765 1185 2998 1255 generis
3023 1185 3295 1242 Salvator
3317 1186 3560 1253 venerit;

1905 1280 1962 1333 et
1990 1280 2241 1349 excepta
2269 1279 2443 1348 gente
2464 1275 2812 1331 Jullieorum
2864 1290 2971 1347 per
3001 1279 3165 1330 tanta
3191 1275 3386 1347 spatia
3415 1279 3562 1330 tem-

1903 1381 2124 1439 porum
2153 1370 2313 1422 totus
2361 1365 2627 1421 mundus
2642 1363 2784 1420 sine
2813 1364 3005 1436 gratia
3036 1364 3135 1419 Dei
3163 1363 3225 1419 in
3251 1379 3448 1420 errore
3477 1379 3559 1419 re-

1903 1454 2211 1512 manserit.
2245 1457 2439 1521 Quare
2489 1454 2687 1510 solum
2720 1453 3050 1515 Abraham,
3084 1456 3144 1508 et
3185 1468 3310 1509 non
3366 1456 3559 1510 totum

1901 1544 2225 1614 mundum,
2249 1543 2329 1600 ad
2366 1541 2793 1600 misericordias
2819 1558 2943 1598 sum
2985 1541 3260 1598 notitiam
3306 1556 3559 1597 vocave-

1898 1633 1989 1690 rit.
2019 1633 2135 1689 Cur
2152 1633 2213 1688 in
2245 1632 2373 1688 solo
2403 1631 2620 1689 vellere
2644 1631 2854 1705 populi
2881 1630 3228 1688 Iudaeorum
3257 1633 3343 1688 tot
3369 1645 3557 1687 anno-

120 1725 412 1794 nus,fecit
437 1725 501 1779 in
524 1725 668 1780 caelo
695 1730 749 1780 et
779 1725 839 1779 in
866 1725 1120 1789 terra,in
1143 1725 1321 1794 mari,
1348 1731 1405 1782 et
1431 1726 1497 1781 in
1517 1727 1790 1783 omnibus
1826 1739 1867 1794 Β
1896 1737 2034 1778 rum
2072 1721 2339 1778 millibus
2375 1738 2475 1778 ros
2497 1721 2713 1778 divinae
2743 1720 2949 1791 gratim
2995 1719 3305 1788 manserit,
3331 1724 3389 1776 et
3415 1735 3558 1776 area

116 1813 375 1882 abyssis,
396 1817 453 1868 et
484 1813 576 1868 cui
601 1812 836 1868 dicitur:
869 1815 940 1869 In
968 1813 1395 1883 voluntate,vel
1415 1815 1640 1871 ditione
1659 1821 1784 1883 tua,

115 1903 392 1965 Domine,
417 1907 635 1958 cuncta
666 1909 806 1957 sunt
826 1903 1052 1972 posita;
1075 1908 1128 1958 et
1151 1918 1271 1958 non
1294 1908 1379 1958 est
1407 1904 1515 1974 qui
1525 1909 1646 1960 tuae
1651 1919 1786 1973 pos-

113 1993 190 2046 sit
221 1991 496 2048 resistere
514 1992 816 2047 voluntati
832 1992 1091 2061 (Esther,
1111 1992 1260 2062 xm).
1288 1994 1352 2046 Et
1370 1991 1471 2046 ubi
1496 1992 1605 2048 erit
1617 1991 1786 2066 quod

109 2079 340 2151 jugiter
367 2080 600 2136 diurnis
654 2080 1084 2152 nocturnisque
1139 2079 1622 2137 contessionibus
1667 2097 1782 2138 nos

113 2169 360 2225 credere
391 2169 451 2224 in
483 2170 672 2224 Deum
701 2171 930 2224 Patrem
984 2168 1459 2241 omnipotentem
1504 2169 1782 2226 ﬁdelissi-

113 2274 208 2314 me
227 2257 498 2314 dicimus
520 2258 548 2313 ‘I
572 2257 628 2312 Si
658 2257 864 2329 aliqua
886 2257 1032 2323 vult,
1067 2263 1126 2314 et
1155 2273 1277 2313 non
1308 2257 1466 2330 facit,
1496 2259 1780 2332 quodab-

112 2346 186 2402 sit
213 2347 297 2403 ab
324 2346 600 2402 omnium
622 2346 1052 2402 salvandorum
1075 2346 1381 2412 cordibus,
1413 2347 1779 2420 impotentiae

109 2434 387 2506 arguitur
422 2435 529 2507 qui
559 2435 942 2506 omnipotens
971 2434 1333 2507 praedicatur
1363 2451 1377 2490 :
1403 2435 1572 2508 quod
1587 2451 1782 2509 quan-

109 2529 178 2581 ιω
209 2525 286 2582 sit
315 2524 738 2598 imprudentiae
759 2531 957 2581 vestra
989 2525 1310 2596 prudentia
1330 2525 1562 2584 viderit.

758 2633 990 2688 CAPUT
1043 2635 1130 2687 IV.

112 2722 314 2776 Tertia
344 2721 607 2777 maxime
627 2723 956 2790 propositio
999 2721 1332 2790 Scripturce
1383 2728 1610 2780 sancta:
1639 2737 1778 2780 auc-

576 2793 920 2848 toritatibus
973 2796 1300 2862 probatur.

179 2880 686 2954 Perpensisigitur
710 2881 1052 2951 diligentius
1081 2888 1428 2940 sanctarum
1447 2884 1776 2957 Scriptura-

107 2985 244 3026 rum
273 2971 537 3044 paginis,
569 2970 944 3027 considerate
982 2971 1120 3043 quie
1168 2975 1226 3027 Β.
1276 2972 1391 3028 Job
1447 2972 1642 3029 dicat:
1694 2975 1773 3028 Et

109 3062 316 3116 anima
349 3063 478 3129 ejus
506 3060 901 3148 quodcunque
926 3061 1114 3116 voluit
1145 3061 1256 3117 hoc
1278 3063 1445 3131 fecit.
1501 3062 1656 3128 Quid
1685 3065 1774 3118 cst
1809 3093 1850 3148 α

108 3148 273 3220 quod
306 3151 538 3220 Moyses
568 3147 629 3202 in
661 3149 893 3204 cantico
907 3149 1350 3206 Deuteronomii
1377 3150 1535 3208 canit
1555 3167 1569 3205 :
1589 3151 1772 3208 Cons-

109 3239 265 3293 tituit
305 3238 590 3293 terminos
612 3239 981 3306 populorum
1027 3241 1218 3308 juxta
1266 3255 1580 3295 numerum
1619 3241 1772 3308 ﬁlio-

109 3343 237 3382 rum
271 3327 490 3395 Israel,
518 3326 606 3381 vel
642 3330 993 3396 angelorum
1024 3329 1128 3383 Dei
1137 3340 1323 3398 ;pars
1343 3333 1543 3384 autem
1575 3329 1772 3384 Domi-

108 3415 170 3468 ni
189 3415 457 3485 populus
487 3416 649 3484 ejus;
677 3415 863 3470 Jacob
885 3416 1198 3485 funiculus
1244 3416 1610 3472 haereditatis
1641 3418 1770 3485 ejus

110 3506 303 3571 (Deut.
334 3507 525 3576 xxxii).
552 3505 698 3560 Etin
731 3505 886 3560 libro
921 3506 1145 3572 Esther,
1179 3505 1452 3579 quiduas
1479 3511 1768 3562 sorteses-

110 3607 170 3646 se
187 3593 693 3665 prmcepit,unam
725 3593 936 3665 populi
958 3593 1079 3660 Dei,
1112 3593 1361 3650 alteram
1409 3599 1766 3651 cunctarum

110 3682 372 3749 gentium
399 3684 665 3752 (Esther.
689 3685 799 3752 ιιι).
830 3684 900 3739 Et
923 3683 1208 3740 Salomon
1239 3701 1252 3739 :
1289 3684 1617 3741 Considera
1641 3700 1764 3740 om-

109 3771 207 3826 nia
230 3786 417 3841 opera
444 3773 570 3837 Dei,
599 3772 759 3842 quod
786 3787 954 3828 nemo
981 3774 1166 3842 possit
1198 3775 1438 3830 salvare
1459 3788 1630 3845 quem
1659 3773 1766 3830 ille

109 3860 457 3929 perdiderit,
491 3861 636 3922 sive,
668 3861 1004 3930 despexerit
1035 3863 1246 3932 (Eccli.
1284 3867 1404 3930 vn).
1431 3865 1497 3918 Et
1523 3863 1584 3918 in
1605 3861 1764 3919 Psal-

114 3961 243 4002 mo:
279 3949 398 4016 Qui
422 3952 748 4005 annuntiat
778 3951 1024 4006 verbum
1053 3967 1226 4006 suum
1247 3951 1454 4021 Jacob,
1492 3952 1766 4021 justitias

112 4040 161 4090 et
175 4039 413 4105 judicia
438 4054 549 4096 sua
568 4040 760 4096 Israel
786 4055 810 4096 .'
839 4056 960 4096 non
985 4042 1129 4110 fecit
1159 4043 1368 4098 taliter
1394 4043 1558 4098 omni
1575 4042 1768 4098 natio-

114 4125 188 4190 ni,
212 4135 263 4182 et
284 4129 528 4198 judicia
558 4145 668 4184 sua
699 4146 819 4185 non
845 4132 1253 4200 manifestavit
1281 4133 1363 4188 eis
1392 4132 1511 4201 (Ps.
1553 4131 1762 4203 cxux).

117 4214 180 4269 Et
199 4215 413 4272 iterum
447 4235 460 4273 :
486 4219 626 4273 Non
656 4221 992 4275 miserearis
1015 4221 1288 4275 omnibus
1305 4222 1409 4291 qui
1435 4226 1767 4290 operantur

113 4301 478 4376 iniquitatem
504 4309 625 4374 (Ps.
659 4311 834 4377 Lvui).
860 4311 927 4362 Et
951 4308 1011 4364 in
1042 4307 1193 4364 libro
1223 4307 1658 4364 Ecclesiastico:
1694 4310 1764 4364 In

114 4390 330 4449 duobus
359 4397 788 4452 contristatum
819 4402 902 4453 est
935 4412 1039 4452 cor
1056 4413 1270 4466 meum,
1289 4404 1343 4452 et
1361 4399 1425 4452 in
1447 4399 1623 4453 tertio
1645 4399 1763 4453 ira-

114 4483 323 4539 cundia
365 4483 522 4540 mihi
549 4485 814 4542 advenit.
863 4487 963 4539 Vir
1007 4486 1265 4541 bellator
1319 4486 1596 4555 deﬁciens
1649 4500 1763 4556 per

113 4566 362 4637 inopiam
386 4580 440 4629 et
473 4575 567 4630 vir
591 4579 892 4638 sensatus,
924 4580 1336 4644 contemptus:
1354 4579 1410 4631 et
1439 4575 1543 4646 qui
1561 4581 1760 4632 trans-

113 4660 376 4723 greditur
399 4664 695 4732 ajustilia
719 4663 801 4720 ad
821 4670 1156 4732 peccatum,
1190 4665 1344 4720 Deus
1368 4665 1613 4733 paravit
1626 4679 1759 4721 eum

115 4745 188 4798 ad
213 4748 617 4820 rhomphaeam
641 4752 852 4818 (Eccli.
884 4754 1069 4822 xxvn).
1133 4754 1197 4808 in
1226 4752 1475 4809 eodem:
1531 4754 1607 4809 Et
1637 4769 1758 4810 om-

116 4847 208 4888 nes
237 4837 499 4896 homines
529 4841 601 4897 de
629 4842 754 4896 solo
802 4847 856 4898 et
887 4857 962 4898 ca:
992 4848 1157 4899 terra
1192 4843 1352 4899 unde
1388 4850 1626 4900 creatus
1676 4849 1759 4899 est

117 4918 297 4980 Adam
326 4929 422 4983 :in
445 4929 837 4984 multitudine
864 4929 1207 4997 disciplinae
1237 4931 1480 4986 Domini
1521 4945 1760 5000 separa-

119 5009 190 5062 vit
211 5026 318 5078 eos,
349 5023 404 5072 et
437 5019 774 5072 immutavit
803 5019 928 5074 vias
968 5021 1210 5087 eorum;
1246 5034 1322 5074 ea:
1351 5020 1494 5088 ipsis
1528 5020 1758 5076 benedi-

118 5097 198 5151 xit
227 5107 276 5156 et
314 5107 607 5162 exultavit
627 5119 741 5176 ,‘ea:
770 5107 862 5162 his
888 5107 1309 5174 sanctiﬁcavit,
1340 5113 1395 5164 et
1425 5107 1506 5164 ad
1559 5123 1620 5164 se
1655 5123 1759 5177 ap-

115 5185 368 5257 Plicavit:
401 5211 477 5252 ea:
497 5198 639 5266 ipsis
670 5197 987 5253 maledixit
1019 5202 1076 5253 et
1107 5197 1472 5264 humitiavit,
1523 5205 1579 5255 et
1617 5214 1757 5254 con-

121 5279 279 5334 vertit
306 5283 441 5340 illos
471 5286 554 5342 ad
579 5287 1018 5354 separationem
1041 5286 1306 5356 ipsorum
1326 5300 1348 5357 ,'
1365 5288 1542 5358 quasi
1562 5288 1756 5344 lutum

119 5359 280 5430 ﬁguli
296 5371 353 5426 in
383 5389 570 5429 manu
599 5374 786 5442 ipsius
801 5375 1110 5444 plasmare
1139 5376 1298 5431 illud
1342 5383 1395 5432 el
1423 5376 1753 5446 disponere,

123 5463 298 5535 omnes
321 5463 429 5517 vice
459 5465 587 5533 ejus
614 5463 938 5518 secundum
977 5463 1420 5532 dispositionem
1477 5467 1625 5535 ejus.
1655 5466 1757 5521 Sic

123 5534 275 5596 homo
309 5549 369 5604 in
395 5566 582 5607 manu
613 5552 782 5606 illius
805 5554 912 5622 qui
928 5567 989 5607 se
1008 5553 1173 5621 fecit,
1199 5554 1403 5609 reddet
1432 5534 1529 5609 illi
1552 5570 1752 5610 secun-

121 5623 245 5686 dum
256 5636 548 5701 judicium
575 5656 749 5696 suum
781 5641 994 5709 (Eccli.
1030 5645 1249 5712 xxxm).
1286 5645 1352 5697 Et
1381 5642 1440 5697 in
1465 5643 1753 5700 Job:Cum

182 5781 204 5812 ⁸
231 5771 604 5853 Ratramnus,
635 5781 740 5839 lib.
763 5782 882 5839 ide
910 5783 1460 5844 Praedestinatione.

1795 4443 1838 4496 υ

1896 1811 2076 1867 totius
2105 1810 2270 1867 orbis
2298 1810 2532 1881 irrigari
2548 1825 2656 1883 per
2671 1809 2773 1865 Dei
2788 1808 3266 1866 misericordiam
3280 1824 3404 1865 non
3434 1825 3557 1865 me-

1893 1899 2095 1956 ruerit.
2126 1899 2226 1955 Vel
2253 1916 2361 1956 cur
2384 1903 2598 1972 postea
2621 1898 2820 1955 solum
2837 1897 3045 1968 vellus,
3073 1897 3357 1955 Judaicus
3384 1898 3554 1954 vide-

1891 1987 2029 2044 licet
2064 1987 2350 2062 populus,
2403 2004 2441 2044 a
2496 1987 2598 2044 Dei
2656 1986 2847 2058 gratia
2903 1985 3146 2054 eruerit,
3177 1989 3236 2044 et
3279 1986 3552 2058 gentium

1892 2077 2167 2134 omnium
2197 2093 2404 2134 aream
2434 2093 2536 2134 ros
2571 2076 2790 2132 divinas
2821 2074 3246 2132 misericordias
3275 2073 3552 2149 perfude-

1890 2166 1986 2223 rit.
2013 2169 2243 2223 Etcum
2274 2166 2564 2223 Dominus
2591 2164 2865 2223 Salvator
2903 2169 3106 2220 noster
3132 2163 3194 2220 in
3225 2163 3550 2234 Evangelio

1890 2255 2139 2312 dixerit:
2183 2256 2337 2323 Quia
2365 2257 2420 2312 si
2449 2258 2511 2311 in
2547 2257 2704 2326 Tyro
2745 2260 2802 2311 et
2855 2253 3096 2317 Sidone,
3152 2269 3225 2310 ac
3275 2253 3548 2310 Sodomis

1887 2346 2070 2416 facta
2093 2347 2351 2416 fuissent
2379 2346 2630 2402 virtutes
2661 2360 2795 2418 qua
2841 2345 3028 2414 factte
3052 2349 3191 2400 sunt
3223 2345 3286 2400 in
3317 2344 3546 2401 Chora-

1886 2438 2044 2504 zain,
2078 2436 2429 2506 Bethsaida,
2455 2437 2512 2493 et
2534 2435 2989 2506 Capharnaum,
3013 2435 3162 2490 olim»
3177 2435 3239 2490 in
3268 2434 3465 2491 cilicio
3489 2439 3548 2491 et

1887 2527 2086 2583 cinere
2111 2527 2521 2596 pwnitentiam
2549 2527 2803 2596 egissent
2854 2523 3095 2594 (Matth.
3146 2540 3229 2596 ιι,
3272 2524 3419 2580 Luc.
3461 2524 3540 2596 x).

1888 2617 2082 2682 Quare
2111 2615 2194 2672 ibi
2247 2614 2449 2671 fecerit
2477 2614 2740 2682 virtutes,
2781 2612 2886 2669 ubi
2917 2628 3042 2669 non
3089 2611 3288 2670 solum
3316 2613 3371 2669 ei
3417 2628 3542 2669 non

1885 2705 2248 2776 crederetur,
2278 2718 2486 2760 verum
2529 2703 2712 2760 etiam
2744 2705 3080 2774 pateretur;
3112 2706 3170 2759 et
3199 2701 3282 2758 ibi
3309 2717 3433 2759 non
3463 2701 3545 2758 fe-

1884 2793 2046 2861 cerit,
2071 2793 2175 2850 ubi
2206 2797 2377 2850 erant
2406 2791 2820 2865 pmnitentiam
2865 2791 3053 2846 acturi
3107 2795 3164 2847 et
3215 2790 3544 2848 credituri?

1885 2884 1951 2938 Et
1971 2881 2138 2954 quod
2168 2881 2298 2956 ipse
2327 2880 2508 2938 dicit:
2568 2881 2704 2938 Non
2760 2894 2960 2936 omnes
2990 2880 3240 2949 capiunt
3272 2880 3540 2950 verbum,

1882 2972 1985 3027 sed
2013 2972 2226 3044 quibus
2249 2971 2458 3027 datum
2481 2976 2565 3026 est
2583 2970 2823 3042 (Matth.
2846 2969 2990 3040 xxx);
3017 2969 3128 3029 Qui
3155 2969 3333 3025 habet
3361 2983 3540 3025 aures

1881 3060 2188 3127 audiendi,
2220 3060 2432 3116 audiat
2491 3058 2729 3130 (Matth.
2782 3058 2925 3129 xui).
2960 3061 3028 3113 Et
3065 3057 3315 3113 iterum:
3368 3057 3539 3113 Vobis

1883 3149 2093 3205 datum
2113 3154 2199 3206 est
2221 3163 2392 3204 nosse
2425 3148 2776 3219 mysterium
2822 3148 2995 3219 regni
3021 3147 3149 3212 Dei,
3183 3146 3411 3202 caeteris
3434 3161 3540 3201 au-

1881 3243 1996 3294 tem
2025 3239 2089 3294 in
2124 3237 2459 3307 parabolis,
2495 3243 2561 3292 ut
2591 3253 2710 3292 non
2754 3238 3019 3294 videntes
3051 3235 3316 3303 videant,
3347 3240 3404 3290 et
3434 3236 3541 3306 qui

1879 3327 2082 3384 vident
2112 3327 2253 3384 caeci
2275 3327 2428 3396 ﬁant
2456 3327 2624 3394 (Luc.
2644 3327 2790 3397 vin).
2825 3329 2916 3382 Et:
2948 3327 3084 3383 Non
3111 3329 3395 3394 poterant
3409 3338 3538 3380 cre-

1878 3417 2037 3488 dere,
2068 3417 2213 3489 quia
2239 3417 2399 3472 dixit
2428 3417 2618 3474 Isaias
2631 3431 2656 3472 :
2668 3416 2926 3474 Excaeca
2948 3431 3052 3473 cor
3071 3415 3288 3485 populi
3329 3415 3533 3483 hujus,

1876 3511 1932 3563 et
1961 3519 2137 3562 aures
2167 3507 2294 3575 ejus
2320 3519 2614 3576 aggrava,
2645 3520 2722 3562 ne
2760 3507 2924 3575 forte
2955 3505 3194 3561 videant
3242 3503 3449 3570 oculis,
3481 3507 3540 3558 et

1876 3595 2056 3650 corde
2081 3595 2450 3664 intelligant,
2497 3599 2552 3650 et
2602 3599 3054 3662 convertantur,
3096 3597 3150 3649 et
3193 3607 3399 3649 sanem
3440 3606 3536 3648 eos

1875 3684 2019 3753 (Isa.
2042 3683 2140 3750 v1),
2176 3686 2239 3738 Et
2269 3683 2410 3739 item
2440 3700 2453 3738 :
2485 3684 2624 3739 Non
2666 3699 2782 3753 pro
2833 3683 3056 3739 mundo
3087 3697 3253 3752 rogo,
3293 3681 3398 3738 sed
3419 3696 3534 3750 pro

1874 3771 1968 3828 his
1989 3787 2136 3845 quos
2164 3772 2384 3830 dedisti
2409 3773 2561 3829 mihi
2581 3773 2774 3842 (Joan.
2805 3772 2965 3837 xvu).
3000 3774 3066 3826 Et
3097 3787 3111 3826 :
3143 3771 3329 3826 Nemo
3345 3774 3536 3839 potest

1873 3862 2178 3918 veniread
2219 3877 2312 3918 me
2339 3862 2461 3917 nisi
2501 3863 2706 3929 Pater,
2753 3862 2860 3932 qui
2906 3861 3064 3915 misit
3114 3873 3224 3922 me,
3271 3861 3533 3914 traxerit

1874 3965 2006 4008 eum
2028 3952 2228 4018 (Joan.
2255 3951 2357 4021 γι).
2391 3953 2488 4008 Et:
2517 3951 2700 4006 Nemo
2722 3955 2914 4020 potest
2940 3950 3142 4006 venire
3171 3948 3254 4004 ad
3273 3963 3384 4016 me,
3412 3948 3534 4004 nisi

1873 4039 2082 4096 datum
2111 4040 2300 4109 fuerit
2330 4040 2387 4096 ei
2403 4040 2642 4096 aPatre
2665 4054 2791 4095 meo
2813 4039 3009 4110 (Ibid).
3037 4040 3137 4094 Et:
3158 4038 3341 4094 Nemo
3373 4037 3534 4094 venit

1873 4127 1957 4184 ad
1979 4128 2249 4194 Patrem,
2279 4129 2399 4184 nisi
2420 4144 2529 4198 per
2556 4144 2649 4184 me
2675 4130 2869 4200 (toan.
2905 4131 3047 4196 xiv).
3079 4129 3144 4183 Et
3175 4143 3188 4180 :
3218 4127 3405 4183 Nemo
3429 4141 3532 4182 no-

1875 4217 1960 4273 vit
1986 4217 2254 4280 Patrem,
2275 4219 2396 4273 nisi
2418 4219 2631 4289 Filius,
2654 4223 2709 4275 et
2738 4219 2838 4274 cui
2869 4219 3122 4276 voluerit
3143 4217 3338 4273 Filius
3367 4231 3530 4273 reve-

1875 4306 2006 4363 lare
2029 4306 2270 4378 (Matth.
2297 4312 2399 4373 χι).
2435 4311 2534 4364 Et:
2571 4308 2872 4377 Conﬁteor
2897 4307 3026 4378 tibi,
3046 4309 3254 4379 Pater,
3285 4307 3534 4363 Domine

1875 4397 2016 4453 creti
2036 4403 2090 4453 et
2115 4404 2312 4468 terrae,
2343 4399 2489 4469 quia
2519 4399 2888 4456 abscondisti
2915 4399 3040 4455 haec
3084 4414 3122 4456 a
3159 4399 3529 4469 sapientibus

1874 4491 1930 4541 et
1943 4487 2366 4558 prudentibus,
2397 4493 2451 4544 et
2473 4489 2759 4546 revelasti
2785 4505 2853 4546 ea
2882 4489 3158 4558 parvulis
3184 4489 3352 4556 (Luc.
3368 4487 3532 4558 x).Et

1869 4572 2133 4632 duorum
2164 4593 2226 4633 se
2277 4578 2447 4651 sequi
2503 4578 2855 4650 volentium,
2906 4577 3159 4634 alterum
3192 4576 3528 4647 admiserit,

1870 4663 2124 4720 alterum
2157 4667 2469 4738 respuerit.
2505 4669 2610 4722 Et:
2654 4669 2814 4723 Sicut
2860 4668 3046 4723 Pater
3086 4671 3335 4722 suscitat
3374 4681 3530 4720 mor-

1872 4760 2002 4810 tuos
2024 4760 2078 4810 et
2110 4755 2392 4824 viviﬁcat,
2435 4756 2522 4812 sic
2556 4763 2613 4813 et
2659 4757 2855 4812 Filius
2909 4771 3055 4826 quos
3084 4756 3214 4811 vult
3264 4755 3528 4821 viviﬁcat

1871 4844 2072 4898 tJoan.
2117 4843 2193 4913 v).
2227 4843 2285 4898 Si
2342 4843 2522 4914 igitur
2573 4860 2787 4900 omnes
2832 4844 3111 4899 homines
3160 4841 3288 4898 vult
3327 4841 3526 4897 salvos

1868 4931 2020 4998 ﬁeri,
2048 4947 2156 4988 cur
2195 4947 2319 4988 non
2347 4949 2561 4989 omnes
2591 4933 2877 4990 viviﬁcat.
2901 4932 3007 5004 qui
3037 4947 3194 5005 quos
3222 4931 3348 4987 vult
3380 4930 3526 4987 vivi-

1868 5019 2040 5076 ﬁcat?
2060 5023 2252 5085 Quare
2276 5021 2527 5094 Spiritus
2548 5027 2791 5078 sanctus
2821 5021 2923 5077 ubi
2935 5023 3066 5079 vult
3095 5023 3284 5092 spirat
3304 5021 3524 5094 (Ibid.),

1869 5124 1993 5164 non
2025 5109 2086 5165 in
2116 5111 2403 5166 omnibus
2429 5113 2527 5167 iet
2546 5127 2736 5184 quare
2766 5127 2887 5167 non
2927 5111 3238 5184 omnibus,
3273 5112 3382 5169 sed
3409 5114 3528 5169 sin-

1867 5199 2029 5268 gulis
2053 5198 2266 5254 dividit
2292 5205 2470 5269 prout
2499 5203 2628 5259 vult
2662 5203 2721 5272 (I
2743 5202 2880 5258 Cor.
2912 5201 3044 5274 xu)?

1941 5291 2008 5344 Et
2033 5289 2198 5362 quod
2221 5290 2280 5346 in
2309 5289 2554 5347 Actibus
2586 5292 3004 5366 apostolorum
3033 5292 3250 5363 legitur
3273 5293 3421 5366 quia
3459 5293 3525 5348 in

1863 5380 2186 5449 praeteritis
2213 5382 2699 5450 generationibus
2736 5383 3030 5439 dimiserit
3083 5388 3287 5453 gentes
3325 5397 3525 5439 omnes
3630 5442 3634 5446 ,

1865 5468 2103 5538 ingredi
2161 5470 2289 5525 vias
2333 5485 2497 5537 suas,
2550 5486 2860 5542 unamque
2900 5475 3134 5526 tantum
3177 5469 3523 5526 Judmorum

1867 5562 2107 5627 gentem
2137 5558 2379 5628 elegerit
2405 5561 2562 5630 (Act.
2597 5562 2732 5631 xiv).
2763 5563 2828 5614 Et
2859 5558 3024 5630 quod
3053 5556 3524 5632 prtedicantibus

1867 5645 1950 5702 illi
1970 5650 2201 5704 tantum
2211 5648 2392 5705 modo
2413 5647 2923 5720 crediderunt,qui
2949 5649 3334 5720 praeordinati
3349 5655 3524 5707 erant
