3974 6374
388 274 497 339 ϋηο

1488 276 1541 334 s.
1579 267 1961 333 pauonum
2000 260 2377 333 TRECENSIS
2420 272 2725 334 EPISCOPI

3716 276 3834 333 980

391 398 475 461 ad
496 404 680 461 vitam
709 407 992 458 aeternam
1018 400 1173 472 (Act.
1202 394 1417 474 im).Et
1442 403 1605 475 quod
1628 402 1894 457 volentes
1909 404 2050 455 Pau-
2081 392 2129 453 Α
2161 400 2386 455 Judzeis
2413 408 2493 455 est
2526 401 2727 471 (Joan.
2761 406 2863 461 iv).
2899 404 3145 454 tractata
3200 401 3348 467 lege,
3399 399 3626 455 invenit
3676 400 3833 472 quia

390 488 520 551 lum
550 496 608 549 et
627 489 965 547 Barnabam
986 489 1314 563 praedicare
1340 488 1401 547 in
1422 491 1584 561 Asia,
1614 490 1923 562 prohibuit
1948 500 2050 545 eos

397 574 647 655 Spiritus
674 582 811 636 Jesu
841 578 997 648 (Act.
1028 572 1420 653 xv1).thuod
1441 580 1691 635 docente
1720 578 1919 649 Paulo,
1942 576 2049 650 Ly-

394 668 511 725 diae
537 665 938 743 purpurariaa,
971 682 1096 723 non
1154 668 1382 723 caeteris
1433 666 1840 733 audientibus,
1897 667 2051 722 Deus

394 773 498 814 cor
544 754 800 830 aperuit,
860 758 927 811 ut
974 753 1242 812 crederet
1287 752 1382 811 his
1435 772 1569 828 quae
1614 754 1969 812 dicebantur
2017 770 2053 810 a

392 845 576 903 Paulo
603 842 803 918 (Ibid)
834 846 901 900 Et
927 843 1096 917 quod
1144 844 1453 918 apostolus
1496 845 1714 901 Paulus
1771 842 2053 916 reliquias

392 951 500 1008 per
526 933 879 991 electionem
904 932 1111 1003 gratiae
1167 931 1364 988 salvas
1408 933 1594 989 factas
1628 933 1927 1006 praedicat.
1962 932 2050 999 Et,

391 1022 536 1098 quia
564 1018 718 1080 Deus
748 1025 922 1094 cujus
954 1023 1083 1078 vult
1112 1022 1450 1089 miseretur,
1497 1028 1551 1078 et
1582 1038 1750 1094 quem
1808 1023 1938 1077 vult
1968 1023 2055 1077 in-

391 1110 575 1168 durat
599 1109 784 1183 (Rom.
817 1100 922 1183 Ix).
948 1104 1020 1165 Et
1056 1106 1225 1181 quod
1253 1108 1383 1180 ipse
1420 1109 1601 1164 tantis
1630 1107 2051 1182 profunditatis

390 1199 614 1256 tatibus
640 1197 1026 1256 tremefactus
1056 1195 1375 1265 exclamat,
1404 1196 1585 1253 etiam
1618 1201 1680 1254 ut
1730 1212 1869 1253 cum
1916 1197 2053 1270 ipso

391 1284 655 1345 clamare
684 1302 809 1343 non
838 1278 1208 1342 erubescatis
1234 1302 1246 1339 :
1279 1285 1326 1341 0
1347 1285 1541 1356 homo,
1575 1290 1639 1341 tu
1670 1287 1801 1357 quis
1847 1301 1904 1343 es
1950 1284 2056 1357 qui

390 1377 759 1447 respondeas
788 1377 912 1431 Deo
930 1380 959 1431 ?
999 1374 1298 1445 Nunquid
1324 1374 1470 1430 dicit
1492 1376 1849 1445 ﬁgmentum
1879 1376 1932 1431 ei
1951 1372 2056 1446 qui

392 1472 452 1523 se
468 1462 651 1536 ﬁnxit
668 1476 691 1521 .‘
710 1460 908 1532 Quare
934 1474 1026 1520 me
1055 1463 1140 1519 sic
1164 1465 1409 1533 fecisti?
1427 1464 1525 1519 An
1556 1480 1672 1519 non
1699 1463 1875 1520 habet
1902 1465 2051 1534 ﬁgu-

394 1558 489 1613 lus
516 1552 634 1612 luti
660 1556 1009 1627 potestatem
1044 1569 1119 1611 ea:
1149 1552 1351 1611 eadem
1394 1571 1592 1611 massa
1623 1552 1793 1611 aliud
1822 1569 1925 1611 vas
1957 1556 2053 1625 fas

393 1662 526 1703 cere
553 1642 618 1701 in
646 1634 951 1715 honorem,
979 1642 1153 1700 aliud
1172 1643 1233 1699 in
1271 1642 1737 1700 contumeliam?
1767 1644 1961 1713 (Ibid).
1990 1644 2055 1700 Et

2160 504 2283 543 non
2310 496 2522 545 omnes
2547 490 2650 561 qui
2676 489 2733 544 in
2768 488 2943 544 Israel
2964 493 3121 557 sunt,
3147 487 3423 543 credituri
3451 492 3832 561 sunt;neque

2161 578 2304 649 quia
2341 578 2621 633 dicuntur
2650 577 2749 634 ﬁlii
2783 576 3059 649 Abrahae,
3105 590 3316 633 omnes
3362 577 3620 633 Abrahae
3666 577 3835 632 ﬁlios

2161 664 2471 735 dicendos,
2507 669 2658 723 sicut
2689 682 2872 740 supra
2903 666 3466 723 memoravi.Minuit
3486 681 3629 737 ergo
3650 667 3834 722 dolo-

2163 771 2287 811 rem
2306 771 2505 825 suum,
2521 756 2829 812 inveniens
2849 754 2991 811 olim
3011 756 3365 829 praedictum
3377 755 3543 828 quod
3558 768 3683 811 non
3698 771 3833 811 oma

2163 859 2268 899 nes
2299 850 2499 900 essent
2523 844 2818 911 credituri,
2845 850 2906 899 ut
2945 844 3034 899 his
3065 844 3205 899 solis
3228 844 3429 899 doleat
3456 844 3561 916 qui
3602 859 3714 916 per
3742 845 3836 899 in4

2162 933 2384 989 vidiam
2419 930 2478 989 in
2528 933 2939 989 incredulitate
2990 932 3288 989 laborant.
3332 934 3588 988 Possunt
3618 938 3833 988 tamen

2164 1022 2421 1089 credere,
2448 1022 2615 1094 quod
2644 1040 2713 1077 ex
2746 1021 3027 1092 subjectis
3045 1019 3586 1095 aperitﬁncrcdulis
3616 1025 3833 1077 tamen

2162 1109 2460 1183 praedictis
2490 1126 2613 1166 non
2658 1111 2830 1167 valde
2856 1110 3188 1166 dolendum
3222 1116 3327 1175 est,
3360 1111 3504 1183 quia
3530 1122 3653 1166 non
3674 1114 3837 1167 sunt

2162 1199 2564 1272 prtedestinati
2640 1200 2718 1256 ad
2771 1199 2956 1255 vitam
3000 1217 3013 1267 ;
3074 1200 3451 1271 prtescientia
3501 1200 3663 1254 enim
3727 1199 3834 1255 Dei

2163 1287 2304 1345 olim
2336 1290 2448 1344 hos
2471 1304 2591 1344 non
2618 1288 2943 1344 salvandos
2967 1288 3248 1343 decrevit.

2234 1379 2378 1433 Item
2404 1377 2465 1432 in
2492 1377 2705 1432 eodem
2735 1382 2753 1442 (
2765 1377 2938 1447 Ibid.)
2963 1394 2974 1431 :
3003 1376 3383 1431 Praescientia
3413 1390 3554 1432 vero
3583 1380 3671 1432 est
3702 1392 3834 1448 qua

2163 1464 2475 1521 deﬁnitum
2505 1464 2689 1520 habet
2731 1464 2928 1536 qualis
2961 1464 3440 1535 uniuscujusque
3497 1464 3699 1518 futura
3728 1480 3834 1519 vo-

2162 1555 2363 1610 litntas
2394 1554 2526 1619 erit,
2579 1554 2640 1608 in
2678 1567 2802 1625 qua
2853 1568 3176 1608 mansurus
3216 1556 3323 1615 est,
3355 1566 3462 1624 per
3497 1567 3686 1625 quam
3721 1556 3832 1609 aut

2164 1641 2485 1698 damnetur
2514 1647 2619 1697 aut
2650 1646 2984 1696 coronetur.
3009 1642 3271 1713 Denique
3300 1654 3454 1713 quos
3487 1641 3598 1696 scit
3626 1641 3688 1695 in
3716 1641 3832 1696 bo-

393 1730 542 1790 illud
575 1751 588 1788 :
626 1734 674 1790 0
699 1733 960 1790 altitudo
984 1732 1337 1789 divitiarum
1368 1734 1676 1803 sapientiae
1706 1736 1759 1788 et
1788 1734 2054 1789 scientia?
2090 1742 2133 1805 Β
2163 1744 2244 1785 no
2282 1740 2630 1797 mansuros,
2663 1731 3002 1802 frequenter
3032 1735 3169 1785 ante
3200 1734 3339 1787 sunt
3368 1726 3545 1795 mali;
3579 1734 3635 1785 et
3668 1745 3832 1801 quos

392 1818 521 1891 Dei,
554 1838 733 1896 quam
752 1816 1382 1892 incomprehensibilia
1412 1827 1552 1877 sunt
1571 1822 1812 1891 judicia
1844 1823 2053 1890 (ἠως,θῖ

391 1904 834 1983 ἰηυεειὶραὸίιρε
864 1912 973 1968 via:
997 1912 1160 1980 ejus!
1217 1913 1326 1965 etc.
1386 1911 1567 1981 (Rom.
1614 1910 1718 1981 x1).
1780 1911 2050 1981 Adverte,

391 2016 621 2074 quaeso,
650 1999 786 2075 quis
812 1994 885 2056 sit
904 1999 1185 2073 populus,
1209 1997 1284 2054 de
1306 2014 1428 2072 quo
1459 1998 1520 2053 in
1552 1997 1877 2069 Evangelio
1906 1999 2050 2055 dici--

391 2095 488 2146 tur
512 2105 525 2144 :
560 2090 695 2160 Ipse
714 2090 873 2147 enim
901 2090 1143 2149 salvum.
1152 2088 1340 2158 faciet
1363 2089 1657 2157 populum
1676 2102 1849 2143 suum
1875 2104 1911 2144 a
1922 2104 2055 2159 pec-

392 2176 542 2236 catis
573 2194 776 2234 eorum
810 2176 1049 2248 (Matth.
1082 2170 1144 2249 1).
1195 2176 1261 2233 Et
1287 2174 1350 2231 in
1379 2176 1651 2249 psalmo:
1684 2177 2054 2247 Redemptio-

392 2281 525 2324 nem
547 2266 708 2323 misit
728 2267 957 2336 pepulo
986 2280 1090 2321 suo
1112 2265 1301 2336 (Psal.
1331 2265 1513 2336 ox).Et
1530 2279 1804 2321 rursum.
1835 2267 2055 2322 Dieant

392 2350 501 2427 qui
522 2355 817 2425 redempti
834 2358 975 2410 sunt
1004 2366 1042 2410 α
1068 2354 1487 2425 Domino,quos
1506 2354 1753 2409 redemit
1773 2353 1848 2411 de
1868 2368 2053 2411 manu

391 2442 641 2512 inimici,
672 2444 746 2500 de
773 2442 1114 2515 regionibus
1140 2444 1526 2513 congregavit
1569 2457 1665 2499 eos
1696 2444 1884 2508 (Psal.
1916 2442 2052 2516 ert).

394 2534 497 2588 Et:
531 2532 746 2589 Salvos
775 2544 882 2588 nos
909 2533 1033 2602 fac,
1089 2533 1337 2587 Domine
1366 2531 1523 2587 Deus
1574 2538 1795 2595 noster,
1838 2536 1892 2588 et
1919 2540 2058 2588 con-

392 2634 583 2694 grega
610 2635 720 2678 nos
749 2618 823 2678 de
847 2620 1194 2677 nationibus
1224 2618 1351 2691 (Ps.
1397 2624 1512 2687 σν).
1560 2619 1614 2677 Si
1644 2620 1822 2690 igitur
1850 2620 2057 2678 omnia

395 2722 778 2787 quaecunque
807 2709 997 2766 voluit
1036 2706 1193 2777 fecit,
1254 2712 1312 2766 et
1362 2722 1575 2764 omnes
1623 2708 1901 2787 homines
1931 2708 2059 2767 vult

398 2786 598 2856 salvos
636 2792 789 2869 fieri,
817 2814 961 2869 ergo
993 2794 1161 2870 quod
1205 2808 1328 2853 non
1388 2795 1525 2854 fecit
1577 2786 1793 2867 noluit,
1814 2803 1872 2854 et
1899 2810 2055 2872 quos

398 2897 523 2945 non
553 2884 765 2955 salvat,
798 2885 1032 2942 salvare
1081 2898 1204 2942 non
1254 2882 1419 2953 vult;
1483 2885 1887 2943 occultissimo
1931 2887 2058 2960 quid

399 2970 562 3049 dem,
596 2970 912 3047 altissimo,
965 2972 1555 3048 incomprehensibili
1591 2970 2058 3048 invituperabili‘

399 3075 518 3138 que
544 3060 791 3139 judicio,
822 3063 927 3120 sed
956 3076 1210 3137 prorsus
1246 3062 1601 3135 justissima.

1078 3168 1302 3227 CAPUT
1340 3168 1386 3224 V

402 3261 629 3335 Incipit
645 3258 926 3343 collectio
946 3275 1023 3317 ea:
1048 3258 1483 3343 Pa_tribus,_qua
1505 3261 1705 3343 prima
1731 3261 2062 3343 propositio

616 3331 690 3389 de
716 3333 955 3404 gemina
971 3331 1506 3402 prmdestinatione
1524 3332 1843 3401 probatur.

474 3416 702 3486 Quibus
733 3418 996 3476 studiose
1018 3434 1089 3476 ac
1119 3416 1436 3489 diligenter
1464 3418 2062 3488 animadversis,tan~

402 3500 545 3565 dem
600 3504 1030 3565 catholicorum
1068 3507 1386 3565 doctorum
1412 3508 1667 3582 qualiter
1695 3508 1778 3563 eis
1809 3520 2062 3565 consen-

402 3596 573 3665 tiant,
601 3599 926 3655 sententias
956 3597 1434 3669 subjungamus:
1476 3613 1599 3653 non
1617 3600 1892 3653 omnium
1926 3613 2063 3670 quas

403 3686 719 3763 prmmissa
756 3692 896 3744 sunt
925 3687 1345 3762 expositiones,
1394 3686 1499 3742 sed
1540 3687 2063 3759 quemadmodum

405 3786 617 3833 eorum
642 3790 819 3833 sensa
839 3774 933 3833 his
964 3775 1061 3832 vel
1080 3772 1279 3832 verbis
1303 3773 1399 3830 vel
1416 3773 1692 3830 sensibus
1706 3772 2062 3846 congruant,

405 3866 803 3924 continentes.
914 3882 917 3883 '

477 3955 807 4013 Innocentii
838 3969 1036 4029 papae,
1064 3952 1125 4011 in
1164 3950 1415 4027 epistola
1444 3951 1668 4009 directa
1706 3950 1784 4009 ad
1809 3954 2065 4010 Lauren4

404 4039 555 4101 tium
581 4043 962 4117 episcopum,
995 4056 1127 4116 cap.
1152 4045 1221 4099 49
1251 4040 1469 4112 (Epist.
1503 4039 1628 4111 xu):
1671 4041 1784 4097 Sed
1808 4056 1883 4098 ne
1915 4034 2064 4098 ulte«l

404 4131 530 4189 rius
580 4130 1002 4189 debacchandi
1036 4130 1306 4187 habeant
1346 4128 1712 4198 facultatem,
1744 4133 1803 4186 et
1830 4131 2066 4188 animas

407 4216 772 4295 simplicium
801 4225 859 4277 et
884 4220 1327 4276 rusticanorum
1341 4218 1404 4276 in
1435 4218 1903 4291 gehennam,cui
1934 4220 2066 4277 des-

406 4306 574 4368 tinati
603 4308 762 4378 sunt,
793 4310 1051 4366 trahant.

477 4396 784 4457 Ambrosii
814 4396 876 4454 in
900 4396 1271 4471 expositione
1310 4395 1584 4469 Epistolas
1616 4395 1776 4451 Pauli
1808 4396 2064 4469 apostoli

406 4492 486 4547 ad
511 4491 681 4545 Rom.
719 4489 801 4561 (in
818 4503 871 4543 c.
903 4501 967 4544 IX
994 4486 1076 4543 ad
1101 4486 1328 4557 Rom):
1353 4487 1548 4541 Unum
1564 4483 2066 4557 elegitpraesciens

404 4578 486 4635 tia
524 4582 581 4635 et
599 4577 852 4636 alterum
884 4576 1125 4650 sprevit.
1155 4578 1222 4631 Et
1248 4575 1310 4631 in
1337 4574 1438 4630 illo
1469 4584 1654 4646 quem
1682 4572 1877 4644 elegit,
1928 4584 2063 4647 prm

401 4664 666 4744 pOSitum
696 4662 796 4724 Dei
824 4669 1061 4723 manet:
1094 4664 1239 4738 quia
1264 4661 1429 4721 aliud
1449 4677 1573 4718 non
1601 4666 1796 4735 potest
1822 4663 2060 4719 evenire

400 4768 587 4830 quam
608 4755 776 4831 quod
807 4754 976 4812 scivit
1001 4758 1058 4812 et
1085 4753 1403 4828 proposuit
1424 4752 1487 4807 in
1508 4750 1631 4817 illo,
1667 4753 1731 4806 ut
1763 4750 1953 4808 salute
1973 4751 2062 4807 di-

400 4858 555 4917 gnus
583 4846 673 4904 sit.
700 4847 772 4903 Et
795 4845 858 4902 in
886 4843 989 4901 illo
1016 4856 1200 4917 quem
1227 4842 1468 4916 sprevit,
1498 4839 1677 4896 simili
1724 4840 1909 4896 modo
1934 4855 2060 4896 maa

398 4940 501 4991 net
522 4934 905 5009 propositum
940 4932 1108 5007 quod
1127 4930 1443 5005 proposuit
1470 4929 1547 4985 de
1577 4927 1701 4997 illo,
1728 4929 1874 5000 quia
1901 4928 2057 4985 india

400 5034 556 5090 gnus
585 5018 839 5078 erit.Hoc
868 5022 1044 5095 quasi
1063 5020 1501 5094 praescius,non
1542 5030 1938 5088 personarum
1963 5032 2058 5073 ac;

399 5112 605 5181 ceptor
622 5122 637 5164 :
662 5120 808 5164 nam
835 5110 1141 5166 neminem
1157 5110 1411 5165 damnat
1426 5110 1752 5179 antequam
1769 5109 2059 5179 peecet,et

396 5195 633 5254 nullum
659 5194 909 5252 coronat
931 5201 1260 5269 antequam
1290 5197 1511 5253 vincat.
1545 5198 1665 5250 Hoc
1689 5194 1944 5267 pertinet
1976 5194 2056 5250 ad

396 5298 646 5342 causam
669 5280 1042 5355 Judteorum,
1068 5285 1173 5357 qui
1195 5285 1308 5341 sibi
1353 5283 1818 5358 praerogativam
1855 5282 2056 5339 defen-

394 5370 567 5441 dunt,
586 5372 753 5446 quod
780 5370 886 5427 ﬁlii
917 5370 1035 5428 sint
1062 5372 1664 5446 Abrahae.Apostolus
1689 5375 1892 5428 autem
1913 5386 2054 5427 con-

396 5461 624 5519 solatur
644 5464 799 5528 se,ut
821 5456 966 5531 quia
997 5460 1227 5517 dixerat
1246 5462 1516 5517 dolorem
1531 5460 1752 5515 habere
1775 5475 1840 5515 se
1856 5460 2054 5525 cordis

393 5549 746 5605 continuum
797 5564 977 5603 causa
1024 5549 1452 5605 incredulitatis
1499 5565 1729 5611 eorum,
1792 5564 2053 5619 quorum

393 5637 642 5708 adoptio
669 5642 794 5694 erat
819 5636 1164 5709 ﬁliorum,et
1183 5640 1330 5708 legis
1359 5638 1723 5708 constitutio,
1741 5644 1799 5693 et
1819 5652 1891 5693 ex
1918 5636 2051 5709 qui-

390 5724 511 5791 bus
527 5722 790 5795 Christus
813 5723 1262 5798 Salvator,sicut
1275 5725 1478 5805 etipse
1494 5724 1593 5782 ait:
1617 5727 1762 5794 quia
1790 5727 1955 5782 salus
1976 5740 2051 5780 ex

2164 1818 2359 1875 malos
2390 1818 2497 1874 scit
2528 1832 2976 1891 permansuros,
3006 1818 3318 1891 aliquoties
3347 1819 3515 1891 prius
3546 1823 3688 1873 sunt
3717 1818 3831 1873 bna

2164 1910 2245 1964 ni.
2281 1909 2448 1965 Unde
2479 1914 2672 1964 cesset
2701 1908 3119 1980 querela.quia
3135 1911 3289 1962 Deus
3318 1913 3595 1980 acceptor
3624 1921 3831 1978 perso-

2164 2012 2383 2053 narum
2409 2013 2532 2053 non
2561 2002 2647 2053 est
2680 1998 2831 2069 (Act.
2853 2000 2926 2061 Χ).
2954 2000 3097 2052 Nam
3121 1996 3260 2051 Saul
3290 1997 3390 2051 etJ
3399 1995 3550 2051 udas
3581 1995 3830 2051 lscario‘

2165 2090 2249 2142 tes
2276 2090 2453 2141 antea
2479 2085 2720 2141 fuerunt
2748 2085 2913 2151 boni,
2948 2084 3178 2140 dicente
3209 2084 3509 2156 Scriptura
3533 2083 3611 2139 de
3642 2084 3787 2139 Sani
3812 2098 3826 2139 :

2165 2175 2317 2230 Erat
2345 2176 2440 2231 vir
2471 2175 2657 2230 bonus
2688 2179 2740 2231 et
2765 2190 2884 2229 non
2912 2179 3043 2229 erat
3064 2174 3172 2229 illo
3201 2175 3417 2229 melior
3458 2174 3522 2228 in
3559 2174 3706 2242 ﬁliis
3734 2175 3829 2228 [sa

2165 2264 2295 2319 rael
2320 2264 2377 2332 (Ι
2400 2264 2540 2333 Reg.
2575 2266 2679 2329 ix).
2714 2265 2781 2318 Et
2808 2261 2883 2317 de
2925 2261 3080 2317 Juda
3124 2261 3399 2316 lscariote
3428 2260 3570 2316 dicit
3621 2264 3827 2317 Petrus

2165 2349 2497 2423 apostolus:
2528 2351 2644 2419 Qui
2674 2352 2920 2406 sortitus
2946 2355 3031 2405 est
3059 2356 3279 2406 sortem
3303 2350 3624 2405 ministerii
3643 2350 3829 2420 hujus

2166 2441 2322 2511 (Act.
2357 2440 2418 2511 ι),
2446 2439 2508 2495 id
2537 2444 2625 2495 est
2654 2438 3046 2512 apostolatus.
3074 2438 3391 2503 Quomodo
3413 2438 3590 2508 igitur
3619 2437 3830 2493 minias

2168 2529 2379 2585 terium
2430 2528 2691 2584 salutare
2737 2529 3068 2597 sortiretur,
3130 2527 3245 2582 nisi
3302 2531 3458 2582 esset
3482 2526 3728 2582 bonus?
3762 2530 3828 2582 In

2168 2624 2324 2674 sorte
2352 2618 2512 2673 enim
2545 2619 2643 2673 Dei
2668 2617 2965 2687 judicium
2998 2616 3126 2684 fuit,
3162 2615 3415 2685 dignum
3442 2615 3612 2671 illum
3638 2616 3826 2671 fuisse

2168 2711 2437 2778 tempore
2465 2722 2589 2778 quo
2616 2707 2837 2762 electus
2865 2710 2976 2761 est.

2241 2796 2387 2850 Item
2416 2794 2477 2849 in
2507 2794 2755 2850 eadem:
2785 2794 3163 2850 Manifestum
3195 2797 3441 2848 estvasa
3463 2791 3668 2865 aliqua
3698 2790 3828 2847 ﬁeri

2171 2884 2249 2939 ad
2287 2884 2602 2951 honorem,
2630 2890 2763 2956 quis
2796 2883 2875 2939 ad
2925 2897 3071 2937 usus
3101 2882 3389 2937 honestos
3410 2882 3528 2936 sint
3553 2896 3828 2936 necessa-

2169 2971 2278 3042 ria,
2307 2970 2426 3027 alia
2449 2987 2592 3027 vero
2622 2972 2701 3028 ad
2724 2971 3175 3040 contumeliam,
3198 2984 3335 3043 quas
3357 2974 3687 3025 strumento
3710 2968 3829 3026 sint

2170 3060 2509 3116 culinarum
2537 3078 2550 3129 ;
2577 3061 2755 3115 unius
2787 3065 2988 3115 tamen
3033 3075 3161 3114 esse
3188 3059 3559 3128 substantiae,
3582 3058 3686 3113 sed
3717 3056 3830 3112 dif.

2173 3150 2323 3205 ferre
2353 3149 2661 3205 voluntate
2688 3149 2999 3221 opiﬁcisin
3028 3148 3371 3202 honore.Ita
3392 3151 3449 3202 et
3479 3150 3653 3217 Deus,
3687 3162 3828 3201 cum

2173 3253 2385 3294 omnes
2411 3253 2484 3293 ex
2515 3252 2637 3293 una
2666 3242 2847 3310 atqtie
2869 3236 3085 3292 eadem
3105 3250 3310 3290 massa
3338 3235 3528 3289 simus
3562 3234 3623 3289 in
3653 3233 3828 3289 subsd

2175 3327 2381 3393 tantia,
2412 3331 2469 3382 et
2493 3326 2690 3382 cuncti
2717 3329 3081 3397 peccatores,
3111 3323 3209 3379 alii
3236 3323 3568 3390 miseretur,
3603 3327 3660 3378 et
3689 3321 3831 3378 alte-

2172 3424 2310 3471 rum
2331 3414 2587 3486 despicit
2618 3428 2742 3469 non
2771 3414 2901 3469 sine
2922 3412 3170 3485 justitia.
3205 3412 3267 3466 In
3290 3410 3476 3481 ﬁgulo
3508 3410 3667 3467 enim
3697 3410 3829 3467 sola

2174 3502 2452 3559 voluntas
2484 3507 2607 3570 est;
2640 3502 2699 3558 in
2727 3503 2845 3557 Deo
2869 3507 3073 3558 autem
3089 3500 3370 3556 voluntas
3394 3516 3533 3555 cum
3557 3498 3826 3570 justitia;

2176 3591 2285 3648 scit
2329 3592 2490 3647 enim
2521 3592 2695 3662 cujus
2722 3591 2940 3646 debeat
2987 3589 3277 3655 misereri,
3309 3588 3464 3644 sicut
3491 3604 3676 3660 supra
3706 3604 3830 3644 me-

2175 3681 2603 3748 moravi.Quod
2624 3681 2679 3734 si
2706 3681 2906 3736 volens
2935 3681 3090 3735 Deus
3120 3678 3426 3733 ostendere
3445 3678 3681 3748 iram,et
3700 3691 3829 3733 ma-

2176 3770 2463 3838 nifestare
2488 3771 2817 3838 potentiam
2863 3784 3054 3833 suam,
3081 3767 3368 3821 sustinuit
3398 3767 3463 3821 in
3501 3766 3699 3821 multa
3726 3780 3831 3835 pa-

2176 3858 2387 3914 tientia
2413 3872 2557 3914 vasa
2585 3860 2694 3912 ira-
2720 3862 3072 3927 praeparata
3092 3857 3155 3911 in
3185 3855 3515 3911 interitum.
3543 3854 3626 3909 Et
3646 3860 3713 3909 ut
3742 3868 3830 3910 os—

2177 3948 2441 4003 tenderet
2470 3947 2710 4002 divitias
2732 3947 2943 4017 gloriae
2960 3960 3085 4001 suae
3104 3946 3168 3999 in
3198 3945 3354 3999 vasis
3383 3942 3826 4011 misericordia,

2174 4046 2307 4108 quae
2331 4037 2707 4105 praeparavit
2730 4037 2814 4093 ad
2841 4036 3102 4107 gloriam
3125 4034 3314 4104 (Rom.
3335 4035 3439 4101 IX).
3464 4033 3594 4104 Ipse
3617 4046 3829 4088 sensus

2177 4127 2284 4193 est,
2318 4124 2463 4196 quia
2482 4123 2788 4180 voluntate
2835 4128 2893 4180 et
2917 4121 3374 4192 longanimitate
3424 4120 3546 4189 Dei,
3579 4136 3717 4192 qum
3742 4124 3831 4178 est

2177 4213 2484 4285 patientia,
2518 4218 2937 4285 praeparantur
2964 4210 3236 4267 inﬁdeles
3276 4209 3353 4266 ad
3382 4224 3651 4281 pmnam.

2842 4301 3074 4357 CAPUT
3113 4302 3176 4356 Vl

2317 4392 2418 4447 Ex
2441 4393 2500 4445 S.
2532 4392 2895 4462 Augustino,
2922 4393 2987 4446 in
3017 4391 3273 4459 epistola
3302 4390 3384 4445 ad
3426 4389 3689 4444 Sixtum.

2098 4442 2142 4506 Β
2249 4442 3373 4552 ligis‘un‘i‘;;;,;;;{.;1;sicut;
3410 4442 3825 4550 presbyterum

2177 4570 2389 4639 (Epist.
2419 4569 2534 4638 ex).
2561 4569 2727 4625 Unde
2765 4574 2823 4623 et
2850 4566 2995 4622 alibi
3034 4566 3287 4621 dicitur:
3341 4568 3479 4623 Pax
3503 4565 3823 4635 fratribus,

2173 4663 2229 4714 et
2260 4659 2525 4713 eharitas
2548 4672 2683 4712 cum
2702 4657 2854 4725 ﬁde;
2886 4670 3075 4726 quam
3104 4671 3179 4710 ne
3201 4655 3317 4711 sibi
3338 4655 3824 4718 tribuerent,con-

2174 4746 2339 4801 tinuo
2360 4744 2671 4815 subjunxit
2688 4746 2764 4799 :A
2798 4746 2918 4799 Deo
2941 4745 3128 4800 Patre
3154 4750 3207 4799 et
3238 4744 3484 4799 Domino
3512 4749 3717 4799 nostro
3735 4747 3824 4799 Je-

2170 4848 2242 4889 su
2272 4834 2505 4889 Christo
2531 4834 2711 4901 (Epit.
2745 4833 2843 4903 vx).
2880 4832 3031 4898 Quia
3078 4848 3189 4887 nec
3241 4832 3518 4888 omnium
3559 4836 3649 4888 est
3674 4832 3817 4888 ﬁdes

2170 4922 2273 4995 qui
2287 4920 2828 4987 audiuntverbum,
2853 4922 2957 4976 sed
2974 4920 3194 4993 quibus
3224 4924 3378 4975 Deus
3398 4920 3653 4990 partitur
3663 4936 3819 4976 men-

2171 5026 2374 5066 suram
2396 5010 2556 5066 ﬁdei.
2585 5011 2745 5067 Sicut
2768 5026 2878 5066 nec
2905 5009 3113 5066 omnia
3139 5009 3481 5078 germinant
3504 5024 3642 5080 quas
3663 5010 3819 5083 plan-

2168 5104 2370 5156 tantur
2408 5105 2464 5156 et
2486 5100 2774 5169 rigantur,
2809 5100 2917 5155 sed
2945 5099 3172 5171 quibus
3194 5102 3349 5155 Deus
3364 5098 3469 5154 dat
3498 5099 3819 5155 incremen-

2167 5194 2315 5245 tum.
2353 5192 2467 5247 Cur
2496 5193 2696 5245 autem
2749 5187 2845 5245 ille
2875 5189 3099 5257 credat,
3152 5188 3247 5244 ille
3277 5203 3401 5243 non
3430 5187 3655 5257 credat,
3687 5204 3818 5243 cum

2166 5278 2350 5336 ambo
2376 5280 2535 5353 idem
2554 5280 2890 5344 audiunt,et
2909 5278 3405 5334 simiraculumin
3425 5293 3634 5333 eorum
3657 5292 3819 5332 cons-

2166 5372 2343 5441 pectu
2353 5367 2669 5438 ﬁat,ambo
2686 5367 2846 5424 idem
2868 5368 3090 5430 vident;
3107 5367 3358 5423 altitudo
3375 5370 3463 5421 est
3482 5365 3817 5421 divitiarum

2168 5458 2476 5529 sapientiae
2500 5464 2555 5513 et
2598 5457 2858 5513 scientias
2892 5459 3011 5521 Dei,
3042 5459 3216 5528 cujus
3246 5454 3661 5511 inscrutabilia
3687 5459 3817 5510 sunt

2160 5548 2409 5616 judicia;
2431 5553 2482 5602 et
2506 5548 2669 5619 apud
2689 5564 2868 5620 quem
2889 5564 3005 5601 non
3038 5553 3125 5602 est
3146 5546 3444 5617 iniquitas,
3479 5546 3625 5597 dum
3653 5545 3814 5612 cujus

2165 5636 2291 5692 vult
2312 5636 2643 5697 miseretur,
2676 5641 2734 5692 et
2759 5652 2942 5709 quem
2958 5636 3085 5691 vult
3105 5636 3347 5690 indurat
3376 5636 3564 5705 (Rom.
3594 5638 3697 5700 1x);
3727 5647 3814 5687 ne-

2166 5741 2283 5796 que
2314 5726 2475 5780 enim
2500 5730 2818 5797 propterea
2858 5729 2997 5782 sunt
3016 5724 3258 5796 injusta,
3292 5723 3434 5797 quia
3455 5720 3708 5777 occulta.
