3974 6412
187 266 284 321 981

1235 270 1458 326 EPIST.
1502 271 1591 326 AD
1634 267 2057 325 HINCMARUM
2099 269 2185 323 ΕΤ
2220 268 2621 325 ΡΑΒΒΠΙᾸῘΜ.

3532 270 3637 323 98!

262 398 405 450 Item
441 395 497 449 in
527 396 776 450 eadem:
808 399 870 450 Et
898 412 971 450 ne
994 398 1315 469 quisquam
1350 398 1711 452 existimaret
1733 411 1855 450 cre-
1880 399 1929 452 Α
1969 396 2147 450 corde
2191 411 2297 450 suo
2340 396 2544 463 (Prov.
2591 411 2693 450 xrx
2739 394 3067 450 secundum
3119 392 3311 457 LXX).
3346 393 3636 457 Quamvis

182 483 401 538 dentes
434 486 515 538 sic
551 484 628 539 ad
649 485 777 555 ejus
808 487 1193 555 praesentiam
1215 488 1509 558 pertinere
1542 486 1853 558 quomodo

179 586 311 626 non
342 572 673 637 credentes,
693 572 879 641 idest,
907 580 1118 629 utnon
1150 574 1232 628 eis
1260 576 1408 629 tides
1430 574 1561 647 ipsa
1592 574 1856 645 «lustiper

180 660 566 729 daretur,sed
582 662 1000 717 tantummodo
1013 662 1290 718 voluntas
1302 679 1510 718 eorum
1526 678 1855 734 praenosce-

178 754 369 817 retur,
402 766 547 805 mox
577 749 781 821 adjicit
801 756 980 823 atque
1004 752 1121 807 ait:
1159 753 1484 821 Propterea
1507 753 1640 807 dixi
1670 752 1849 814 vobis,

178 838 329 908 quia
350 852 524 894 nemo
537 843 731 909 potest
759 840 961 894 venire
982 841 1062 894 ad
1080 856 1190 905 me,
1223 842 1342 894 nisi
1361 841 1551 909 fuerit
1579 841 1634 895 ei
1642 840 1849 894 datum

179 943 219 983 a
241 928 435 983 Patre
458 944 582 984 meo
616 930 808 999 (Joan.
841 932 940 995 vi).
976 930 1122 985 Hinc
1149 935 1276 985 erat
1312 930 1477 1002 quod
1507 946 1717 984 eorum
1745 929 1851 1001 qui

179 1016 505 1072 audierant
532 1017 880 1089 loquentem
911 1019 985 1073 de
1012 1034 1189 1073 carne
1220 1036 1331 1074 sua
1358 1024 1416 1074 et
1441 1018 1515 1074 de
1556 1018 1851 1085 sanguine

177 1122 316 1172 suo,
332 1107 585 1180 quidam
605 1107 991 1162 scandalizati
1004 1108 1441 1174 abscesserunt,
1463 1109 1713 1180 quidam
1729 1124 1850 1163 cre-

176 1194 388 1250 dendo
414 1200 796 1251 manserunt:
831 1198 975 1269 quia
1008 1213 1188 1252 nemo
1217 1204 1414 1270 potest
1440 1197 1638 1253 venire
1670 1198 1746 1253 ad
1778 1198 1848 1251 il-

173 1284 309 1340 lum
356 1284 473 1341 nisi
509 1286 604 1341 cui
634 1285 842 1341 datum
878 1292 970 1342 est
1012 1302 1047 1342 a
1080 1290 1267 1357 Patre,
1301 1304 1370 1343 ac
1401 1303 1508 1360 per
1536 1288 1650 1342 hoc
1682 1292 1738 1342 et
1767 1286 1846 1342 ab

171 1375 313 1447 ipso
338 1375 477 1430 Filio
506 1380 611 1431 eta
641 1375 857 1446 Spiritu
883 1381 1112 1432 sancto.
1148 1380 1347 1448 Neque
1378 1377 1536 1431 enim
1570 1382 1847 1447 separata

171 1470 320 1520 sunt
349 1465 512 1521 dona
528 1465 617 1519 vel
642 1481 827 1538 opera
854 1466 1271 1539 inseparabilis
1288 1468 1598 1522 Trinitatis.
1625 1468 1738 1521 Sed
1761 1468 1845 1521 Fi-

165 1553 293 1609 lius
321 1554 406 1610 sic
434 1557 741 1611 honorans
768 1555 1002 1612 Patrem
1034 1572 1158 1611 non
1190 1556 1365 1612 affert
1411 1556 1587 1611 ullius
1615 1556 1842 1611 distan-

172 1643 269 1699 tias
298 1643 755 1709 documentum,
788 1646 889 1700 sed
925 1661 1218 1711 magnum
1244 1646 1473 1718 praebet
1492 1644 1842 1700 humilitatis

167 1732 544 1806 exemplum.
568 1733 666 1789 Hic
684 1734 897 1789 iterum
916 1734 1007 1788 isti
1029 1734 1197 1789 liberi
1226 1735 1450 1789 arbitrii
1472 1735 1838 1799 defensores,
1874 1751 1914 1803 Β

102 1832 112 1840 ’
163 1822 301 1877 imo
344 1822 694 1895 deceptores
732 1824 874 1894 quia
907 1824 1228 1889 intlatores,
1263 1830 1317 1879 et
1366 1826 1669 1879 intlatores
1698 1824 1844 1895 quia

166 1915 671 1983 praesumptores,
698 1928 822 1967 non
872 1912 1198 1967 adversum
1246 1928 1378 1977 nos,
1413 1914 1519 1967 sed
1550 1912 1843 1968 adversus

168 1998 569 2068 Evangelium
599 2000 875 2069 locuturi,
903 2000 1051 2073 quid
1100 1999 1265 2055 aliud
1315 2001 1523 2056 dicunt
1564 2017 1750 2073 quam
1782 1999 1843 2054 id

164 2088 343 2163 quod
370 2089 690 2160 Apostolus
711 2088 846 2157 sibi,
865 2089 1039 2162 quasi
1057 2088 1325 2144 atalibus
1349 2090 1661 2150 diceretur,
1678 2090 1844 2157 obje-

166 2178 290 2233 cit:
326 2179 488 2233 Dicis
527 2180 729 2249 itaque
772 2179 941 2247 mihi,
977 2179 1133 2245 Quid
1176 2179 1376 2234 adhuc
1408 2180 1845 2249 conqueritur?

166 2280 316 2322 nam
367 2267 671 2321 voluntati
699 2269 827 2335 ejus
874 2268 1004 2338 quis
1048 2268 1652 2338 resistit?(Bom.1x.)
1680 2271 1841 2324 Hanc

168 2354 716 2411 contradictionem
756 2356 995 2411 sibimet
1042 2358 1189 2428 ipse,
1224 2363 1514 2429 tanquam
1544 2358 1623 2414 ab
1654 2358 1840 2413 altero

162 2444 474 2518 opposuit,
493 2444 656 2501 velut
686 2461 757 2499 ex
788 2461 997 2500 eorum
1029 2462 1175 2501 voce
1202 2448 1306 2518 qui
1336 2446 1547 2501 nolunt
1568 2448 1838 2519 accipere

160 2533 338 2606 quod
367 2533 643 2605 superius
666 2534 930 2590 dixerat:
959 2536 1125 2606 Ergo
1155 2538 1328 2604 cujus
1351 2538 1482 2591 vult
1498 2538 1834 2605 miseretur,

161 2629 224 2679 et
254 2638 429 2695 quem
468 2624 600 2679 vult
648 2624 906 2679 obdurat
939 2624 1176 2696 (Ibid).).
1210 2624 1451 2681 Talibus
1491 2625 1695 2697 itaque
1744 2624 1834 2680 di-

159 2726 384 2767 camus
411 2727 549 2766 cum
571 2712 875 2783 Apostolo,
910 2728 1031 2768 non
1064 2712 1224 2768 enim
1254 2713 1467 2768 melius
1487 2714 1588 2769 illo
1610 2714 1836 2770 inveni-

158 2817 229 2857 re
259 2816 587 2873 possumus
638 2802 788 2874 quid
836 2802 1151 2859 dicamus:
1203 2803 1251 2858 0
1277 2805 1469 2870 homo,
1503 2810 1570 2859 tu
1612 2806 1744 2876 quis
1776 2819 1835 2861 es

158 2890 276 2961 qui
302 2891 659 2959 respondeas
702 2892 824 2947 Deo
844 2894 873 2947 ἲ
907 2890 1108 2962 (Ibid.)
1130 2901 1158 2928 ⁸
1202 2892 1536 2957 Quaerimus
1565 2908 1833 2965 namque

158 2978 447 3035 meritum
478 2979 912 3045 obdurationis,
942 2985 999 3037 et
1044 2981 1401 3037 invenimus.
1436 2982 1633 3039 Merito
1663 2999 1832 3038 nam-

158 3083 282 3141 que
304 3067 533 3139 peccati
556 3069 838 3123 universa
855 3085 1058 3125 massa
1072 3070 1364 3126 damnata
1385 3075 1496 3135 est,
1511 3087 1620 3126 nec
1643 3073 1828 3126 obdu-
1861 3104 1900 3159 Ο

162 3162 258 3213 rat
292 3158 451 3211 Deus
494 3155 892 3228 impertiendo
938 3158 1250 3227 malitiam,
1286 3159 1392 3214 sed
1436 3176 1556 3215 non
1606 3161 1829 3232 imper-

158 3244 367 3303 tiendo
399 3244 899 3301 misericordiam.
934 3246 1164 3312 Quibus
1205 3249 1365 3303 enim
1410 3264 1535 3303 non
1562 3248 1829 3321 imperti-

156 3341 277 3402 tur,
306 3350 420 3390 nec
451 3334 615 3403 digni
645 3339 783 3389 sunt
810 3350 920 3390 nec
936 3340 1241 3391 merentur
1266 3355 1279 3403 ;
1304 3341 1361 3392 et
1388 3337 1588 3409 potius
1619 3343 1679 3393 ut
1702 3355 1827 3395 non

154 3424 557 3495 impertiatur,
584 3430 698 3479 hoc
725 3423 891 3493 digni
926 3429 1083 3495 sunt,
1115 3425 1230 3480 hoc
1256 3431 1578 3481 merentur.
1610 3430 1829 3487 QtltBPi-o

154 3528 297 3569 mus
327 3517 528 3569 autem
556 3513 836 3568 meritum
856 3514 1300 3573 misericordire.
1320 3531 1430 3570 nec
1461 3515 1822 3585 invenimus,

154 3601 305 3676 quia
327 3602 563 3657 nullum
592 3607 701 3670 est,
728 3618 802 3657 ne
831 3604 1022 3672 gratia
1051 3609 1392 3662 evacuetur.
1414 3606 1459 3659 si
1486 3622 1605 3661 non
1638 3609 1823 3675 gratis

155 3692 439 3758 donatur,
468 3691 573 3747 sed
596 3693 819 3747 meritis
850 3692 1119 3748 redditur
1148 3693 1192 3748 ι’.

229 3783 376 3835 Item
396 3780 456 3835 in
487 3780 702 3836 eadem
731 3786 749 3813 ⁹
775 3798 787 3836 :
824 3782 937 3837 Sed
970 3781 1018 3836 si
1046 3797 1190 3837 vasa
1221 3788 1363 3838 sunt
1389 3782 1487 3837 irae
1517 3800 1654 3856 quas
1686 3802 1820 3857 per-

154 3868 310 3926 fecta
340 3874 477 3925 sunt
522 3869 601 3925 ad
630 3870 1030 3942 perditionem
1074 3886 1212 3943 quae
1253 3872 1365 3927 illis
1393 3872 1600 3929 debita
1630 3874 1823 3930 reddi-

157 3964 271 4026 tur,
306 3958 419 4013 sibi
463 3960 578 4014 hoc
622 3958 937 4031 imputant,
970 3960 1116 4031 quia
1162 3977 1235 4016 ex
1290 3976 1361 4017 ea
1407 3978 1615 4018 massa
1664 3964 1821 4020 facta

155 4052 295 4103 sunt
315 4063 505 4119 quam
530 4054 775 4120 propter
801 4049 980 4102 unius
1010 4055 1350 4120 peccatum,
1377 4050 1439 4105 in
1460 4067 1583 4122 quo
1606 4067 1819 4108 omnes

154 4140 575 4209 peccaverunt,
608 4137 820 4191 merito
862 4138 1018 4191 Deus
1064 4140 1344 4210 justeque
1390 4139 1728 4196 damnavit.
1760 4144 1817 4197 Si

154 4230 358 4282 autem
390 4241 537 4280 vasa
579 4235 716 4281 sunt
755 4226 1199 4292 misericordiae,
1230 4228 1454 4298 quibus
1500 4245 1571 4283 ex
1600 4230 1816 4288 eadem

155 4331 356 4370 massa
389 4315 555 4370 factis
588 4315 951 4387 supplicium
996 4315 1272 4371 debitum
1320 4317 1571 4372 reddere
1604 4319 1813 4389 noluit,

152 4420 277 4461 non
304 4421 368 4461 se
396 4404 625 4471 inﬂent,
658 4406 763 4460 sed
791 4406 991 4477 ipsum
1024 4404 1352 4473 gloriﬁcent
1378 4408 1482 4480 qui
1521 4410 1606 4463 eis
1637 4411 1813 4465 mise-

150 4494 474 4550 ricordiam
500 4508 622 4550 non
654 4494 919 4551 debitam
945 4500 1206 4567 praestat.

223 4583 369 4639 Item
393 4584 455 4638 in
487 4583 699 4639 eadem
725 4601 738 4638 :
774 4587 917 4649 Quae
962 4584 1009 4638 si
1030 4584 1192 4651 justa
1217 4588 1306 4640 est
1332 4589 1657 4655 excusatio,
1689 4602 1812 4643 non

146 4674 273 4744 jam
308 4672 565 4741 gratuita
595 4674 786 4741 gratia
822 4679 916 4727 est
943 4688 1070 4745 qua
1107 4674 1457 4740 liberantur,
1492 4676 1597 4731 sed
1627 4693 1811 4749 prop-

151 4767 237 4817 ter
276 4761 459 4831 hujus
516 4761 918 4816 excusationis
972 4762 1270 4831 justitiam
1320 4765 1651 4820 liberantur
1699 4766 1805 4837 lat.

151 4865 273 4906 non
300 4851 430 4921 jam
462 4849 721 4919 gratuita
763 4852 971 4919 gratia,
1008 4852 1116 4907 sed
1150 4857 1394 4925 propter
1422 4854 1603 4924 hujus
1628 4871 1808 4911 excu-

152 4938 397 4995 sationis
421 4938 715 5010 justitiam
758 4938 1132 5010 liberantur].
1170 4942 1222 4996 Si
1273 4947 1475 4998 autem
1501 4945 1693 5013 gratia
1721 4950 1810 5002 est

150 5044 271 5100 qua
298 5027 649 5095 liberantur,
684 5027 951 5099 profecto
981 5029 1108 5083 hanc
1150 5032 1456 5086 excusatio
1482 5033 1644 5101 justa
1684 5049 1807 5090 non

150 5121 255 5172 est.
287 5119 451 5172 Tunc
477 5117 638 5172 enim
669 5132 811 5172 vera
854 5118 1044 5187 gratia
1071 5122 1177 5184 est,
1210 5135 1334 5190 qua
1376 5121 1562 5175 homo
1592 5120 1805 5178 libera-

149 5210 261 5275 tur,
284 5206 333 5261 si
358 5220 483 5262 non
510 5205 847 5261 secundum
876 5206 1147 5262 debitum
1171 5208 1413 5277 justitias
1443 5210 1807 5267 retribuitur.

150 5294 300 5350 Nihil
344 5310 488 5363 ergo
529 5295 596 5353 fit
643 5295 703 5350 in
752 5294 838 5349 eis
881 5296 987 5367 qui
1015 5295 1260 5352 dicunt:
1297 5298 1413 5364 Qui
1439 5299 1642 5354 adhuc
1670 5315 1808 5356 con-

148 5385 442 5456 queritur,
490 5401 631 5441 nam
674 5386 982 5441 voluntati
1034 5388 1160 5450 ejus
1180 5388 1311 5456 quis
1369 5388 1639 5443 resistit?
1687 5390 1806 5445 Nisi

147 5473 307 5545 quod
373 5472 592 5542 legitur
650 5475 711 5530 in
777 5473 931 5529 libro
1002 5474 1381 5531 Salomonis:
1452 5478 1805 5546 [nsipientia

148 5565 261 5621 viri
290 5565 477 5619 violat
508 5565 636 5620 vias
667 5566 804 5620 vitae
845 5567 995 5634 ejus,
1032 5566 1183 5619 Deus
1205 5572 1403 5621 autem
1426 5575 1716 5623 causatur
1740 5570 1805 5623 in

210 5676 229 5699 ‘
254 5670 484 5743 Hinem,
514 5670 551 5726 l.
584 5673 657 5727 de
677 5673 989 5743 Prazdest.,
1019 5688 1069 5727 c.
1104 5675 1159 5726 9.

213 5743 242 5785 ι»
270 5743 495 5811 [Sent.,
525 5743 663 5801 dist.
689 5746 781 5813 to,
812 5760 862 5801 c.
898 5744 1263 5816 Quicunque.

1964 486 2143 553 igitur
2166 488 2317 540 Deus
2341 486 2518 541 faciat
2536 502 2676 541 vasa
2702 486 2803 540 irre
2828 486 2886 539 in
2914 482 3335 555 perditionem,
3355 486 3418 538 ut
3439 489 3633 538 osten-

1964 577 2066 629 dat
2095 576 2245 630 iram
2279 581 2333 629 et
2352 577 2719 630 demonstret
2747 574 3075 646 potentiam
3098 588 3293 639 suam,
3326 588 3450 644 qua
3470 572 3632 629 bene

1964 664 2143 718 etiam
2174 664 2353 719 utitur
2385 664 2555 718 mulis
2583 683 2594 731 ;
2629 667 2685 718 et
2718 668 2780 723 ut
2808 668 2983 718 notas
3013 660 3194 717 faciat
3219 660 3459 717 divitias
3491 660 3629 732 glo-

1962 752 2064 806 riae
2096 768 2217 807 suae
2248 751 2309 805 in
2336 768 2485 806 vasa
2511 750 2937 806 misericordias
2964 768 2976 817 ;
3010 765 3144 821 quae
3184 748 3320 804 fecit
3344 748 3408 804 in
3438 748 3633 805 hono-

1961 856 2111 907 rem,
2169 856 2291 896 non
2334 840 2668 895 damnabili
2725 855 2945 896 massaa
3000 837 3293 905 debitum,
3341 837 3450 892 sed
3499 854 3630 893 suae

1963 930 2165 998 gratiae
2191 930 2461 998 largitate
2484 930 2778 985 donatum
2805 947 2816 985 :
2844 932 3047 984 tamen
3069 928 3130 982 in
3146 926 3373 982 eisdem
3399 926 3502 981 iraa
3524 942 3630 983 va~

1964 1020 2071 1086 sis,
2097 1025 2340 1090 propter
2369 1020 2650 1074 meritum
2682 1035 2896 1073 massa:
2924 1018 2985 1072 in
3008 1016 3436 1072 contumeliam
3460 1015 3629 1071 debi.

1960 1112 2084 1163 tam
2118 1108 2306 1173 factis,
2340 1108 2400 1162 id
2434 1113 2541 1174 est,
2575 1107 2925 1162 hominibus
2958 1111 3198 1177 propter
3233 1110 3463 1160 naturae
3495 1105 3629 1176 qui-

1958 1197 2099 1252 dem
2149 1197 2381 1252 bonum
2429 1198 2661 1267 creatis,
2695 1197 2799 1252 sed
2850 1200 3094 1268 propter
3141 1195 3286 1249 vitia
3324 1193 3627 1265 supplicio

1957 1286 2293 1351 destinatis,
2350 1287 2753 1358 iniquitatem,
2800 1301 2988 1357 quam
3030 1284 3361 1341 rectissime
3410 1283 3626 1340 veritas

1956 1376 2281 1447 improbat,
2313 1376 2606 1430 damnare
2651 1375 2814 1431 venit
2858 1375 3005 1446 ipse,
3038 1389 3163 1428 non
3215 1372 3427 1428 facere.
3461 1372 3626 1428 Sicut

1954 1466 2116 1520 enim
2166 1465 2457 1522 voluntati
2503 1467 2632 1535 ejus
2688 1463 2968 1519 tribuitur
3004 1463 3278 1517 humana
3322 1465 3621 1530 creatura,

1952 1554 2118 1611 nullo
2156 1553 2469 1609 dubitante
2508 1551 2840 1625 laudanda,
2886 1551 2971 1606 sic
3019 1550 3287 1607 hominis
3330 1549 3624 1605 voluntati

1952 1644 2129 1715 culpa
2163 1643 2461 1705 tribuitur,
2488 1641 2653 1697 nullo
2686 1644 2998 1696 recusante
3028 1637 3403 1696 damnanda.

2026 1734 2170 1786 Item
2203 1732 2263 1786 in
2293 1732 2507 1787 eadem
2534 1749 2547 1786 :
2584 1733 2651 1787 Ut
2678 1732 2791 1786 hoc
2815 1746 2956 1799 ergo
2980 1729 3217 1785 interim
3244 1727 3540 1791 omittam,
3566 1728 3624 1782 et

1952 1820 2066 1875 hoc
2094 1820 2290 1876 solum
2340 1820 2415 1875 de
2446 1819 2713 1891 parvulis
2753 1819 2976 1885 dicam,
3011 1817 3175 1889 quod
3226 1816 3343 1889 ipsi
3373 1830 3620 1887 quoque

1954 1908 2303 1964 auctoritate
2347 1907 2694 1975 evangelica
2723 1907 2929 1975 territi,
2960 1907 3057 1962 vel
3102 1906 3303 1977 potius
3335 1903 3617 1961 Christia-

1950 2014 2170 2054 norum
2200 1998 2567 2070 populorum
2615 1997 3091 2053 concordissima
3120 1995 3261 2055 fidei
3303 1995 3616 2067 conspira-

1952 2088 2111 2143 tione
2146 2086 2452 2159 perfracti,
2477 2087 2606 2141 sine
2650 2086 2772 2142 ulla
2820 2086 3205 2142 excusatione
3233 2084 3574 2141 concedunt

1950 2175 2115 2247 quod
2147 2174 2347 2230 nullus
2376 2175 2686 2247 parvulus,
2704 2174 2822 2230 nisi
2851 2179 3094 2230 renatus
3124 2190 3197 2229 ex
3217 2188 3381 2246 aqua
3406 2177 3465 2229 et
3487 2172 3615 2245 Spi-

1949 2265 2086 2335 ritu,
2116 2265 2293 2320 intret
2318 2264 2377 2319 in
2402 2280 2657 2331 regnum
2682 2265 2973 2320 ccelorum
2998 2283 3011 2333 ;
3047 2278 3508 2337 quam,quaaso,
3530 2262 3614 2319 al-

1948 2354 2125 2410 laturi
2155 2358 2295 2410 sunt
2323 2370 2596 2421 causam,
2628 2354 2796 2426 quod
2826 2353 2980 2409 alius
3026 2354 3111 2408 sic
3151 2352 3519 2423 gubernetur
3545 2356 3612 2408 ut

1946 2444 2283 2516 baptizatus
2336 2444 2474 2499 hinc
2522 2448 2713 2510 exeat,
2744 2444 2898 2503 alius
2950 2442 3282 2498 inﬁdelium
3325 2441 3610 2498 manibus

1948 2534 2221 2591 traditus.
2238 2534 2329 2588 vel
2352 2535 2531 2589 etiam
2554 2534 2845 2599 ﬁdelium,
2861 2534 3223 2606 priusquam
3248 2532 3327 2588 ab
3348 2532 3433 2587 eis
3453 2531 3606 2604 bap-

1947 2623 2222 2679 tizandus
2251 2623 2555 2689 otl'eratur,
2583 2623 2879 2695 exspiret?
2908 2627 2996 2679 An
3020 2623 3136 2678 hoc
3166 2621 3288 2677 fato
3308 2621 3399 2678 vel
3424 2620 3609 2677 fortu-

1944 2728 2035 2767 nae
2068 2712 2263 2769 daturi
2295 2714 2479 2768 sunt?
2502 2717 2627 2768 Non
2650 2712 2867 2785 opinor
2891 2727 2995 2768 eos
3018 2712 3081 2767 in
3107 2715 3338 2768 tantam
3360 2710 3607 2767 demen-

1944 2802 2089 2857 tiam
2116 2806 2535 2873 prorupturos,
2562 2801 3168 2874 quantulumcunque
3189 2816 3414 2857 nomen
3445 2800 3609 2858 Chri-

1943 2892 2206 2948 stianum
2264 2895 2464 2948 tenere
2508 2892 2836 2963 cupientes.
2879 2894 2999 2949 Cur
3042 2906 3187 2961 ergo
3235 2890 3298 2945 in
3348 2905 3607 2961 regnum

1944 2981 2233 3036 caelorum
2260 2995 2385 3035 non
2412 2986 2658 3052 accepto
2681 2980 3152 3049 regenerationis
3193 2979 3435 3039 lavacro
3463 2994 3603 3052 par-

1943 3069 2122 3124 vulus
2149 3069 2351 3124 nullus
2376 3069 2665 3125 intrabit?
2691 3069 2973 3141 Nunquid
3001 3084 3125 3125 non
3140 3068 3223 3123 ita
3248 3069 3363 3122 sibi
3384 3082 3602 3140 paren-

1946 3166 2030 3213 tes
2060 3160 2189 3229 [at.,
2224 3158 2651 3230 Nunquidnam
2682 3158 2809 3225 ipse
2849 3158 2963 3213 sibi
3002 3156 3301 3231 parentes]
3331 3156 3602 3213 inﬁdeles

1942 3247 2037 3302 vel
2060 3247 2449 3315 negligentes,
2464 3247 2539 3301 de
2561 3246 2785 3318 quibus
2811 3251 3177 3317 nasceretur,
3199 3246 3416 3315 elegit?
3446 3244 3602 3310 Quid

1939 3338 2140 3392 dicam
2171 3336 2247 3392 de
2274 3336 2602 3408 inopinatis
2631 3341 2689 3392 et
2708 3336 3035 3407 repentinis
3054 3334 3600 3391 innumerabilibus

1937 3426 2254 3493 mortibus,
2286 3426 2511 3498 quibus
2560 3443 2721 3499 saepe
2768 3427 2951 3482 etiam
2990 3426 3410 3494 religiosorum
3440 3425 3602 3482 Chri-

1934 3516 2269 3571 stianorum
2299 3516 2749 3586 prteveniuntur
2766 3520 2821 3571 et
2840 3516 3147 3586 baptismo
3170 3514 3600 3588 prmripiuntur

1934 3605 2220 3672 infantes;
2257 3621 2399 3663 cum
2434 3620 2466 3660 e
2492 3606 2815 3675 contrario,
2846 3605 3278 3675 sacrilegorum
3313 3608 3373 3663 et
3400 3603 3600 3659 inimi-

1932 3711 2142 3750 corum
2176 3694 2386 3749 Christi
2420 3695 2624 3766 aliquo
2654 3693 2839 3750 modo
2875 3694 2937 3749 in
2967 3694 3446 3749 Christianorum
3469 3707 3597 3748 ma-

1931 3800 2047 3840 nus
2078 3784 2386 3840 venientes
2413 3802 2425 3853 ;
2454 3800 2527 3839 ex
2552 3786 2668 3840 hoc
2694 3783 2925 3839 mundo
2954 3798 3079 3839 non
3104 3782 3232 3838 sine
3256 3796 3597 3838 sacramen-

1932 3878 1989 3930 to
2018 3874 2487 3943 regenerationis
2512 3874 2855 3941 emigrent?
2882 3872 3040 3938 Quid
3074 3871 3174 3929 hic
3201 3870 3420 3926 dicturi
3452 3874 3595 3928 sunt

1928 3963 2053 4035 qui,
2104 3967 2171 4018 ut
2216 3963 2410 4032 gratia
2462 3963 2595 4017 dari
2647 3962 2858 4033 possit,
2903 3960 3198 4017 nonnulla
3250 3959 3591 4033 praecedere

1927 4052 2142 4108 merita
2163 4052 2437 4108 humana
2465 4052 2949 4117 contendunt,ne
2974 4051 3048 4105 sit
3074 4066 3473 4123 personarum
3493 4064 3591 4106 ac-

1927 4146 2133 4213 ceptor
2177 4140 2380 4196 Deus?
2410 4144 2554 4207 Quae
2593 4141 2839 4197 tandem
2883 4141 2980 4196 hic
3024 4140 3237 4197 merita
3261 4155 3588 4214 praecesse-

1926 4230 2104 4286 runt?
2137 4231 2193 4287 Si
2215 4230 2570 4287 eorumdem
2597 4230 2956 4299 cogitaveris
2985 4231 3401 4303 parvulorum,
3419 4230 3589 4287 nulla

1929 4324 2070 4376 sunt
2098 4306 2363 4393 propria,
2398 4321 2665 4393 utrisque
2709 4325 2799 4377 est
2836 4320 2938 4377 illa
2984 4337 3189 4378 massa
3214 4321 3581 4377 communis.

1930 4411 1985 4467 Si
2028 4415 2349 4483 parentum
2390 4412 2734 4483 attenderis,
2767 4411 2932 4468 bona
2988 4416 3130 4468 sunt
3177 4412 3277 4468 illa
3321 4427 3586 4484 quorum

1926 4500 2030 4556 ﬁlii
2061 4500 2386 4573 repentinis
2432 4502 2729 4557 mortibus
2784 4502 2916 4557 sine
2964 4502 3176 4559 Christi
3219 4502 3584 4575 baptismate

1923 4592 2260 4663 perierunt;
2317 4592 2476 4647 mala
2518 4608 2661 4647 vero
2711 4591 2812 4648 illa
2857 4607 3120 4663 quorum
3150 4592 3255 4646 ﬁlii
3284 4607 3393 4663 per
3418 4592 3583 4648 Chri-

1921 4681 2224 4736 tianorum
2294 4680 2564 4752 aliquam
2632 4686 2991 4752 potestatem
3059 4680 3138 4736 ad
3204 4686 3583 4737 sacramenta

1920 4769 2195 4825 Ecclesiae
2251 4774 2667 4841 pervenerunt.
2732 4772 2795 4824 Et
2850 4785 2958 4824 cur
3019 4768 3404 4840 providentia
3455 4770 3580 4841 Dei,

1918 4860 2014 4915 cui
2061 4859 2248 4913 nostri
2296 4858 2496 4931 capilli
2548 4860 2846 4914 numerati
2900 4862 3059 4925 sunt,
3095 4857 3226 4913 sine
3269 4858 3443 4928 cujus
3466 4875 3579 4915 vo-

1916 4947 2142 5003 luntate
2171 4962 2291 5003 non
2323 4948 2486 5003 cadit
2532 4962 2744 5021 passer
2776 4948 2836 5003 in
2880 4952 3130 5015 terram;
3179 4946 3283 5020 qui
3331 4963 3408 5003 ne
3457 4948 3578 5006 fato

1916 5038 2225 5111 premitur,
2280 5053 2392 5094 nec
2446 5038 2701 5093 fortuitis
2767 5038 3010 5093 casibus
3066 5038 3410 5110 impeditur,
3466 5055 3578 5096 nec

1915 5126 2039 5182 ulla
2063 5126 2374 5198 iniquitate
2405 5126 2828 5199 corrumpitur,
2864 5131 2925 5181 ut
2952 5132 3348 5184 renascantur
3364 5130 3443 5185 ad
3460 5130 3581 5189 has-

1915 5215 2228 5271 reditatem
2258 5216 2581 5284 ccelestem,
2607 5231 2731 5271 non
2756 5216 3019 5273 consulit
3046 5217 3332 5273 omnibus
3357 5235 3578 5292 parvu-

1914 5303 1987 5360 lis
2029 5302 2294 5360 ﬁliorum
2338 5321 2607 5373 suorum,
2641 5310 2700 5361 et
2734 5305 3043 5362 nonnullis
3093 5307 3348 5363 consulit
3394 5308 3576 5365 etiam

1914 5392 2185 5466 parvulis
2209 5394 2556 5466 impiorum.
2584 5398 2652 5450 Et
2678 5395 2786 5450 iste
2812 5394 3013 5451 infans
3034 5395 3110 5451 de
3136 5393 3416 5451 ﬁdelibus
3437 5411 3577 5453 con-

1910 5482 2135 5554 jugatis
2182 5487 2370 5546 ortus,
2424 5484 2630 5539 laetitia
2684 5489 3010 5557 parentum
3059 5488 3395 5556 susceptus,
3451 5502 3552 5543 ma

1915 5572 2019 5628 tris
2046 5571 2136 5628 vel
2180 5573 2395 5629 nutrici
2429 5573 2826 5629 somnolentia
2865 5572 3215 5629 suffocatus.
3244 5573 3311 5628 ﬁt
3366 5590 3574 5632 exsors

1985 5685 2007 5707 '
2038 5677 2265 5734 Hincm.
2296 5678 2333 5735 l.
2366 5680 2439 5736 de
2465 5680 2754 5737 Praedest.
2788 5696 2843 5737 c.
2873 5684 2928 5737 7.
