3974 6426
340 300 445 354 983

342 515 552 581 stupro
579 510 870 576 nascitur,
903 511 1128 566 crudeli
1175 512 1386 567 timore
1417 513 1625 568 matris
1655 510 1996 584 exponitur,

339 597 674 655 alienorum
734 599 1110 655 misericordi
1156 600 1374 672 pietate
1426 601 1747 672 colligitur,
1787 615 2000 656 eorum

337 687 676 744 Christiana
702 687 1099 744 sollicitudine
1129 689 1490 762 baptizatus,
1522 691 1589 746 fit
1618 688 1821 746 aeterni
1856 704 1998 744 con-

343 792 477 833 sors
539 781 596 832 et
639 775 938 850 particeps
967 778 1157 848 regni.
1192 783 1307 835 Ista
1337 779 1617 849 cogitent,
1663 779 1781 834 ista
1810 777 2003 834 consi-

341 865 570 935 derent,
602 865 698 921 hic
724 865 988 922 audeant
1028 867 1224 923 dicere
1254 870 1440 924 Deum
1488 867 1578 924 vel
1621 871 2000 940 acceptorem

342 954 405 1010 in
451 970 563 1010 sua
620 954 811 1023 gratia
867 971 1291 1027 personarum,
1343 957 1438 1012 vel
1488 961 2001 1013 remuneratorem

340 1043 814 1117 praecedentium
839 1044 1212 1101 meritorum.

414 1135 559 1188 Item
587 1131 650 1187 in
684 1132 898 1190 eadem
924 1150 937 1188 :
965 1134 1012 1190 0
1039 1135 1298 1191 altitudo
1320 1137 1673 1193 divitiarum
1693 1135 2002 1206 sapientia

342 1226 398 1277 et
442 1223 703 1277 scientia
748 1226 865 1292 Dei,
897 1239 1076 1294 quam
1123 1225 1546 1282 inscrutabilia
1583 1231 1722 1281 sunt
1761 1225 2002 1294 judicia

343 1313 490 1381 ejus,
523 1317 578 1367 et
607 1313 1048 1382 investigabiles
1079 1316 1188 1369 via
1217 1317 1386 1383 ejus!
1415 1317 1604 1386 (Rom.
1631 1316 1707 1386 χι)
1739 1318 1866 1370 Non
1892 1313 2000 1370 ita-

344 1415 466 1472 que
498 1399 928 1456 misericordiae
957 1401 1228 1471 gratuita
1258 1403 1358 1459 Dei
1387 1403 1869 1476 pertinacissime
1894 1402 2001 1459 ad-

343 1493 656 1545 versentur
684 1489 948 1546 insania.
979 1491 1179 1547 Sciant
1207 1492 1315 1563 (al.
1344 1493 1564 1564 sinant]
1594 1493 1787 1549 filium
1806 1491 2003 1548 homi-

343 1578 438 1634 nis
483 1577 546 1633 in
573 1578 842 1650 qualibet
889 1583 1080 1636 aetatae
1122 1597 1392 1653 quaerere
1421 1587 1478 1638 et
1526 1581 1762 1638 salvum
1809 1581 2004 1638 facere

344 1667 511 1740 quod
534 1667 818 1739 perierat;
847 1684 958 1723 nec
987 1668 1062 1724 de
1092 1669 1584 1726 inscrutabilibus
1599 1670 1843 1742 judiciis
1872 1671 2004 1742 ejus

1436 303 1491 355 S.
1537 299 1909 357 PRUI)ENTII
1947 295 2327 352 TRECENSIS
2367 295 2697 350 EPISCOPI.

339 425 397 478 et
422 437 636 494 expers
681 422 822 478 ﬁdei
868 439 1156 490 suorum;
1208 423 1304 479 ille
1351 423 1550 480 infans
1593 424 1668 479 de
1702 421 1995 490 sacrilego
2027 429 2073 481 A

3665 298 3776 353 984

2745 419 2968 476 CAPUT
3012 416 3132 471 VII.

2303 509 2400 564 Ex
2424 510 2608 564 variis
2640 509 2807 564 libris
2833 508 3095 578 ejusdem
3126 508 3188 562 S.
3216 507 3561 576 Augustini.

2179 598 2489 668 Augustini
2513 603 2720 654 contra
2745 597 3054 666 Pelagium
3078 595 3230 652 libro
3260 611 3299 652 ιι
3339 599 3577 666 (contra
3616 599 3773 655 duas

2106 687 2276 755 epist.
2308 687 2518 759 Pelag.
2561 687 2600 744 l.
2631 704 2694 757 ιι,
2727 703 2864 761 cap.
2897 691 2974 754 7).
3022 685 3203 743 Nobis
3251 685 3312 741 in
3347 685 3590 742 duobus
3643 687 3774 744 istis

2108 776 2362 846 geminis
2394 793 2579 832 unam
2616 777 2829 850 procul
2859 775 3045 832 dubio
3092 775 3456 832 habentibus
3488 793 3770 844 causam,

2108 864 2520 922 difﬁcultatem
2549 866 2898 940 quaestionis
2932 882 3039 922 cur
3077 866 3230 922 alius
3285 865 3388 932 sic,
3421 865 3575 922 alius
3625 882 3773 923 vero

2109 953 2192 1009 sic
2221 959 2494 1010 mortuus
2522 959 2629 1022 est,
2660 955 2822 1011 velut
2851 970 2975 1011 non
3006 954 3294 1010 solvendo
3318 954 3493 1010 solvit
3517 959 3772 1028 Aposto-

2106 1041 2222 1099 lus.
2253 1044 2364 1110 Qui
2394 1060 2532 1100 cum
2585 1048 2642 1100 et
2687 1044 2814 1118 ipse
2857 1044 2932 1100 de
2969 1043 3211 1100 duobus
3239 1043 3493 1115 geminis
3517 1045 3633 1102 tale
3663 1045 3774 1100 ali-

2106 1131 2256 1205 quid
2284 1133 2716 1206 proposuisset,
2743 1136 2988 1206 propter
3015 1131 3182 1206 quod
3211 1148 3334 1188 non
3355 1149 3429 1188 ex
3457 1133 3771 1206 operibus,

2108 1221 2252 1294 quia
2276 1222 2551 1278 nondum
2577 1223 2805 1295 operati
2829 1222 3066 1278 fuerant
3095 1221 3322 1294 aliquid
3349 1221 3496 1277 boni
3517 1221 3609 1278 vel
3641 1239 3774 1279 ma-

2106 1309 2170 1376 li,
2201 1311 2307 1366 sed
2333 1327 2405 1366 ex
2436 1317 2690 1368 vocante
2719 1311 2947 1367 dictum
2977 1314 3094 1366 est:
3127 1311 3558 1380 Majorserviet
3584 1315 3776 1368 mino-

2109 1400 2208 1469 ri;
2238 1403 2304 1455 Et
2331 1419 2344 1456 :
2371 1400 2557 1456 Jacob
2577 1401 2785 1465 dilexi,
2804 1401 2967 1457 Esau
2984 1405 3182 1456 autem
3208 1399 3342 1455 odio
3368 1399 3554 1456 habui
3573 1401 3769 1471 (Rom.

2108 1489 2220 1560 1x);
2271 1493 2329 1545 et
2369 1488 2530 1545 hunc
2575 1489 2682 1561 [αι.
2717 1489 2922 1560 hujus]
2980 1488 3402 1562 profunditatis
3457 1489 3774 1545 horrorem

2109 1593 2302 1650 usque
2337 1577 2418 1633 ad
2445 1577 2560 1634 hoc
2590 1577 2988 1650 perduxisset,
3023 1581 3088 1633 ut
3114 1577 3367 1633 diceret:
3401 1578 3562 1648 Ergo
3594 1581 3775 1647 cujus

2111 1668 2240 1723 vult
2270 1668 2605 1737 miseretur,
2638 1673 2694 1724 et
2723 1684 2896 1739 quem
2937 1669 3064 1724 vult
3097 1667 3377 1729 obdurat,
3412 1669 3600 1722 sensit
3627 1683 3774 1723 cono

344 1755 610 1812 audeant
632 1755 929 1827 judicare,
961 1773 1068 1812 cur
1089 1757 1152 1812 in
1178 1774 1302 1814 una
1327 1760 1661 1832 eademque
1691 1775 1877 1815 causa
1910 1775 2002 1814 su-
2033 1780 2073 1834 Β
2108 1756 2277 1812 tinuo
2320 1756 2466 1829 quid
2519 1762 2805 1824 moveret,
2838 1761 2894 1812 et
2935 1757 3047 1812 sibi
3092 1756 3278 1812 verba
3307 1757 3773 1813 contradicentis

344 1859 454 1918 per
481 1843 669 1900 alium
711 1845 912 1902 veniat
957 1845 1369 1904 misericordia
1415 1849 1565 1920 ejus,
1601 1864 1782 1922 super
1815 1847 2002 1904 alium

344 1937 590 1989 maneat
636 1934 725 1990 ira
755 1934 906 2005 ejus.
939 1935 1050 2000 Qui
1078 1936 1241 1992 enim
1281 1941 1421 1993 sunt
1466 1936 1562 1992 isti
1611 1937 1718 2010 qui
1757 1951 2003 2009 respon-

344 2021 529 2078 deant
577 2024 719 2094 Deo,
748 2023 1250 2096 quandoquidem
1293 2023 1390 2080 ille
1447 2026 1726 2082 Rebeccae
1755 2023 2002 2082 habenti

344 2111 621 2182 geminos
668 2129 742 2167 ex
790 2127 912 2169 uno
966 2113 1291 2171 concubitu
1349 2118 1513 2171 Isaac
1559 2115 1743 2188 patris
1789 2114 1998 2179 nostri,

342 2216 484 2256 cum
507 2200 592 2257 illi
611 2201 887 2258 nondum
909 2202 1055 2270 nati,
1073 2203 1223 2260 nihil
1253 2203 1514 2274 egissent
1540 2203 1687 2260 boni
1712 2203 1804 2260 vel
1833 2202 1997 2271 mali,

341 2293 408 2346 ut
434 2290 772 2346 secundum
802 2291 1154 2349 electionem
1202 2293 1583 2365 propositum
1622 2293 1752 2364 ejus
1795 2308 1998 2348 mane-

339 2382 455 2435 ret:
486 2378 835 2436 electionem
863 2381 1088 2438 scilicet
1120 2382 1347 2453 gratiee,
1379 2398 1503 2438 non
1529 2381 1736 2453 debiti,
1768 2381 2000 2438 electio-

337 2482 481 2524 nem
507 2483 630 2540 qua
659 2467 970 2538 eligendos
990 2469 1132 2526 facit
1159 2469 1310 2543 ipse,
1329 2486 1453 2526 non
1481 2470 1742 2538 invenit;
1777 2487 1900 2526 non
1924 2486 1998 2525 ex

337 2556 647 2630 operibus,
681 2557 788 2614 sed
817 2575 890 2614 ex
916 2564 1168 2616 vocante
1194 2558 1358 2627 dicit,
1391 2559 1609 2614 minori
1635 2559 1995 2616 serviturum

336 2663 468 2703 esse
503 2647 844 2718 majorem?
871 2651 935 2703 In
965 2664 1152 2720 quam
1184 2653 1539 2704 sententiam
1561 2649 1774 2704 beatus
1804 2653 1994 2722 Apos-

336 2734 495 2791 tolus
525 2735 706 2791 etiam
728 2735 1140 2792 testimonium
1169 2737 1479 2809 prophetae
1499 2736 1676 2806 longe
1701 2738 1993 2811 posterio-

335 2821 418 2878 ris
449 2823 814 2894 assumpsit:
848 2824 1035 2880 Jacob
1065 2824 1276 2896 dilexi,
1303 2826 1467 2881 Esau
1497 2831 1696 2883 autem
1718 2827 1850 2883 odio
1883 2826 1993 2883 ha-

339 2911 442 2965 bui
465 2910 756 2979 (Malaclt.
790 2917 828 2976 ι)
855 2929 868 2979 ;
899 2915 966 2967 ut
994 2911 1416 2983 intelligeretur
1434 2915 1550 2971 hoc
1579 2920 1854 2988 apertum
1883 2931 1991 2987 po-

335 3001 464 3054 stea
481 3013 592 3070 per
619 2999 1001 3072 prophetam,
1023 3001 1190 3074 quod
1209 3006 1537 3076 antequam
1564 3003 1647 3059 illi
1682 3019 1994 3060 nasceren-

333 3089 450 3154 tur,
481 3091 608 3144 erat
635 3088 697 3144 in
723 3089 826 3145 Dei
854 3090 1382 3162 praedestinatione
1411 3109 1519 3166 per
1544 3094 1819 3164 gratiam.
1837 3093 1992 3160 Quid

2108 1844 2212 1916 (al.
2245 1845 2386 1901 add.
2416 1862 2553 1918 quas
2583 1846 2912 1919 apostolica
2933 1845 3283 1902 auctoritate
3316 1846 3634 1918 coerceret]
3657 1862 3786 1918 op-.

2105 1933 2324 2006 posuit.
2356 1933 2450 1990 Ait
2476 1935 2666 1990 enim:
2697 1937 2865 1991 Dices
2913 1936 3112 2005 itaque
3161 1936 3346 1991 mihi:
3382 1934 3538 2001 Quid
3567 1935 3773 1991 adhuc

2107 2023 2536 2093 conqueritur?
2566 2038 2704 2079 nam
2738 2024 3041 2079 voluntati
3057 2024 3185 2091 ejus
3215 2024 3346 2094 quis
3372 2023 3640 2079 resistit?
3663 2026 3772 2078 Re-

2107 2111 2472 2184 sponditque
2514 2111 2628 2167 ista
2674 2111 2930 2167 dicenti:
2976 2111 3023 2166 0
3062 2113 3257 2182 homo,
3285 2117 3350 2167 tu
3391 2113 3521 2184 quis
3553 2126 3610 2168 es
3662 2113 3774 2184 qui

2105 2201 2464 2269 respondeas
2494 2201 2663 2257 Deo?
2701 2201 3012 2272 Numquid
3035 2201 3181 2257 dicit
3209 2202 3564 2271 ﬁgmentum
3589 2202 3644 2257 ei
3662 2203 3774 2272 qui

2103 2303 2165 2345 se
2187 2290 2367 2358 ﬁnxit
2388 2306 2409 2345 ,ο
2437 2290 2634 2357 Quare
2662 2292 2746 2346 sic
2775 2305 2866 2347 me
2887 2291 3133 2360 fecisti?
3158 2291 3377 2346 Annon
3406 2290 3580 2347 habet
3609 2297 3774 2360 pote-

2102 2384 2316 2435 statem
2355 2381 2582 2450 ﬁgulus
2616 2381 2730 2436 tuti
2766 2395 2837 2436 ex
2887 2379 3087 2436 eadem
3140 2395 3336 2436 massa
3360 2381 3565 2449 facere
3593 2379 3772 2436 aliud

2103 2469 2340 2540 quidem
2357 2484 2455 2525 vos
2474 2470 2536 2524 in
2555 2468 3038 2534 honorem,aliud
3055 2469 3117 2525 in
3133 2469 3552 2524 contumeliam
3571 2470 3768 2536 (Rom.

2100 2557 2224 2628 1x)?
2256 2557 2476 2613 Deinde
2497 2563 2769 2614 secutum
2789 2563 2912 2614 tam
2939 2572 3232 2626 magnum
3255 2555 3647 2630 abditumque
3672 2573 3766 2612 se-

2102 2650 2354 2713 cretum,
2383 2651 2680 2719 quantum
2713 2647 3109 2719 aperiendum
3138 2663 3271 2702 esse
3301 2645 3647 2702 hominibus
3671 2647 3768 2718 ju-

2100 2733 2344 2805 dicavit,
2404 2736 2637 2808 aperuit
2688 2736 2930 2792 dicens:
2973 2737 3043 2792 Si
3096 2740 3294 2792 autem
3345 2735 3545 2792 volens
3609 2737 3766 2792 Deus

2100 2825 2408 2882 ostendere
2454 2827 2633 2894 iram,
2667 2831 2720 2882 et
2765 2824 3178 2882 demonstrare
3209 2826 3537 2894 potentiam
3567 2840 3762 2895 suam,

2101 2915 2311 2971 attulit
2341 2915 2404 2970 in
2449 2916 2644 2970 multa
2672 2915 2968 2984 patientia
3001 2929 3148 2970 vasa
3175 2915 3302 2979 ira,
3334 2929 3466 2985 qua
3491 2915 3765 2984 per/ecta

2101 3009 2243 3060 sunt
2261 3004 2324 3059 in
2345 3004 2760 3074 perditionem,
2780 3009 2834 3060 et
2851 3009 2916 3059 ut
2938 3008 3112 3059 notas
3129 3003 3358 3074 faceret
3380 3003 3763 3073 divitiasglo-

2101 3094 2210 3148 ria
2253 3108 2375 3149 sua
2405 3095 2466 3148 in
2494 3108 2637 3149 vasa
2661 3093 3106 3155 misericordia,
3135 3107 3270 3162 qua
3292 3092 3664 3161 praeparavit
3695 3092 3761 3146 in

332 3175 495 3232 enim
523 3176 825 3249 dilegebat
851 3178 912 3234 in
943 3179 1131 3236 Jacob
1175 3186 1503 3255 antequam
1550 3187 1727 3239 natus
1756 3183 1992 3240 fecisset
2021 3175 2060 3191 ν
2098 3181 2359 3251 gloriam
2389 3180 2612 3253 (lbid.).
2645 3180 2767 3236 Hoc
2798 3185 2888 3236 est
2915 3179 3119 3251 gratiae
3148 3179 3250 3236 Dei
3277 3195 3400 3235 non
3432 3178 3629 3235 solum
3658 3178 3764 3235 ad-

331 3264 561 3338 aliquid
594 3266 754 3334 boni,
775 3267 888 3324 nisi
915 3270 1243 3339 gratuitum
1273 3271 1697 3328 misericordiae
1729 3289 1852 3328 sua
1884 3272 1990 3328 do-

328 3355 527 3410 num?
571 3359 638 3411 Et
681 3357 786 3428 qui
839 3357 1048 3414 oderat
1075 3358 1138 3413 in
1183 3362 1356 3429 Esau,
1389 3364 1715 3433 antequam
1758 3360 1987 3417 fecisset

329 3442 562 3515 aliquid
590 3445 754 3513 mali,
785 3445 900 3500 nisi
919 3446 1206 3517 originale
1231 3450 1591 3520 peccatum?
1616 3453 1767 3506 Nam
1792 3465 1989 3522 neque

329 3530 392 3586 in
435 3530 536 3587 illo
572 3531 842 3602 diligeret
866 3533 1180 3604 justitiam,
1211 3551 1400 3608 quam
1446 3537 1675 3594 nullam
1714 3538 1809 3594 ille
1839 3538 1989 3594 fece-

328 3622 424 3675 rat
449 3636 462 3674 :
494 3635 691 3693 neque
719 3621 782 3676 in
810 3621 922 3678 isto
952 3623 1183 3681 odisset
1209 3629 1512 3697 naturam,
1543 3644 1730 3700 quam
1758 3628 1988 3685 bonam

330 3706 462 3781 ipse
497 3708 847 3781 perfecerat.

403 3799 552 3854 Item
599 3798 662 3855 in
709 3801 957 3858 eadem:
1009 3802 1077 3859 Si
1099 3809 1298 3861 autem
1340 3809 1565 3879 gratia,
1588 3809 1725 3878 jam
1763 3826 1885 3865 non
1915 3825 1991 3868 ex

329 3889 628 3958 operibus,
661 3891 895 3963 alioqui
921 3894 1127 3963 gratia
1148 3896 1283 3964 jam
1313 3911 1434 3952 non
1460 3903 1544 3952 est
1573 3899 1777 3968 gratia
1793 3901 1983 3966 (Rom.

329 3977 424 4048 χι).
456 3979 802 4036 Secundum
829 3980 988 4039 hanc
1018 3998 1162 4054 ergo
1184 3985 1460 4054 gratiam,
1483 3987 1664 4043 etiam
1685 3989 1991 4062 propheti-

329 4079 471 4121 cum
500 4067 913 4126 testimonium
963 4078 1401 4145 consequenter
1445 4091 1786 4143 assumens,
1820 4080 1990 4135 Sicut

327 4156 624 4224 scriptum
641 4163 726 4214 est
737 4197 751 4224 ,
767 4158 982 4230 inquit,
997 4161 1183 4217 Jacob
1199 4163 1429 4233 dilexi;
1455 4165 1621 4220 Esau
1643 4173 1840 4224 autem
1857 4169 1991 4224 odio

332 4243 552 4311 habui;
597 4249 655 4300 et
684 4246 1009 4302 continuo:
1071 4249 1228 4316 Quid
1274 4266 1415 4323 ergo
1463 4254 1735 4323 dicimus,
1776 4256 1988 4330 inquit,

329 4332 611 4401 nunquid
637 4333 927 4405 iniquitas
941 4342 1026 4392 est
1055 4339 1223 4407 apud
1238 4341 1469 4398 Deum?
1497 4343 1688 4401 Absit.
1711 4345 1825 4402 Sed
1847 4361 1993 4419 qua-

330 4434 418 4488 re,
450 4419 643 4477 absit?
670 4423 764 4478 An
787 4430 1032 4497 propter
1055 4441 1244 4500 opera
1270 4446 1408 4503 qua.
1437 4431 1638 4490 futura
1659 4435 1994 4506 presciebat

331 4507 657 4567 amborum
677 4511 706 4568 ?
733 4515 860 4569 lmo
889 4517 945 4570 et
973 4497 1318 4575 hoc'absit?
1364 4521 1553 4578 Moses
1801 4525 1993 4583 dicit:
2033 4497 2075 4551 θ

331 4598 657 4656 Miserebor
684 4603 783 4658 cui
810 4604 1085 4662 misertus
1102 4623 1224 4677 ero,
1257 4615 1310 4665 et
1341 4611 1812 4669 misericordiam
1837 4629 1995 4684 pra-

331 4687 502 4742 stabo
523 4690 624 4744 cui
640 4691 976 4748 misericors
999 4695 1196 4764 fuero.
1228 4698 1430 4767 Igitur
1457 4715 1565 4756 nec
1594 4702 1866 4769 volentis,
1898 4719 1995 4760 ne-

333 4791 446 4848 que
491 4781 814 4847 currentis,
863 4783 967 4838 sed
1006 4786 1339 4843 miserentis
1367 4794 1451 4844 est
1500 4791 1611 4846 Dei
1657 4791 1842 4863 (Rom.
1891 4793 1991 4867 IX).

331 4867 531 4954 Atque
548 4871 614 4922 ut
631 4867 694 4923 in
704 4869 869 4925 vasis
889 4887 1026 4943 quae
1042 4873 1306 4945 perfecta
1328 4881 1468 4932 sunt
1496 4877 1557 4934 in
1574 4879 1996 4954 perditionem,

330 4967 470 5024 quae
499 4953 802 5015 damnatae
829 4958 1034 5017 debita
1071 4969 1159 5019 est
1202 4981 1442 5034 massae,
1471 4975 1806 5037 agnoscant
1851 4953 1999 5028 vasa

333 5056 408 5128 ex
431 5043 645 5100 eadem
674 5063 883 5106 massa
912 5049 1070 5107 facta
1098 5052 1162 5108 in
1190 5054 1508 5123 honorem,
1531 5057 1675 5128 quid
1712 5059 1794 5114 eis
1824 5061 2000 5116 mise-

331 5127 592 5186 ricordia
617 5132 820 5192 divina
845 5136 1060 5207 largita
1085 5140 1179 5212 sit,
1196 5142 1343 5198 dicit
1365 5127 1776 5218 enimiinquit,
1799 5148 2001 5219 Scrip-

334 5222 478 5274 tura
508 5219 590 5274 ad
632 5222 1052 5283 Pharaonem:
1095 5229 1249 5296 Quia
1274 5233 1356 5288 ad
1401 5233 1510 5290 hoc
1538 5241 1597 5291 te
1625 5239 1904 5305 excitavi,
1934 5244 1999 5294 ut

334 5308 644 5366 ostendam
670 5313 735 5368 in
778 5319 832 5370 te
860 5317 1221 5384 patientiam
1252 5337 1464 5393 meam,
1500 5330 1555 5380 et
1609 5332 1675 5382 ut
1705 5328 2002 5397 gloriﬁce-

336 5401 438 5488 tur
460 5413 673 5488 nomen
701 5417 895 5459 meum
920 5405 982 5460 in
1016 5408 1296 5467 universa
1329 5416 1493 5469 terra
1519 5415 1741 5484 (Exod.
1763 5417 1860 5488 Ix).
1894 5418 2002 5472 De-

333 5484 516 5556 nique
541 5487 618 5543 ad
635 5493 958 5564 utrumque
985 5496 1313 5555 concludit:
1345 5501 1511 5571 Ergo
1535 5507 1707 5573 cujus
1739 5484 1869 5560 vult
1893 5506 2000 5562 mi-

335 5581 585 5643 seretur,
611 5585 665 5633 et
683 5596 854 5650 quem
884 5586 1011 5640 vult
1034 5586 1310 5644 obdurat.
1335 5591 1455 5646 Hoc
1477 5591 1614 5648 facit
1637 5594 1800 5666 apud
1812 5611 1998 5666 quem

336 5673 461 5754 non
499 5668 588 5720 est
621 5666 927 5741 iniquitas.
961 5673 1262 5732 Miseretur
1289 5678 1492 5751 itaque
1521 5684 1778 5751 gratuito
1808 5683 1994 5754 dono,

337 5745 598 5808 obdurat
625 5760 826 5815 autem
858 5761 1195 5830 justissimo
1225 5745 1458 5825 merito.

2095 3269 2408 3342 jutorium,
2439 3286 2646 3326 verum
2677 3271 2857 3325 etiam
2887 3269 3350 3326 documentum:
3385 3267 3758 3338 adjutorium

2099 3357 2320 3415 scilicet
2348 3359 2410 3415 in
2436 3359 2595 3416 vasis
2624 3357 3076 3415 misericordia:
3117 3357 3178 3412 in
3211 3357 3370 3413 vasis
3403 3363 3606 3413 autem
3633 3357 3762 3426 irae,

2099 3449 2552 3508 documentum.
2589 3455 2650 3507 In
2704 3450 2786 3506 eis
2848 3451 3008 3506 enim
3064 3449 3322 3506 ostendit
3361 3449 3535 3518 iram,
3566 3453 3621 3504 et
3651 3448 3763 3503 do-

2099 3547 2396 3599 monstrat
2439 3542 2772 3616 potentiam
2828 3557 3041 3597 suam:
3073 3539 3239 3613 'quia
3283 3545 3406 3596 tam
3433 3544 3644 3613 potens
3677 3545 3768 3596 est

2099 3628 2338 3687 bonitas
2370 3631 2526 3702 ejus,
2557 3636 2619 3686 ut
2662 3631 2814 3686 bene
2842 3634 3040 3686 utatur
3065 3629 3248 3684 etiam
3278 3628 3472 3694 malis,
3505 3631 3563 3683 et
3588 3627 3648 3683 in
3678 3627 3765 3683 eis

2099 3719 2242 3777 facit
2282 3720 2520 3777 divitias
2553 3720 2754 3790 gloriae
2813 3737 2934 3776 suae
2993 3719 3055 3774 in
3101 3735 3244 3775 vasa
3304 3717 3761 3786 misericordia;

2098 3811 2390 3885 quoniam
2416 3811 2582 3884 quod
2613 3810 2691 3866 ab
2717 3810 2819 3865 ira
2850 3809 3009 3866 vasis
3041 3808 3220 3879 exigit
3255 3808 3483 3880 justitia
3508 3807 3763 3880 punien-

2099 3900 2196 3968 tis,
2219 3900 2335 3956 hoc
2363 3899 2522 3956 vasis
2552 3897 2975 3956 misericordia
3011 3897 3252 3954 dimittit
3289 3898 3482 3967 gratia
3506 3896 3766 3953 liberan-

2102 3991 2214 4058 tis;
2271 4005 2383 4045 nec
2428 3988 2791 4044 beneﬁcium
2831 3988 2999 4062 quod
3047 3986 3415 4060 quibusdam
3449 3984 3632 4057 gratis
3663 3985 3764 4041 tri-

2098 4078 2320 4149 buitur,
2353 4083 2688 4152 appareret,
2721 4078 2836 4133 nisi
2863 4079 3018 4133 Deus
3047 4075 3180 4132 aliis
3213 4092 3284 4130 ex
3311 4074 3525 4131 eadem
3553 4090 3766 4130 massa

2099 4167 2321 4241 pariter
2363 4169 2477 4223 reis
2502 4167 2665 4239 justo
2703 4167 2934 4239 judicio
2980 4164 3419 4234 condemnatis,
3446 4163 3594 4237 quid
3624 4163 3762 4219 utri.

2101 4273 2253 4330 sque
2282 4257 2618 4324 deberetur,
2647 4257 3010 4314 ostenderet.

2171 4347 2489 4419 Augustini
2527 4353 2735 4404 contra
2787 4348 3120 4418 Pelagium,
3149 4348 3188 4404 l.
3222 4365 3281 4403 IV
3325 4347 3577 4416 (Contra
3612 4347 3765 4403 duas

2103 4439 2274 4507 epist.
2305 4439 2517 4508 Pelag.
2544 4437 2583 4492 l.
2615 4453 2695 4505 ιν,
2728 4453 2779 4493 c.
2817 4441 2905 4505 6):
2940 4437 3053 4494 Sed
3078 4453 3266 4509 quare
3308 4437 3456 4493 istos
3486 4436 3768 4492 homines

2105 4542 2248 4583 oves
2279 4526 2437 4596 facit,
2469 4531 2526 4582 et
2559 4527 2703 4582 istos
2750 4541 2873 4582 non
2931 4526 3087 4594 facit,
3119 4526 3286 4599 apud
3314 4543 3496 4600 quem
3526 4541 3650 4581 non
3680 4531 3771 4581 est

2106 4617 2372 4689 acceptio
2404 4632 2799 4688 personarum
2815 4616 2843 4671 ?
2870 4616 3003 4688 Ipsa
3035 4621 3124 4672 est
3151 4617 3405 4689 qumstio
3427 4631 3612 4688 quam
3629 4615 3768 4670 bea-

2106 4711 2200 4763 tus
2226 4705 2545 4778 Apostolus
2579 4705 2851 4762 curiosus
2881 4721 3069 4776 quam
3100 4707 3382 4778 capacius
3422 4721 3767 4778 proponen-

2105 4796 2262 4852 tibus
2291 4796 2374 4851 ait
2401 4817 2412 4848 :
2446 4795 2494 4850 0
2536 4794 2727 4859 homo,
2763 4798 2827 4848 tu
2858 4795 2990 4864 quis
3016 4809 3074 4850 es
3104 4802 3168 4850 ut
3200 4796 3560 4865 respondeas
3589 4796 3712 4851 Deo
3739 4795 3770 4848 ‘3

2104 4883 2398 4954 Nunquid
2425 4883 2570 4939 dicit
2613 4884 2963 4953 ﬁgmentum
3004 4886 3056 4938 ei
3099 4885 3205 4954 qui
3229 4899 3289 4940 se
3315 4885 3538 4952 ﬁnxit:
3571 4883 3770 4950 Quare

2105 4975 2192 5029 sic
2215 4988 2308 5029 me
2331 4971 2571 5042 fecisti?
2604 4973 2791 5044 (Rom.
2829 4971 2932 5042 IX.)
2960 4975 3094 5044 Ipsa
3125 4976 3217 5028 est
3242 4972 3496 5044 quaestio
3521 4987 3660 5044 quae
3691 4971 3767 5029 ad

2107 5061 2272 5118 illam
2302 5061 2554 5134 pertinet
2581 5059 2954 5117 altitudinem
2985 5076 3171 5133 quam
3198 5060 3538 5133 perspicere
3563 5062 3768 5117 volens

2108 5151 2268 5207 idem
2287 5149 2606 5224 Apostolus
2633 5149 3091 5221 quodammodo
3122 5149 3363 5221 expavit
3391 5155 3448 5205 et
3473 5150 3771 5207 exclama-

2108 5241 2224 5297 vit:
2286 5241 2332 5296 0
2365 5238 2626 5295 altitudo
2662 5238 3013 5294 divitiarum
3062 5229 3372 5309 sapientia
3416 5245 3468 5295 et
3508 5241 3772 5296 scientia

2109 5331 2237 5399 Dei,
2260 5343 2440 5401 quam
2469 5327 2892 5384 inscrutabilia
2919 5334 3060 5384 sunt
3079 5330 3320 5399 judicia
3358 5331 3487 5399 ejus
3524 5335 3578 5385 et
3610 5331 3773 5385 inve-

2107 5418 2413 5489 stigabiles
2467 5417 2579 5472 via
2630 5419 2795 5486 ejus!
2853 5416 2994 5484 Quis
3039 5419 3192 5474 enim
3226 5420 3503 5489 cognovit
3531 5433 3770 5474 sensum

2108 5508 2370 5578 Domini,
2423 5512 2529 5563 aut
2588 5507 2721 5577 quis
2786 5508 3168 5564 consiliarius
3225 5511 3354 5577 ejus
3417 5509 3593 5577 fuit?
3645 5509 3769 5562 Aut

2108 5600 2238 5669 quis
2255 5598 2429 5666 prior
2451 5595 2614 5652 dedit
2634 5596 2749 5662 illi,
2775 5602 2827 5650 et
2856 5596 3223 5652 retribuetur
3253 5599 3307 5651 ei
3327 5600 3354 5651 ?
3377 5597 3663 5664 Quoniam
3693 5611 3768 5650 ex

2106 5687 2254 5755 ipso,
2289 5691 2343 5742 et
2382 5700 2498 5754 per
2547 5686 2764 5754 ipsum,
2810 5690 2865 5739 et
2908 5685 2973 5740 in
3021 5686 3147 5754 ipso
3192 5690 3334 5739 sunt
3382 5686 3623 5740 omnia:
3652 5685 3770 5753 ipsi

2107 5777 2303 5855 gloria
2357 5776 2418 5848 in
2465 5774 2686 5845 sacula
2732 5774 3086 5833 saeculorum
3136 5774 3325 5843 (Rom.
3355 5774 3456 5845 χι).
3511 5775 3636 5830 Non
3664 5772 3768 5829 ita-
