3974 6406
1193 286 1406 342 EPIST.
1444 285 1539 341 AD
1574 281 1994 341 HINCMARUM
2033 287 2115 341 ET
2150 287 2555 345 PARDULUM.

3480 298 3584 351 986

120 421 265 480 que
285 406 465 463 istam
482 406 734 462 scrutari
754 406 1023 464 audeant
1040 409 1496 466 inscrutabilem
1524 406 1811 481 qumstio-
1840 411 1887 462 A
1921 424 2055 464 rum
2086 415 2143 467 et
2170 412 2455 468 Hilarium
2487 414 2643 484 (cap.
2677 414 2733 479 6)
2757 432 2769 470 :
2806 413 2960 471 Nihil
2989 416 3149 472 enim
3182 417 3249 472 fit
3276 417 3389 472 nisi
3420 418 3586 490 quod

120 511 311 561 nem,
337 494 443 569 qui
471 494 751 551 meritum
773 500 910 553 ante
932 497 1208 567 gratiam,
1227 503 1282 554 et
1302 498 1438 554 ideo
1453 498 1583 568 jam
1604 500 1814 552 contra

122 584 406 657 gratiam
435 583 844 653 defendentes,
895 585 1126 658 priores
1152 586 1363 643 volunt
1392 586 1538 643 dare
1568 587 1710 656 Deo,
1750 588 1816 640 ut

121 674 511 732 retribuatur
534 673 657 730 eis:
709 674 940 747 priores
980 676 1188 748 utique
1224 675 1370 733 dare
1397 674 1712 749 quodlibet
1740 689 1815 730 ex

122 764 341 821 libero
369 760 641 832 arbitrio,
685 768 753 819 ut
782 764 861 821 sit
889 765 1082 835 gratia
1110 764 1498 822 retribuenda
1521 780 1632 837 pro
1663 779 1815 836 prae-

58 851 83 871 '
126 853 306 910 mio:
347 856 407 909 et
444 852 743 925 sapienter
767 852 1122 925 intelligant,
1148 853 1242 910 vel
1267 853 1520 911 ﬁdeliter
1544 852 1811 920 credant,

126 943 333 1001 etiam
352 942 521 1016 quod
541 957 604 997 se
623 946 840 1016 putant
855 942 1087 1015 priores
1107 942 1366 1014 dedisse,
1380 943 1459 999 ab
1476 942 1577 999 illo
1596 957 1668 998 ex
1690 956 1813 1014 quo

130 1036 293 1089 sunt
319 1030 546 1099 omnia,
581 1046 690 1104 per
730 1047 916 1104 quem
941 1036 1083 1088 sunt
1109 1033 1337 1101 omnia,
1387 1032 1451 1088 in
1496 1047 1622 1105 quo
1671 1033 1816 1086 sunt

126 1119 379 1189 omnia,
400 1119 762 1194 percepisse.
784 1121 901 1177 Cur
916 1124 1117 1177 autem
1143 1121 1253 1178 iste
1274 1121 1552 1194 accipiat,
1568 1120 1665 1176 ille
1690 1135 1813 1176 non

129 1211 429 1285 accipiat,
478 1227 620 1267 cum
663 1210 849 1268 ambo
888 1227 1011 1268 non
1048 1219 1396 1268 mereantur
1421 1211 1711 1285 accipere,
1759 1215 1817 1266 et

127 1300 429 1376 quisquis
462 1316 675 1357 eorum
713 1302 1030 1374 acceperit,
1057 1301 1323 1358 indebite
1352 1301 1629 1374 accipiat,
1657 1300 1814 1356 vires

130 1407 291 1449 suas
321 1390 667 1447 metiantur.
695 1395 753 1447 et
771 1391 1018 1448 fortiora
1048 1407 1114 1448 se
1142 1406 1267 1448 non
1297 1395 1655 1448 scrutentur.
1686 1389 1814 1447 Suf-

128 1480 313 1538 ﬁciat
334 1480 423 1537 eis
452 1480 603 1536 scire
635 1479 803 1553 quod
826 1495 951 1536 non
983 1480 1061 1537 sit
1082 1480 1372 1553 iniquitas
1405 1480 1573 1553 apud
1600 1482 1809 1535 Deum.

126 1570 298 1627 Cum
314 1567 479 1624 enim
498 1567 666 1624 nulla
674 1568 890 1625 merita
903 1567 1231 1625 invenisset
1248 1568 1572 1637 Apostolus
1588 1567 1816 1641 quibus

125 1657 334 1716 Jacob
362 1656 675 1729 geminum
703 1656 871 1730 apud
917 1660 1107 1714 Deum
1150 1657 1519 1731 praecederet
1544 1656 1811 1715 fratrem.

1921 502 2025 555 aut
2053 500 2181 573 ipse
2210 501 2373 568 facit,
2401 508 2502 558 aut
2530 503 2658 559 ﬁeri
2689 504 2821 577 ipse
2849 505 3152 577 permittit.

1995 592 2059 644 In
2084 590 2299 648 eodem
2322 592 2473 663 (cap.
2505 594 2621 665 tt):
2647 592 2915 661 Proinde,
2941 592 3094 649 sicut
3118 595 3437 667 Apostolus
3464 597 3546 653 ait
3570 614 3582 652 :

1918 676 2054 733 Non
2093 679 2365 746 volentis,
2401 695 2591 751 neque
2643 682 2963 747 currentis,
3000 681 3103 737 sed
3143 683 3475 739 miserentis
3502 690 3587 740 est

1921 766 2048 821 Dei.
2082 766 2193 832 Qui
2223 771 2280 822 et
2308 768 2572 841 parvulis
2600 768 2826 842 quibus
2852 763 3000 839 vult,
3033 768 3214 825 etiam
3235 785 3358 825 non
3378 770 3585 826 volen-

1921 853 2099 921 tibus,
2127 871 2322 928 neque
2352 857 2729 913 currentibus
2756 857 3055 928 subvenit,
3088 874 3243 931 quos
3271 863 3409 915 ante
3440 875 3588 916 con-

1922 942 2288 1000 stitutionem
2309 944 2523 1005 mundi
2544 944 2721 1015 elegit
2740 946 2802 1001 in
2826 946 3057 1002 Christo
3082 962 3095 1001 :
3128 946 3381 1003 daturus
3402 947 3585 1004 etiam

1919 1031 2005 1087 eis
2026 1032 2281 1103 gratiam
2312 1035 2515 1104 gratis,
2557 1033 2619 1090 id
2649 1039 2738 1090 est
2764 1034 2945 1091 nullis
2974 1051 3185 1091 eorum
3212 1035 3306 1091 vel
3330 1034 3472 1092 ﬁdei
3496 1036 3587 1092 vel

1920 1136 2175 1193 operum
2194 1122 2421 1178 meritis
2433 1123 2917 1195 praecedentibus
2936 1140 2949 1179 :
2974 1127 3031 1180 et
3044 1124 3305 1196 majorib
3313 1125 3480 1194 us,eti
3488 1141 3588 1181 am

1919 1210 2013 1266 his
2032 1226 2189 1283 quos
2214 1211 2506 1284 praevidit,
2535 1211 2582 1266 si
2603 1212 2768 1285 apud
2794 1228 2895 1269 eos
2917 1212 3075 1269 facta
3095 1219 3316 1279 essent,
3339 1214 3461 1270 suis
3482 1214 3591 1270 mi-

1918 1298 2140 1354 raculis
2170 1299 2521 1355 credituros.
2551 1300 2779 1366 Quibus
2801 1316 2924 1356 non
2949 1302 3082 1358 vult
3100 1299 3441 1370 subvenire,
3464 1319 3590 1359 non

1921 1388 2218 1457 subvenit,
2262 1389 2338 1445 de
2376 1389 2603 1462 quibus
2643 1406 2754 1446 sua
2790 1390 3320 1463 praedestinatione
3359 1391 3591 1448 occulte

1920 1477 2189 1550 quidem,
2218 1476 2324 1534 sed
2344 1478 2503 1550 juste
2527 1478 2837 1550 judicavit.
2864 1481 2994 1534 Non
3014 1479 3176 1535 enim
3196 1482 3288 1536 est
3304 1479 3593 1553 iniquitas

1922 1565 2090 1638 apud
2127 1569 2335 1635 Deum,
2378 1567 2486 1623 sed
2524 1566 2940 1623 incrustabilia
2968 1572 3109 1623 sunt
3130 1566 3359 1638 judicia
3381 1568 3513 1639 ejus
3538 1572 3596 1624 et

1922 1655 2370 1727 investigabiles
2393 1656 2503 1713 vita
2525 1657 2656 1728 ejus
2680 1674 2694 1726 ;
2723 1658 3022 1715 universte
3042 1656 3206 1714 enim
3228 1659 3340 1715 viae
3351 1658 3597 1715 Domini

131 1747 310 1816 Quid
325 1761 469 1817 ergo
488 1746 792 1803 dicemus?
820 1746 1052 1819 inquit:
1085 1747 1381 1819 Nunquid
1413 1753 1498 1803 est
1528 1748 1817 1818 iniquitas
1848 1768 1888 1821 Β
1924 1745 2338 1801 misericordia
2366 1751 2422 1802 et
2448 1747 2669 1802 veritas
2697 1746 2887 1817 (Psat.
2920 1748 3104 1816 xxiv).

128 1836 318 1906 apud
344 1836 533 1892 Deum
553 1836 581 1892 Ῥ
617 1834 807 1891 Absit.
853 1836 1052 1906 Moysi
1084 1838 1243 1892 enim
1275 1837 1461 1894 dicit:
1491 1836 1818 1893 Miserebor

129 1927 325 1996 cujus
344 1925 622 1981 misertus
654 1938 756 1980 ero
793 1929 849 1981 et
881 1924 1353 1982 misericordiam
1382 1923 1689 1994 praestabo
1719 1924 1820 1981 cui

130 2014 486 2072 misericors
498 2013 699 2083 fuero.
719 2013 920 2083 Igitur
937 2028 1059 2068 non
1076 2014 1350 2083 volentis,
1366 2027 1556 2083 neque
1573 2028 1821 2069 curren-

132 2104 238 2173 tis,
270 2101 384 2159 sed
401 2102 735 2159 miserentis
756 2106 841 2157 est
860 2101 965 2157 Dei
982 2101 1171 2172 (Rom.
1199 2103 1304 2168 1x).
1338 2101 1516 2157 Grata
1558 2099 1634 2156 sit
1672 2114 1818 2169 ergo

130 2191 329 2248 nobis
360 2192 492 2262 ejus
521 2188 781 2260 gratuita
805 2189 1134 2260 miseratio,
1159 2188 1393 2245 etiamsi
1421 2188 1552 2245 haec
1571 2188 1819 2262 profun—

129 2280 216 2337 da
242 2278 518 2336 insoluta
549 2278 624 2334 sit
651 2278 929 2351 quaestio.
962 2279 1106 2344 Quae
1132 2283 1336 2334 tamen
1366 2282 1615 2334 eatenus
1643 2277 1823 2333 solvi-

132 2374 255 2438 tur,
305 2374 613 2441 quatenus
653 2382 790 2422 eam
821 2366 997 2423 solvit
1025 2366 1190 2423 idem
1218 2367 1544 2440 Apostolus
1569 2367 1776 2424 dicens
1801 2383 1814 2421 :

129 2455 203 2511 Si
227 2458 445 2511 autem
463 2454 622 2509 Deus
650 2453 856 2509 volens
879 2451 1192 2508 ostendere
1228 2453 1410 2516 iram,
1449 2457 1505 2508 et
1545 2453 1817 2508 demons-

132 2548 316 2599 trare
355 2542 687 2612 potentiam
711 2556 905 2608 suam,
944 2541 1154 2597 attulit
1194 2541 1258 2596 in
1294 2542 1490 2597 multa
1516 2540 1820 2610 patientia

132 2648 292 2690 vasa
327 2631 613 2702 irte,qum
643 2630 922 2700 perfecta
942 2635 1083 2686 sunt
1111 2631 1174 2685 in
1193 2630 1612 2700 perditionem,
1652 2636 1706 2686 et
1752 2635 1819 2685 ut

133 2726 323 2778 notas
342 2720 573 2791 faceret
592 2720 836 2777 divitias
856 2720 1069 2790 gloria:
1088 2733 1212 2774 sum
1231 2720 1294 2774 in
1316 2734 1463 2775 vasa
1481 2719 1819 2775 misericor-

132 2811 279 2877 diae,
298 2824 439 2883 quae
460 2810 837 2889 praeparavit
862 2809 927 2865 in
956 2809 1219 2880 gloriam
1246 2808 1443 2880 (Ibid.)
1470 2809 1565 2864 Ira
1591 2807 1820 2881 quippe

135 2915 276 2957 non
328 2898 599 2955 redditur
638 2898 756 2955 nisi
801 2897 1028 2968 debita,
1075 2913 1152 2954 ne
1198 2897 1276 2955 sit
1320 2897 1605 2971 iniquitas
1655 2896 1823 2969 apud

137 2991 383 3045 Deum:
414 2986 834 3044 misericordia
860 3002 1004 3043 vero
1029 2986 1212 3043 etiam
1240 3002 1381 3043 cum
1411 2985 1714 3058 praebetur
1737 2985 1824 3041 in-

138 3076 383 3145 debita,
404 3090 531 3131 non
550 3079 642 3131 est
658 3075 945 3147 iniquitas
966 3075 1131 3148 apud
1152 3077 1363 3131 Deum.
1392 3077 1460 3130 Et
1480 3074 1624 3131 hinc
1648 3073 1819 3130 intel-

135 3166 350 3238 ligunt
376 3178 529 3221 vasa
559 3162 986 3220 misericordiae
1016 3178 1208 3236 quam
1228 3163 1490 3234 gratuita
1507 3162 1626 3218 illis
1647 3162 1825 3219 mise-

136 3254 416 3313 ricordia
434 3251 795 3326 praebeatur,
815 3253 985 3326 quod
1005 3253 1109 3308 iraa
1128 3252 1312 3320 vasis,
1333 3268 1474 3308 cum
1491 3252 1717 3324 quibus
1736 3256 1828 3308 est

141 3346 231 3402 eis
251 3342 617 3419 perditionis
631 3356 819 3398 causa
838 3346 896 3398 et
914 3357 1123 3399 massa
1141 3341 1504 3408 communis,
1518 3342 1607 3398 ira
1622 3342 1826 3398 debita

143 3439 202 3492 et
224 3434 403 3506 justa
428 3430 796 3504 rependitur.
849 3434 984 3487 Haec
1024 3432 1156 3503 jam
1203 3429 1349 3485 satis
1381 3430 1499 3485 sint
1535 3430 1827 3487 adversus

147 3538 252 3580 eos
300 3521 415 3596 qui
455 3537 565 3594 per
610 3519 839 3577 arbitrii
886 3520 1222 3577 libertatem
1266 3517 1571 3575 destruere
1619 3519 1829 3576 volunt

148 3612 364 3682 gratiae
395 3610 736 3681 largitatem
765 3609 896 3681 [al.,
921 3608 1313 3681 largitorem].

220 3699 549 3771 Augustini
612 3698 689 3755 de
750 3698 1276 3755 Prtedestinatione
1329 3702 1696 3766 sanctorum,
1752 3696 1832 3753 ad

150 3792 529 3865 Prosperum
559 3795 620 3848 et
646 3790 934 3847 Hilarium
954 3791 1110 3860 (cap.
1146 3791 1253 3861 t6).
1302 3788 1581 3859 Legimus
1624 3788 1687 3844 in
1727 3793 1834 3844 Ac-

152 3880 320 3937 tibus
352 3880 791 3953 apostolorum,
820 3896 961 3936 cum
991 3878 1227 3935 dimissi
1256 3894 1294 3935 a
1317 3878 1540 3935 Judaais
1569 3876 1832 3949 apostoli

154 3970 471 4026 venissent
491 3969 572 4026 ad
596 3984 761 4039 suos,
787 3973 846 4024 et
868 3967 1239 4024 indicassent
1261 3973 1496 4041 quanta
1518 3965 1605 4023 eis
1639 3965 1832 4021 senio-

158 4073 253 4115 res
277 4064 339 4115 et
367 4058 711 4115 sacerdotes
739 4058 1049 4123 dixissent,
1097 4057 1450 4113 levaverunt
1490 4055 1573 4111 illi
1620 4071 1833 4112 vocem

161 4149 492 4205 unanimes
546 4163 761 4205 omnes
829 4148 909 4204 ad
970 4146 1319 4212 Dominum,
1395 4150 1454 4202 et
1516 4146 1834 4200 dixerunt:

1995 1833 2312 1903 Augustini
2349 1850 2420 1889 ex
2459 1833 2594 1889 libri
2626 1833 3154 1904 Retractationum,
3195 1832 3271 1890 de
3316 1832 3473 1889 libro
3517 1832 3595 1888 de

1924 1922 2177 1978 diversis
2208 1922 2651 1988 Quaestionibus
2678 1938 2849 1990 xxcu,
2882 1938 3015 1994 cap.
3049 1923 3110 1977 21
3149 1923 3218 1989 (ι.
3251 1938 3291 1990 ι,
3321 1938 3373 1979 c.
3409 1921 3590 1993 ult.):

1926 2034 1954 2061 α
1991 2014 2196 2067 Utrum
2229 2014 2383 2067 Deus
2421 2010 2564 2066 mali
2612 2016 2820 2068 auctor
2848 2026 2971 2066 non
3004 2011 3097 2066 sit.
3150 2029 3181 2064 ›
3237 2010 3344 2065 Ubi
3388 2009 3596 2065 viden-

1925 2100 2074 2156 dum
2101 2105 2190 2156 est
2235 2114 2310 2155 ne
2352 2098 2521 2155 male.
2539 2098 2906 2170 intelligatur
2951 2098 3116 2171 quod
3163 2097 3328 2153 dixi:
3382 2117 3411 2146 ‹‹
3460 2095 3601 2153 Mali-

1926 2194 2137 2245 auctor
2164 2204 2288 2245 non
2336 2194 2444 2258 est,
2504 2188 2649 2260 quia
2697 2188 2974 2244 omnium
3017 2203 3156 2260 quae
3203 2186 3339 2243 fecit
3385 2190 3598 2242 auctor

1927 2284 2020 2335 est
2043 2295 2055 2333 :
2084 2276 2231 2350 quia
2252 2277 2313 2332 in
2334 2281 2633 2349 quantum
2656 2282 2816 2347 sunt,
2840 2277 2903 2332 in
2925 2280 3157 2333 tantum
3176 2274 3344 2331 bona
3363 2278 3503 2330 sunt
3525 2292 3539 2342 ;
3564 2295 3594 2324 »

1926 2373 1984 2425 et
2011 2384 2087 2424 ne
2113 2368 2255 2423 hinc
2283 2372 2523 2439 putetur
2551 2382 2676 2423 non
2704 2366 2783 2422 ab
2814 2365 2915 2422 illo
2945 2380 3078 2420 esse
3108 2379 3357 2437 poenam
3400 2362 3595 2419 malo-

1925 2474 2083 2526 rum,
2105 2473 2243 2529 quae
2274 2456 2474 2528 utique
2501 2455 2732 2512 malum
2751 2461 2844 2511 est
2871 2454 2941 2510 iis
2961 2453 3067 2526 qui
3096 2452 3452 2526 puniuntur.
3477 2450 3597 2508 Sed

1926 2546 2041 2603 hoc
2070 2547 2153 2602 ita
2176 2545 2297 2601 dixi
2321 2544 2843 2617 quemadmodum
2867 2543 3095 2599 dictum
3117 2546 3236 2598 est:
3265 2543 3423 2598 Deus
3438 2555 3598 2597 mor-

1929 2642 2042 2692 tem
2068 2650 2189 2691 non
2202 2636 2347 2705 fecit
2369 2634 2536 2705 (Sap.
2552 2633 2623 2702 1);
2652 2649 2793 2689 cum
2817 2631 2960 2687 alibi
2984 2630 3276 2704 scriptum
3302 2630 3409 2684 sit:
3432 2629 3600 2684 Mors

1928 2732 1985 2785 et
2013 2726 2138 2782 vita
2159 2740 2197 2781 a
2219 2724 2471 2779 Domino
2488 2723 2611 2780 Deo
2636 2728 2721 2779 est
2749 2722 2959 2789 (Eccli.
2980 2721 3084 2791 χι).
3129 2718 3419 2777 Malorum
3454 2731 3601 2787 ergo

1929 2830 2136 2889 poena,
2160 2830 2299 2887 quae
2329 2829 2366 2869 a
2409 2816 2529 2869 Deo
2560 2818 2667 2879 est,
2695 2810 2927 2867 malum
2965 2809 3217 2883 quidem
3263 2812 3353 2863 est
3397 2805 3600 2877 malis,

1930 2904 2038 2961 sed
2079 2905 2143 2960 in
2188 2903 2369 2960 bonis
2402 2902 2504 2958 Dei
2539 2902 2827 2974 operibus
2857 2905 2984 2956 est:
3031 2897 3324 2971 quoniam
3363 2897 3599 2969 justum

1929 2999 2019 3050 est
2050 2997 2113 3049 ut
2142 2992 2285 3049 mali
2311 2991 2662 3064 puniantur,
2712 2995 2770 3046 et
2798 2988 3006 3061 utique
3036 2987 3272 3043 bonum
3301 2991 3391 3043 est
3416 2997 3600 3042 omne

1853 3116 1896 3172 ο
1931 3082 2099 3155 quod
2123 3082 2359 3172 justum
2377 3084 2496 3172 est.

2003 3168 2317 3240 Augustini
2372 3168 2436 3224 in
2489 3166 2866 3240 expositione
2912 3162 3134 3238 psalmi
3169 3177 3251 3217 vn
3295 3161 3453 3233 (post
3481 3174 3604 3217 me-

1931 3261 2167 3327 dium):
2191 3259 2463 3329 Sagittas
2488 3271 2629 3313 suas
2660 3254 3014 3311 ardentibus
3038 3256 3320 3321 operatus
3347 3254 3451 3306 est.
3499 3251 3605 3304 Ar-

1934 3364 2073 3405 cum
2104 3362 2248 3417 ergo
2276 3348 2482 3412 istum,
2513 3343 2850 3416 Scripturas
2880 3345 3122 3397 sanctas
3149 3339 3407 3395 libenter
3436 3352 3607 3394 acce-

1936 3438 2148 3511 perim,
2209 3434 2314 3491 ubi
2371 3432 2718 3491 fortitudine
2776 3430 2921 3487 Novi
2980 3427 3360 3490 Testamenti,
3429 3424 3607 3499 quasi

1937 3542 2120 3583 nervo
2149 3524 2441 3598 quodam,
2498 3521 2721 3577 duritia
2768 3518 2990 3575 Veteris
3032 3517 3190 3573 ﬂexa
3234 3520 3292 3574 et
3338 3514 3609 3571 edomita

1938 3621 2045 3672 est.
2072 3614 2216 3671 Hinc
2245 3618 2537 3685 tanquam
2564 3610 2799 3679 sagittae
2828 3607 3180 3664 emittuntur
3204 3603 3482 3678 apostoli,
3514 3604 3611 3661 vel

1939 3704 2145 3761 divina
2174 3702 2481 3776 praeconia
2504 3698 2869 3771 jaculantur.
2901 3698 3062 3761 Quas
3087 3695 3358 3762 Sagittas
3388 3692 3611 3749 arden-

1942 3794 2099 3851 tibus
2130 3797 2410 3863 operatus
2441 3796 2546 3858 est,
2591 3788 2654 3845 id
2695 3792 2805 3856 est,
2849 3785 3073 3858 quibus
3102 3781 3378 3855 percussi
3403 3779 3612 3835 divino

1943 3898 2149 3940 amore
2176 3881 2523 3950 ﬂagrarent.
2574 3878 2703 3938 Qua
2731 3874 2894 3930 enim
2925 3873 3043 3929 alia
3072 3870 3291 3941 sagitta
3318 3882 3615 3942 percussa

1943 3978 2056 4031 est.
2086 3987 2226 4045 quae
2251 3969 2428 4025 dicit:
2462 3967 2739 4023 Inducite
2766 3980 2859 4019 me
2879 3965 2941 4018 in
2972 3963 3213 4017 domum
3242 3960 3388 4028 vini,
3440 3972 3614 4014 cons-

1947 4042 2143 4113 tituite
2159 4070 2250 4111 me
2270 4055 2429 4109 inter
2444 4056 2776 4121 unguenta,
2797 4048 3127 4115 constipate
3144 4059 3239 4101 me
3252 4045 3411 4099 inter
3427 4042 3615 4098 mella

1945 4147 2031 4217 [Ε.
2060 4145 2272 4209 mala],
2305 4144 2588 4213 quoniam
2622 4139 2943 4195 vulnerata
2984 4135 3286 4191 charitate
3310 4147 3416 4203 ego
3435 4146 3566 4187 sum
3586 4130 3615 4186 ?

162 4237 439 4304 Domine,
464 4244 528 4293 tu
555 4253 613 4294 es
634 4239 741 4310 qui
753 4237 955 4307 fecisti
978 4237 1192 4293 caelum
1213 4241 1267 4292 et
1298 4240 1549 4305 terram,
1572 4239 1627 4291 et
1647 4248 1834 4303 mare,
1947 4234 2236 4306 (Cantn).
2261 4230 2490 4297 Quibus
2510 4228 2639 4284 aliis
2658 4226 2889 4296 sagittis
2907 4221 3276 4292 accenditur,
3297 4221 3403 4293 qui
3423 4218 3616 4276 redire

163 4331 219 4383 et
243 4328 452 4387 omnia
480 4341 612 4398 quae
631 4328 695 4382 in
720 4327 802 4382 eis
830 4331 1009 4381 sunt:
1044 4325 1151 4396 qui
1170 4339 1287 4394 per
1314 4340 1375 4380 os
1404 4325 1602 4393 patris
1644 4322 1840 4378 nostri
1950 4323 2029 4379 ad
2047 4324 2235 4377 Deum
2252 4316 2803 4392 cupiens,etabista
2819 4312 3302 4387 peregrinatione
3317 4324 3615 4398 remeans,

166 4416 367 4473 David
385 4397 587 4473 sancti
604 4416 786 4485 pueri
811 4415 905 4471 tui
926 4414 1162 4470 dixisti:
1213 4413 1413 4480 Quare
1454 4412 1837 4482 fremuerunt
1880 4466 1920 4485 ,ἱ
1950 4411 2243 4469 adversus
2257 4408 2501 4465 dolosas
2520 4405 2762 4476 linguas
2777 4404 2923 4477 petit
2943 4400 3255 4465 auxilium,
3271 4403 3329 4455 et
3346 4398 3490 4455 dicit
3510 4397 3617 4468 [αι.

167 4466 495 4577 gentews:
1499 4466 1840 4556 Astiterunt
1878 4466 1922 4519 υ
1951 4466 2091 4557 etei
2117 4498 2353 4569 dicitur]
2378 4516 2392 4554 :
2428 4497 2583 4565 Quid
2609 4466 2799 4551 detur.
2817 4492 2944 4557 tibi,
2973 4495 3081 4547 aut
3112 4488 3258 4561 quid
3285 4466 3622 4577 adiiciatur

171 4574 337 4665 reges
367 4574 670 4665 terram—et
713 4594 1026 4664 principes
1081 4596 1489 4648 convenerunt
1535 4592 1599 4645 in
1652 4605 1839 4645 unum
1952 4590 2062 4647 tibi
2082 4591 2370 4646 adversus
2400 4588 2671 4656 linguam
2702 4583 3018 4638 dolosam?
3059 4578 3314 4648 Sagittae
3355 4574 3620 4665 potentis

172 4660 463 4742 adversus
510 4660 833 4741 Dominum
890 4660 945 4739 et
988 4681 1276 4739 adversus
1334 4681 1640 4736 Christum
1688 4694 1837 4747 ejus.
1953 4685 2167 4746 acutae,
2190 4694 2324 4734 cum
2344 4674 2704 4733 carbonibus
2726 4669 3130 4727 vastatoribus
3156 4662 3536 4736 (Psal.cxtx),
3559 4660 3623 4716 id

178 4773 602 4832 Convenerunt
630 4773 787 4831 enim
816 4773 882 4828 in
912 4773 1162 4828 veritate
1188 4771 1253 4825 in
1291 4770 1535 4825 civitate
1572 4769 1689 4824 ista
1732 4767 1843 4824 ad-
1955 4773 2065 4834 est,
2110 4766 2335 4839 quibus
2374 4778 2698 4836 percussus
2755 4764 2936 4830 atque
2992 4755 3405 4811 inflammatus
3446 4753 3622 4839 tanto

177 4876 380 4919 versus
394 4868 673 4920 sanctum
688 4876 949 4933 puerum
971 4866 1138 4915 tuum
1153 4860 1375 4925 Jesum,
1394 4873 1565 4929 quem
1590 4856 1844 4918 tinxisti.
1956 4835 2164 4914 amore
2185 4835 2402 4910 ardens
2422 4849 2593 4920 regni
2615 4846 2927 4912 caelorum,
2958 4847 3026 4899 ut
3042 4839 3321 4933 omnium
3340 4835 3623 4933 resisten-

182 4951 445 5009 Herodes
461 4956 517 5008 et
532 4925 1595 5021 Pibitus,etpoputuslsrael,facere
1613 4950 1847 5016 quanta
1958 4946 2131 5015 tium,
2178 4947 2236 5000 et
2278 4958 2316 4998 a
2362 4937 2673 5013 proposito
2720 4946 2978 4991 avocare
3023 4925 3625 5021 volentium-linguas

182 5054 393 5098 manus
420 5046 528 5098 tua
548 5046 603 5097 et
623 5040 938 5097 consilium
953 5036 1396 5108 praeordinavit
1415 5034 1550 5103 ﬁeri
1569 5035 1725 5104 (Act.
1746 5034 1847 5104 iv).

186 5129 328 5186 Ecce
378 5130 548 5204 quod
602 5129 833 5185 dictum
885 5132 994 5197 est,
1053 5125 1379 5183 secundum
1446 5123 1846 5192 Evangelium

189 5218 444 5293 quidem,
502 5220 734 5276 inimici
788 5222 1039 5289 propter
1094 5230 1193 5273 vos
1243 5214 1433 5286 (Rom.
1492 5216 1597 5279 x1).
1665 5214 1853 5267 Tanta

189 5305 413 5380 quippe
436 5308 518 5366 ab
546 5307 808 5365 inimicis
833 5305 1057 5363 Iudaeis
1076 5320 1295 5363 manus
1322 5302 1425 5358 Dei
1447 5304 1505 5358 et
1531 5298 1852 5357 consilium

193 5396 641 5465 praedestinavit
701 5397 851 5462 ﬁeri,
925 5398 1156 5469 quanta
1207 5390 1554 5450 necessaria
1616 5389 1855 5445 fuerant

199 5482 514 5555 Evangelio
550 5491 798 5561 propter
827 5501 960 5543 nos.

266 5584 289 5612 ⁸
320 5577 635 5648 Augustini
665 5577 740 5632 de
769 5575 933 5631 bono
965 5569 1442 5640 Perseverantizc,
1491 5568 1569 5625 ad
1608 5571 1855 5639 Prospe-

271 5762 297 5795 ⁸
324 5755 573 5827 Hincm.,
600 5758 677 5815 de
706 5758 919 5825 Praed”
945 5770 1081 5827 cap.
1115 5760 1164 5810 t.

1959 5038 2333 5097 contemnas,
2383 5034 2441 5085 et
2476 5022 2922 5099 persecutiones
2956 5035 3168 5077 eorum
3205 5015 3507 5080 derideas,
3539 5014 3625 5070 di-

1960 5138 2142 5179 cens:
2178 5121 2318 5188 Quis
2343 5133 2436 5174 me
2463 5112 2767 5184 separabit
2794 5127 2829 5167 a
2863 5110 3163 5167 charitate
3193 5104 3464 5163 Christi?
3496 5104 3625 5159 Tri-

1964 5212 2214 5275 bulatio,
2244 5225 2325 5263 an
2356 5204 2660 5275 angustia,
2694 5216 2772 5257 an
2798 5199 3147 5263 persecutio,
3185 5211 3267 5252 an
3299 5196 3513 5264 fames,
3546 5207 3626 5246 an

1962 5301 2226 5367 nuditas,
2256 5313 2338 5352 an
2360 5292 2724 5364 periculum,
2774 5304 2854 5345 an
2896 5287 3139 5359 gladius
3164 5288 3193 5339 ?
3241 5283 3453 5339 Certus
3496 5293 3629 5334 sum

1964 5390 2141 5454 enim,
2166 5384 2381 5457 inquit,
2413 5382 2557 5453 quia
2583 5393 2772 5449 neque
2800 5392 2981 5445 mors,
3029 5387 3219 5445 neque
3256 5372 3400 5436 vita,
3439 5379 3632 5436 neque

1965 5477 2238 5546 angelus,
2269 5485 2457 5543 neque
2490 5468 2893 5538 principatus,
2939 5477 3126 5533 neque
3154 5457 3495 5529 praesentia,
3532 5469 3630 5511 ne-

1967 5583 2079 5639 que
2088 5567 2327 5634 futura,
2350 5576 2455 5628 neq
2465 5574 2535 5613 ue
2554 5559 2761 5616 virtus,
2787 5566 2973 5623 neque
2993 5548 3272 5610 altitudo,
3292 5560 3481 5616 neque
3498 5558 3633 5613 pro-
