3974 6380
391 252 492 305 9‘87

1485 258 1541 312 S.
1585 256 1952 315 PRUDKNTII
1991 258 2365 314 TBECENSIS
2407 256 2709 312 EPISCOPI

388 373 670 441 fundum,
702 390 891 446 neque
915 383 1192 432 creatura
1223 380 1347 433 alia
1375 383 1595 449 poterit
1622 399 1727 438 nos
1758 395 2044 451 separare
2070 391 2116 441 Α
2159 380 2511 443 versionem,
2582 383 2685 434 aut
2741 380 2789 433 si
2845 378 3268 448 contempserit
3324 377 3701 432 vocationem
3762 383 3820 433 et

390 477 428 517 a
453 462 747 519 charitate
774 467 901 531 Dei,
937 482 1066 537 quae
1094 474 1176 523 est
1219 469 1282 523 in
1316 470 1542 526 Christo
1602 474 1740 527 Jesu
1792 472 2044 527 Domino

391 557 592 607 nostra
634 552 820 623 (Rom.
868 556 1005 625 vni).
1059 555 1149 611 Sic
1199 557 1553 614 ardentibus
1600 561 1849 627 sagittas
1907 575 2047 616 suas

390 644 673 712 operatus
700 646 807 698 est.
874 645 1023 699 Nam
1076 644 1138 700 in
1195 646 1415 701 Graecis
1470 649 1920 721 exemplaribus
1965 648 2050 706 ita

389 728 717 785 invenitur:
751 732 1018 801 Sagittas
1047 748 1186 789 suas
1226 735 1579 792 ardentibus
1610 744 1891 807 operatus
1921 744 2002 793 est
2026 750 2048 807 ;

390 817 595 874 Latina
618 824 817 876 autem
838 821 1117 878 ardentes
1145 823 1433 895 pleraque
1458 826 1703 883 habent.
1760 827 1873 883 Sed
1922 827 2047 882 sive

388 907 532 979 ipsae
565 908 789 977 sagittae
837 909 1109 980 ardeant,
1162 913 1284 968 sive
1329 914 1539 970 ardere
1596 916 1840 985 faciant,
1879 915 2048 987 quod

386 996 589 1068 utique
616 1014 739 1054 non
768 1004 1026 1071 possunt
1054 1001 1166 1057 nisi
1208 1006 1265 1058 et
1312 1003 1460 1074 ipsas
1494 1005 1769 1073 ardeant,
1820 1006 2048 1073 integer

385 1101 597 1141 sensus
616 1093 722 1143 est.
747 1089 863 1145 Sed
888 1090 1035 1161 quia
1055 1106 1177 1145 non
1198 1092 1448 1160 sagittas
1476 1097 1705 1147 tantum
1715 1093 1845 1163 ,sed
1865 1094 2046 1149 etiam

385 1190 528 1231 vasa
556 1180 763 1233 mortis
793 1177 936 1234 dicit
960 1182 1284 1236 Dominum
1305 1180 1366 1235 in
1394 1198 1537 1237 arcu
1561 1198 1833 1255 parasse,
1856 1184 2047 1254 qureri

383 1268 578 1338 potest
605 1282 743 1338 quae
783 1266 900 1323 sint
932 1283 1082 1323 vasa
1122 1268 1332 1325 mortis
1353 1271 1379 1325 ‘2
1435 1276 1524 1326 An
1552 1271 1699 1328 forte
1737 1272 2045 1330 haeretici?

386 1357 535 1411 Nam
560 1360 618 1411 et
642 1355 758 1426 ipsi
786 1372 858 1412 ex
887 1356 1101 1413 eodem
1132 1374 1300 1427 arcu,
1332 1358 1393 1413 id
1425 1365 1513 1415 est
1532 1376 1606 1416 ex
1636 1363 1861 1418 eisdem
1894 1361 2045 1418 Scri-

383 1444 575 1516 pturis
594 1444 655 1501 in
688 1445 923 1502 animas
952 1462 1076 1502 non
1104 1448 1392 1504 charitate
1423 1449 1915 1515 inﬂammandas,
1940 1450 2046 1506 sed

384 1532 630 1588 venenis
660 1534 1044 1605 perimendas
1084 1535 1373 1607 insiliunt,
1405 1539 1571 1609 quod
1605 1556 1727 1595 non
1757 1541 2048 1603 contingit

2158 469 2533 540 disciplinam
2570 469 2689 537 Dei,
2721 472 3054 523 exeiecatur
3084 466 3164 521 ad
3193 466 3673 522 damnationem.
3723 469 3819 521 Ju-

2158 559 2382 613 dicium
2412 564 2613 613 autem
2646 556 3029 612 manifestum
3062 559 3168 623 est,
3223 572 3348 627 quo
3403 560 3692 611 venturus
3730 559 3819 611 est

2157 648 2467 712 Dominus,
2513 647 2782 718 judicare
2841 648 3009 701 vivos
3064 649 3123 703 et
3174 651 3467 710 mortuos,
3525 643 3815 700 omnibus

2158 737 2481 792 fatentibus
2513 753 2652 791 eum
2682 751 2813 791 esse
2863 752 2900 790 a
2945 751 3069 807 quo
3116 739 3173 789 et
3227 734 3403 789 bonis
3449 734 3704 806 prmmia
3759 738 3818 790 et

2156 826 2331 882 malis
2360 826 2656 899 supplicia
2684 826 3038 881 tribuentur.
3064 825 3177 880 Sed
3199 829 3339 880 tunc
3364 823 3465 881 illa
3489 824 3808 885 confessio,

2155 931 2278 970 non
2322 915 2401 970 ad
2450 915 2782 970 remedium
2825 914 3147 977 malorum,
3201 913 3308 967 sed
3364 913 3441 968 ad
3499 911 3810 969 cumulum

2155 1004 2559 1059 damnationis
2589 1003 2825 1058 valebit.
2876 1006 2952 1057 De
2981 1002 3076 1057 his
3108 1001 3350 1059 duobus
3374 1000 3651 1071 judiciis,
3688 1015 3810 1055 uno

2155 1094 2407 1157 occulto,
2442 1093 2627 1147 altero
2657 1093 2997 1157 manifesto,
3051 1092 3284 1146 videtur
3327 1090 3474 1145 mihi
3522 1089 3812 1144 Dominus

2154 1181 2393 1249 dixisse,
2429 1182 2531 1237 ubi
2562 1182 2678 1237 ait:
2714 1182 2830 1247 Qui
2856 1183 2919 1235 in
2948 1196 3040 1236 me
3058 1181 3268 1245 credit,
3296 1179 3811 1235 transitdemorte

2154 1272 2235 1326 ad
2264 1274 2468 1333 vitam,
2501 1287 2607 1327 nec
2638 1273 2700 1325 in
2722 1271 3026 1339 judicium
3059 1270 3216 1325 venit
3247 1269 3446 1337 (Joan.
3479 1268 3533 1337 v)
3569 1284 3584 1322 :
3633 1266 3695 1322 in
3720 1266 3813 1337 ju-

2155 1360 2379 1416 dicium
2408 1360 2627 1415 scilicet
2655 1358 3065 1415 manifestum.
3120 1360 3267 1413 Nam
3306 1357 3421 1411 hoc
3456 1355 3626 1428 quod
3655 1360 3811 1411 tran-

2156 1451 2231 1505 sit
2260 1450 2333 1506 de
2364 1454 2555 1505 morte
2603 1450 2681 1504 ad
2724 1448 2932 1515 vitam,
2986 1464 3090 1519 per
3138 1445 3497 1501 nonnullam
3547 1443 3811 1500 afﬂictio-

2153 1556 2313 1605 nem,
2346 1556 2469 1611 qua
2497 1539 2758 1607 ﬂagellat
2806 1538 3093 1592 Dominus
3132 1552 3377 1591 omnem
3409 1534 3597 1589 tilium
3626 1549 3810 1605 quem

384 1621 497 1677 nisi
543 1638 654 1695 pro
706 1624 947 1680 meritis.
1007 1628 1321 1697 Propterea
1376 1626 1589 1683 divinae
1655 1630 2042 1700 providentiae
2150 1628 2379 1699 recipit,
2421 1629 2718 1698 judicium
2773 1626 3075 1682 occultum
3120 1630 3228 1680 est.
3283 1625 3396 1691 Qui
3436 1630 3631 1679 autem
3692 1638 3812 1678 non

384 1709 565 1764 etiam
594 1710 712 1765 ista
739 1711 1050 1783 dispositio
1083 1714 1403 1770 tribuenda
1432 1719 1537 1777 est,
1572 1732 1698 1771 non
1729 1719 1872 1787 quia
1910 1719 2045 1788 ipsa
2084 1742 2124 1795 Β
2152 1720 2363 1787 credit,
2395 1717 2605 1788 inquit.
2626 1720 2756 1785 jam
2781 1717 3095 1784 judicatus
3126 1720 3207 1769 est
3232 1717 3432 1781 (Joan.
3461 1713 3582 1782 tu);
3613 1710 3811 1777 idest,

383 1802 729 1869 peccatores
754 1800 933 1856 faciat
960 1802 1067 1871 [al.
1101 1802 1285 1875 facit],
1336 1803 1441 1858 sed
1471 1805 1614 1875 quia
1644 1805 1775 1875 ipsa
1806 1807 2045 1862 ordinat
2152 1807 2386 1861 occulto
2411 1806 2637 1876 judicio
2664 1806 2793 1875 jam
2824 1809 3197 1877 praeparatus
3225 1809 3315 1858 est
3343 1803 3421 1858 ad
3452 1800 3599 1856 illud
3622 1800 3814 1857 mani-

384 1904 524 1944 cum
548 1891 946 1961 peccaverint.
996 1892 1143 1948 Malo
1186 1894 1345 1949 enim
1393 1899 1533 1950 voto
1580 1911 1687 1967 per
1728 1902 2044 1967 peccatum
2152 1894 2392 1951 festum.
2425 1900 2553 1949 Haec
2583 1895 2707 1949 duo
2732 1894 2958 1964 judicia
2997 1894 3178 1948 etiam
3221 1892 3283 1947 in
3331 1890 3632 1963 Sapientia
3671 1889 3810 1958 legi-

384 1976 828 2046 legentes,male
849 1986 1144 2048 coguntur
1166 1981 1506 2051 intelligere,
1534 1984 1747 2055 utipsa
1769 1984 1842 2039 sit
1862 2000 2045 2056 paena
2153 2000 2306 2053 mus,
2368 1984 2473 2038 ubi
2527 1984 2817 2054 scriptum
2865 1987 2989 2037 est:
3052 1984 3311 2049 Propter
3361 1982 3469 2036 hoc
3519 1986 3808 2049 tanquam

382 2066 607 2138 peccati
635 2084 647 2134 ;
699 2083 957 2139 quorum
1011 2074 1211 2125 tamen
1249 2076 1440 2127 morte
1470 2073 1573 2128 ﬁlii
1605 2074 1911 2128 catholicae
1945 2078 2043 2129 Ec-

383 2154 598 2225 clesiir,
629 2160 922 2228 tanquam
952 2159 1319 2230 quibUsdam
1351 2162 1560 2232 spinis,
1610 2178 1647 2219 a
1678 2179 1915 2219 sommo
1945 2180 2044 2218 ex-

383 2244 661 2315 citantur,
684 2251 746 2302 ut
767 2246 845 2303 ad
873 2247 1323 2315 intelligentiam
1352 2250 1696 2307 divinarum
1726 2252 2044 2323 proficiant

385 2333 1097 2405 Scripturarum.0porlet
1126 2340 1279 2394 enim
1297 2346 1349 2394 et
1374 2340 1621 2396 haereses
1651 2356 1788 2402 eese,
1820 2347 1885 2396 ut
1900 2357 2044 2410 pro-

385 2423 529 2493 bati,
560 2424 774 2493 inquit,
816 2427 1125 2494 manifesti
1160 2428 1314 2495 fiant
1346 2430 1505 2484 inter
1534 2445 1634 2484 vos
1664 2430 1718 2498 (1
1751 2429 1889 2485 Cor.
1920 2430 1999 2500 χι)
2024 2447 2036 2495 ;

380 2511 495 2568 hoc
524 2518 610 2568 est
639 2513 791 2569 inter
817 2514 1114 2586 homines,
1147 2532 1287 2571 cum
1314 2517 1617 2573 manitesti
1638 2518 1757 2574 sint
1778 2522 1916 2574 Deo.
1950 2523 2041 2574 An

382 2600 531 2658 forte
558 2602 805 2661 easdem
831 2606 1085 2675 sagittas
1123 2610 1179 2661 et
1218 2622 1360 2663 vasa
1392 2609 1599 2663 mortis
1630 2607 1931 2678 disposuit
1960 2608 2040 2663 ad

379 2692 705 2763 perniciem
735 2693 1089 2761 inﬁdelium,
1139 2699 1196 2751 et
1223 2696 1499 2752 ardentes
1549 2696 1642 2752 vel
1688 2697 2040 2753 ardentibus

379 2788 660 2850 operatus
680 2788 765 2838 est
785 2782 865 2839 ad
885 2784 1369 2841 exercitationem
1388 2784 1658 2841 ﬁdelium
1677 2787 1703 2841 ?
1729 2789 1855 2843 Non
1877 2786 2039 2842 enim

379 2868 599 2926 falsum
622 2875 712 2927 est
732 2871 899 2943 quod
921 2872 1242 2944 Apostolus
1261 2873 1439 2930 dicit:
1472 2875 1628 2929 Aliis
1659 2890 1863 2932 sumus
1892 2875 2042 2931 odor

381 2961 518 3017 vitae
544 2961 607 3016 in
635 2962 839 3027 vitam,
871 2963 1009 3018 aliis
1037 2963 1187 3019 odor
1209 2965 1417 3019 mortis
1446 2964 1509 3020 in
1534 2969 1805 3020 mortem.
1849 2964 1929 3020 Et
1958 2964 2040 3020 ad

381 3048 509 3105 haec
538 3052 668 3119 quis
694 3051 939 3105 idoneus
961 3051 987 3104 ?
1015 3052 1108 3119 (Π
1132 3052 1268 3107 Cor.
1296 3053 1383 3121 ιι.)
1407 3054 1536 3108 Non
1564 3067 1709 3119 ergo
1736 3053 1959 3108 mirum
1989 3053 2035 3108 si

378 3136 563 3194 iidem
590 3138 848 3209 apostoli
888 3144 945 3197 et
996 3156 1139 3197 vasa
1179 3140 1389 3197 mortis
1417 3146 1556 3196 sunt
1593 3140 1679 3197 eis
1722 3141 1782 3197 in
1814 3142 2036 3212 quibus

380 3228 855 3297 persecutionem
883 3229 1051 3300 passi
1083 3234 1241 3299 sunt,
1273 3235 1331 3286 et
1359 3229 1549 3297 ignem
1581 3228 1810 3297 sagittae
1842 3230 1920 3285 ad
1949 3229 2036 3285 in-

377 3314 752 3372 ﬂammsnda
779 3317 963 3374 corda
990 3318 1379 3374 credentium.
1442 3320 1576 3373 Post
1620 3318 1777 3374 hanc
1833 3323 2035 3374 autem

376 3403 888 3474 dispensationem
912 3405 1139 3474 justam
1191 3407 1294 3476 [αι.
1345 3406 1595 3477 justum]
1639 3406 1835 3463 veniet
1878 3406 2036 3477 judi.

377 3489 577 3546 cium:
606 3490 681 3546 de
710 3507 834 3562 quo
862 3492 944 3550 ita
972 3493 1133 3561 dicit,
1156 3499 1220 3549 ut
1246 3493 1672 3562 intelligamus,
1709 3495 2032 3567 unicuique

375 3578 609 3635 homini
635 3580 997 3651 supplicium
1026 3582 1153 3638 ﬁeri
1199 3582 1275 3638 de
1314 3588 1561 3655 peccato
1611 3600 1744 3651 suo,
1793 3588 1850 3641 et
1898 3585 2031 3655 ejus

375 3667 752 3739 iniquitatem
782 3669 843 3726 in
873 3686 1118 3742 poenam
1149 3672 1433 3728 converti.
1457 3676 1537 3728 Ne
1556 3679 1839 3745 putemus
1866 3673 2032 3731 illam

374 3757 865 3830 tranquillitatem
893 3766 950 3815 et
976 3761 1277 3820 inefiabile
1303 3760 1509 3818 lumen
1556 3763 1657 3819 Dei
1703 3763 1779 3819 de
1808 3778 1871 3821 se
1900 3779 2034 3834 pro-

375 3846 526 3903 ferre
558 3848 717 3905 unde
764 3855 1012 3922 peccata
1048 3851 1397 3923 puniantur,
1448 3852 1552 3907 sed
1600 3852 1733 3924 ipsa
1784 3858 2033 3923 peccata

376 3936 462 3991 sic
489 3936 767 3996 ordinare
799 3944 864 3995 ut
889 3940 1034 4013 quia
1063 3940 1305 3996 fuerunt
1331 3940 1769 3997 delectamenta
1797 3940 2030 3997 homini

372 4027 665 4097 peccanti,
698 4027 820 4084 sint
845 4028 1243 4086 instrumenta
1274 4030 1527 4085 Domino
1556 4030 1849 4102 punienti.

447 4116 760 4183 Augustini
790 4116 853 4171 in
882 4118 1253 4188 expositione
1282 4118 1499 4189 psalmi
1529 4134 1620 4173 ix:
1655 4120 1741 4173 De
1778 4119 2028 4174 occultis

371 4201 536 4257 Filii.
569 4204 712 4266 Quae
744 4207 885 4259 sunt
912 4204 1089 4274 igitur
1117 4205 1353 4261 occulta
1383 4205 1554 4261 Filii?
1594 4207 1657 4261 In
1687 4221 1811 4278 quo
1844 4206 2027 4262 verbo

371 4290 637 4362 primum
665 4292 1115 4361 intelligendum
1146 4298 1234 4349 est
1280 4311 1412 4351 esse
1459 4295 1661 4366 aliqua
1709 4294 2030 4351 manifesta

374 4379 518 4445 Filii,
562 4380 637 4435 de
686 4381 909 4452 quibus
957 4383 1401 4452 distinguantur
1449 4384 1579 4439 haec
1633 4400 1771 4455 quas
1828 4383 2030 4455 appel-

369 4468 570 4524 lantur
598 4445 853 4526 occutta.
912 4445 1318 4536 Quamobrem
1375 4445 1673 4544 quoniam
1724 4445 1887 4527 duos
1913 4445 2029 4527 .ad-
2060 4445 2105 4499 Β

371 4563 581 4614 ventus
613 4560 847 4616 Domini
877 4562 1196 4628 credimus,
1223 4577 1413 4616 unum
1434 4561 1820 4633 praeteritum,
1844 4578 2027 4633 quem

369 4648 562 4704 Judaei
591 4663 715 4703 non
746 4648 1162 4706 intellexerunt
1188 4667 1202 4715 ;
1235 4651 1487 4706 alterum
1519 4650 1809 4717 futurum,
1843 4665 2027 4721 quem

370 4737 603 4808 utrique
634 4755 989 4811 speramus:
1032 4744 1089 4795 et
1114 4740 1407 4812 quoniam
1436 4739 1565 4807 iste,
1614 4755 1796 4810 quem
1838 4740 2026 4795 Judaei

368 4841 492 4881 non
520 4827 955 4899 intellexerunt,
1006 4829 1286 4899 gentibus
1340 4828 1584 4901 profuit,
1644 4844 1768 4884 non
1825 4829 2028 4884 incon-

367 4915 669 4971 venienter
697 4919 985 4990 accipitur
1014 4919 1089 4975 de
1126 4919 1242 4974 hoc
1298 4919 1564 4974 adventu
1609 4917 1860 4985 dictum,
1912 4934 2027 4987 pro

368 5006 618 5060 occultis
646 5007 810 5077 Filii,
868 5008 974 5063 ubi
1020 5009 1254 5064 caecitas
1305 5023 1379 5062 ex
1426 5011 1597 5079 parte
1646 5007 1823 5062 Israel
1869 5006 2027 5065 facta

368 5096 477 5159 est,
510 5097 575 5148 ut
603 5094 913 5165 plenitudo
945 5098 1211 5165 gentium
1241 5098 1487 5152 intraret
1516 5099 1706 5162 (Rom.
1738 5097 1840 5166 xi).
1897 5099 2025 5152 Duo

368 5181 529 5237 enim
561 5182 790 5252 judicia
835 5185 1217 5241 insinuantur
1264 5202 1374 5258 per
1420 5185 1774 5256 Scripturas,
1809 5184 1859 5239 si
1887 5186 2025 5257 quis

368 5270 674 5327 advertat:
706 5288 900 5327 unum
928 5274 1256 5339 occultum,
1313 5274 1564 5329 alterum
1615 5274 2022 5329 manifestum.

370 5360 679 5416 Occultum
710 5377 872 5417 nunc
913 5362 1128 5431 agitur,
1174 5362 1249 5417 de
1301 5378 1423 5434 quo
1467 5362 1776 5435 apostolus
1823 5365 2026 5419 Petrus

368 5447 554 5503 dicit:
611 5452 858 5519 Tempus
902 5457 987 5507 est
1032 5457 1097 5505 ut
1131 5452 1430 5519 judicium
1470 5452 1723 5518 incipiat
1769 5468 1806 5508 a
1853 5454 2026 5507 domo

372 5536 613 5590 Domini
665 5540 717 5607 (I
747 5541 910 5594 Petr.
949 5542 1046 5603 iv).
1106 5541 1410 5593 Occultum
1474 5540 1671 5610 itaque
1730 5541 2025 5610 judicium

371 5627 459 5674 est
482 5637 662 5690 paena
700 5642 823 5696 qua
869 5643 1031 5682 nunc
1080 5628 1494 5699 unusquisque
1552 5628 1866 5683 hominum
1926 5636 2030 5684 aut

372 5713 675 5763 exercetur
704 5712 781 5766 ad
812 5714 1250 5783 purgationem,
1275 5719 1377 5773 aut
1406 5716 1765 5773 admonetur
1786 5718 1862 5775 ad
1886 5733 2024 5774 cono

2144 2071 2351 2139 pueris
2381 2069 2697 2125 insensatis
2717 2068 3019 2137 judicium
3050 2068 3113 2122 in
3147 2068 3407 2121 derisum
3439 2064 3693 2133 dedisti;
3744 2062 3809 2117 lii

2150 2165 2347 2214 autem
2379 2158 2490 2214 hoc
2509 2157 2745 2227 judicio
2775 2172 2895 2212 non
2926 2156 3200 2221 correcti,
3228 2156 3476 2224 dignum
3508 2154 3620 2213 Dei
3634 2152 3807 2222 judi~

2150 2250 2305 2304 cium
2335 2247 2649 2315 experturi
2674 2252 2813 2301 sunt
2845 2246 3016 2314 (Sep.
3049 2248 3172 2303 xu).
3215 2244 3326 2309 Qui
3355 2258 3499 2312 ergo
3528 2257 3652 2297 non
3682 2257 3808 2296 cor-

2149 2335 2421 2403 riguntur
2449 2335 2549 2391 illo
2575 2335 2804 2404 judicio
2834 2334 3089 2399 occulto,
3112 2333 3460 2401 dignissime
3490 2331 3589 2386 illo
3619 2330 3809 2386 mani-

2146 2424 2299 2479 festo
2328 2424 2670 2495 punientur.
2706 2425 2835 2488 Quo
2867 2423 3024 2478 circa
3072 2423 3133 2476 in
3185 2423 3301 2476 hoc
3330 2420 3568 2493 psalmo
3609 2419 3807 2474 obser-

2147 2513 2350 2568 vanda
2380 2517 2518 2568 sunt
2548 2514 2784 2568 occulta
2813 2514 2978 2577 Filii,
3012 2511 3074 2566 id
3102 2516 3208 2573 est,
3268 2515 3325 2564 et
3378 2508 3621 2564 humilis
3678 2508 3809 2577 ejus

2148 2604 2459 2673 adventus,
2493 2604 2600 2674 qui
2630 2604 2854 2674 profuit
2884 2602 3186 2671 gentibus,
3218 2617 3358 2660 cum
3388 2599 3672 2659 caecitate.
3702 2600 3808 2654 Ju-

2147 2694 2462 2759 daeorum;
2536 2698 2593 2747 et
2650 2707 2833 2763 pmna
2886 2708 3025 2763 quia
3082 2706 3244 2749 nunc
3298 2688 3529 2745 occulte
3582 2689 3809 2757 agitur,

2148 2782 2420 2838 nondum
2451 2781 2842 2836 damnatione
2870 2786 3275 2853 peccatorum,
3319 2778 3428 2833 sed
3457 2782 3561 2834 aut
3586 2778 3816 2835 mrci-

2147 2872 2369 2927 tatione
2398 2886 2830 2926 oonversorum
2865 2875 2969 2925 aut
2996 2869 3409 2926 admonitione
3453 2872 3520 2923 nt
3562 2882 3819 2922 conver-

2150 2965 2367 3023 tantur,
2400 2963 2506 3013 aut
2554 2959 2816 3015 cmcitate
2865 2963 2929 3014 ut
2975 2957 3348 3015 damnationi
3393 2960 3816 3029 praeparentur

2146 3049 2248 3121 qui
2281 3048 2543 3103 converti
2569 3048 2891 3103 noluerunt
2919 3049 3050 3120 [al.,
3083 3048 3423 3117 noluerint].

2215 3137 2528 3206 Augustini
2558 3138 2617 3192 in
2646 3138 2799 3192 libro
2848 3153 2886 3192 ιι
2925 3137 2999 3193 de
3050 3138 3349 3209 Baptismo
3387 3132 3810 3208 parvulorum.

2144 3228 2233 3282 Ad
2264 3227 2664 3283 Marcellinum
2706 3227 2974 3283 scribens
3008 3228 3025 3297 (
3036 3230 3117 3283 De
3142 3232 3527 3296 peccatorum
3570 3225 3806 3280 meritis

2144 3322 2197 3373 et
2229 3318 2449 3385 remis,
2471 3316 2509 3371 l.
2544 3332 2603 3379 ιι,
2636 3332 2687 3371 c.
2722 3318 2797 3387 7),
2833 3318 2985 3371 inter
3015 3317 3131 3372 alia
3162 3318 3242 3371 sic
3273 3315 3457 3370 dixit:
3513 3314 3809 3383 Ignoran-

2144 3406 2224 3461 tia
2254 3406 2432 3473 igitur
2461 3411 2517 3460 et
2546 3404 2862 3461 infirmitas
2890 3407 3031 3463 vitia
3064 3412 3222 3471 sunt,
3272 3421 3411 3477 quas
3462 3403 3811 3475 impediunt

2141 3494 2508 3549 voluntatem
2552 3509 2627 3548 ne
2683 3501 2993 3551 moveatur
3029 3495 3108 3551 ad
3138 3494 3479 3550 faciendum
3511 3508 3667 3564 opus
3698 3492 3806 3548 bo-

2140 3599 2290 3639 num
2318 3582 2413 3638 vel
2442 3583 2519 3637 ab
2550 3599 2732 3654 opere
2760 3584 2922 3639 malo
2959 3583 3407 3641 abstinendum.
3471 3585 3541 3639 Ut
3595 3586 3806 3638 autem

2141 3674 2474 3728 innotescat
2502 3674 2669 3747 quod
2698 3674 2938 3739 latebat,
2972 3680 3030 3728 et
3080 3688 3265 3727 suave
3307 3672 3413 3727 ﬁat
3457 3670 3626 3743 quod
3674 3686 3805 3727 non

2139 3766 2494 3831 delectabat,
2529 3765 2717 3835 gratia
2750 3763 2845 3820 Dei
2876 3769 2985 3832 est,
3033 3779 3173 3834 quia
3208 3762 3530 3816 hominum
3558 3759 3807 3816 ordinat

2140 3856 2270 3926 [al.,
2292 3856 2561 3926 adjuvat]
2592 3854 2961 3909 voluntates:
3009 3866 3133 3923 qua
3163 3856 3228 3907 ut
3258 3866 3381 3905 non
3408 3849 3798 3919 adjuvantur,

2136 3944 2199 3999 in
2230 3943 2377 4016 ipsis
2409 3944 2609 3999 itidem
2641 3958 2829 4000 causa
2859 3946 2964 4005 est,
3010 3956 3132 3995 non
3164 3940 3223 3994 in
3257 3944 3395 4007 Deo,
3445 3939 3573 3993 sive
3626 3937 3805 3992 dam-

2136 4034 2321 4089 nandi
2352 4031 2751 4105 prtedestinati
2772 4031 2905 4099 sint,
2935 4032 3179 4101 propter
3198 4028 3569 4099 iniquitatem
3593 4042 3804 4098 super-

2135 4121 2268 4189 biae,
2287 4122 2411 4177 sive
2430 4127 2639 4177 contra
2664 4121 2855 4192 ipsam
2880 4117 3227 4190 superbiam
3250 4133 3448 4186 suam,
3457 4115 3796 4187 judieandi,

2137 4216 2193 4267 et
2221 4210 2552 4275 erudiendi,
2587 4210 2633 4264 si
2662 4209 2765 4263 ﬁlii
2798 4208 2914 4263 sint
2944 4207 3383 4262 misericordiae.

2210 4299 2523 4369 Augustini
2552 4314 2625 4353 ex
2652 4298 2761 4353 lib.
2792 4314 2866 4354 xv
2896 4296 2971 4352 de
3004 4295 3247 4351 Civitate
3279 4294 3379 4350 Dei
3408 4294 3563 4363 (cap.
3594 4293 3665 4364 l).
3698 4298 3798 4348 Ar.

2138 4389 2322 4443 bitror
2352 4393 2552 4443 tamen
2585 4387 2728 4441 satis
2757 4402 2867 4442 nos
2894 4387 3022 4455 jam
3049 4385 3258 4439 fecisse
3290 4383 3529 4451 magnis
3558 4388 3617 4437 et
3642 4381 3797 4437 difﬁ-

2137 4477 2371 4532 cillimis
2400 4475 2857 4548 qumstionibus,
2882 4474 2957 4528 de
2986 4474 3175 4541 initio,
3199 4472 3289 4527 vel
3317 4472 3393 4527 de
3414 4472 3533 4527 ﬁne
3558 4471 3795 4538 mundi;

2137 4566 2229 4620 vel
2254 4566 2493 4625 animm,
2526 4564 2715 4635 ipsius
2775 4564 3010 4633 generis
3052 4561 3337 4627 humani;
3370 4559 3536 4632 quod
3583 4559 3643 4615 in
3671 4558 3797 4617 duo

2136 4669 2357 4725 genera
2387 4652 2821 4715 distribuimus,
2853 4667 3041 4707 unum
3075 4667 3286 4707 eorum
3315 4650 3419 4723 qui
3457 4648 3798 4704 secundum

2135 4741 2484 4807 hominem;
2534 4740 2787 4795 alterum
2844 4755 3053 4795 eorum
3104 4738 3209 4811 qui
3240 4737 3574 4793 secundum
3604 4739 3799 4792 Deum

2136 4831 2358 4885 vivant.
2399 4830 2559 4889 Quas
2608 4829 2750 4884 item
2798 4831 3050 4901 mystice
3096 4828 3474 4900 appellamus
3528 4826 3796 4882 civitates

2135 4920 2308 4988 duas,
2340 4920 2455 4977 hoc
2485 4923 2593 4988 est,
2627 4918 2780 4973 duas
2829 4919 3141 4975 societates
3185 4918 3501 4976 hominum
3528 4932 3797 4989 quarum

2134 5024 2257 5064 una
2282 5012 2373 5063 est
2399 5024 2534 5080 quae
2566 5007 2987 5079 prmdestinata
3008 5013 3102 5064 est
3128 5009 3190 5063 in
3220 5013 3512 5063 internum
3539 5021 3797 5076 regnare

2134 5114 2273 5153 cum
2308 5101 2453 5163 Deo;
2477 5096 2683 5166 altera,
2714 5102 3008 5152 aeternum
3039 5096 3407 5169 supplicium
3430 5095 3630 5150 subire
3653 5111 3799 5150 cum

2133 5185 2399 5241 diabolo.

2198 5186 2399 5241 abolo.

2208 5272 2529 5342 Augustini
2546 5272 2621 5328 de
2644 5273 3004 5329 Perfectione
3029 5273 3316 5341 hominis,
3336 5273 3417 5329 ad
3442 5271 3798 5344 Eutropium

2135 5366 2192 5419 et
2206 5361 2482 5416 Paulum.
2498 5363 2656 5417 Deus
2675 5364 2750 5418 de
2768 5363 2915 5418 caelo
2937 5364 3195 5432 respexit
3216 5378 3399 5431 super
3413 5362 3570 5429 ﬁlios
3607 5361 3799 5416 hami-

2135 5469 2299 5517 num,
2316 5458 2378 5506 ut
2396 5452 2591 5506 videat
2608 5454 2661 5505 si
2674 5457 2757 5506 est
2780 5453 3144 5521 intelligens,
3157 5459 3260 5507 aut
3278 5453 3589 5522 requirens
3609 5453 3800 5507 Deum

2136 5542 2321 5611 (l’sal.
2356 5546 2497 5603 xui).
2538 5545 2652 5594 Hoc
2695 5557 2838 5609 ergo
2883 5542 3113 5595 bonum
3159 5541 3321 5612 quod
3374 5546 3461 5595 est
3488 5541 3800 5611 requirere

2138 5632 2343 5697 Deum,
2377 5646 2495 5684 non
2544 5638 2671 5685 erat
2718 5648 2823 5702 qui
2866 5633 3102 5697 faceret,
3136 5647 3257 5685 non
3309 5636 3432 5686 erat
3475 5647 3665 5702 usque
3717 5636 3799 5687 ad

2138 5733 2350 5784 unum,
2365 5718 2471 5774 sed
2487 5718 2548 5773 in
2566 5735 2636 5775 eo
2654 5735 2869 5787 genere
2886 5720 3202 5779 hominum
3222 5720 3391 5793 quod
3407 5719 3568 5792 ρι’ωή
3578 5720 3801 5778 estina-
