3974 6380
169 270 275 323 989

1197 269 1404 323 EPIST.
1458 269 1549 321 AD
1595 266 2009 320 ΗΙΝΟΜΑΒΙῘΜ
2050 269 2136 321 ΕΤ
2174 271 2576 326 PARDULUM.

3495 282 3603 334 990

171 398 298 447 tum
344 395 433 445 est
479 390 560 445 ad
604 390 929 445 interitum.
981 392 1170 462 Super
1220 407 1326 447 eos
1381 392 1541 446 enim
1572 389 1832 461 respexit
1863 390 1912 446 Α
1952 392 2306 461 cruciatum,
2339 411 2522 467 quem
2576 397 2908 467 justissime
2961 401 3309 470 patientur:
3361 416 3470 457 nec
3525 400 3604 459 ad

170 481 270 536 Dei
300 480 696 553 praescientia,
729 479 1097 552 protulitque
1128 481 1508 536 sententiam.

242 570 615 643 Rescriptum
642 570 833 626 sancti
860 571 1175 639 Augustini
1199 570 1280 627 ad
1308 570 1591 626 Hilarium
1614 570 1833 639 (Epist.

167 664 256 725 89,
292 664 504 731 quaest.
537 659 613 730 3).
653 661 880 731 Itaque,
913 659 1067 715 sicut
1108 675 1221 729 per
1250 662 1428 716 unius
1455 661 1740 715 delictum
1769 660 1833 715 in

169 762 367 805 omnes
399 749 664 805 homines
690 748 772 803 ad
824 748 1396 812 condemnationem,
1440 748 1515 803 de
1541 763 1665 820 qua
1694 762 1835 803 con-

169 836 557 893 demnatione
610 835 849 908 parvuli
887 852 996 909 per
1053 843 1505 894 sacramentum
1548 835 1834 908 baptismi

167 924 465 981 liberandi
510 929 670 993 sunt,
719 926 807 981 ita
855 940 964 994 per
1014 929 1189 981 unius
1237 927 1732 995 justiﬁcationem
1766 926 1832 980 in

169 1030 368 1070 omnes
406 1014 672 1070 homines
698 1014 781 1070 ad
815 1015 1310 1085 justiﬁcationem
1365 1017 1502 1071 vitae
1531 1016 1721 1082 (Rom.
1751 1014 1826 1080 v).

170 1108 232 1159 Et
259 1105 359 1160 hic
394 1120 608 1159 omnes
634 1103 802 1171 dixit,
826 1109 883 1160 et
908 1103 993 1159 ibi
1024 1121 1037 1159 :
1074 1108 1202 1159 Non
1230 1104 1379 1177 quia
1408 1120 1621 1160 omnes
1641 1104 1833 1160 homi«

168 1208 276 1248 nes
336 1194 609 1257 venirent
653 1192 733 1249 ad
785 1193 1047 1262 gratiam
1097 1194 1543 1264 justiﬁcationis
1597 1193 1830 1263 Christi,

169 1297 306 1338 eum
341 1288 463 1338 tam
518 1281 691 1337 multi
721 1280 1046 1338 abalienati
1076 1282 1165 1353 [at
1192 1282 1458 1353 alienati]
1507 1282 1585 1338 ab
1615 1282 1736 1347 illa,
1768 1282 1831 1337 in

165 1376 459 1427 aeternum
490 1371 826 1427 moriantur
858 1388 872 1426 :
903 1372 1010 1427 sed
1038 1373 1185 1444 quia
1241 1388 1455 1428 omnes
1504 1372 1609 1444 qui
1656 1387 1831 1427 rena-

168 1465 420 1517 scuntur
448 1461 510 1517 in
537 1460 1054 1532 justiﬁcationem,
1090 1476 1214 1516 non
1244 1461 1358 1516 nisi
1395 1478 1502 1535 per
1533 1461 1830 1518 Christum

166 1555 610 1606 renascuntur:
647 1550 802 1605 sicut
838 1565 1050 1604 omnes
1091 1550 1195 1621 qui
1235 1556 1567 1606 nascuntur
1593 1550 1657 1605 in
1693 1565 1832 1605 con-

164 1638 642 1704 damnationem,
655 1655 778 1694 non
795 1637 915 1694 nisi
931 1654 1038 1710 per
1058 1640 1256 1695 Adam
1275 1645 1626 1695 nascuntur.
1645 1643 1830 1694 Nemo

1948 486 2265 551 peccatum
2309 501 2433 556 quo
2482 487 2693 557 primae
2736 490 3186 545 resurrectionis
3238 490 3605 548 beneﬁcium

1944 574 2048 626 aut
2074 587 2198 627 non
2244 574 2548 644 accipiunt
2594 579 2699 631 aut
2746 577 3060 644 amittunt;
3088 578 3195 633 sed
3226 579 3303 635 ad
3340 584 3605 635 tormen-

1945 663 2091 725 tum,
2131 661 2299 733 quod
2350 662 2464 717 illis
2511 665 2759 738 propria
2810 666 3096 738 iniquitas
3126 668 3287 724 male
3339 669 3517 741 parit,
3548 672 3609 725 et

1944 750 2193 821 aequitas
2222 750 2428 807 divina
2453 752 2609 809 bene
2637 754 2930 810 retribuit.
2956 759 3072 812 Nec
3093 756 3173 813 ad
3201 763 3458 814 mortem
3479 760 3607 814 ani.

1943 853 2056 892 mas
2078 839 2360 909 primam,
2385 840 2447 895 in
2467 858 2590 914 qua
2612 848 2945 899 nascuntur
2961 845 3324 917 parvuli,vel
3338 846 3401 901 in
3415 861 3605 919 quam

1943 927 2119 993 (sicut
2164 928 2380 984 beatus
2429 932 2690 987 Jacobus
2742 933 2907 997 dicit)
2958 935 3447 1008 concupiscentia
3494 953 3606 995 sua

1941 1007 2223 1072 abstracti
2253 1018 2504 1075 etillecti
2529 1021 2803 1078 recidunt
2828 1007 3175 1080 criminosi:
3203 1025 3307 1080 sed
3338 1025 3419 1081 ad
3447 1040 3606 1082 mor-

1940 1108 2059 1160 tem
2092 1106 2444 1175 secundam,
2486 1124 2673 1181 quam
2702 1126 2946 1167 necesse
2980 1116 3070 1167 est
3085 1111 3411 1185 patiantur,
3439 1114 3606 1170 retri-

1940 1193 2162 1250 buente
2184 1195 2533 1264 justissimo
2554 1198 2780 1270 judice,
2802 1199 2926 1255 sive
2955 1200 3061 1273 qui
3092 1206 3229 1257 ante
3258 1208 3605 1275 perceptam

1938 1283 2224 1355 baptismi
2252 1286 2510 1354 gratiam
2559 1288 2878 1345 discedunt
2924 1289 2999 1345 de
3050 1291 3271 1346 sseculo
3301 1308 3315 1346 :
3343 1292 3467 1347 sive
3497 1290 3603 1364 qui

1938 1371 2000 1427 in
2031 1388 2294 1428 vacuum
2326 1375 2582 1443 gratiam
2605 1376 2702 1431 Dei
2728 1377 3261 1450 recipientes,post
3289 1384 3605 1450 acceptum

1938 1462 2333 1533 baptismum,
2352 1480 2541 1535 usque
2563 1465 2637 1520 ad
2664 1469 2845 1520 ﬁnem
2873 1468 3181 1537 praesentis
3201 1467 3356 1532 vitae,
3372 1468 3606 1523 malunt

1942 1551 2092 1606 servi
2125 1567 2258 1606 esse
2285 1553 2535 1623 peccati,
2562 1569 2673 1609 nec
2695 1554 2930 1621 volunt,
2949 1554 3099 1610 dum
3132 1560 3369 1628 tempus
3396 1560 3486 1612 est
3512 1571 3607 1613 ae-

1941 1640 2237 1713 ceptabile
2277 1647 2333 1697 et
2371 1642 2499 1697 dies
2531 1644 2761 1711 salutis,
2793 1644 3059 1700 converti
3089 1660 3126 1700 a
3153 1645 3248 1700 via
3278 1661 3390 1701 sua
3417 1644 3606 1716 mala,

161 1727 393 1800 quippe
449 1733 538 1784 est
594 1727 655 1783 in
714 1727 815 1783 illa
872 1728 1278 1797 generatione,
1338 1735 1551 1800 praeter
1598 1728 1827 1794 Adam;
1863 1744 1906 1798 Β
1940 1735 2005 1786 ut
2033 1732 2258 1786 vivant.
2292 1734 2355 1787 Et
2382 1732 2728 1801 ignorantes
2775 1734 3069 1805 quoniam
3127 1733 3473 1804 benignitas
3503 1734 3604 1789 Dei

164 1832 346 1872 nemo
401 1818 462 1873 in
532 1818 644 1874 ista
709 1818 1182 1886 regeneratione,
1237 1822 1452 1889 praeter
1508 1818 1826 1874 Christum.

166 1906 305 1962 Ideo
328 1922 551 1976 omnes,
577 1912 634 1963 et
654 1922 874 1963 omnes.
908 1906 1165 1961 Eosdem
1193 1912 1395 1962 autem
1425 1923 1624 1962 omnes
1649 1907 1831 1962 etiam

161 1997 385 2050 multos
430 2003 641 2068 postea
688 1995 851 2064 dicit,
909 1994 1256 2065 adjunges:
1304 1997 1470 2051 Sicut
1518 1997 1673 2051 enim
1721 2011 1831 2064 per

161 2086 629 2143 inobedientiam
660 2087 838 2141 unius
870 2085 1125 2141 hominis
1152 2090 1494 2155 peccatores
1520 2086 1831 2141 constituti

159 2182 301 2230 sunt
327 2177 544 2243 multi;
575 2177 659 2232 sic
689 2181 742 2232 et
759 2190 876 2244 per
922 2175 1103 2230 unius
1135 2174 1390 2230 hominis
1437 2174 1829 2231 obedientiam

150 2267 313 2335 justi
371 2266 826 2321 constituuntur
883 2265 1083 2320 multi.
1132 2265 1243 2329 Qui
1293 2265 1492 2330 multi,
1520 2263 1633 2319 nisi
1673 2280 1830 2336 quos

159 2353 349 2425 paulo
373 2357 512 2409 ante
542 2368 740 2409 omnes
773 2353 1008 2408 dixerat
1022 2353 1050 2407 Ἰ

232 2446 297 2497 in
319 2443 536 2498 eodem
572 2460 585 2497 :
619 2443 915 2508 Quoniam
944 2457 1109 2498 mors
1144 2441 1513 2514 temporalis,
1547 2440 1828 2514 quamvis

156 2536 213 2587 et
239 2532 378 2604 ipsa
419 2532 494 2588 de
524 2532 801 2603 originali
847 2533 1064 2589 delicto
1095 2535 1432 2605 propagata
1481 2532 1573 2599 sit,
1606 2546 1828 2603 corpus

159 2622 219 2678 in
251 2623 339 2678 eis
364 2622 666 2691 interimit,
697 2622 971 2679 animum
1001 2638 1139 2677 vero
1165 2622 1243 2677 ad
1274 2638 1522 2693 primum
1551 2637 1675 2678 non
1704 2627 1825 2676 tra-

160 2712 267 2778 hit,
302 2711 408 2767 ubi
451 2712 640 2768 voluit
679 2728 934 2783 regnum
986 2711 1195 2767 mortis
1238 2710 1504 2780 intelligi,
1532 2715 1595 2766 ut
1622 2711 1828 2767 anima

160 2806 377 2858 renata
422 2818 531 2874 per
556 2804 834 2873 gratiam,
853 2804 983 2873 jam
1030 2817 1155 2857 non
1185 2802 1480 2857 moriatur
1508 2802 1569 2857 in
1602 2802 1826 2869 gehen-

158 2902 306 2946 nam
334 2906 348 2945 :
372 2890 433 2946 id
461 2896 566 2958 est,
591 2908 629 2947 a
659 2891 779 2948 vita
811 2891 913 2948 Dei
941 2906 1066 2947 non
1090 2891 1401 2957 alienatur,
1433 2903 1558 2946 non
1591 2906 1828 2962 separe-

161 2985 273 3035 tur.
307 2980 676 3052 Temporalis
725 2986 928 3035 autem
976 2994 1142 3036 mors
1194 2979 1487 3052 corporis,
1518 2979 1698 3035 etiam
1755 2979 1827 3034 iis

158 3070 262 3141 qui
290 3069 507 3124 Christi
535 3072 726 3125 morte
753 3070 1151 3138 redimuntur,
1184 3069 1541 3141 relinquitur
1588 3069 1825 3123 interim
1857 3100 1897 3156 ο

158 3158 235 3213 ad
297 3157 787 3213 exercitationem
848 3158 1010 3228 ﬁdei,
1075 3163 1133 3213 et
1188 3173 1448 3226 agonem
1512 3157 1827 3230 praesentis

157 3246 505 3304 litotaminis
556 3247 685 3318 [al.,
726 3247 1089 3318 luctationis]
1127 3248 1187 3303 in
1245 3263 1369 3319 quo
1418 3251 1476 3303 et
1533 3251 1827 3319 martyres

158 3340 560 3407 certaverunt,
579 3336 937 3393 absumetur
955 3352 1094 3392 vero
1116 3341 1174 3391 et
1196 3336 1330 3408 ipsa
1350 3337 1410 3392 in
1438 3336 1826 3393 renovatione

159 3427 434 3499 corporis
480 3442 673 3499 quam
731 3426 1084 3482 resurrectio
1134 3426 1465 3497 pollicetur.
1514 3425 1600 3481 Ibi
1664 3425 1827 3480 enim

158 3517 402 3587 penitus
433 3515 859 3572 absorbebitur
877 3532 1043 3570 mors
1068 3515 1128 3570 in
1154 3514 1487 3579 victoriam,
1516 3514 1613 3570 cui
1643 3513 1827 3569 modo

159 3603 353 3673 gratia
407 3604 619 3660 Christi
649 3605 861 3660 adimit
900 3620 1177 3673 regnum,
1220 3619 1297 3659 ne
1340 3619 1547 3659 secum
1591 3603 1827 3660 animas

159 3694 236 3749 ad
266 3706 486 3767 poenas
516 3694 739 3750 Tartari
768 3694 981 3749 trahat.

226 3783 547 3853 Augustini
578 3800 651 3839 ex
679 3783 834 3839 libro
867 3781 1250 3838 Enchiridion
1303 3783 1456 3851 (cap.
1494 3784 1616 3853 100)
1646 3800 1658 3835 .-
1695 3783 1828 3837 Haec

160 3877 298 3928 sunt
344 3886 573 3943 magna
619 3887 802 3942 opera
851 3873 1114 3938 Domini,
1161 3873 1461 3943 exquisita
1510 3873 1573 3926 in
1628 3885 1829 3927 omnes

160 3960 501 4018 voluntates
541 3965 690 4033 ejus,
746 3966 804 4017 et
859 3967 981 4017 tam
1030 3962 1335 4034 sapienter
1387 3960 1708 4033 exquisita,
1763 3964 1830 4017 ut

160 4064 299 4107 cum
346 4050 623 4120 angelica
669 4054 726 4108 et
772 4052 1045 4107 humana
1099 4056 1373 4106 creatura
1402 4055 1734 4122 peccasset,
1766 4048 1829 4105 id

158 4144 243 4195 est
272 4152 400 4195 non
433 4137 601 4211 quod
630 4139 745 4208 ille,
782 4140 889 4195 sed
940 4140 1102 4212 quod
1154 4139 1344 4195 voluit
1387 4139 1520 4211 ipsa
1569 4138 1825 4207 fecisset,

162 4229 342 4286 etiam
397 4243 509 4301 per
561 4230 842 4286 eamdem
902 4234 1191 4285 creaturas
1246 4228 1643 4295 voluntatem,
1701 4242 1826 4300 qua

159 4316 385 4374 factum
422 4323 511 4374 est
535 4319 701 4391 quod
724 4322 964 4375 Creator
982 4318 1192 4386 noluit,
1210 4317 1484 4390 impleret
1501 4317 1631 4388 ipse
1656 4317 1822 4389 quod

1939 1820 2017 1876 ad
2048 1820 2465 1891 paenitentiam
2503 1837 2608 1875 eos
2642 1821 2927 1893 adducat,
2958 1823 3098 1894 ipsi,
3126 1822 3460 1878 secundum
3489 1822 3605 1878 du-

1937 1907 2133 1962 ritiam
2187 1924 2360 1963 suam
2392 1914 2449 1965 et
2472 1909 2861 1981 impmnitens
2898 1927 3023 1975 cor,
3055 1911 3458 1967 thesaurizant
3489 1912 3603 1967 sibi

1936 1996 2088 2050 iram
2115 1995 2175 2050 in
2201 1995 2297 2051 die
2322 1997 2425 2052 irae
2456 2002 2513 2053 et
2545 1998 2925 2055 revelationis
2951 1999 3099 2069 justi
3130 2000 3349 2069 judicii
3379 2001 3502 2055 Dei.
3603 2055 3608 2060 .

2010 2089 2155 2140 ltem
2185 2086 2246 2141 in
2295 2087 2511 2142 eodem
2539 2090 2695 2159 (cap.
2732 2091 2786 2158 7)
2820 2107 2832 2143 :
2868 2092 2996 2144 Non
3026 2104 3168 2158 ergo
3200 2087 3603 2160 praedestinati

1938 2179 2079 2229 sunt
2106 2173 2250 2229 mali
2281 2174 2356 2230 ad
2415 2177 2530 2230 hoc
2577 2177 2743 2249 quod
2776 2176 2935 2231 male
2966 2182 3293 2249 operantur
3320 2194 3358 2233 a
3386 2192 3604 2234 concu-

1936 2262 2231 2335 piscentia
2261 2279 2372 2319 sua
2398 2264 2683 2321 abstracti
2710 2269 2767 2321 et
2792 2265 3003 2333 illecti;
3031 2266 3136 2320 sed
3167 2266 3246 2321 ad
3275 2266 3391 2321 hoc
3432 2267 3601 2339 quod

1933 2352 2094 2423 juste
2113 2353 2423 2425 patiuntur
2440 2354 2630 2410 inviti.
2657 2355 3197 2411 Praedestinationis
3221 2355 3382 2411 enim
3405 2356 3600 2412 nomi-

1935 2457 2035 2509 ne,
2074 2457 2197 2497 non
2242 2442 2446 2514 aliqua
2491 2443 2818 2500 voluntatis
2867 2445 3153 2499 humanis
3188 2444 3460 2500 coactiva
3487 2446 3597 2515 [al,

1937 2532 2235 2602 coactitia]
2264 2533 2588 2590 necessitas
2620 2535 2988 2607 exprimitur,
3016 2535 3124 2590 sed
3170 2534 3513 2590 misericors
3542 2538 3600 2591 et

1932 2621 2096 2692 justa
2151 2622 2334 2678 futuri
2383 2623 2582 2694 operis
2630 2624 2818 2679 divini
2873 2623 3598 2696 sempiterna'dispositio

1935 2710 2317 2782 praedicatur.
2350 2711 2470 2767 Deo
2493 2717 2694 2768 autem
2726 2712 3198 2768 misericordiam
3231 2718 3290 2768 et
3302 2712 3598 2784 judicium

1937 2804 2140 2855 cantat
2167 2800 2451 2864 Ecclesia,
2484 2802 2659 2872 cujus
2687 2803 2803 2857 hoc
2834 2818 2990 2875 opus
3015 2808 3105 2857 est
3150 2803 3211 2857 in
3242 2802 3507 2868 homine,
3535 2802 3604 2858 ut

1936 2889 2171 2945 occulto
2215 2889 2541 2946 voluntatis
2573 2907 2717 2956 sure,
2750 2906 2873 2947 non
2905 2895 3108 2947 tamen
3147 2890 3371 2963 injuste
3401 2891 3600 2947 consi-

1936 2976 2039 3045 lio,
2071 2982 2176 3033 aut
2205 2978 2528 3047 gratuitam
2570 2978 3055 3035 misericordiam
3105 2985 3401 3052 praeroget
3424 2980 3601 3036 mise-

1935 3081 2026 3131 ro,
2056 3071 2161 3122 aut
2183 3066 2453 3122 debitam
2502 3067 2793 3138 justitiam
2826 3070 3122 3140 rependat
3146 3069 3372 3139 injusto
3405 3084 3418 3124 :
3452 3069 3599 3137 imo,

1937 3159 2042 3209 aut
2086 3154 2553 3210 misericorditer
2590 3156 2869 3224 debitori,
2902 3157 3106 3221 donet,
3138 3155 3307 3229 quod
3344 3157 3394 3211 si
3422 3154 3600 3212 vellet

1933 3243 2092 3314 juste
2118 3249 2325 3315 posset
2351 3244 2587 3313 exigere
2620 3262 2633 3300 :
2666 3251 2770 3301 aut
2815 3247 2973 3316 juste
3003 3262 3140 3301 cum
3181 3245 3400 3315 usuris,
3432 3244 3600 3318 quod

1938 3350 2117 3387 suum
2150 3338 2237 3388 est
2263 3334 2482 3404 exigat,
2513 3339 2567 3390 ct
2598 3335 2806 3407 iniquo
2839 3335 3116 3405 debitori,
3151 3335 3317 3408 quod
3347 3334 3600 3392 debetur

1936 3422 2373 3494 iniquitatibus,
2396 3424 2628 3479 reddat.

2009 3516 2153 3567 ltem
2196 3510 2260 3567 in
2314 3514 2527 3569 eodem
2574 3515 2728 3585 (cap.
2764 3515 2847 3587 t4)
2879 3531 2891 3570 :
2927 3519 2991 3571 In
3038 3515 3307 3587 utrisque
3338 3527 3501 3585 ergo,
3537 3513 3601 3570 id

1937 3604 2029 3656 est
2049 3601 2229 3672 jnstis
2260 3607 2317 3657 et
2338 3601 2596 3673 injustis,
2614 3603 2725 3658 tria
2751 3603 2999 3675 quidem
3018 3604 3458 3661 consideranda
3476 3602 3600 3660 exi-

1938 3690 2115 3745 stimo
2132 3690 2368 3746 initium
2390 3692 2735 3758 voluntatis,
2756 3708 3143 3764 progressum
3169 3692 3388 3764 operis,
3410 3692 3596 3747 ﬁnem

1936 3778 2345 3834 retributionis
2376 3797 2389 3834 :
2423 3784 2489 3835 ut
2517 3779 2577 3835 in
2627 3780 2723 3835 his
2756 3796 3136 3853 quaecunque
3164 3781 3328 3851 justa
3351 3784 3409 3835 et
3435 3778 3599 3836 bona

1935 3866 2234 3933 videmus,
2248 3869 2412 3937 justo
2443 3873 2499 3924 et
2517 3869 2680 3924 bono
2705 3872 2824 3924 Deo
2843 3869 3095 3925 demus:
3121 3868 3223 3924 illa
3251 3872 3454 3924 autem
3477 3870 3598 3923 Deo

1934 3955 2187 4026 indigna
2216 3956 2583 4022 noverimus,
2618 3957 2681 4012 in
2701 3958 2927 4030 quibus
2957 3974 3068 4014 nec
3099 3956 3450 4022 bonitatem,
3485 3971 3596 4012 nec

1930 4045 2224 4115 justitiam
2255 4045 2620 4101 invenimus.
2656 4049 2721 4101 Et
2749 4047 3133 4102 considerata
3158 4060 3409 4119 operum
3441 4059 3597 4117 qua-

1934 4131 2117 4199 litate,
2150 4133 2257 4189 illa
2286 4134 2604 4190 credamus
2632 4150 2669 4191 a
2698 4136 2818 4191 Deo
2847 4134 3293 4207 praedestinata,
3326 4147 3460 4206 quae
3486 4132 3598 4188 mi-

1936 4220 2272 4279 sericordia
2298 4221 2393 4276 vel
2420 4222 2686 4293 aequitati
2716 4222 2934 4279 divinas
2966 4223 3272 4293 condigna
3292 4220 3599 4294 reperiun-

1935 4314 2049 4377 tur,
2082 4314 2138 4365 et
2165 4325 2455 4379 congrua,
2487 4312 2829 4368 Misericors
2858 4313 3038 4379 enim,
3080 4318 3136 4368 et
3178 4312 3516 4373 miserator,
3539 4316 3596 4367 et

160 4406 363 4475 voluit,
412 4407 568 4463 bene
619 4411 792 4463 utens
832 4414 889 4463 et
946 4407 1140 4472 malis,
1210 4412 1504 4478 tanquam
1585 4420 1820 4461 summe
1850 4452 1896 4478 η
1925 4400 2130 4468 justus
2159 4400 2473 4454 Dominus.
2504 4404 2584 4454 Ac
2614 4400 2814 4472 primo
2835 4402 3015 4457 totius
3062 4401 3238 4456 home
3268 4398 3596 4456 voluntatis

161 4494 374 4564 bonus,
410 4497 488 4552 ad
519 4512 730 4552 eorum
761 4496 1234 4563 damnationem,
1263 4510 1418 4568 quos
1444 4495 1546 4566 jus
1597 4494 1823 4566 prmde—

162 4583 399 4640 stinavit
424 4585 506 4640 ad
535 4600 817 4658 poenam;
851 4590 908 4640 et
955 4585 1034 4640 ad
1090 4600 1301 4640 eorum
1354 4584 1629 4651 salutem,
1663 4598 1820 4655 quos

162 4671 419 4745 benigne
449 4675 896 4747 praedestinavit
925 4674 1002 4731 ad
1032 4673 1307 4745 gloriam.

788 4784 1015 4838 CAPUT
1053 4785 1189 4838 Vill.

165 4866 258 4927 Et
285 4874 496 4929 sancto
526 4868 882 4997 Fulgentti
899 4870 1154 4999 libgiude
1183 4870 1718 4929 Praedestinatione
1744 4871 1827 4928 ad

883 4959 982 4999 om
1089 4960 1169 4999 m.

883 4959 1169 4999 omnium.

237 5032 543 5102 Fulgentii,
577 5047 650 5088 ex
679 5032 833 5088 libro
863 5033 938 5087 de
968 5031 1493 5087 Praedestinatione
1514 5030 1593 5086 ad
1640 5031 1822 5086 Moni-

164 5131 328 5175 mum
356 5122 486 5191 (lib.
508 5137 548 5188 ι,
581 5137 715 5192 cap.
740 5126 821 5187 v).
852 5123 1155 5187 Quantum
1187 5120 1366 5189 igitur
1413 5121 1549 5193 ipsa
1576 5120 1824 5175 veritate

163 5208 315 5280 (quas
337 5224 551 5266 verum
573 5210 779 5266 lumen
806 5212 911 5283 est)
931 5210 1307 5266 illuminante
1330 5208 1606 5281 tenebras
1628 5222 1819 5278 meas,

166 5294 227 5351 in
278 5298 462 5370 hujus
520 5299 872 5372 quaestionis
930 5298 1315 5366 scrutatione,
1366 5296 1618 5353 facultas
1675 5294 1823 5353 mihi

164 5384 448 5444 hactenus
475 5392 565 5444 est
588 5387 965 5458 intelligendi
1007 5402 1317 5452 concessa,
1348 5385 1498 5442 nihil
1526 5385 1692 5440 aliud
1722 5400 1821 5441 ac-

165 5474 509 5546 cipiendum
539 5478 819 5534 existimo
868 5477 929 5533 in
976 5477 1076 5531 illo
1119 5476 1309 5532 sancti
1358 5474 1667 5543 Augustini
1700 5490 1819 5529 ser-

170 5576 359 5633 mone,
392 5583 515 5637 quo
548 5567 625 5621 ad
674 5568 981 5623 interitum
1028 5565 1329 5635 quosdam
1363 5564 1820 5635 praedestinatos

167 5650 379 5723 ﬁrmat,
409 5657 527 5711 nisi
571 5657 650 5713 ad
708 5657 1015 5712 interitum
1056 5654 1353 5727 supplicii,
1400 5669 1524 5707 non
1571 5652 1813 5709 delicti:

168 5753 357 5814 neque
388 5743 461 5799 ad
517 5744 745 5801 malum
776 5743 940 5818 quod
974 5742 1177 5815 injusti
1219 5742 1565 5809 admittunt,
1600 5740 1705 5795 sed
1737 5739 1815 5796 ad

1935 4487 2171 4543 initium
2197 4487 2275 4543 ab
2295 4488 2396 4544 illa
2420 4490 2782 4562 sempiterna
2800 4488 3207 4561 Trinitate,qui
3226 4504 3385 4543 unus
3406 4487 3593 4544 solus.

1936 4581 1993 4634 et
2021 4594 2198 4633 verus
2231 4583 2322 4634 est
2351 4579 2526 4647 Deus,
2556 4584 2612 4635 et
2637 4579 3132 4650 praedestinatum
3163 4577 3520 4632 conﬁtemur
3541 4580 3599 4631 et

1934 4665 2165 4722 datum.
2220 4669 2338 4721 Hoc
2382 4666 2545 4721 enim
2582 4666 2817 4722 homini
2862 4667 3123 4736 gratuita
3165 4663 3597 4736 justiﬁcatione

1934 4754 2140 4810 tribuit
2167 4758 2594 4826 praeparatum,
2628 4754 2798 4827 quod
2848 4754 2908 4809 in
2940 4756 3163 4809 aeterna
3210 4750 3597 4823 praedestina-

1934 4842 2095 4898 tione
2118 4848 2551 4914 preparaverat
2574 4842 2984 4898 tribuendum.

2007 4935 2152 4987 ltem
2181 4930 2241 4986 in
2273 4930 2487 4987 eodem
2520 4935 2679 5001 (cap.
2712 4932 2800 5003 t7)
2834 4947 2847 4985 :
2883 4933 2947 4986 Et
2974 4929 3112 4986 ideo
3133 4929 3284 5001 jam,
3317 4934 3386 4984 ut
3410 4927 3593 4984 libelli

1933 5020 2117 5076 series
2146 5025 2530 5091 temperetur,
2559 5020 2859 5076 malorum
2899 5034 3144 5093 quoque
3195 5018 3592 5087 voluntatem,

1932 5109 2345 5183 operationem
2375 5126 2446 5166 ac
2492 5110 2947 5167 retributionem
2997 5110 3381 5166 considerare
3409 5108 3594 5165 debe-

1931 5216 2107 5267 mus;
2138 5203 2202 5254 ut
2222 5214 2632 5268 agnoscamus
2661 5203 2863 5256 utrum
2893 5201 3089 5256 malos
3112 5201 3267 5256 Deus
3290 5200 3491 5270 justus
3512 5197 3589 5254 ad

1929 5290 2045 5345 hoc
2076 5289 2257 5343 etiam
2286 5289 2798 5360 praedestinaverit
2824 5289 3192 5355 faciendum,
3217 5288 3383 5361 quod
3413 5287 3473 5342 in
3506 5287 3591 5341 eis

1930 5377 2250 5452 puniturus
2279 5384 2373 5434 est
2396 5378 2624 5435 factum
2648 5381 2676 5435 ?
2707 5382 2797 5434 An
2822 5379 3048 5435 idcirco
3076 5378 3317 5450 iniquos
3351 5375 3432 5432 ad
3454 5389 3595 5448 sup.

1930 5469 2177 5543 plicium
2224 5470 2384 5540 juste
2431 5469 2965 5542 praedestinaverit,
2993 5467 3140 5541 quia
3186 5481 3399 5522 eorum
3429 5465 3591 5521 mala

1931 5574 2133 5631 opera,
2168 5558 2301 5614 licet
2332 5559 2525 5614 futura
2572 5558 2893 5631 prmscierit
2943 5559 3051 5627 [(15,
3085 5555 3431 5629 prmsccrit],
3466 5568 3587 5610 non

1930 5656 2130 5705 tamen
2180 5648 2307 5720 ipse
2358 5648 2808 5720 priedestinavit
2836 5651 2902 5703 ut
2940 5648 3142 5702 futura
3187 5651 3410 5715 essent,
3442 5644 3592 5717 quia

1931 5752 2051 5794 non
2084 5737 2210 5811 ipse
2242 5737 2379 5794 fecit
2403 5742 2467 5793 ut
2494 5738 2720 5794 ﬂerent.
