3974 6378
379 261 476 314 991

1474 259 1528 314 S.
1575 259 1944 313 PRUDENTII
1983 256 2357 311 TBECENSIS
2399 257 2709 312 EPISCOPI

3712 257 3833 310 992

379 383 524 439 item
575 382 634 436 in
683 381 897 436 eodem
945 382 1094 451 (cap.
1130 385 1218 449 19)
1253 399 1266 436 :
1297 383 1388 436 Ad
1435 382 1804 436 voluntatem
1861 381 2042 451 igitur
2069 383 2113 434 A
2154 382 2308 434 Deus
2348 379 2822 452 praedestinaret,
2855 395 2964 452 pro
3004 379 3266 452 peccatis
3326 378 3638 434 hominem
3692 395 3834 435 non

383 470 611 526 malam
670 471 824 525 Deus
877 470 1184 525 hominem
1234 486 1356 526 non
1390 470 1856 542 praedestinavit,
1897 469 2042 541 quia

381 559 615 616 homiui
670 575 805 614 eam
865 558 1117 614 daturus
1167 559 1296 630 ipse
1350 575 1474 614 non
1531 559 1660 614 fuit.
1725 557 2042 624 Quomodo

383 649 547 705 enim
579 651 734 703 Deus
783 648 1114 713 hominem,
1146 663 1330 720 quem
1379 648 1458 704 ad
1508 647 1836 718 imaginem
1867 663 2040 702 suam

384 736 539 804 fecit,
573 735 1023 808 praedestinaret
1051 735 1131 792 ad
1160 736 1387 792 malam
1420 736 1812 805 voluntatem,
1853 753 2039 809 quam

382 827 510 898 ipse
540 841 662 880 non
688 825 823 880 fecit
837 825 865 880 ?

455 919 592 969 Item
623 913 685 968 in
713 913 928 970 eodem
959 916 1111 984 (cap.
1145 914 1236 985 2t)
1262 933 1274 967 :
1306 919 1485 970 Porro
1525 919 1727 970 autem
1769 929 1908 969 cum
1940 929 2041 969 ne-

381 1018 522 1073 gare
553 1019 677 1058 non
701 1003 1011 1075 possimus
1041 1019 1078 1060 a
1108 1005 1227 1059 Deo
1268 1003 1433 1060 bono
1463 1003 1688 1060 factum
1732 1003 2042 1059 hominem

380 1093 637 1163 bonum,
671 1093 721 1148 si
752 1092 1083 1148 dixerimus
1109 1109 1248 1149 eum
1291 1109 1328 1149 a
1381 1097 1498 1149 Deo
1547 1094 2041 1166 praedestinatum

381 1181 461 1239 ad
495 1197 650 1254 opus
678 1181 926 1254 aliquod
957 1182 1210 1248 malum,
1241 1198 1355 1238 nos
1402 1183 1522 1238 Deo
1571 1181 1940 1237 misericordi
1986 1186 2042 1237 et

375 1271 541 1341 justo
591 1270 706 1326 tale
736 1286 913 1343 opus,
943 1271 1108 1342 quod
1151 1270 1327 1337 absit,
1362 1271 1740 1334 ascribimus,
1769 1270 1872 1326 ubi
1931 1286 2041 1324 nec

380 1358 723 1417 misericors
771 1359 959 1431 possit
1026 1359 1301 1430 inveniri,
1345 1375 1456 1414 nec
1497 1360 1721 1430 justus.
1767 1359 1822 1415 Si
1879 1359 2039 1414 enim

382 1463 523 1503 cum
549 1464 585 1502 a
616 1449 736 1502 Deo
763 1448 929 1502 tieret
955 1448 1163 1516 homo,
1192 1447 1275 1503 sic
1315 1453 1440 1504 erat
1469 1448 1529 1503 in
1559 1447 1839 1520 praesenti
1861 1463 2040 1519 opere

381 1536 507 1606 Dei,
541 1535 764 1602 bonus,
801 1536 947 1591 utin
977 1536 1501 1608 praedestinatione
1525 1537 1654 1607 ejus
1701 1539 1858 1591 esset
1910 1553 2040 1592 ma-

379 1623 475 1680 lus
504 1642 517 1691 ;
550 1623 763 1696 procul
792 1623 981 1679 dubio
1013 1624 1115 1678 Dei
1172 1640 1352 1696 opere
1397 1627 1594 1680 malus
1628 1625 1862 1679 futurus
1894 1630 2037 1692 erat,

2152 468 2407 540 puniret.
2430 469 2528 524 Dei
2557 469 2716 524 enim
2738 468 3265 541 praedestinatione
3287 473 3390 524 aut
3418 473 3832 540 peccatorum

2149 563 2492 630 praeparata
2521 565 2610 615 est
2627 559 2728 631 pia
2757 558 3054 626 remissio,
3083 562 3187 614 aut
3231 562 3620 631 peccatorum
3650 558 3834 629 justa

2149 647 2401 719 punitio.
2457 651 2779 721 Nunquam
2811 648 2991 718 igitur
3036 648 3191 703 Deus
3223 647 3301 702 ad
3351 647 3467 702 hoc
3497 647 3829 702 hominem

2149 738 2343 809 potuit
2388 738 2836 810 praedestinare,
2885 736 3052 809 quod
3103 737 3230 810 ipse
3298 741 3704 809 proposuerat
3769 742 3828 793 et

2148 832 2448 900 praecepto
2500 827 2844 900 prohibere,
2894 831 2950 882 et
2998 825 3412 881 misericordia
3467 824 3724 890 diluere,
3768 830 3829 881 et

2145 915 2374 986 justitia
2400 917 2632 989 punire.
2663 917 2908 989 lniquos
2930 917 3133 988 itaque
3158 931 3314 988 quos
3336 915 3636 987 praescivit
3659 915 3824 971 Deus

2149 1004 2308 1060 hanc
2361 1005 2547 1061 vitam
2580 1005 2640 1060 in
2669 1010 2916 1078 peccato
2944 1005 3388 1071 terminaturos,
3416 1003 3825 1077 praedestina-

2147 1093 2231 1148 vit
2259 1095 2556 1167 supplicio
2581 1094 3010 1151 interminabili
3034 1093 3404 1167 puniendos,
3428 1095 3489 1149 in
3511 1109 3638 1166 quo
3663 1094 3826 1150 sicut

2149 1182 2457 1255 culpanda
2485 1200 2608 1239 uon
2639 1189 2726 1239 est
2746 1184 3117 1256 praescientia
3146 1183 3434 1238 humanae
3463 1182 3820 1254 iniquitatis,

2148 1271 2231 1326 ita
2268 1272 2713 1344 praedestinatio
2742 1271 3054 1328 laudanda
3103 1275 3192 1327 est
3241 1270 3504 1339 ultionis,
3537 1275 3602 1326 ut
3630 1285 3824 1340 agno-

2149 1367 2369 1430 scatur,
2403 1377 2524 1416 non
2575 1361 2652 1416 ab
2703 1377 2774 1416 eo
2827 1359 3327 1433 praedestinatum
3378 1358 3692 1415 hominem
3740 1358 3822 1414 ad

2149 1449 2570 1522 qualecunque
2598 1454 2939 1522 peccatum,
2968 1465 3151 1522 quem
3199 1445 3648 1521 praedestinavit
3675 1463 3820 1520 pec-

2153 1538 2268 1593 cati
2299 1539 2510 1594 merito
2542 1538 2945 1611 puniendum.

2225 1632 2366 1683 ltem
2394 1629 2454 1683 in
2483 1628 2694 1683 eodem
2729 1630 2881 1699 (cap.
2916 1631 3004 1698 24)
3033 1645 3046 1682 :
3073 1630 3136 1683 Et
3165 1626 3299 1682 licet
3326 1626 3390 1682 in
3417 1626 3549 1697 ejus
3593 1625 3822 1698 praede-

381 1729 418 1770 a
443 1729 568 1785 quo
621 1713 698 1768 ad
738 1713 1117 1785 peccandum
1163 1714 1620 1786 prredestinatus
1666 1714 1869 1770 ﬁebat.
1934 1714 2039 1771 Ubi
2075 1733 2114 1788 Β
2151 1716 2466 1772 stinatione
2483 1733 2604 1773 non
2627 1716 2892 1786 fuerit,ut
2912 1716 3200 1772 malitiam
3217 1716 3500 1770 humanae
3522 1714 3819 1770 voluntati

383 1801 583 1857 statim
639 1801 742 1857 illa
799 1803 1184 1874 consequitur
1238 1803 1607 1872 absurditas,
1667 1808 1727 1858 ut
1787 1803 2041 1874 dicatur,

381 1890 529 1963 quia
557 1892 712 1946 Deus
743 1891 842 1960 (de
873 1907 996 1962 quo
1051 1892 1346 1963 Propheta
1377 1893 1538 1958 dicit,
1565 1894 1670 1964 qui
1711 1894 1857 1962 fecit
1907 1909 2042 1964 qua?

378 1981 600 2050 futura
629 1982 787 2050 sunt)
832 1981 889 2035 in
928 1997 990 2035 se
1021 1981 1233 2037 habuit
1279 1983 1467 2053 (quod
1507 1983 1685 2040 absit)
1714 1979 2045 2053 iniquitatis

383 2069 699 2137 originem,
744 2070 791 2124 si
824 2071 1134 2126 hominem
1171 2088 1206 2126 a
1229 2089 1292 2126 se
1325 2072 1552 2127 factum
1584 2072 1711 2144 ipse
1742 2069 2046 2142 praedesti-

384 2164 636 2213 navarat
686 2164 1083 2229 peccatorem.
1148 2160 1595 2215 l’rtedestinatio
1666 2160 1826 2215 enim
1891 2159 2042 2229 ejus,

385 2246 748 2318 praeparatio
793 2251 880 2301 est
925 2263 1174 2319 operum
1229 2251 1378 2319 ejus.
1440 2250 1508 2303 Et
1546 2249 1698 2304 sicut
1763 2246 2046 2318 competit

389 2336 510 2388 Deo
539 2333 724 2401 bono,
761 2339 820 2390 ut
851 2330 1142 2391 causa'sit
1184 2338 1362 2392 totius
1387 2337 1583 2409 operis
1613 2337 1760 2391 boni
1794 2355 1807 2392 :
1841 2335 1924 2391 sic
1954 2334 2046 2389 in-

389 2440 726 2492 congruum
755 2430 841 2480 est
877 2431 936 2480 ut
973 2426 1032 2481 in
1064 2427 1196 2498 ipso
1227 2433 1467 2499 putetur
1498 2443 1682 2482 causa
1729 2425 2048 2496 cujuslibet

389 2513 589 2585 operis
617 2514 779 2569 mali.
814 2515 1038 2570 Deinde
1087 2516 1490 2582 attendamus,
1523 2515 1669 2587 quia
1698 2514 1866 2570 nulla
1894 2513 2046 2569 ratio

387 2601 675 2668 redditur,
709 2618 833 2674 qua
860 2603 1042 2658 homo
1064 2604 1140 2659 ad
1175 2610 1490 2676 peccatum
1521 2603 1980 2675 przedestinatus
2011 2617 2048 2657 a

391 2695 509 2746 Deo
538 2691 835 2747 credatur.
873 2692 927 2748 Si
957 2692 1119 2748 enim
1157 2693 1218 2748 in
1270 2694 1364 2748 his
1407 2708 1562 2765 quos
1609 2694 1764 2747 Deus
1794 2697 1852 2747 et
1881 2694 2049 2746 Pater

389 2779 626 2837 Domini
664 2780 850 2834 nostri
883 2783 1021 2836 Jesu
1056 2781 1270 2837 Christi
1320 2781 1623 2838 benedixit
1653 2781 1715 2836 in
1745 2779 1912 2837 omni
1942 2779 2046 2836 be-

388 2867 730 2924 nedictione
757 2868 1003 2940 spiritali
1037 2885 1097 2924 in
1125 2870 1459 2926 coelestibus
1515 2871 1575 2926 in
1627 2870 1859 2926 Christo
1887 2871 2045 2940 Jesu,

392 2956 547 3012 sicut
575 2956 749 3026 elegit
774 2973 878 3013 eos
910 2958 968 3012 in
1009 2958 1315 3025 cbaritate,
1345 2960 1449 3032 qui
1475 2957 1922 3032 praedestinavit
1945 2973 2049 3014 eos

391 3044 454 3136 in
503 3045 892 3136 adoptionem
943 3047 1203 3104 ﬁliorum
1253 3066 1358 3121 per
1404 3052 1610 3105 Jesum
1642 3048 1939 3104 Christum
1987 3046 2048 3102 in
2079 3083 2117 3136 Ε

391 3135 617 3207 ipsum.
644 3135 702 3192 Si
730 3152 871 3206 ergo
898 3138 959 3192 in
989 3138 1082 3192 his
1113 3155 1297 3194 causa
1326 3137 1869 3211 prtedestinationis
1889 3152 2050 3209 quaa—

392 3229 578 3294 ratur,
612 3240 734 3280 non
769 3226 971 3298 utique
1001 3227 1138 3296 alia,
1174 3229 1276 3284 sed
1305 3228 1437 3285 sola
1465 3227 1723 3298 gratuita
1747 3226 1845 3282 Dei
1874 3226 2049 3282 mise-

390 3312 650 3368 ricordia
678 3315 986 3385 reperitur.

466 3402 613 3456 ltem
642 3402 702 3455 in
733 3403 945 3457 eodem
970 3405 1119 3473 (cap.
1154 3408 1244 3474 22)
1277 3423 1288 3460 :
1330 3407 1394 3460 In
1419 3405 1512 3460 his
1542 3411 1744 3461 autem
1773 3405 1878 3478 qui
1934 3419 2048 3477 pu-

397 3493 599 3544 tantur
626 3490 1052 3561 przedcstinati,
1084 3509 1204 3548 non
1237 3495 1314 3548 ad
1343 3494 1565 3550 luenda
1595 3495 1914 3567 supplicia,
1942 3492 2051 3548 sed

397 3577 478 3632 ad
505 3578 908 3648 perpetranda
938 3585 1204 3650 peccata,
1229 3598 1369 3636 cum
1391 3599 1576 3638 causa
1605 3584 1798 3655 ipsius
1821 3582 2049 3655 praede-

399 3665 737 3722 stinationis
762 3667 1066 3739 quaeritur,
1103 3685 1223 3724 non
1248 3671 1486 3726 invenio
1508 3671 1656 3742 quid
1687 3671 2052 3742 respondere

396 3757 606 3830 possit,
630 3757 904 3828 quisquis
926 3759 1081 3814 hanc
1111 3775 1375 3815 asserere
1395 3761 1732 3816 meditatur.
1769 3759 2052 3831 Nunquid

397 3846 581 3909 enim,
613 3845 766 3901 sicut
793 3851 951 3902 recte
999 3847 1275 3914 dicimus,
1310 3849 1388 3904 ad
1436 3850 1552 3905 hoc
1595 3848 2052 3920 praedestinatos

398 3941 660 3999 sanctos,
694 3942 778 4002 ut,
807 3939 922 3993 Deo
957 3937 1017 3992 in
1046 3938 1132 3992 eis
1169 3939 1626 3994 misericorditer
1650 3943 1958 4011 operante,
1980 3953 2054 3992 ex

397 4023 574 4080 malis
605 4025 813 4081 tierent
859 4025 1024 4088 boni,
1059 4031 1115 4081 et
1143 4042 1214 4082 ex
1254 4027 1454 4099 impiis
1478 4028 1675 4105 justi?
1700 4027 1869 4092 Quod
1915 4043 2054 4082 cum

398 4111 679 4182 dicimus,
733 4113 813 4168 ad
871 4115 970 4169 Dei
1008 4115 1258 4184 gloriam
1303 4116 1604 4171 dicimus:
1640 4116 1925 4189 Nunquid
1973 4116 2057 4172 sic

398 4204 558 4255 recte
583 4200 778 4256 dicere
807 4203 1161 4274 poterimus,
1195 4205 1272 4259 ad
1300 4206 1413 4261 hoc
1462 4205 1918 4277 prtedestinatos
1950 4205 2057 4261 ini-

402 4303 558 4359 quos
589 4292 651 4342 ut
676 4291 793 4344 Deo
820 4290 879 4344 in
913 4290 1018 4356 eis,
1045 4291 1148 4346 etsi
1180 4307 1302 4347 non
1341 4293 1822 4364 misericorditer,
1845 4295 2054 4350 saltem

402 4379 557 4447 juste
587 4382 895 4448 operante,
924 4395 996 4434 ex
1026 4379 1203 4435 bonis
1228 4382 1440 4437 ﬁerent
1472 4383 1634 4449 mali,
1660 4389 1764 4439 aut
1782 4400 1855 4439 ex
1879 4383 2055 4453 justis

403 4463 616 4520 ﬁerent
642 4465 861 4537 impii?
888 4467 1053 4523 Absit
1092 4469 1206 4524 hoc
1251 4485 1286 4526 a
1329 4471 1524 4537 nobis,
1560 4479 1615 4526 et
1662 4472 1741 4527 ab
1771 4471 2056 4527 omnibus

406 4551 776 4619 Christianis,
791 4558 855 4610 ut
878 4571 1126 4612 causam
1149 4557 1466 4628 cujuslibet
1483 4560 1707 4630 peccati
1732 4560 2058 4631 quisquam

405 4639 697 4712 deputare
729 4642 943 4698 divinae
971 4645 1192 4700 audeat
1221 4647 1486 4718 (equitati
1517 4666 1528 4703 :
1575 4665 1713 4703 cum
1744 4664 1854 4704 nec
1893 4647 2061 4702 mali-

407 4729 520 4796 tiae,
553 4745 665 4786 nec
704 4731 1025 4802 impietatis
1057 4735 1420 4807 cujusquam
1463 4753 1648 4792 causa
1680 4754 1807 4792 esse
1847 4738 2059 4810 possit.

480 4819 623 4874 Item
649 4819 710 4875 in
740 4822 953 4876 eodem
989 4828 1142 4892 (cap.
1166 4826 1257 4891 23)
1281 4841 1294 4879 :
1317 4826 1459 4890 Quis
1488 4841 1630 4895 ergo
1654 4831 1822 4899 putet
1842 4843 1879 4882 a
1898 4825 2060 4881 bono

409 4922 481 4962 ac
511 4908 678 4963 suavi
712 4912 828 4965 Deo
855 4912 1347 4982 praedestinatum
1376 4914 1686 4970 hominem
1716 4919 1820 4970 aut
1839 4915 1917 4970 ad
1940 4931 2065 4969 ma-

409 4993 598 5049 litiam
645 4998 991 5068 voluntatis,
1030 5017 1153 5072 qua
1185 5002 1413 5057 bonum
1461 5006 1647 5058 Deum
1682 5002 2061 5075 relinqueret,

411 5087 517 5138 aut
557 5084 635 5138 ad
684 5087 1150 5144 amaritudinem
1193 5092 1609 5158 contumaciae,
1641 5109 1765 5164 qua
1814 5107 2062 5147 suavem

412 5173 733 5227 Dominum
758 5189 879 5229 non
907 5175 1178 5232 timeret?
1209 5180 1460 5235 Proinde
1491 5180 1770 5236 fidelibus
1791 5180 2068 5249 congruit

411 5259 652 5316 credere
684 5264 740 5316 et
765 5260 1052 5330 conﬁteri,
1087 5266 1271 5320 Deum
1300 5265 1534 5322 bonum
1565 5273 1620 5323 et
1641 5268 1873 5337 justum
1911 5283 2064 5340 prae-

412 5348 600 5405 scisse
629 5350 875 5421 quidem
909 5358 1259 5423 peccaturos
1280 5355 1734 5428 homines,quia
1754 5357 1900 5412 nihil
1925 5373 2067 5412 eum

411 5435 593 5494 latere
651 5440 844 5510 potuit
888 5441 1224 5498 futurorum
1275 5445 1493 5516 (neque
1533 5448 1692 5502 enim
1738 5446 1827 5502 vel
1867 5447 2067 5501 futura

414 5531 609 5580 essent
639 5528 687 5581 si
737 5527 796 5581 in
852 5530 982 5598 ejus
1030 5532 1401 5601 prtescientia
1431 5549 1552 5587 non
1603 5534 1908 5604 fuissent):
1943 5551 2064 5589 non

414 5614 618 5667 tamen
643 5615 1098 5684 praedestinasse
1128 5620 1459 5691 quemlibet
1484 5621 1793 5678 hominem
1820 5624 1898 5679 ad
1929 5639 2068 5695 pec-

417 5701 620 5754 catum
671 5701 816 5770 quia
867 5704 915 5758 si
965 5707 1043 5761 ad
1091 5711 1408 5777 peccatum
1456 5709 1704 5782 aliquod
1758 5712 2068 5769 hominem

2151 1807 2433 1876 dedisset,
2457 1807 2565 1862 fuit
2587 1813 2788 1862 tamen
2820 1807 2881 1861 in
2908 1808 3039 1877 ejus
3086 1804 3633 1879 praedestinatione,
3669 1804 3819 1876 quid

2151 1896 2437 1950 humanze
2449 1895 2774 1950 voluntatis
2789 1895 3028 1950 malitiae
3043 1892 3814 1964 reddidisset.Propterhoc,

2154 1985 2296 2057 quia
2317 1985 2466 2039 sicut
2497 1984 2813 2040 Psalmista
2841 1989 3089 2040 testatur
3112 2001 3124 2039 :
3148 1983 3492 2039 Misericors
3516 1987 3600 2037 est
3620 1982 3817 2036 Domi-

2154 2090 2266 2129 nus
2299 2081 2351 2130 ct
2393 2077 2600 2143 justus
2646 2075 2830 2145 (Psal.
2865 2074 3001 2144 cx1),
3039 2071 3491 2146 praedestinavit
3508 2071 3704 2141 justos
3736 2068 3816 2124 ad

2157 2164 2432 2234 gloriam,
2451 2163 2693 2234 iniquos
2726 2163 2803 2218 ad
2826 2179 3094 2234 poenam.
3121 2160 3526 2217 Justiﬁcandis
3552 2173 3697 2228 ergo
3728 2162 3816 2214 at-

2156 2268 2273 2324 quc
2296 2252 2702 2321 glorificandis
2723 2250 3215 2323 praedestinatum
3239 2247 3663 2305 misericordia:
3693 2263 3817 2302 sua:

2156 2356 2310 2412 opus
2338 2340 2612 2412 praedixit
2641 2341 2864 2411 pariter
2889 2345 2946 2394 et
2992 2337 3269 2410 promisit
3296 2356 3308 2392 :
3338 2336 3564 2409 iniquis
3612 2341 3821 2390 autem

2156 2429 2653 2502 prmdestinatum
2676 2429 2918 2499 justitiae
2939 2445 3063 2482 sum
3087 2443 3242 2499 opus
3263 2425 3540 2498 praedixit
3561 2429 3822 2480 tantum-

2157 2519 2362 2584 modo,
2392 2535 2513 2574 non
2541 2518 2815 2590 promisit
2836 2518 2991 2588 (cap.
3016 2520 3127 2586 25).
3160 2515 3334 2581 Quod
3360 2514 3408 2569 si
3427 2513 3567 2586 quis
3585 2515 3822 2585 quierat

2157 2625 2265 2664 cur
2296 2610 2449 2662 Deus
2483 2608 2690 2662 omnia
2711 2606 2958 2679 quidem
2987 2605 3413 2678 przedestinata
3453 2601 3820 2675 praedixerit,

2157 2714 2279 2753 non
2336 2703 2536 2751 tamen
2585 2696 2793 2750 omnia
2839 2695 3265 2768 praedestinata
3309 2691 3690 2766 promiserit?
3710 2690 3825 2745 Re-

2157 2786 2528 2857 spondemus
2547 2784 3010 2856 promissionem
3033 2783 3148 2838 dici
3171 2798 3293 2838 non
3321 2796 3521 2853 posse,
3544 2779 3662 2835 nisi
3678 2795 3824 2834 cum

2158 2874 2388 2947 aliquid
2417 2874 2494 2929 ad
2535 2874 2650 2928 hoc
2674 2872 3018 2945 praedicitur
3057 2870 3425 2934 faciendum,
3457 2873 3522 2925 ut
3548 2867 3740 2941 possit
3765 2867 3827 2923 ei

2159 2965 2255 3021 cui
2298 2962 2661 3036 promittitur
2704 2960 2991 3033 prodesse
3028 2961 3157 3031 jam
3186 2959 3430 3015 factum.
3464 2960 3532 3013 Et
3559 2955 3826 3029 promis-

2161 3071 2294 3109 sum
2332 3068 2572 3124 semper
2595 3066 2724 3106 esse
2755 3049 2920 3120 doni,
2951 3065 3074 3104 non
3109 3063 3350 3120 semper
3397 3062 3525 3103 esse
3569 3045 3821 3116 judicii;

2160 3160 2296 3201 cum
2329 3141 2615 3215 promissi
2673 3139 2921 3208 largitas
2977 3154 3214 3210 semper
3262 3136 3578 3202 beatiﬁcet,
3604 3134 3827 3205 judicii

2157 3249 2300 3289 vero
2318 3231 2599 3286 severitas
2626 3228 2955 3301 aliquando
2975 3227 3297 3283 contristet.
3323 3225 3494 3291 Quod
3524 3223 3827 3295 Propheta

2161 3324 2436 3374 metuens
2469 3316 2820 3387 hujusmodi
2846 3316 2924 3372 ad
2945 3317 3132 3371 Deum
3164 3315 3497 3371 orationem
3521 3311 3778 3368 effundit
3805 3329 3822 3369 :

2158 3410 2245 3464 Ne
2276 3410 2459 3463 intres
2484 3409 2542 3461 in
2561 3407 2801 3475 judicio
2832 3421 2965 3461 cum
2991 3420 3161 3461 servo
3193 3410 3316 3472 tuo,
3335 3404 3477 3475 quia
3496 3416 3616 3457 non
3641 3402 3826 3471 justi-

2157 3499 2442 3567 ﬁcabitur
2462 3497 2524 3551 in
2541 3500 2858 3565 conspectu
2877 3501 2976 3550 tuo
2997 3495 3186 3549 omnis
3205 3494 3405 3549 vivens
3418 3491 3607 3562 (Psal.
3624 3494 3820 3554 cxm).

2161 3586 2398 3641 Sciebat
2435 3584 2597 3640 enim
2647 3589 2894 3639 cunctos
2937 3583 3070 3655 pari
3095 3581 3437 3638 retinendos
3490 3578 3826 3652 punitionis

2163 3671 2420 3737 vinculo,
2447 3672 2560 3726 nisi
2606 3673 2760 3727 Deus
2799 3671 2860 3726 in
2891 3671 3115 3744 quibus
3147 3670 3321 3725 vellet
3345 3666 3827 3724 misericordiam

2162 3759 2394 3826 fecisse,
2431 3760 2900 3831 superexaltaret
2942 3759 3192 3830 judicio.
3240 3756 3587 3813 Justilicatio
3644 3755 3828 3824 igitur

2163 3854 2218 3904 et
2253 3849 2626 3918 glorificatio,
2650 3866 2786 3922 qme
2813 3865 2937 3905 non
2960 3854 3047 3904 est
3069 3848 3298 3904 homini
3327 3863 3398 3902 ex
3428 3845 3692 3914 homine,
3716 3845 3824 3900 sed

2164 3953 2236 3993 ex
2263 3940 2401 4004 Deo,
2421 3938 2567 4009 quia
2593 3937 2851 3994 multum
2873 3937 3094 3994 sanctis
3121 3936 3315 3992 fuerat
3341 3933 3824 4009 profutura,ideo

2170 4027 2449 4093 praedicta
2497 4031 2584 4081 est
2637 4032 2694 4082 et
2739 4025 3079 4098 promissa;
3113 4025 3345 4097 punitio
3388 4040 3549 4091 vero,
3599 4022 3702 4095 qui
3760 4022 3822 4076 in

2167 4119 2456 4170 aeternum
2488 4113 2599 4170 fuit
2645 4114 2848 4187 impiis
2897 4114 3199 4182 obfutura,
3237 4112 3525 4186 praedicta
3563 4116 3655 4167 est
3697 4116 3824 4166 tan-

2169 4202 2507 4269 tummodo,
2529 4219 2652 4258 non
2675 4202 2995 4274 promissa.
3022 4202 3194 4268 Quod
3215 4202 3396 4257 etiam
3421 4200 3640 4256 divinis
3669 4202 3820 4257 testi-

2169 4292 2390 4346 moniis
2418 4290 2649 4347 facilius
2677 4290 3034 4347 ostenditur.
3063 4291 3127 4345 ln
3157 4290 3257 4346 illo
3294 4289 3520 4362 quippe
3571 4290 3822 4361 Prophe-

2170 4385 2243 4435 ιω
2287 4380 2422 4436 loco
2472 4385 2796 4451 utrumque
2847 4380 3068 4452 pariter
3096 4378 3394 4434 invenitur
3449 4393 3818 4449 expressum,

2169 4468 2274 4524 ubi
2308 4469 2460 4524 Deus
2491 4485 2596 4540 per
2627 4468 2842 4524 Isaiam
2871 4484 2974 4523 eos
2995 4467 3099 4540 qui
3129 4466 3240 4522 sibi
3270 4481 3393 4522 non
3420 4465 3706 4528 serviunt,
3729 4466 3821 4520 his

2170 4559 2367 4628 arguit
2392 4558 2590 4613 verbis
2614 4576 2627 4614 :
2655 4559 2825 4618 Ecce,
2875 4558 2983 4628 qui
3019 4557 3289 4613 serviunt
3317 4555 3468 4611 mihi
3494 4555 3821 4610 manduca-

2173 4649 2336 4713 bunt,
2364 4663 2462 4703 vos
2497 4663 2631 4703 vero
2663 4648 2935 4703 esui-ictis
2960 4661 2983 4701 .·
3011 4647 3186 4716 Ecce,
3217 4645 3323 4716 qui
3363 4645 3632 4700 serviunt
3677 4643 3824 4698 mihi

2173 4737 2392 4805 bibent,
2427 4752 2523 4792 vos
2572 4751 2709 4791 vero
2739 4736 2949 4790 sitietis
2975 4750 2998 4791 .·
3025 4737 3197 4801 Ecce,
3237 4735 3343 4805 qui
3385 4735 3651 4789 serviunt
3678 4732 3825 4787 mihi

2175 4825 2567 4893 laetabuntur,
2591 4841 2690 4880 vos
2722 4840 2858 4881 vero
2891 4825 3228 4881 ctamabitis
3255 4839 3384 4892 prae
3399 4823 3601 4879 dolore
3629 4822 3821 4876 cordis

2172 4913 2374 4982 vestri,
2394 4918 2448 4968 et
2473 4927 2510 4967 a
2528 4914 2886 4968 contritione
2904 4914 3152 4982 spiritus
3175 4911 3489 4967 ululabitis
3506 4911 3642 4977 (Isa.
3670 4910 3818 4979 LXV).

2174 5005 2238 5057 In
2266 5003 2358 5056 his
2388 5001 2696 5070 omnibus,
2728 5016 3108 5073 quaecunque
3141 4999 3218 5056 ad
3247 5000 3592 5071 iniquorum
3623 5012 3822 5068 perso-

2171 5109 2318 5148 nam
2370 5091 2688 5164 pertinent,
2721 5091 3003 5164 praedicta
3057 5095 3198 5146 sunt
3234 5095 3674 5153 tantummodo,
3703 5102 3822 5142 non

2172 5181 2493 5254 promissa.
2518 5184 2718 5253 Neque
2753 5180 2914 5236 enim
2944 5179 3272 5235 dicendum
3293 5183 3380 5234 est
3413 5175 3824 5233 bonitatislar—

2176 5269 2356 5337 gitate
2385 5267 2760 5340 promissum
2786 5267 2954 5340 quod
2982 5268 3233 5324 intentat
3261 5264 3589 5339 iniquitatis
3617 5261 3823 5318 merito

2177 5357 2458 5412 severitas
2506 5356 2906 5413 inferendum.
2938 5356 2994 5412 Si
3037 5373 3163 5429 qua
3209 5371 3352 5411 vero
3379 5354 3458 5410 ad
3505 5366 3825 5425 personam

2177 5446 2561 5502 servientium
2619 5447 2737 5501 Deo
2785 5447 3102 5518 pertinent,
3133 5450 3190 5503 et
3241 5444 3528 5518 praedicta
3576 5447 3732 5512 sunt,
3772 5447 3826 5496 et

2174 5537 2496 5607 promissa.
2535 5536 2668 5590 Tale
2700 5534 2928 5606 aliquid
2957 5540 3045 5590 est
3071 5535 3248 5590 etiam
3278 5535 3336 5589 iu
3368 5532 3468 5587 illo
3509 5530 3824 5587 Salvatoris

2174 5625 2359 5679 nostri
2389 5640 2686 5694 sermone,
2714 5640 2836 5696 quo
2877 5624 2995 5680 ait:
3028 5627 3194 5679 Tunc
3243 5623 3341 5678 illi
3367 5621 3539 5677 ibunt
3569 5621 3633 5675 in
3673 5636 3823 5675 com-

2179 5712 2504 5771 bustionem
2548 5719 2856 5777 aeternam,
2881 5715 3044 5782 justi
3083 5718 3280 5770 autem
3329 5713 3391 5768 in
3432 5711 3617 5766 vitam
3658 5716 3823 5766 ater-
