3974 6410
170 267 275 320 993

1223 269 1439 325 EPIST.
1479 269 1578 322 AD
1619 268 2029 326 HINCMARUM
2071 273 2155 326 ET
2193 273 2599 331 PARDULUM.

3506 288 3612 341 994

169 404 313 444 nam
336 387 580 458 (Matth.
612 393 770 454 xxv).
803 389 1080 446 Praedixit
1111 395 1166 446 et
1194 392 1471 464 promisit
1496 391 1836 464 praemium,
1867 398 1912 450 Α
1949 394 2315 468 niant:quos
2330 398 2526 470 quiaa
2547 399 2725 472 culpa
2746 400 2994 469 originis
3008 408 3386 460 sacramenta
3402 405 3610 461 salutis

166 493 294 549 quo
347 477 684 533 fruerentur
725 478 891 548 justi,
949 495 1073 535 non
1131 486 1334 536 autem
1385 482 1682 553 promisit,
1735 482 1840 536 sed

166 565 451 638 praedixit
466 566 852 639 supplicium,
873 583 994 641 quo
1011 568 1365 641 punirentur
1388 570 1467 640 inj
1481 569 1615 625 usti.
1641 573 1842 642 Neque

166 655 333 710 enim
359 654 511 711 sicut
529 656 980 728 praedestinavit
1002 662 1242 713 sanctos
1271 658 1349 713 ad
1363 658 1662 728 justitiam
1690 659 1842 714 acci-

166 743 481 815 piendam,
527 737 610 800 sic
657 745 1110 817 praedestinavit
1160 746 1384 818 impios
1431 746 1508 802 ad
1557 746 1838 802 eumdem

159 832 459 902 justitiam
509 833 904 889 amittendam
939 852 950 890 :
986 835 1131 908 quia
1171 837 1504 891 misericors
1550 836 1838 892 Dominus

165 928 223 977 et
251 924 478 991 justus,
516 923 708 995 potuit
755 925 938 994 gratis
988 941 1024 980 a
1064 925 1356 996 pravitate
1401 925 1652 980 liberare
1683 941 1838 996 quos

166 1011 376 1080 voluit,
410 1013 722 1085 pravitatis
774 1020 978 1069 autem
1021 1021 1300 1086 operator
1352 1031 1668 1086 nunquam
1706 1014 1834 1082 fuit,

164 1101 282 1156 nisi
313 1101 376 1157 in
415 1108 714 1174 quantum
746 1120 782 1159 a
832 1106 950 1159 Deo
986 1103 1286 1169 discessit,
1337 1120 1448 1160 nec
1497 1104 1836 1159 discessum

167 1192 322 1245 Deus
366 1192 834 1263 praedestinavit,
882 1194 1165 1266 quamvis
1197 1193 1605 1249 discessurum
1637 1193 1838 1262 cogni-

165 1278 326 1334 tione
357 1279 565 1337 divina
595 1281 961 1352 przescivcrit
1001 1285 1150 1352 (cap.
1188 1287 1364 1346 xxvx).
1415 1284 1572 1337 Deus
1611 1281 1834 1352 itaque,

161 1367 300 1423 licet
325 1373 536 1425 auctor
563 1385 685 1425 non
733 1371 806 1426 sit
851 1370 1152 1426 malarum
1183 1371 1634 1439 cogitationum,
1679 1370 1836 1425 ordi-

161 1462 339 1512 nator
366 1463 563 1513 tamen
592 1464 681 1513 est
709 1459 1008 1515 malarum
1048 1460 1448 1521 voluntatum,
1484 1463 1539 1514 et
1565 1458 1640 1513 de
1672 1458 1834 1514 malo

162 1561 346 1617 opere
367 1547 688 1617 cujuslibet
706 1548 874 1613 mali,
892 1565 1013 1604 non
1037 1548 1256 1604 desinit
1280 1549 1411 1621 ipse
1436 1548 1670 1604 bonum
1697 1563 1835 1620 ope-

160 1635 281 1691 rari
316 1653 330 1690 :
365 1652 474 1692 nec
513 1637 575 1692 in
602 1637 749 1709 ipsis
780 1638 1017 1708 injustze
1044 1639 1370 1694 voluntatis
1396 1637 1702 1710 operibus.
1727 1637 1830 1692 de-

1949 499 2073 538 non
2105 484 2377 551 liberant,
2413 493 2469 542 et
2497 489 2593 543 hic
2639 506 2708 543 ex
2743 490 3000 561 propriis
3044 492 3194 547 nihil
3234 501 3503 563 egerunt,
3557 501 3615 552 et

1950 571 2089 628 illuc
2134 574 2213 630 ad
2259 580 2554 632 tormenta
2592 579 2966 649 perveniunt.
3003 581 3234 646 Quibus
3266 599 3455 640 unum
3488 601 3613 640 ma-

1947 659 2076 716 lum
2115 667 2223 728 est,
2259 665 2723 736 corruptibiliter
2747 668 2932 736 nasci,
2983 669 3149 725 aliud
3193 673 3612 745 corruptibiler

1950 751 2104 806 mori
2136 769 2148 806 :
2185 753 2290 808 sed
2319 753 2462 825 quia
2488 761 2624 826 post
2644 763 2898 812 mortem
2921 773 3166 831 quoque
3190 765 3415 817 aeterna
3442 778 3609 818 mors

1949 840 2220 911 sequitur
2261 842 2496 898 occulto
2541 844 2627 899 eis
2669 845 2954 918 justoque
2981 847 3231 919 judicio,
3263 852 3442 907 etiam
3485 853 3612 909 sine

1947 943 2132 984 causa
2165 932 2418 986 vulnera
2448 934 2942 1002 multiplicantur
2988 952 3011 992 .'
3054 943 3344 1009 perpetua
3383 941 3610 1014 quippe

1949 1020 2244 1074 tormenta
2274 1020 2626 1092 suscipiunt,
2654 1022 2759 1094 qui
2807 1024 2955 1078 nihil
2987 1041 3059 1080 ex
3110 1027 3356 1099 propria
3403 1029 3611 1085 volun-

1947 1109 2064 1162 tate
2118 1115 2536 1179 peccaverunt.
2599 1111 2741 1167 Hinc
2803 1129 3068 1186 namque
3117 1116 3406 1189 scriptum
3465 1122 3606 1174 est:

1947 1197 2077 1250 Non
2102 1202 2188 1252 est
2225 1199 2485 1254 mundus
2517 1201 2580 1255 in
2609 1209 2926 1271 conspectu
2965 1207 3116 1273 ejus,
3148 1221 3256 1261 nec
3285 1208 3462 1262 unius
3492 1208 3612 1264 diei

1946 1286 2155 1354 infans
2183 1302 2366 1356 super
2395 1295 2639 1344 terram.
2690 1290 2836 1345 Hinc
2868 1307 2976 1363 per
3020 1294 3406 1366 semetipsam
3446 1297 3611 1351 Veri-

1947 1377 2036 1428 tas
2067 1373 2209 1430 dicit
2237 1392 2249 1430 :
2277 1377 2413 1432 Nisi
2438 1379 2570 1448 quis
2608 1386 2854 1436 renatus
2889 1381 3080 1450 fuerit
3109 1397 3184 1438 ea:
3213 1398 3373 1454 aqua
3398 1390 3450 1440 et
3479 1385 3611 1455 Spi-

1945 1462 2071 1516 ritu
2117 1470 2344 1525 sancto,
2387 1480 2506 1520 non
2549 1473 2742 1535 potest
2784 1470 3038 1525 introire
3083 1472 3146 1525 in
3193 1485 3443 1541 regnum
3502 1473 3610 1527 Dei

1944 1550 2142 1619 (Joan.
2184 1553 2284 1623 in).
2332 1554 2473 1608 Hinc
2504 1554 2722 1610 Paulus
2771 1557 2851 1611 ait
2883 1574 2895 1612 :
2928 1558 3190 1613 Eramus
3228 1566 3452 1616 natura
3492 1561 3610 1628 ﬁlii

1943 1641 2072 1710 irae,
2102 1641 2254 1696 sicut
2281 1648 2336 1697 et
2359 1645 2560 1699 caeteri
2599 1645 2838 1714 (Ephes.
2872 1653 2959 1714 ιι).
3004 1647 3113 1712 Qui
3138 1648 3342 1720 itaque
3372 1649 3607 1704 nullum

160 1724 302 1780 serit
331 1741 588 1794 operum
615 1743 865 1783 suorum
882 1727 1116 1799 justum
1147 1727 1446 1792 ordinem,
1468 1727 1614 1799 quia
1634 1731 1692 1782 et
1717 1727 1830 1782 hoc
1864 1753 1903 1806 Β
1942 1729 2255 1801 proprium
2297 1730 2370 1785 ad
2375 1731 2658 1801 jungens,
2694 1750 2766 1788 ex
2797 1733 2926 1789 solo
2953 1735 3231 1803 originali
3259 1741 3429 1792 reatu
3458 1738 3610 1810 peri-

158 1811 220 1868 in
253 1812 393 1886 ipso
425 1815 636 1871 ordine
678 1815 883 1886 habet,
933 1819 1101 1888 quod
1145 1816 1374 1872 malam
1408 1817 1566 1887 juste
1611 1815 1833 1871 deserit

156 1901 556 1960 voluntatem.
587 1906 781 1970 Quam
814 1910 1016 1961 tamen
1047 1905 1130 1962 sic
1162 1905 1224 1961 in
1254 1905 1381 1960 suis
1419 1904 1596 1960 malis
1634 1904 1829 1976 operi-

155 1990 271 2046 bus
296 2007 335 2048 a
363 2009 426 2048 se
465 1993 873 2051 discedentem
918 1994 1158 2061 deserit,
1205 1999 1269 2051 ut
1311 1993 1395 2050 ibi
1435 1993 1830 2066 permittentis

157 2081 257 2136 Dei
289 2082 565 2153 operatio
597 2083 759 2140 bona
787 2100 910 2139 non
939 2083 1098 2139 desit
1125 2084 1152 2139 ?
1179 2084 1326 2138 dum
1353 2088 1411 2138 et
1438 2083 1499 2138 in
1525 2082 1830 2156 peccantis

156 2169 466 2226 voluntate
493 2171 574 2243 inj
586 2172 965 2246 usta,implet
989 2173 1117 2245 ipse
1133 2171 1464 2244 justitiam;
1489 2171 1629 2227 etde
1643 2171 1826 2234 malo,

155 2274 279 2330 quo
311 2266 667 2332 peccantem
713 2261 968 2333 judicat,
999 2261 1223 2335 quibus
1261 2261 1390 2334 ipse
1427 2261 1573 2331 vult,
1605 2259 1828 2316 beneﬁ-

157 2347 326 2404 cium
350 2356 670 2421 praerogat.

229 2441 375 2493 Item
416 2438 478 2494 in
508 2439 721 2496 eodem
773 2442 925 2511 (cap.
958 2441 1141 2512 xxvr).
1187 2439 1354 2496 Tales
1401 2439 1479 2495 ad
1523 2437 1826 2494 interitum

156 2527 628 2597 praedestinavit,
661 2529 806 2601 quia
838 2529 1056 2585 talibus
1075 2530 1233 2600 juste
1263 2530 1333 2600 [A
1347 2531 1386 2585 t.
1415 2529 1617 2599 justas]
1650 2527 1826 2599 puni-

157 2614 337 2670 tionis
365 2615 732 2688 supplicium
763 2618 1147 2690 praeparavit.
1178 2617 1352 2684 Quod
1395 2618 1598 2689 utique
1627 2616 1823 2672 mani-

155 2701 311 2759 festo
334 2704 626 2761 Dominus
657 2707 784 2779 ipse
815 2723 1090 2763 sermone
1111 2706 1444 2780 perdocuit,
1475 2707 1535 2761 in
1559 2705 1825 2778 eo.quod

154 2807 189 2847 a
227 2809 292 2848 se
333 2794 601 2850 ostendit
647 2801 950 2868 paratum,
1001 2811 1125 2852 non
1169 2796 1366 2852 solum
1418 2811 1673 2866 regnum
1718 2794 1825 2856 ubi

153 2879 430 2938 laetentur
457 2883 641 2952 boni;
681 2885 783 2940 sed
840 2891 898 2941 et
944 2885 1146 2956 ignem
1189 2892 1503 2953 aeternum,
1548 2883 1650 2940 ubi
1689 2901 1821 2939 cru-

153 2969 388 3026 cientur
416 2971 582 3028 mali.
617 2974 798 3028 Bonis
828 2975 1047 3030 etenim
1077 2975 1348 3030 dicturus
1396 2980 1484 3030 est
1525 2993 1536 3029 :
1601 2975 1822 3037 Venite,

153 3058 452 3116 benedicti
478 3062 686 3116 Patris
727 3064 864 3131 mei,
887 3065 1182 3133 percipitc
1234 3079 1506 3134 regnum,
1536 3063 1697 3134 quod
1727 3077 1821 3159 vo-
1854 3104 1894 3159 ρ

154 3147 236 3203 bis
257 3153 561 3219 paratum
579 3157 664 3205 est
684 3165 723 3206 a
741 3152 1162 3208 constitutione
1181 3153 1392 3208 mundi
1416 3152 1430 3200 ί
1438 3152 1590 3207 Matt
1599 3150 1819 3221 h.xxv).

154 3237 314 3293 Malis
348 3243 556 3293 autem
593 3239 862 3294 dicturus
888 3244 976 3295 est
1003 3258 1015 3295 :
1048 3241 1136 3297 [te
1165 3241 1490 3303 maledicti,
1523 3245 1586 3295 in
1626 3241 1822 3310 ignem

154 3333 472 3393 aternum,
521 3329 628 3399 qui
659 3335 1048 3397 prwparatus
1089 3336 1173 3385 est
1217 3329 1456 3384 diabolo
1491 3334 1545 3384 et
1589 3329 1822 3398 angelis

155 3417 282 3484 ejus
315 3426 324 3465 ξ’
341 3417 524 3487 Ibid.)
569 3419 717 3473 Ecce
744 3418 823 3472 ad
853 3419 1018 3489 quod
1045 3418 1336 3474 Dominus
1365 3417 1606 3489 iniquos
1633 3422 1689 3472 et
1718 3417 1824 3472 im-

157 3504 286 3574 pios
316 3506 784 3577 praedestinavit,
828 3507 888 3561 id
919 3513 1008 3562 est
1045 3507 1124 3562 ad
1162 3507 1527 3579 supplicium
1567 3507 1820 3578 justum,

159 3607 278 3649 non
305 3593 386 3650 ad
416 3593 667 3667 aliquod
713 3612 869 3667 opus
917 3596 1206 3667 injustum
1235 3613 1247 3663 ;
1281 3596 1360 3651 ad
1399 3612 1665 3668 poenam,
1699 3612 1822 3650 non

160 3681 235 3737 ad
265 3682 512 3755 culpam
547 3701 559 3738 :
593 3684 672 3740 ad
703 3684 1101 3757 punitionem,
1134 3701 1256 3740 non
1297 3685 1376 3740 ad
1409 3684 1826 3755 transgressio-

159 3785 295 3826 nem
328 3789 340 3824 :
377 3772 797 3837 adinteritum,
823 3791 1004 3847 quem
1033 3775 1120 3831 ira
1146 3774 1289 3845 justi
1314 3774 1539 3845 judicis
1569 3789 1825 3846 peccan-

162 3859 316 3914 tibus
345 3861 629 3926 reddidit,
662 3880 784 3918 non
829 3864 908 3918 ad
955 3864 1275 3920 interitum.
1315 3880 1438 3935 quo
1478 3863 1536 3918 in
1571 3881 1632 3918 sc
1675 3863 1825 3918 iram

159 3947 256 4002 Dei
283 3951 666 4020 peccantium
711 3952 1000 4024 iniquitas
1042 3953 1412 4025 provocavit.
1455 3951 1629 4017 Quod
1666 3951 1829 4014 beati

157 4038 417 4107 Apostoli
448 4039 798 4111 praedicatio
830 4041 1196 4114 manifestat,
1227 4041 1333 4114 qui
1364 4041 1561 4096 malos
1589 4057 1744 4113 quos
1767 4040 1829 4095 in

157 4131 449 4184 aeternum
479 4128 880 4186 damnaturus
932 4135 1022 4186 est
1065 4131 1240 4197 Deus,
1291 4146 1440 4186 vasa
1481 4135 1657 4185 vocat
1704 4129 1826 4191 irae,

155 4227 270 4270 non
301 4217 518 4291 culpae.

222 4306 364 4361 Item
387 4307 450 4362 in
472 4307 690 4364 eodem
712 4325 725 4363 :
746 4311 875 4364 Non
893 4323 1035 4378 ergo
1053 4307 1245 4380 iniqui
1263 4306 1668 4380 praedestinati
1691 4313 1832 4365 sunt

1939 1815 2141 1882 mitur,
2168 1816 2316 1889 quid
2346 1817 2453 1873 iste
2473 1819 2535 1872 in
2562 1818 2662 1876 illo
2691 1825 2958 1876 extremo
2987 1822 3285 1886 examine,
3309 1829 3606 1895 quantum

1939 1904 2019 1960 ad
2049 1906 2302 1962 humani
2333 1923 2544 1963 sensus
2589 1910 3064 1980 aestimationem,
3105 1912 3219 1966 nisi
3252 1914 3378 1968 sine
3421 1929 3605 1970 causa

1938 1994 2365 2052 vulneratur?
2410 1997 2524 2052 Sed
2573 2003 2773 2053 tamen
2826 1998 2942 2053 sub
2990 1999 3194 2055 divina
3239 2000 3604 2058 districtione

1933 2081 2165 2153 justum
2187 2089 2295 2148 est,
2326 2089 2388 2140 ut
2413 2101 2687 2158 propago
2720 2088 3009 2153 mortalis,
3044 2089 3202 2144 velut
3230 2089 3605 2148 infructuosa

1938 2172 2140 2235 arbor,
2181 2179 2238 2229 et
2284 2175 2345 2229 in
2395 2176 2581 2230 ramis
2633 2182 2824 2232 servet
2873 2178 3361 2244 amaritudinem,
3414 2196 3602 2252 quam

1937 2257 2560 2315 traxitestradice.Ait
2589 2276 2731 2331 ergo
2757 2279 2769 2316 :
2803 2262 3132 2318 Inturbine
3155 2279 3308 2319 enim
3343 2272 3604 2322 conteret

1936 2363 2046 2406 me.
2076 2354 2130 2403 et
2155 2349 2584 2419 multiplicabit
2614 2352 2868 2408 vulnera
2898 2368 3028 2409 mea
3057 2354 3182 2409 sine
3208 2369 3412 2419 causa.
3446 2356 3529 2409 Ac
3553 2355 3602 2411 si

1936 2441 2139 2508 aperte
2165 2437 2418 2494 humani
2441 2439 2677 2508 generis
2705 2440 2930 2496 damna
2955 2441 3364 2511 considerans,
3399 2445 3559 2500 dicat
3583 2464 3596 2501 :

1936 2524 2248 2581 Districtus
2273 2526 2459 2596 judex
2490 2529 2594 2600 qui
2625 2545 2728 2584 eos
2772 2529 3292 2586 animadversione
3320 2532 3596 2600 trucidat,

1934 2627 2088 2684 quos
2114 2613 2294 2686 culpa
2333 2615 2589 2688 prOpriae
2620 2617 2872 2672 actionis
2900 2618 3189 2686 damnat;
3223 2618 3269 2674 si
3297 2624 3354 2675 et
3381 2620 3512 2675 illos
3537 2620 3600 2676 in

1934 2705 2221 2757 aeternum
2248 2703 2520 2774 perculit,
2549 2721 2706 2776 quos
2729 2712 2930 2761 reatus
2951 2706 3176 2762 arbitrii
3198 2723 3321 2763 non
3353 2708 3596 2766 addicit.

2005 2792 2267 2862 Gregorii
2297 2809 2470 2866 papte
2492 2794 2556 2849 in
2592 2794 2746 2850 libro
2771 2795 2880 2852 Job
2912 2812 2970 2851 xx
3003 2797 3135 2867 (cap
3176 2801 3230 2866 2,
3263 2798 3325 2852 in
3356 2813 3490 2868 cap.
3522 2805 3600 2854 x11

1929 2881 2062 2949 Job)
2117 2897 2130 2935 :
2174 2881 2508 2938 Abundant
2551 2883 2946 2941 tabernacula
2979 2886 3365 2956 praedonum,
3406 2893 3460 2943 et
3500 2902 3603 2943 au-

1929 2967 2138 3024 dacter
2165 2977 2498 3038 provocant
2530 2973 2740 3038 Deum,
2765 2989 2897 3028 cum
2921 2975 3046 3042 ipse
3064 2973 3293 3030 dederit
3316 2977 3515 3030 omnia
3539 2977 3600 3032 in

1928 3057 2201 3112 manibus
2223 3073 2443 3114 eorum.
2493 3059 2686 3114 Facile
2712 3065 2800 3115 est
2822 3061 3130 3116 hominem
3175 3068 3317 3118 tunc
3361 3063 3598 3119 divitias

1929 3144 2239 3218 despicere
2271 3163 2410 3202 cum
2450 3147 2674 3204 habet:
2708 3148 2947 3204 difficile
2987 3166 3128 3206 vero
3173 3155 3263 3206 est
3307 3166 3412 3208 eas
3459 3169 3600 3208 cum

1932 3250 2055 3289 non
2085 3233 2283 3294 habet.
2320 3235 2465 3290 viles
2503 3237 2819 3293 aestimare.
2874 3238 3038 3294 Unde
3084 3243 3355 3311 patenter
3402 3245 3598 3296 osten-

1930 3321 2109 3389 ditur,
2143 3329 2440 3395 quatenus
2469 3330 2848 3398 contemptus
2890 3331 3263 3384 terrenarum
3306 3345 3508 3384 rerum
3538 3329 3600 3384 in

1930 3411 2091 3467 beati
2121 3412 2231 3467 Job
2259 3413 2618 3483 cogitatione
2658 3414 2853 3486 fuerit,
2904 3417 3010 3488 qui
3059 3423 3198 3472 tunc
3247 3418 3392 3474 dicit
3433 3418 3601 3474 nulla

1931 3517 2061 3556 esse
2100 3519 2233 3574 qua:
2257 3503 2886 3576 abundantreprobis,
2920 3506 3168 3578 quando
3209 3508 3416 3564 omnia
3453 3508 3602 3564 ami-

1934 3591 2026 3646 sit.
2071 3593 2167 3646 Ait
2204 3608 2384 3661 ergo:
2419 3595 2753 3650 Abundant
2787 3595 3184 3652 tabernacula
3220 3598 3599 3666 praedonum,

1935 3687 1988 3736 et
2018 3683 2311 3738 audacter
2335 3691 2668 3752 provocant
2694 3687 2900 3741 Deum.
2945 3687 3094 3752 Quia
3124 3687 3480 3759 plerumque
3527 3702 3600 3743 eo

1936 3769 2132 3840 magis
2154 3777 2362 3827 contra
2390 3776 2574 3828 Deum
2608 3774 2979 3847 superbiunt.
3006 3791 3128 3846 quo
3157 3775 3232 3830 ab
3261 3775 3392 3846 ejus
3422 3775 3600 3845 largi-

1936 3865 2078 3927 tate,
2107 3866 2163 3916 et
2189 3869 2398 3917 contra
2429 3863 2728 3929 meritum,
2753 3865 3039 3927 ditantur,
3063 3871 3119 3919 ct
3147 3865 3253 3936 qui
3284 3867 3600 3937 provocari

1938 3949 2115 4005 bonis
2147 3951 2225 4006 ad
2256 3951 2504 4006 meliora
2536 3952 2889 4010 debuerant.
2924 3951 3100 4007 donis
3143 3953 3382 4026 pejOres
3425 3954 3596 4010 ﬁunt.

1941 4039 2056 4096 Sed
2084 4039 2537 4109 intelligendum
2565 4041 2740 4097 nobis
2779 4047 2884 4109 cst,
2934 4043 3246 4114 quomodo
3286 4044 3599 4114 praedones

1939 4129 2336 4202 appellentur,
2370 4131 2518 4186 dum
2549 4132 2820 4203 protinus
2850 4131 3111 4188 additur.
3161 4133 3310 4190 Cum
3349 4135 3475 4203 ipse
3511 4134 3603 4190 de-

1938 4220 2093 4275 derit
2124 4221 2326 4276 omnia
2356 4223 2418 4275 in
2449 4223 2724 4277 manibus
2755 4239 2978 4278 eorum.
3011 4223 3066 4279 Si
3096 4223 3257 4278 enim
3285 4224 3600 4296 praedones

1941 4315 2103 4376 sunt,
2152 4309 2438 4366 violenter
2483 4310 2856 4384 abstulerunt
2890 4331 2902 4369 :
2934 4317 2990 4368 et
3019 4313 3273 4369 dubium
3323 4330 3444 4370 non
3490 4318 3598 4379 est,

161 4390 235 4446 ad
262 4400 521 4452 mortem
549 4397 768 4453 animm
795 4397 1079 4470 primam,
1111 4396 1216 4452 sed
1249 4394 1657 4469 praedestinati
1688 4401 1830 4451 sunt
1859 4460 1894 4473 η
1938 4400 2086 4473 quin
2117 4399 2516 4456 violentorum
2547 4417 2670 4455 non
2697 4401 2771 4457 sit
2799 4400 3038 4472 adjutor
3066 4405 3238 4458 Deus.
3284 4402 3600 4469 Quomodo

163 4481 232 4536 ad
255 4485 608 4557 secundam,
623 4486 684 4542 id
705 4491 813 4554 est,
828 4487 908 4543 ad
929 4492 1210 4556 stagnum
1234 4486 1390 4556 ignis
1414 4491 1470 4542 et
1492 4485 1823 4558 sulphuris.

807 4616 1032 4671 CAPUT
1080 4614 1180 4668 IX.

301 4720 400 4777 Ex
429 4721 496 4778 S.
533 4721 819 4792 Gregorio
840 4737 1007 4792 papa
1038 4725 1098 4778 in
1133 4722 1301 4778 libris
1331 4722 1677 4778 Moralium.

235 4845 496 4916 Gregorii
526 4862 702 4919 papaa
735 4846 795 4902 in
825 4847 960 4914 Job,
987 4847 1142 4904 libro
1170 4865 1226 4903 ix
1253 4848 1408 4918 (cap.
1451 4865 1552 4916 xu,
1586 4849 1648 4904 in
1689 4821 1824 4918 ccip-

169 4943 222 4985 ιχ
239 4933 370 5006 Job)
403 4953 416 4990 :
449 4936 515 4991 In
535 4951 659 5008 quo
685 4935 974 4992 nimirum
1005 4937 1489 5003 turbine,idcirco
1506 4937 1704 5008 justus
1725 4953 1825 4994 ne-

168 5035 468 5095 quaquam
500 5025 848 5082 conteritur.
881 5025 1199 5098 Perpendit
1229 5041 1496 5098 namque
1521 5026 1722 5081 adhuc
1761 5025 1824 5082 in

169 5115 469 5178 praesentis
493 5113 627 5170 vitae
650 5114 857 5171 itinere
878 5115 1251 5177 constitutus,
1279 5114 1563 5170 humanis
1586 5114 1822 5170 actibus

169 5205 399 5257 exactor
440 5219 699 5277 operum
749 5221 937 5277 quam
983 5203 1286 5261 districtus
1332 5207 1627 5276 appareat
1663 5220 1676 5258 :
1717 5203 1826 5276 qui

171 5289 460 5355 quosdam
518 5298 662 5350 tunc
707 5299 876 5349 reatu
923 5292 1116 5366 culpa;
1165 5293 1480 5363 originalis
1525 5291 1824 5359 astrictos,

173 5375 342 5435 etiam
367 5381 493 5439 sine
516 5383 802 5455 operibus
821 5383 1094 5440 damnat.
1117 5383 1280 5440 Unde
1295 5388 1452 5440 recte
1467 5383 1555 5439 vir
1577 5386 1826 5438 sanctus

176 5477 241 5519 ex
255 5465 499 5527 humani
523 5472 758 5544 generis
779 5489 928 5529 voce
944 5472 1220 5545 protinus
1238 5472 1514 5544 adjungit
1537 5490 1550 5529 :
1574 5473 1653 5528 Et
1676 5473 1830 5528 mut-

181 5552 459 5621 lipticabit
485 5563 742 5618 vulnera
766 5577 919 5630 mea,
954 5563 1131 5618 etiam
1157 5563 1284 5619 sine
1313 5577 1519 5619 causa.
1547 5559 1827 5618 Nonnulli

182 5641 330 5701 enim
350 5649 514 5719 prius
532 5667 569 5707 a
594 5651 874 5723 praesenti
902 5651 1033 5707 luce
1056 5651 1510 5713 subtrahuntur,
1538 5666 1728 5724 quam
1750 5647 1830 5706 ad

185 5732 526 5798 PrOferenda
543 5739 710 5798 bona
736 5739 974 5800 malave
991 5739 1205 5798 merito
1230 5740 1439 5797 activae
1459 5740 1596 5797 vitae
1622 5753 1829 5812 perve-

1938 4489 2116 4560 igitur
2146 4489 2272 4561 ipse
2302 4488 2424 4551 dat,
2455 4489 2620 4562 quod
2645 4490 2706 4544 hi
2732 4491 2833 4564 qui
2865 4490 3184 4564 praedones
3209 4496 3367 4562 sunt,
3393 4493 3602 4564 nequi«

1938 4583 2024 4634 ter
2055 4577 2266 4634 tollunt
2294 4579 2321 4634 ‘I
2345 4579 2457 4634 Sed
2493 4579 2807 4634 sciendum
2830 4584 2936 4645 est,
2959 4580 3103 4650 quia
3128 4579 3293 4636 aliud
3318 4585 3407 4635 est
3432 4581 3600 4651 quod

1935 4667 2319 4740 omnipotens
2343 4671 2517 4736 Deus,
2536 4667 2997 4723 misericorditer
3019 4668 3412 4734 tribuit,aliud
3433 4669 3600 4740 quod

1933 4756 2123 4812 iratus
2153 4756 2376 4811 habere
2409 4755 2564 4811 sinit.
2594 4760 2746 4811 Nam
2784 4756 2950 4828 quod
2977 4756 3292 4828 praedones
3321 4773 3595 4828 perverse

1932 4844 2177 4912 faciunt,
2213 4844 2327 4900 hoc
2352 4843 2739 4916 dispensator
2762 4843 3147 4916 tequissimus
3167 4844 3314 4915 ﬁeri,
3334 4860 3456 4900 non
3479 4845 3600 4900 nisi

1925 4934 2084 5006 juste
2110 4933 2417 5006 permittit,
2441 4939 2504 4988 ut
2536 4939 2590 4989 et
2629 4933 2680 4987 is
2709 4932 2812 5005 qui
2838 4948 3048 5004 rapere
3075 4932 3308 4998 sinitur,
3343 4937 3599 4990 caecatus

1930 5027 2130 5079 mente
2160 5021 2403 5094 culpam
2431 5027 2669 5092 augeat,
2710 5027 2768 5077 et
2811 5021 2860 5076 is
2898 5021 3001 5094 qui
3046 5022 3326 5094 rapinam
3357 5022 3598 5097 patitur.

1927 5112 2057 5183 jam
2078 5111 2139 5166 in
2160 5111 2433 5181 ejusdem
2454 5110 2681 5182 rapina:
2702 5110 2951 5175 damno,
2975 5126 3086 5183 pro
3109 5110 3228 5168 alia
3249 5128 3436 5184 quam
3458 5117 3597 5168 ante

1932 5198 2295 5273 perpetravit
2317 5199 2515 5271 culpa,
2559 5199 2821 5256 feriatur.
2866 5203 3012 5256 Ecce
3053 5201 3214 5256 enim
3255 5201 3507 5272 quidam
3536 5203 3597 5256 in

1932 5289 2154 5346 montis
2176 5288 2348 5346 fauce
2375 5287 2753 5351 constitutus,
2781 5287 3102 5345 insidiatur
3133 5288 3552 5345 itinerantibus
3578 5307 3592 5355 ;

1935 5379 2045 5436 sed
2073 5379 2167 5434 his
2205 5378 2312 5451 qui
2351 5378 2459 5434 iter
2489 5378 2632 5448 agit,
2660 5378 2864 5452 inique
2894 5378 3147 5435 fortasse
3175 5377 3462 5451 quaedam
3491 5377 3596 5434 ali-

1933 5469 2184 5543 quando
2223 5467 2618 5540 perpetravit;
2651 5467 2826 5540 eique
2855 5467 3240 5540 omnipotens
3270 5469 3425 5522 Deus
3471 5482 3598 5522 ma-

1934 5558 2062 5614 lum
2093 5573 2272 5613 suum
2296 5556 2357 5612 in
2388 5557 2667 5630 praesenti
2705 5555 2825 5612 vita
2853 5555 3205 5623 retribuens,
3230 5559 3410 5628 atque
3436 5555 3596 5613 hanc

1937 5649 2230 5722 [al.hunc]
2250 5647 2614 5703 insidiatoris
2637 5645 2920 5702 manibus
2953 5644 3322 5711 tradens,vel
3352 5645 3598 5718 spoliari

1934 5737 2235 5807 rebus,vel
2257 5736 2439 5795 etiam
2468 5736 2704 5794 interire
2720 5733 3206 5810 permittit.Quod
3222 5750 3366 5807 ergo
3386 5735 3597 5810 praedo
