3974 6440
353 360 459 416 θοι

1440 361 1507 435 8.]
1536 354 1905 416 PRUDENT"
1942 353 2323 415 TRBCENSIS
2365 356 2671 416 EPISCOPI

3682 364 3786 419 996

354 480 573 552 injuste
600 483 864 555 appetiit,
908 484 1023 538 hoc
1071 484 1452 555 aequissimus
1488 484 1673 554 judex
1696 485 1851 555 juste
1891 483 2013 537 fieri
2054 482 2101 539 Α
2132 486 2257 537 tum
2290 484 2515 554 quippe
2551 485 2679 554 jam
2724 485 2953 540 homini
2999 489 3106 553 est,
3155 483 3245 538 vel
3290 490 3588 555 quantum
3630 487 3786 542 hunc

355 572 644 643 permisit,
677 577 739 627 ut
766 577 822 626 et
841 572 936 626 ille
952 571 1237 645 reciperet
1258 573 1421 644 quod
1444 573 1662 643 injuste
1684 574 1902 628 fecerat
1926 591 1938 627 :
1962 578 2020 628 et

356 659 469 717 iste
486 661 723 731 gravius
742 661 1112 734 quandoque
1133 661 1511 735 feriatur,per
1530 664 1702 735 cujus
1724 663 2017 735 nequissi-

354 762 521 806 mam
544 750 1179 823 voluntatem,culpam
1201 751 1585 824 omnipotens
1607 756 1762 808 Deus
1792 754 1854 808 in
1880 753 2019 809 alte-

354 852 489 896 rum
505 841 660 910 juste
684 840 1022 897 vindicavit.
1050 840 1146 897 Ille
1165 847 1460 913 purgatur
1482 843 1585 914 qui
1615 842 2012 914 opprimitur;

352 928 414 985 in
436 930 548 983 isto
568 932 766 983 reatus
786 933 1039 998 augetur
1057 930 1163 1001 qui
1192 931 1498 1002 opprimit,
1524 934 1588 985 ut
1614 930 1705 986 vel
1733 930 1807 985 de
1828 931 2016 986 tundo

350 1016 630 1089 nequitias
660 1017 1032 1090 qttanquue
1077 1018 1155 1074 ad
1194 1019 1614 1090 paenitentiam
1655 1020 1882 1083 redeat,
1923 1020 2017 1074 vel

349 1120 470 1160 non
515 1111 836 1168 revertens,
884 1110 1047 1162 tanto
1090 1107 1332 1177 gravius
1361 1113 1583 1163 aeterna
1626 1109 2015 1164 damnatione

348 1193 612 1265 feriatur,
640 1199 869 1266 quanto
894 1196 1000 1251 diu
1030 1201 1119 1250 est
1148 1196 1207 1252 in
1232 1211 1342 1252 sua
1373 1196 1679 1269 iniquitate
1714 1197 2009 1252 toleratus.

346 1283 497 1337 Cum
526 1281 624 1338 illo
665 1296 808 1350 ergo
840 1284 1299 1340 misericorditer
1329 1286 1543 1354 agitur,
1600 1290 1663 1340 ut
1700 1290 2011 1358 peccatum

348 1371 519 1427 ﬁniat
542 1388 554 1426 :
577 1386 717 1427 cum
737 1373 850 1428 isto
873 1374 1132 1429 districte
1156 1380 1217 1428 ut
1242 1374 1612 1446 multiplicet,
1637 1375 1749 1429 nisi
1776 1375 1856 1430 ad
1887 1391 2012 1447 pue-

348 1461 662 1517 nitentiam
683 1467 1039 1518 recurrat-An
1062 1462 1162 1519 illo
1184 1464 1347 1519 mala
1367 1470 1702 1535 purgantur
1722 1465 1871 1519 dum
1890 1465 2013 1519 vim

350 1549 603 1604 sustinet
636 1566 649 1605 :
682 1550 744 1606 in
776 1552 887 1606 isto
921 1552 1324 1619 cumulantur,
1360 1554 1505 1607 dum
1539 1553 1694 1609 facit.
1733 1554 2014 1626 Omnipo-

351 1640 482 1693 tens
520 1639 722 1710 itaque
753 1640 906 1696 Deus
936 1640 1102 1712 quod
1131 1641 1260 1696 ﬁeri
1306 1642 1603 1713 prohibet,
1644 1642 1879 1713 justum
1927 1646 2016 1699 est

351 1730 417 1781 ut
440 1724 565 1781 ﬁeri
595 1727 751 1783 sinat
781 1745 795 1783 :
820 1733 885 1783 ut
905 1728 1065 1784 unde
1086 1742 1248 1785 nunc
1278 1735 1602 1802 exspectat,
1636 1735 1693 1786 et
1716 1746 1839 1786 non
1870 1746 2012 1786 con-

2127 572 2339 626 mundi
2370 575 2739 644 prosperitas
2772 578 3076 643 sequatur,
3123 574 3214 628 vel
3257 579 3553 644 quantum
3583 577 3787 632 adver-

2124 660 2274 715 sitas
2305 661 2477 716 feriat
2510 679 2523 715 :
2555 677 2630 717 ne
2661 662 2881 717 electos
2911 663 3039 734 ejus
3070 666 3175 717 aut
3200 663 3598 721 immoderata
3626 680 3784 737 pros-

2124 751 2346 820 peritas
2374 750 2582 816 elevet,
2610 757 2713 806 aut
2743 752 2930 807 nimia
2961 751 3289 807 adversitas
3323 758 3548 820 gravet.
3592 756 3786 810 Statu-

2125 841 2253 892 tum
2301 854 2547 911 quoque
2595 844 2700 907 cst,
2757 846 3051 912 quantum
3098 840 3157 895 in
3203 839 3335 912 ipsa
3382 841 3504 897 vita
3550 842 3785 898 mortali

2125 927 2533 999 temporaliter
2562 928 2745 984 vivat.

2196 1016 2459 1086 Gregorii
2488 1033 2662 1089 papae
2694 1018 2755 1073 in
2785 1019 2911 1085 Job,
2944 1018 3098 1074 libro
3125 1035 3226 1074 xxv
3259 1029 3413 1088 (cap.
3450 1022 3530 1086 l8,
3565 1021 3627 1075 in
3650 1036 3783 1090 cap.

2125 1119 2218 1159 nx
2259 1106 2390 1176 Job)
2432 1121 2453 1160 :
2495 1108 2573 1162 Et
2626 1107 2978 1163 obsederunt
3030 1110 3093 1163 in
3137 1123 3290 1177 gyro
3330 1109 3785 1165 tabernaculum

2123 1206 2315 1249 meum
2327 1194 2408 1248 .In
2424 1208 2571 1265 gyno
2585 1196 2745 1250 enim
2759 1195 3217 1251 tabernaculum
3236 1196 3787 1269 obsident,quando

2125 1295 2197 1334 ex
2222 1281 2385 1335 omni
2408 1281 2589 1337 latere
2620 1283 2742 1337 suis
2772 1283 3201 1339 tentationibus
3227 1289 3491 1339 mentem
3516 1290 3782 1355 cingunt,

2085 1435 2091 1441 .
2123 1385 2310 1441 quam
2334 1371 2517 1427 modo
2546 1372 2752 1441 lugere
2777 1374 2850 1429 de
2884 1373 3333 1445 temporalibus,
3365 1374 3548 1429 modo
3579 1375 3786 1446 despe-

2122 1475 2255 1513 rare
2279 1460 2353 1515 de
2383 1462 2638 1530 internis,
2667 1464 2848 1518 modo
2869 1464 2927 1518 in
2953 1464 3385 1535 impatientiam
3406 1469 3787 1535 ruere,atque

2122 1547 2183 1601 in
2218 1550 2401 1603 Deum
2433 1550 2827 1621 blasphemiae
2852 1552 3035 1606 verba
3060 1552 3336 1622 jaculari,
3363 1552 3624 1625 pessima
3653 1568 3792 1621 sug-

2125 1637 2394 1704 gestione
2436 1640 2822 1710 persuadent.
2868 1642 3011 1705 Quae
3061 1646 3262 1696 tamen
3311 1642 3511 1707 verba,
3560 1645 3625 1696 ut
3657 1642 3787 1712 jam

2123 1725 2724 1796 praediximusmeato
2747 1729 2858 1783 Job
2896 1730 3075 1785 etiam
3101 1730 3275 1800 juxta
3303 1730 3616 1786 historiam
3644 1746 3789 1784 con-

350 1830 561 1870 versos
580 1815 684 1870 diu
708 1816 1322 1890 tolerat,quandoque
1342 1820 1481 1874 inde
1500 1819 1637 1892 plus
1658 1819 2012 1875 feriat.Bene
2047 1843 2084 1897 Β
2125 1819 2350 1881 eruunt
2382 1831 2394 1868 ε
2430 1816 2535 1887 qui
2561 1817 2711 1871 dum
2740 1816 2905 1873 mala
2930 1834 3067 1890 quae
3115 1818 3358 1889 pertulit
3402 1825 3541 1874 ante
3582 1819 3791 1874 oculos

352 1919 495 1977 ergo
544 1906 760 1962 dicitur
791 1925 804 1963 :
839 1908 1169 1964 Abundant
1220 1910 1617 1966 tabernacula
1660 1912 2013 1980 praedonum

351 2001 405 2051 et
428 1996 722 2053 audacter
745 2004 1079 2066 provocant
1104 1998 1312 2064 Deum,
1337 2014 1469 2055 cum
1493 2002 1617 2069 ipse
1648 2001 1875 2057 dederit
1894 2016 2017 2056 om-

349 2085 453 2140 nia
480 2086 543 2139 in
567 2087 845 2141 manibus
864 2100 1067 2142 eorum
1099 2104 1112 2142 :
1142 2087 1435 2159 quidquid
1464 2089 1653 2161 iniqui
1672 2088 1902 2159 tollant,
1929 2090 2013 2144 eis

349 2172 465 2228 hoc
493 2174 620 2246 ipse
646 2173 769 2237 dat,
798 2175 902 2246 qui
933 2175 1045 2230 illis
1072 2176 1149 2231 ad
1181 2176 1460 2249 rapinam
1482 2182 1693 2249 posset
1720 2178 2010 2240 resistere,

352 2260 402 2317 si
428 2262 694 2318 misereri
718 2263 1022 2319 voluisset.

360 2422 373 2429 ἢ
422 2354 505 2407 Ex
530 2353 743 2408 eodem
771 2351 925 2409 libro
947 2353 1103 2425 (cap.
1134 2356 1187 2423 5)
1223 2366 1236 2409 :
1269 2357 1339 2411 Si
1355 2356 1670 2413 incluserit
1698 2354 2008 2421 hominem,

351 2441 560 2497 nullus
570 2448 653 2498 est
672 2444 778 2513 qui
792 2442 1412 2513 aperiatQuiaomnis
1426 2445 1611 2500 homo
1639 2458 1746 2517 per
1766 2445 1825 2498 iri
1847 2443 2013 2517 quod

351 2529 508 2587 male
547 2530 686 2601 agit,
721 2530 867 2604 quid
897 2531 1012 2587 sibi
1041 2531 1202 2587 aliud
1236 2546 1422 2605 quam
1468 2533 1842 2589 conscientiae
1889 2549 2011 2588 sum

352 2634 653 2675 carcerem
720 2619 886 2687 facit,
936 2624 1000 2676 ut
1054 2621 1216 2676 hunc
1274 2621 1461 2676 animi
1514 2627 1713 2678 reatus
1756 2625 2010 2695 premat,

350 2709 584 2765 etiamsi
634 2725 815 2765 nemo
856 2709 1115 2765 exterius
1156 2716 1392 2765 recusat
1419 2712 1448 2766 ?
1484 2712 1598 2775 Qui
1645 2727 1804 2774 cum,
1852 2709 2015 2781 judi-

355 2804 528 2854 cante
568 2797 708 2860 Deo,
757 2799 819 2853 in
868 2796 1109 2853 malitia:
1158 2812 1285 2853 sum
1334 2795 1594 2855 eiecitate
1640 2798 2011 2871 relinquitur.

355 2887 534 2959 quasi
563 2886 720 2943 intra
748 2888 1140 2960 semetipsum
1162 2886 1477 2952 clauditur,
1511 2903 1587 2944 ne
1612 2886 1903 2944 evadendi
1933 2887 2018 2944 lo-

355 2992 494 3033 cum
516 2975 799 3043 invemat,
820 2988 1002 3050 quem
1025 2978 1287 3033 invenire
1308 2978 1556 3033 minime
1579 2983 2017 3036 meretur.Nam

357 3080 515 3138 saepe
545 3064 819 3121 nonnulli
850 3080 885 3121 a
910 3066 1111 3139 pravis
1138 3066 1371 3122 actibus
1412 3067 1569 3123 exire
1600 3070 1870 3140 cupiunt,
1913 3065 2017 3122 sed

354 3155 498 3227 quia
536 3154 887 3210 eorumdem
936 3159 1181 3210 actuum
1220 3157 1487 3229 pondere
1529 3163 1906 3229 premuntur,
1955 3157 2014 3212 in

355 3242 531 3299 malae
569 3244 1018 3300 consuetudinis
1064 3260 1300 3301 carcere
1335 3245 1569 3311 inclusi,
1610 3262 1647 3303 a
1684 3246 2018 3318 semetipsis

354 3332 512 3389 exire
536 3347 660 3387 non
698 3337 974 3404 possunt.
1010 3335 1073 3388 Et
1096 3332 1348 3405 quidam
1375 3334 1582 3406 culpas
1607 3335 1882 3407 proprias
1912 3350 2019 3407 pu-

353 3420 482 3476 nire
509 3419 816 3493 cupientes
835 3420 950 3476 hoc
980 3422 1144 3493 quod
1161 3427 1317 3477 recte
1344 3437 1407 3477 se
1434 3437 1608 3491 agere
1632 3421 2018 3491 mstimant,in

354 3507 655 3580 graviores
684 3507 893 3580 culpas
920 3512 1194 3564 vertunt:
1218 3509 1405 3581 ﬁtque
1432 3510 1616 3565 modo
1646 3510 1931 3576 mirabili,
1955 3514 2021 3566 ut

353 3595 523 3668 quod
549 3594 774 3650 exitum
803 3600 1038 3669 putant,
1085 3596 1200 3652 hoc
1241 3597 1639 3654 inclusionem
1686 3600 2015 3655 inveniant.

348 3686 447 3740 Sic
490 3683 766 3740 videlicet
806 3684 1100 3757 reprobus
1143 3686 1350 3751 ludas,
1397 3703 1535 3742 cum
1591 3693 1847 3744 mortem
1908 3687 2021 3743 sibi

354 3778 562 3829 contra
578 3778 895 3846 peccatum
916 3773 1129 3844 intulit,
1148 3774 1223 3829 ad
1244 3778 1477 3830 aeternae
1499 3776 1705 3831 mortis
1728 3776 2022 3848 supplicia

354 3862 623 3934 pervenit
647 3879 660 3930 ;
706 3866 762 3917 et
789 3862 962 3934 pejus
991 3861 1065 3918 de
1094 3868 1341 3934 peccato
1364 3863 1642 3936 paenituit
1668 3880 1855 3936 quam
1880 3880 2020 3935 pec~

355 3951 529 4007 cavit.
565 3950 804 4006 Dicatur
829 3967 971 4023 ergo
996 3970 1008 4007 :
1034 3954 1103 4008 Si
1122 3954 1436 4009 incluserit
1470 3952 1787 4019 hominem,
1814 3955 2021 4009 nullus

355 4046 438 4097 est
468 4043 575 4112 qui
597 4032 851 4111 aperiat.
886 4041 1037 4107 Quia
1068 4042 1217 4097 sicut
1254 4059 1435 4097 nemo
1479 4041 1716 4098 obsistit
1761 4042 2022 4111 largitati

352 4130 647 4195 vocantis,
697 4131 779 4186 ita
825 4130 1026 4186 nullus
1074 4131 1279 4187 obviat
1319 4133 1560 4202 justitiae
1607 4131 2017 4205 relinquentis.

356 4218 663 4275 lncludere
691 4219 893 4291 itaque
923 4220 1047 4287 Dei,
1070 4227 1157 4275 est
1177 4220 1395 4276 clausis
1415 4236 1538 4277 non
1570 4222 1822 4293 aperire.
1854 4221 2022 4278 Unde

356 4306 436 4362 ad
484 4309 722 4379 Moysen
770 4307 988 4363 dicitur
1034 4307 1108 4363 de
1158 4308 1512 4365 Pharaone:
1548 4310 1676 4380 Ego
1712 4311 2021 4366 obdurabo

357 4411 462 4453 cor
500 4398 646 4466 ejus.
698 4394 1007 4452 Obdurare
1048 4396 1277 4470 quippe
1326 4412 1434 4469 per
1467 4399 1760 4469 justitiam
1805 4398 2023 4455 dicitur

356 4485 552 4550 Deus,~
583 4484 831 4557 quando
883 4501 985 4540 cor
1040 4486 1368 4557 reprobum
1418 4503 1525 4559 per
1581 4488 1837 4558 gratiam
1896 4503 2021 4543 non

357 4572 601 4630 emollit.
649 4573 920 4630 Recludit
964 4575 1068 4645 (al.
1115 4574 1385 4650 includit]
1436 4578 1638 4648 itaquc
1684 4576 2014 4639 hominem,

355 4676 539 4736 quem
569 4662 629 4717 in
660 4678 910 4718 suorum
935 4678 1189 4735 operum
1221 4665 1481 4720 tenebris
1507 4665 1807 4737 relinquit.

429 4754 512 4808 Ex
539 4751 756 4808 eodem
779 4752 932 4808 libro
954 4752 1111 4824 (cap.
1137 4754 1191 4825 8)
1221 4770 1233 4808 :
1266 4754 1491 4824 Regum
1523 4755 1727 4826 itaque
1760 4754 2022 4811 balteum

356 4842 648 4910 dissolvit,
689 4841 939 4914 quando
971 4842 1034 4897 in
1064 4842 1155 4897 his
1185 4842 1292 4915 qui
1316 4841 1470 4898 bene
1498 4858 1704 4913 regere
1747 4843 2025 4899 membra

355 4946 468 4986 sua
494 4930 875 4997 videbantur,
904 4934 1150 5005 propter
1178 4930 1450 4988 elationis
1481 4932 1749 5004 culpam,
1781 4933 2023 4989 castita-

360 5021 434 5075 tis
463 5019 525 5075 in
555 5020 639 5075 eis
668 5020 978 5090 cingulum
1004 5015 1271 5076 destruit.
1304 5019 1458 5086 Quid
1487 5037 1628 5076 vero
1670 5020 1731 5076 in
1761 5021 1902 5076 fune
1932 5036 2027 5076 ac-

356 5107 591 5178 cipitur,
631 5109 745 5163 nisi
780 5114 1100 5182 peccatum
1126 5112 1155 5165 ‘?
1181 5110 1345 5165 Sicut
1368 5124 1478 5182 per
1507 5109 1893 5187 Salomonem
1940 5110 2026 5165 di-

361 5195 513 5251 citur
543 5213 556 5251 :
590 5197 946 5267 Iniquitales
968 5215 1088 5255 suae
1105 5203 1352 5270 capiunt
1380 5200 1631 5269 impium
1659 5214 1681 5255 :
1702 5205 1759 5255 et
1774 5199 2025 5269 funibus

357 5290 741 5354 peccatorum
770 5301 1011 5343 suorum
1045 5289 1484 5359 constringitur
1513 5290 1806 5357 (Prov.v).

430 5375 700 5445 Gregorii
724 5389 899 5446 papa
924 5376 990 5431 in
1016 5378 1145 5433 Job.
1178 5379 1331 5435 libro
1360 5395 1441 5435 xu
1472 5382 1629 5449 (cap.
1663 5383 1718 5451 2,
1740 5380 1803 5434 in
1819 5394 1953 5449 cap.
1972 5384 2027 5434 iv

363 5463 497 5534 Job)
529 5480 545 5519 :
580 5463 958 5520 Constituisti
986 5467 1267 5524 terminos
1293 5470 1423 5537 ejus
1449 5469 1554 5539 qui
1574 5470 1885 5538 praeteriri
1906 5482 2028 5524 non

365 5557 673 5620 poterunt.
692 5550 862 5607 Nulla
880 5566 1017 5622 quae
1036 5550 1388 5611 hominibus
1411 5556 1472 5611 in
1492 5555 1608 5612 hoc
1628 5555 1860 5612 mundo
1879 5548 2033 5612 ﬁunt

369 5638 600 5711 absque
627 5639 1057 5710 omnipotentis
1084 5642 1185 5697 Dei
1210 5644 1447 5701 occulto
1476 5646 1727 5702 consilio
1756 5647 2028 5701 veniunt.

367 5728 518 5781 Nam
544 5732 764 5782 cuncta
793 5730 945 5784 Deus
967 5738 1241 5789 secutura
1270 5736 1619 5805 praesciones,
1644 5741 1780 5791 ante
1812 5735 2034 5791 saecula

369 5811 647 5883 decrevit,
670 5814 922 5887 qualiter
957 5833 1064 5892 per
1090 5822 1312 5878 stemus
1358 5821 1780 5896 disponantur.
1832 5825 2032 5881 Statu-

2121 1904 2444 1973 congessit,
2469 1919 2591 1959 non
2621 1907 2796 1977 quasi
2823 1905 3243 1975 corrigendum
3265 1906 3593 1973 tilium,sed
3614 1906 3788 1979 quasi

2122 1992 2377 2058 hostem,
2426 2008 2781 2064 percussum
2828 2010 2889 2049 se
2934 2010 3060 2049 esse
3112 1995 3417 2050 iudicavit.
3462 1999 3570 2050 Per
3605 2011 3790 2067 quem

2122 2080 2239 2135 sibi
2264 2083 2443 2137 etiam
2464 2083 2726 2139 latrones
2749 2086 2876 2152 ejus
2901 2085 3057 2139 viam
3073 2084 3521 2157 feceruntquia
3538 2081 3791 2153 maligni

2120 2175 2331 2224 contra
2358 2182 2495 2224 eum
2521 2172 2760 2243 spiritus
2788 2172 3091 2227 licentiam
3116 2174 3519 2244 percussionis
3544 2189 3790 2244 accepe-

2120 2262 2278 2312 runt.
2306 2259 2491 2329 Cujus
2524 2261 2586 2314 in
2608 2276 2762 2330 gyro
2785 2262 3243 2317 tabernaculum
3259 2262 3791 2334 obsederunt,quia

2122 2345 2373 2401 sublatis
2412 2348 2593 2403 rebus
2641 2354 2698 2404 et
2744 2350 2900 2412 tiliis,
2948 2336 3129 2405 etiam
3174 2365 3395 2423 corpus
3439 2355 3569 2421 ejus
3606 2365 3790 2406 omne

2121 2434 2466 2490 vulneribus
2497 2438 2863 2493 attriverunt.
2914 2440 3025 2494 Sed
3059 2440 3280 2495 mirum
3310 2440 3487 2495 valde
3507 2446 3614 2505 est,
3644 2455 3788 2495 cum

2120 2522 2383 2579 latrones
2413 2525 2655 2595 diceret,
2684 2543 2793 2582 cur
2814 2528 3048 2583 addidit
3071 2532 3222 2598 ejus,
3251 2533 3318 2583 ut
3358 2529 3630 2584 videlicet
3655 2543 3788 2583 eos-

2122 2611 2260 2667 dem
2291 2612 2553 2670 latrones
2599 2617 2699 2670 llei
2742 2632 2874 2671 esse
2926 2623 3304 2672 monstraret.
3339 2620 3469 2682 Qua
3507 2618 3567 2672 in
3617 2634 3679 2672 re
3738 2617 3790 2673 si

2123 2701 2402 2757 voluntas
2448 2718 2521 2759 ac
2549 2710 2814 2776 potestas
2845 2706 3249 2774 malignorum
3300 2707 3615 2778 spirituum
3664 2707 3788 2763 diss

2122 2797 2418 2857 cernatur,
2451 2809 2558 2848 cur
2582 2796 2847 2851 latrones
2878 2798 2988 2852 Dei
3024 2797 3319 2851 dicantur.
3353 2798 3635 2868 aperitur.
3669 2801 3791 2854 Mad-

2123 2878 2269 2948 ligni
2297 2882 2524 2953 quippe
2557 2883 2799 2954 spiritus
2819 2884 2895 2939 ad
2937 2885 3281 2939 nocendum
3312 2901 3424 2940 nos
3454 2886 3792 2943 incessabi-

2122 2966 2253 3023 liter
2278 2970 2597 3039 anhelant;
2631 2973 2735 3026 sed
2756 2990 2897 3028 cum
2927 2988 3182 3045 pravam
3204 2974 3574 3029 voluntatem
3598 2991 3674 3031 ex
3699 2992 3793 3032 se-

2126 3058 2396 3129 metipsis
2430 3059 2712 3129 habeant,
2746 3066 3101 3133 potestatem
3135 3068 3333 3118 tamen
3360 3064 3617 3119 nocendi
3664 3080 3793 3120 non

2125 3145 2494 3214 habent,nisi
2518 3166 2623 3205 eos
2650 3151 2930 3206 voluntas
2950 3167 3192 3207 summa
3213 3153 3534 3223 permittat.
3561 3157 3627 3209 Et
3647 3169 3795 3209 cum

2126 3234 2239 3306 ipsi
2258 3237 2507 3308 quidem
2528 3240 2746 3309 injuste
2765 3256 2874 3294 nos
2896 3240 3107 3295 ltedere
3130 3247 3443 3313 appetunt,
3460 3244 3797 3313 quemlibet

2127 3329 2329 3382 tamen
2353 3327 2591 3391 laedere,
2616 3344 2737 3385 non
2760 3331 2874 3385 nisi
2894 3331 3116 3401 injuste
3139 3347 3174 3386 a
3208 3334 3324 3386 Deo
3345 3333 3795 3404 permittuntur.

2128 3414 2279 3478 Quia
2309 3432 2453 3487 ergo
2487 3419 2546 3473 in
2587 3419 2669 3474 eis
2700 3420 2979 3474 voluntas
3018 3420 3242 3489 injusta
3277 3426 3387 3485 est,
3429 3427 3485 3477 et
3526 3426 3798 3493 potestas

2123 3501 2306 3572 justa,
2339 3511 2395 3560 et
2424 3506 2687 3563 latrones
2720 3509 3020 3575 dicuntur,
3068 3514 3123 3563 et
3170 3510 3291 3576 Dei,
3321 3515 3387 3564 ut
3414 3526 3487 3565 ex
3516 3512 3666 3582 ipsis
3696 3513 3795 3583 sit,

2127 3595 2292 3662 quod
2332 3595 2547 3652 inferre
2579 3597 2739 3653 mala
2770 3598 2985 3667 injuste
3018 3597 3384 3654 desiderant.
3428 3604 3485 3654 et
3526 3614 3598 3654 ex
3649 3601 3794 3670 Deo,

2128 3683 2295 3756 quod
2322 3684 2661 3741 desiderata
2684 3686 2843 3755 juste
2873 3692 3317 3742 consummant.

2205 3777 2282 3827 Ex
2314 3774 2528 3829 eodem
2553 3774 2705 3829 libro
2733 3776 2888 3844 (cap.
2914 3779 3005 3842 ‘22)
3040 3792 3053 3829 :
3081 3777 3160 3831 Et
3181 3776 3427 3832 orabam
3454 3778 3612 3845 ﬁlios
3635 3780 3801 3834 uteri

2129 3864 2263 3918 mei.
2299 3867 2359 3916 lu
2394 3866 2533 3932 Deo,
2567 3864 2671 3934 qui
2700 3865 2967 3935 corporis
3014 3864 3209 3920 forma
3251 3879 3376 3920 non
3418 3867 3799 3923 circumscri-

2130 3950 2307 4017 bitur,
2359 3951 2633 4006 membra
2685 3954 2972 4023 corporis,
3022 3952 3083 4007 id
3133 3958 3221 4009 est
3270 3970 3510 4022 manus,
3556 3956 3794 4024 oculus,

2131 4044 2335 4094 uterus
2364 4042 2447 4096 ita
2477 4042 2885 4111 nominantur,
2913 4048 2973 4096 ut
2998 4058 3071 4095 ex
3093 4044 3507 4100 membrorum
3534 4046 3798 4101 vocabu-

2128 4128 2219 4196 lis,
2240 4128 2484 4185 etfectus
2501 4131 2629 4202 ejus
2647 4132 2924 4202 potentiae
2944 4131 3305 4201 designetur.
3334 4134 3551 4189 Oculos
3566 4134 3797 4207 quippe

2130 4218 2353 4274 habere
2408 4220 2645 4286 dicitur,
2694 4220 2800 4291 qui
2849 4225 3068 4276 cuneta
3119 4222 3282 4277 videt
3340 4240 3354 4278 :
3416 4237 3635 4278 manus
3691 4224 3798 4279 ha-

2129 4307 2271 4363 bere
2297 4307 2653 4364 describitur
2668 4308 2817 4380 quia
2837 4315 3053 4365 cuncta
3076 4316 3360 4383 operatur
3385 4329 3398 4366 :
3420 4314 3482 4367 in
3509 4317 3676 4368 utero
3697 4328 3798 4369 au-

2132 4398 2251 4451 tem
2281 4396 2479 4470 proles
2510 4398 2863 4469 concipitur,
2896 4413 3033 4470 qua!
3064 4401 3125 4453 in
3163 4400 3277 4455 hac
3318 4400 3441 4456 vita
3478 4400 3795 4472 profertur.

2135 4486 2288 4552 Quid
2320 4500 2462 4555 ergo
2493 4492 2729 4542 uterum
2770 4487 2891 4554 Dei,
2923 4487 3037 4542 nisi
3080 4488 3210 4558 ejus
3253 4489 3571 4545 consilium
3617 4490 3799 4546 debe-

2132 4592 2269 4630 mus
2295 4575 2585 4646 accipere,
2612 4576 2675 4630 in
2701 4590 2825 4647 quo
2851 4582 2988 4631 ante
3020 4577 3240 4633 saecula
3269 4592 3378 4649 per
3406 4577 3799 4649 prmdestina-

2132 4665 2357 4720 tionem
2402 4664 2674 4736 concepti
2706 4680 2956 4731 sumus;
2988 4664 3071 4720 ita
3110 4669 3175 4721 ut
3216 4666 3396 4721 creati
3440 4682 3546 4738 per
3577 4666 3803 4723 saecula

2131 4752 2543 4827 producamur
2570 4753 2597 4808 ?
2632 4758 2781 4808 heus
2821 4768 2984 4823 ergo,
3017 4753 3121 4826 qui
3146 4760 3352 4809 manet
3383 4760 3519 4810 ante
3575 4755 3801 4811 saecula

2132 4839 2282 4915 uteri
2313 4842 2406 4896 sui
2431 4840 2589 4896 ﬁlios
2631 4842 2842 4909 oravit,
2875 4842 3021 4914 quia
3050 4858 3153 4898 eos
3184 4859 3339 4915 quos
3378 4846 3653 4915 potenter
3693 4859 3803 4915 per

2132 4931 2504 4987 divinitatem
2530 4931 2818 5002 condidit,
2844 4932 3191 4989 incarnatus
3224 4933 3466 4990 veniens
3496 4931 3803 4989 humiliter
3901 4993 3912 5017 ε

2132 5020 2385 5088 rogavit.

2205 5108 2467 5177 Gregorii
2499 5122 2677 5182 papae
2709 5110 2768 5165 in
2806 5110 2939 5166 Job.
2986 5109 3092 5164 lib.
3135 5124 3209 5164 xv
3244 5122 3378 5178 cap.
3422 5111 3513 5175 24,
3556 5110 3624 5165 in
3658 5126 3796 5181 cap.

2130 5212 2233 5253 ιιι
2254 5200 2409 5265 Job).
2427 5200 2505 5254 Et
2523 5201 2584 5254 in
2604 5205 2833 5269 puncto
2849 5199 2932 5254 ad
2954 5200 3201 5268 inferna
3214 5197 3806 5256 descendunt.Potest

2134 5290 2196 5345 in
2222 5289 2591 5361 puncto_hoc
2618 5303 2863 5359 quoque
2888 5287 3154 5356 intelligi,
3190 5290 3356 5360 quod
3388 5305 3549 5361 saepe
3588 5289 3669 5355 hi,
3697 5292 3804 5361 qui

2136 5377 2241 5433 diu
2268 5378 2331 5433 in
2350 5376 2662 5449 iniquitate
2687 5376 2918 5432 tolerati
2939 5381 3097 5445 sunt,
3123 5377 3323 5433 subita
3342 5384 3533 5435 morte
3562 5379 3806 5450 rapiun-

2137 5470 2269 5535 tur;
2300 5470 2498 5522 utnec
2526 5464 2668 5521 ﬂere
2698 5469 2835 5521 ante
2863 5470 3121 5521 mortem
3150 5466 3326 5522 liceat
3351 5482 3489 5539 quas
3519 5481 3804 5539 peccave-

2138 5554 2415 5610 runt.Sed
2433 5554 2579 5626 quia
2593 5568 3038 5627 nonnunquam
3056 5554 3243 5611 etiam
3258 5556 3380 5611 vita
3388 5557 3691 5627 justorum
3709 5569 3806 5610 su-
3908 5613 3911 5621 ,

2138 5644 2263 5701 bito
2292 5644 2411 5700 ﬁne
2446 5645 2818 5709 terminatur,
2845 5645 3058 5701 melius
3089 5645 3237 5701 illud
3261 5643 3669 5717 accipimus,si
3686 5644 3801 5700 hoc

2141 5736 2217 5789 de
2236 5750 2445 5790 eorum
2473 5735 2789 5806 temporali
2809 5734 2928 5791 vita
2948 5734 3276 5790 sentiamus
3301 5752 3313 5803 ;
3339 5735 3483 5807 quia
3507 5732 3805 5807 quidquid

2142 5823 2399 5881 transire
2442 5824 2652 5913 potuit,
2696 5821 2964 5881 subitum
3004 5823 3132 5880 fuit.
3166 5824 3385 5881 Amieis
3412 5827 3617 5881 autem
3644 5822 3806 5883 boat‘
