3974 6380
79 273 212 330 997

34 381 46 434 ἱ
80 398 257 467 Joh,
300 400 408 470 qui
440 401 658 455 idcirco
693 402 852 457 hunc
892 400 1179 474 injustum
1225 420 1360 460 esse
1391 407 1791 473 crediderunt,

34 472 41 523 τ
81 488 266 558 quia
322 489 691 557 ﬂagellatam
743 472 1039 559 viderunt,
1071 498 1226 548 recte
1276 496 1551 566 ejusdem
1607 472 1796 553 sancti

34 578 42 629 μ
81 575 222 631 viri
266 590 449 639 voce,
479 578 555 634 de
584 580 933 652 iniquorum
971 582 1116 639 ﬂore
1147 591 1204 640 et
1232 585 1564 657 perditione
1594 591 1795 642 ostens

34 658 40 702 ¹
84 681 256 721 sum
296 672 407 733 est,
438 668 583 739 quia
609 672 914 740 praesentis
942 672 1071 728 vitae
1094 675 1482 747 prosperitas,
1512 675 1796 731 innocen-

34 1028 37 1061 l

86 754 200 810 tite
251 757 430 811 testis
464 772 583 813 non
613 765 702 815 est
734 777 747 815 :
779 762 920 833 quia
946 764 1117 819 multi
1148 764 1226 820 ad
1256 780 1582 837 perennem
1612 766 1795 822 vitam

84 859 216 916 per
252 845 506 916 ﬂagella
530 848 802 917 redeunt,
828 857 884 908 et
913 851 1180 925 plerique
1208 855 1285 910 ad
1312 855 1545 912 inﬁnita
1567 854 1797 928 judicia

82 934 501 1006 perducendi
532 938 656 993 sine
694 940 933 1009 ﬂagello
974 944 1328 1001 moriuntur.

171 1027 269 1079 Ex
310 1027 528 1082 eodem
560 1028 713 1085 libro
743 1032 899 1102 (cap.
936 1034 1021 1104 .10)
1048 1051 1061 1089 :
1094 1036 1170 1090 Et
1190 1038 1347 1091 sicut
1365 1036 1586 1106 favilla
1614 1048 1795 1125 quant

86 1114 301 1169 turbo
350 1117 663 1187 dispergit.
695 1124 841 1176 Ante
882 1124 1319 1196 Omnipotentis
1349 1126 1577 1197 oculos,
1605 1114 1799 1200 iniqui

34 1206 35 1225 ‘
90 1201 230 1257 vita
278 1202 489 1260 favilla
520 1211 610 1261 est
642 1225 654 1262 :
687 1210 831 1280 quia
860 1211 967 1266 etsi
1017 1216 1269 1285 apparet
1299 1214 1376 1269 ad
1418 1221 1795 1271 momentum

87 1290 353 1358 viridis,
372 1293 449 1348 ab
479 1295 609 1365 ejus
639 1300 863 1353 tamem
891 1300 1119 1369 judicio
1131 1302 1259 1372 jam
1289 1311 1649 1377 consumpta
1678 1322 1797 1362 cer-

89 1381 324 1449 nitur;
358 1384 501 1455 quia
552 1390 998 1461 consumptioni
1049 1395 1136 1448 est
1188 1397 1424 1449 aeternae
1483 1393 1791 1467 deputata.

88 1473 281 1525 Hann
314 1471 581 1529 favillam
616 1477 791 1533 turbo
822 1479 1128 1551 dispergit,
1153 1484 1298 1554 quia
1326 1485 1483 1540 Deus
1513 1486 1797 1555 manifes—

89 1560 199 1609 tus
235 1558 465 1625 veniet,
491 1560 647 1615 Deus
670 1570 873 1620 noster
892 1570 1085 1621 etnon
1116 1568 1332 1624 silebit.
1359 1570 1522 1639 Ignis
1544 1571 1606 1625 in
1631 1586 1793 1626 cons-

95 1733 341 1789 valida
374 1737 561 1805 (Psal.
595 1741 774 1810 xux).

102 1848 103 1853 π
174 1824 249 1876 In
280 1822 505 1880 eodem
537 1826 690 1883 libro
716 1833 872 1900 (cap.
899 1833 984 1902 32)
1018 1850 1031 1889 :
1070 1835 1183 1890 Sed
1213 1850 1349 1891 ecce
1376 1850 1516 1892 cum
1539 1838 1669 1894 haec
1694 1844 1800 1893 au'

90 1910 391 1967 divimus
422 1914 555 1985 [al.,
597 1918 926 1991 audimus],
957 1923 1124 1977 cordi
1164 1931 1370 1981 nostro
1401 1926 1654 1998 quaestio
1686 1928 1799 1983 ori-

92 2005 202 2057 tur
242 2034 259 2069 ,
302 2019 416 2060 cur
441 2008 826 2080 omnipotens
848 2016 904 2067 et
930 2013 1268 2069 misericors
1297 2019 1449 2071 Deus
1478 2018 1538 2073 in
1566 2024 1798 2074 tantam

92 2092 453 2150 caecitatem
502 2097 717 2154 cadere
756 2101 1050 2158 rationem
1097 2104 1381 2161 humanae
1414 2109 1630 2163 mentis
1668 2124 1798 2181 per-

92 2181 355 2238 miserit
378 2180 407 2238 ?
434 2188 513 2239 Ne
546 2202 687 2242 vero
710 2190 1039 2261 quisquam
1070 2193 1224 2250 ultra
1255 2208 1445 2268 quam
1478 2180 1683 2266 debet,
1707 2212 1798 2254 oc-

90 2270 273 2326 culta
301 2272 409 2327 Dei
427 2273 655 2344 judicia
676 2276 972 2335 discutere
995 2290 1341 2353 praesumat,
1364 2291 1523 2342 recte
1546 2285 1801 2357 subjun-

34 2372 35 2391 ι
92 2359 307 2427 gitur:
332 2361 629 2432 Nunquid
657 2367 844 2422 Deum
873 2371 1187 2441 quisquam
1207 2372 1435 2429 docebit
1463 2378 1796 2451 scientiam,

92 2450 212 2518 qui
264 2452 535 2507 excelsos
577 2456 824 2523 judicat
853 2459 882 2513 ‘I
910 2459 1058 2515 Cum
1087 2461 1147 2516 in
1177 2462 1271 2517 his
1319 2478 1454 2536 qua:
1499 2463 1574 2520 de
1622 2450 1797 2524 nobis

95 2544 413 2607 aguntur,
432 2541 823 2612 ambigimus,
842 2547 1137 2605 debemus
1169 2551 1286 2607 alia
1306 2570 1443 2627 qua:
1465 2554 1640 2611 nobis
1659 2561 1801 2614 sunt

34 2670 35 2675 η
97 2631 278 2683 certa
334 2632 704 2703 conspicere,
729 2640 787 2690 et
814 2652 948 2693 eam
981 2654 1116 2711 quae
1148 2641 1221 2696 de
1263 2646 1473 2701 nostra
1515 2640 1689 2701 nobis
1716 2647 1803 2702 in-

34 2722 36 2767 l

102 2715 483 2774 certitudine
537 2730 863 2794 surexerat,
888 2727 1265 2793 cogitationis
1318 2732 1628 2804 querelam
1674 2733 1800 2807 pla-

34 2822 35 2855 :
102 2821 281 2861 care.
314 2810 464 2865 Ecce
496 2812 653 2868 enim
687 2821 855 2887 quod
883 2816 1099 2875 electos
1127 2821 1205 2876 ad
1234 2822 1420 2879 vitam
1448 2823 1688 2893 ﬂagella
1713 2842 1796 2882 re.

102 2906 388 2965 vocant;
419 2904 475 2954 et
501 2914 536 2955 a
565 2903 745 2960 malis
786 2906 1018 2962 actibus
1064 2909 1355 2983 reprobus
1404 2929 1514 2969 nec
1563 2914 1801 2987 ﬂagella

103 2995 570 3058 compescunt:
606 2994 1036 3066 omnipotentis
1081 3000 1180 3054 Dei
1215 2998 1442 3070 judicia
1472 3012 1652 3076 super
1688 3018 1801 3061 nos

1195 276 1411 335 EPIST.
1443 274 1539 332 AD
1570 272 1989 335 HINCMMIUM
2021 280 2105 337 ET
2134 277 2539 348 HARDULUM.

3468 310 3573 369 998

1905 403 2174 463 humano
2209 414 2715 480 succinditut‘,nec
2748 414 2926 492 lignis
2961 427 3243 497 nutritur;
3278 426 3379 488 sed
3406 451 3570 492 crea-

1907 498 1998 547 tus
2026 500 2211 554 semel
2227 502 2945 582 duratinexstinguibilis,
2968 520 3022 571 et
3043 522 3431 580 succensione
3449 540 3571 581 non

1903 582 2152 657 indiget,
2177 594 2234 645 et
2264 593 2478 651 ardore
2509 612 2632 653 non
2666 607 2845 658 caret.
2874 600 3026 661 Bene
3052 621 3195 678 ergo
3226 610 3300 666 de
3325 608 3440 668 hoc
3464 614 3571 672 ini-

1903 680 2028 743 quo
2056 675 2273 734 dicitur
2306 692 2319 735 :
2348 684 2670 743 Devorabit
2695 700 2827 747 eum
2857 693 3014 763 ignis
3049 675 3150 767 qui
3184 714 3304 756 non
3336 717 3573 760 succen-

1904 762 2074 862 ditur
2099 768 2285 862 :Iquia
2316 773 2752 846 Omnipotentis
2771 776 3001 851 justitla
3030 762 3368 845 futurorum
3396 807 3574 862 praes.

1905 850 2097 953 ciaab
2115 855 2248 927 ipsa
2278 862 2491 918 mundi
2513 865 2740 934 origine
2772 850 3063 937 gehennae
3086 872 3288 944 ignem
3320 850 3568 961 creavit,

1904 941 2010 1010 qui
2030 941 2090 997 in
2111 960 2293 1015 pcena
2323 952 2719 1022 reproborum
2751 972 2880 1013 esse
2906 960 3090 1016 semel
3113 941 3426 1037 inciperet,
3460 941 3564 1024 sed

1906 1029 2184 1088 ardorem
2217 1044 2395 1092 suum
2423 1040 2603 1096 etiam
2645 1042 2771 1099 sine
2799 1043 2979 1115 lignis
3001 1029 3321 1124 nunquam
3352 1029 3565 1112 finiret.

1978 1120 2059 1227 Ex
2088 1122 2301 1227 eodem
2341 1124 2493 1184 libro
2527 1132 2651 1197 (lib.
2686 1148 2807 1201 xv1,
2835 1150 2967 1205 cap.
3008 1120 3187 1209 l6,i7—,
3221 1144 3283 1197 in.
3313 1158 3445 1212 cap.
3474 1160 3572 1227 xul

1903 1200 2030 1279 Job)
2050 1224 2062 1263 :
2086 1210 2217 1279 Ipse
2234 1215 2387 1270 enim
2410 1219 2569 1272 solus
2593 1224 2699 1289 est,
2718 1227 2772 1276 et
2796 1200 2964 1279 nenia
2986 1200 3255 1284 avertere
3267 1200 3458 1301 potest
3481 1200 3572 1289 eo:

1902 1297 2252 1391 gitationem
2284 1305 2411 1373 ejus
2437 1306 2603 1376 (Sap.
2628 1312 2686 1379 ι).
2722 1310 2999 1384 Nunquid
3046 1331 3169 1371 non
3203 1297 3341 1374 sunt
3372 1319 3571 1391 angeli

1905 1388 1962 1438 et
1991 1385 2287 1459 homines,
2321 1393 2541 1449 coelum
2588 1400 2643 1451 et
2675 1400 2852 1467 terra,
2886 1416 2988 1456 aer
3032 1408 3089 1459 et
3136 1420 3321 1474 mare,
3355 1413 3572 1465 cuncta

1903 1473 2188 1545 volatilia,
2241 1482 2684 1555 quadrupedis,
2720 1491 2901 1561 atque
2968 1488 3201 1564 reptilia
3232 1495 3259 1549 Τ
3292 1497 3360 1552 Et
3415 1502 3571 1554 certe

1905 1563 2193 1636 scriptum
2232 1575 2340 1635 est,
2375 1575 2601 1629 creavit
2636 1581 2703 1630 ut
2754 1584 2944 1633 essent
2993 1563 3215 1649 omnia,
3250 1583 3398 1639 Cum
3428 1601 3571 1655 ergo

80 1651 292 1712 pectu
349 1648 480 1716 ejus
526 1651 782 1713 ardebit,
814 1660 869 1710 ει
900 1655 963 1709 in
994 1657 1252 1712 ρίγριιίια
1297 1661 1425 1729 ejus
1479 1664 1795 1730 tempestas
1903 1650 1964 1706 in
1982 1666 2183 1710 rerum
2214 1664 2430 1716 natura
2458 1666 2579 1718 tam
2606 1663 2798 1720 multa
2825 1667 2960 1728 sint.
2986 1685 3092 1724 cur
3115 1648 3275 1728 beati
3296 1673 3405 1729 viri
3424 1690 3571 1731 voce

1826 1765 1866 1819 Β
1902 1754 2066 1798 nunc
2114 1744 2332 1803 dicitur
2359 1764 2373 1803 τ
2408 1744 2542 1820 Ipse
2572 1756 2726 1810 enim
2767 1754 2929 1811 solus
2960 1763 3045 1813 est
3070 1756 3099 1814 ?
3131 1760 3246 1818 Sed
3284 1761 3449 1819 aliud
3479 1774 3575 1831 est

1905 1847 2062 1903 esse,
2112 1834 2276 1892 aliud
2324 1834 2732 1913 principaﬁter
2786 1854 2956 1914 esse;
2993 1846 3158 1904 aliud
3207 1846 3572 1911 mutabiliter

1906 1928 2086 1994 atque
2134 1924 2296 1981 aliud
2344 1927 2797 1988 immutabiliter
2837 1949 2989 1991 esse.
3027 1940 3175 1994 Sunt
3226 1940 3387 1998 enim
3439 1934 3569 1998 haec

1905 2013 2133 2085 omnia,
2157 2016 2261 2071 sed
2302 2016 2708 2091 principaliter
2737 2036 2859 2077 non
2907 2028 3082 2082 sunt:
3109 2028 3253 2092 quia
3295 2030 3352 2085 in
3385 2047 3571 2087 seme-

1906 2101 2072 2173 tipsa;
2094 2104 2341 2161 minime
2368 2108 2722 2178 subsistunt,
2747 2116 2802 2166 et
2822 2111 2935 2167 nisi
2967 2114 3357 2184 gubernantis
3381 2135 3571 2176 manu

1908 2194 2240 2263 teneantur,
2259 2211 2390 2251 esse
2420 2212 2811 2270 nequaquam
2834 2209 3109 2273 possunt.
3144 2208 3369 2265 Cuncta
3398 2225 3572 2266 nam-

1906 2297 2026 2353 que
2052 2283 2115 2338 in
2161 2283 2261 2339 illo
2300 2284 2651 2355 subsistunt,
2689 2303 2726 2344 a
2754 2305 2878 2362 quo
2909 2298 3108 2351 creata
3156 2302 3327 2365 sunt;
3357 2314 3467 2354 nec
3497 2312 3570 2356 ea

1907 2384 2043 2441 quas
2090 2371 2322 2433 vivunt.
2353 2374 2743 2449 sibimetipsis
2793 2378 2978 2436 vitam
3033 2383 3324 2457 tribuunt,
3373 2403 3569 2460 neque

1909 2474 1980 2515 ea
2010 2474 2146 2533 quas
2177 2467 2514 2532 moventur,
2549 2469 2605 2520 et
2633 2471 2766 2522 non"
2792 2467 3003 2526 vivunt
3032 2474 3156 2527 suis
3196 2470 3463 2547 nutibus,
3491 2476 3568 2533 ad

1910 2557 2142 2607 motum
2169 2552 2475 2610 ducuntur
2506 2572 2519 2610 :
2553 2555 2659 2611 sed
2686 2555 2784 2611 ille
2805 2560 3021 2616 cuncta
3046 2568 3265 2635 movet,
3280 2566 3384 2639 qui
3403 2582 3569 2641 quee-

1908 2640 2053 2696 dam
2090 2641 2370 2711 viviﬁcat,
2425 2644 2711 2715 quaedam
2764 2660 2904 2703 vero
2957 2665 3080 2706 non
3132 2652 3450 2723 viviﬁcata,
3507 2654 3570 2711 in

1911 2734 2241 2786 extremam
2285 2734 2604 2788 essentiam
2640 2735 2786 2791 mire
2817 2734 3105 2795 ordinans
3134 2747 3350 2800 servat.
3378 2742 3571 2800 Cunc-

1910 2823 1969 2874 ta
2020 2819 2246 2893 quippe
2301 2836 2372 2875 ex
2427 2821 2615 2877 nihilo
2668 2823 2826 2880 facta
2882 2830 3040 2895 sunt,
3097 2842 3429 2903 eorumque
3481 2848 3572 2888 es-

1911 2908 2101 2964 sentia
2146 2924 2388 2964 rursum
2420 2908 2499 2965 ad
2538 2910 2792 2967 nihilum
2835 2914 3118 2983 tenderet,
3152 2916 3268 2973 nisi
3297 2935 3432 2976 eam
3471 2936 3574 2977 au-

1911 3002 2038 3052 ctor
2067 2997 2341 3052 omnium
2363 2998 2671 3067 regiminis
2697 3014 2886 3057 manu
2905 3004 3200 3061 retineret.
3227 3008 3440 3064 Omnia
3468 3009 3574 3067 ita-

110 3078 295 3135 valde
330 3078 570 3135 occulta
595 3088 754 3151 sunt,
782 3088 839 3139 et
862 3085 1089 3156 injusta
1120 3104 1244 3144 non
1273 3095 1431 3147 sunt.
1464 3090 1579 3148 Sed
1609 3092 1657 3148 si
1684 3098 1799 3149 ten.
1834 3126 1874 3182 ρ
1911 3100 2030 3182 que
2078 3101 2215 3182 (11153
2260 3091 2457 3141 creata
2502 3092 2662 3182 Sunt,
2695 3104 2801 3182 ΡΨ
2831 3106 2892 3145 se
2924 3105 3033 3147 nec
3065 3093 3384 3151 ευῦδὶεῖθΐθ
3423 3114 3575 3170 Prae"

105 3167 350 3224 damus
381 3169 626 3225 oculum
654 3173 867 3228 mentis
896 3175 973 3229 ad
1005 3178 1337 3249 superiora,
1366 3180 1424 3234 in
1454 3180 1566 3235 illis
1594 3181 1806 3254 aspici-

113 3274 280 3320 mus,
312 3258 466 3329 quia
497 3259 570 3314 de
601 3261 777 3316 nobis
797 3263 945 3334 quid
971 3265 1131 3335 juste
1161 3268 1449 3340 conqueri
1469 3282 1590 3326 non
1617 3270 1804 3327 habe-

111 3360 278 3404 mus.
304 3348 708 3421 Omnipotens
729 3351 889 3407 enim
910 3355 1065 3409 Deus
1084 3355 1438 3425 angelorum
1458 3356 1671 3416 merita
1689 3361 1808 3416 dis-

116 3450 409 3506 cernens,
427 3437 578 3494 alios
609 3439 671 3495 in
704 3444 921 3498 aeterna
942 3440 1076 3499 luce
1093 3445 1222 3501 sine
1250 3445 1427 3519 lapsu
1448 3462 1804 3521 permanere

116 3528 469 3597 constituit;
496 3527 644 3585 alios
682 3535 893 3602 sponte
932 3531 1139 3605 lapsos
1170 3550 1204 3590 a
1233 3537 1391 3592 statu
1430 3553 1551 3593 suae
1578 3540 1810 3597 celsitu-

119 3616 307 3687 dinis,
343 3616 408 3673 in
451 3622 688 3675 aeternis
731 3618 1139 3678 damnationis
1188 3624 1413 3682 ultione
1462 3631 1800 3701 prostravit.

34 3716 35 3719 ‘
120 3706 462 3762 Nobiscum
493 3707 673 3777 igitur
694 3708 914 3779 injuste
945 3711 1091 3768 nihil
1131 3714 1269 3782 agit,
1303 3716 1407 3789 qui
1439 3724 1494 3774 et
1533 3718 1803 3777 subtilio-

34 3806 35 3815 ‘
121 3810 255 3851 rem
307 3795 489 3851 nobis
535 3802 817 3855 naturam
855 3799 1014 3872 juste
1049 3801 1358 3873 judicavit.
1406 3807 1568 3865 Dicat
1610 3826 1753 3880 ergo
1788 3828 1800 3867 :

124 3885 430 3956 Nunquid
474 3887 662 3943 Deum
718 3891 1013 3961 quispiam
1065 3892 1294 3950 docebit
1347 3898 1807 3973 scientiam,qui

127 3977 704 4045 excelsosjudicat?
728 3977 838 4045 Qui
870 3980 1031 4037 enim
1077 3998 1260 4056 super
1286 4000 1401 4042 nos
1451 3988 1603 4045 mira
1641 3990 1801 4056 facit,

127 4068 372 4120 constat
395 4064 607 4136 procul
629 4065 818 4123 dudio
844 4068 988 4141 quia
1017 4068 1091 4126 de
1116 4068 1292 4127 nobis
1324 4075 1577 4133 scienter
1597 4080 1805 4137 omnia

127 4150 420 4225 disponit.
439 4154 532 4209 His
561 4154 763 4228 itaque
797 4156 1122 4228 praemissis
1158 4160 1527 4233 adjungitur,
1560 4165 1666 4222 ubi
1695 4166 1806 4224 hu-

130 4250 357 4299 manus
380 4243 622 4299 animus
642 4244 703 4301 in
730 4245 1111 4318 requisitione
1148 4249 1446 4321 fatigatur.
1471 4257 1619 4311 Nam
1667 4259 1809 4314 sub-

132 4331 293 4388 ditur
318 4351 331 4389 :
352 4335 477 4391 Iste
489 4335 753 4390 moritur
774 4337 1052 4393 robustus
1072 4345 1125 4395 et
1142 4354 1347 4409 sanus,
1362 4342 1524 4400 dives
1544 4351 1598 4401 et
1612 4347 1809 4417 felix;

133 4421 363 4479 viscera
379 4425 510 4493 ejus
534 4424 717 4493 plena
739 4431 877 4480 sunt
899 4425 1095 4496 adipe,
1111 4434 1169 4484 et
1188 4430 1468 4487 medullis
1486 4448 1615 4489 ossa
1635 4435 1806 4493 illius

132 4509 488 4582 irrigantur
501 4513 694 4568 :alius
721 4528 857 4570 vero
882 4517 1144 4572 moritur
1162 4518 1225 4573 in
1249 4522 1663 4581 amaritudine
1683 4527 1816 4582 ani-

137 4613 247 4654 mw
262 4615 388 4657 sua:
409 4601 632 4673 absque
646 4604 791 4659 ullis
814 4605 1111 4690 operibus.
1126 4607 1242 4663 Ista
1265 4621 1404 4664 cum
1420 4610 1503 4667 ita
1521 4612 1655 4681 sint,
1670 4616 1808 4688 quis

137 4689 569 4762 omnipotentis
596 4691 696 4747 Dei
722 4698 948 4749 secreta
965 4694 1265 4763 discutiat,
1288 4713 1393 4753 cur
1422 4699 1551 4756 haec
1573 4704 1655 4758 ita
1682 4720 1812 4761 esse

142 4775 611 4841 permittat?Sed
632 4777 830 4833 electis
842 4783 900 4834 et
916 4779 1189 4852 reprobis
1207 4786 1265 4838 et
1282 4784 1405 4840 vita
1430 4785 1677 4857 quidem
1695 4789 1819 4846 dis—

143 4874 253 4931 par
268 4870 391 4933 est;
412 4864 611 4922 carnis
635 4870 838 4923 autem
851 4867 911 4922 in
933 4873 1123 4926 morte
1138 4874 1442 4947 corruptio
1465 4874 1675 4949 dispar
1690 4892 1815 4936 non

147 4954 250 5007 est.

220 5042 301 5098 Ex
314 5044 533 5100 eodem
557 5043 710 5101 libro
732 5046 890 5116 (cap.
912 5046 976 5101 17
999 5046 1063 5102 in
1086 5061 1219 5119 cap.
1241 5064 1281 5106 χ
1305 5048 1473 5123 Job):
1495 5054 1818 5113 Devoravit

152 5134 279 5185 eum
302 5133 462 5203 ignis
488 5136 595 5206 qui
625 5150 744 5191 non
774 5137 1170 5193 succinditur.
1203 5147 1230 5173 ι
1258 5138 1398 5195 Miro
1425 5139 1603 5198 valde
1634 5142 1818 5199 modo

151 5222 358 5288 paucis
405 5224 607 5280 verbis
655 5238 980 5298 expressus
1010 5230 1097 5283 est
1126 5226 1280 5297 ignis
1314 5229 1624 5299 gehennae.
1659 5231 1820 5302 Ignis

158 5317 392 5383 nanque
441 5326 796 5386 corporeus,
824 5320 890 5372 ut
918 5330 1047 5372 esse
1072 5315 1233 5386 ignis
1270 5316 1486 5389 valeat,
1517 5321 1819 5393 corporeis

159 5390 376 5468 indiget
399 5402 704 5459 fomentis.
730 5403 840 5470 Qui
873 5419 1012 5460 cum
1043 5418 1287 5463 necesse
1314 5410 1407 5464 est
1434 5411 1498 5463 ut
1527 5390 1817 5480 servetur,

162 5494 263 5553 per
277 5495 560 5561 congesta
580 5491 745 5563 ligna
771 5493 983 5565 procul
1004 5493 1191 5550 dudio
1216 5496 1473 5552 nutritur
1496 5512 1508 5551 :
1533 5508 1643 5554 nec
1659 5498 1819 5557 valet

165 5570 270 5628 nisi
300 5592 621 5636 succensus
661 5596 811 5651 esse,
845 5585 901 5637 et
927 5582 1039 5637 nisi
1069 5581 1324 5639 refectus
1370 5585 1714 5643 subsistere.
1747 5592 1817 5645 At

170 5670 361 5723 contra
384 5671 671 5739 gehennae
694 5672 868 5739 ignis,
894 5684 1033 5726 cum
1064 5673 1139 5728 sit
1159 5673 1567 5746 incorporeus,
1596 5681 1650 5732 et
1673 5675 1732 5731 in
1757 5695 1817 5732 se

170 5750 372 5812 missos
414 5760 711 5833 reprobos
764 5761 1154 5834 corporaliter
1196 5768 1424 5834 exurat,
1458 5778 1568 5821 nec
1620 5767 1819 5825 studio

1915 3172 2128 3240 valent,
2162 3189 2272 3228 nec
2316 3174 2578 3241 moveri;
2610 3175 2717 3230 sed
2757 3178 3056 3235 intantum
3102 3182 3449 3255 subsistunt,
3480 3185 3573 3241 in-

1913 3266 2210 3335 quantum
2257 3266 2324 3318 ut
2367 3277 2500 3318 esse
2534 3263 2792 3322 debeant
2839 3275 3241 3341 aeceperunt:
3276 3272 3575 3331 intantum

1914 3357 2253 3423 moventur,
2270 3350 2632 3424 inquantum
2664 3355 2897 3412 occulto
2938 3355 3221 3415 instinctu
3244 3360 3578 3435 disponun-

1914 3444 2030 3497 tur.
2062 3442 2209 3497 Ecce
2240 3441 2400 3497 enim
2430 3448 2710 3515 peccator
2739 3444 3139 3516 ﬂagellandus
3165 3454 3253 3506 est
3276 3451 3351 3508 de
3395 3453 3576 3508 rebus

1915 3529 2201 3586 humanis
2236 3546 2248 3585 :
2284 3532 2496 3588 arescit
2524 3532 2586 3588 in
2616 3531 2929 3591 laboribus
2962 3535 3092 3608 ejus
3127 3542 3296 3608 terra,
3355 3558 3577 3599 concu-

1915 3619 2055 3675 titur
2072 3618 2133 3675 in
2157 3620 2285 3691 ejus
2311 3620 2640 3691 naufragiis
2661 3638 2850 3694 mare,
2874 3624 3128 3696 ignescit
3147 3627 3210 3684 in
3232 3630 3363 3702 ejus
3394 3632 3576 3689 sudo-

1917 3708 2082 3764 ribus
2104 3709 2668 3775 aer,obtenebrescit
2690 3718 2897 3770 contra
2917 3731 3057 3772 eum
3083 3716 3580 3778 inundationibus

1916 3798 2159 3860 coelum,
2190 3798 2579 3856 inardescunt
2606 3801 2665 3856 in
2697 3802 2827 3873 ejus
2859 3805 3361 3876 oppressionibus
3389 3808 3582 3869 homi—

1914 3894 2367 3953 nes,moventur
2387 3888 2448 3943 in
2474 3888 2603 3960 ejus
2632 3890 2989 3948 adversitate
3012 3898 3069 3949 et
3095 3896 3380 3963 angelicae
3404 3899 3585 3957 virtu-

1914 3981 2026 4034 tes.
2045 3978 2326 4051 Nunquid
2338 3993 2483 4034 nam
2494 3978 2589 4035 hic
2601 3995 2738 4051 quae
2754 3978 3105 4050 inanimata,
3120 3984 3362 4059 velquae
3377 3986 3582 4045 viven-

1915 4067 1998 4123 tia
2035 4067 2321 4135 diximus,
2378 4069 2501 4123 suis
2547 4067 3050 4140 instinctionibus,
3096 4078 3154 4129 et
3209 4091 3333 4131 non
3385 4079 3582 4149 magis

1916 4154 2137 4211 divinis
2195 4156 2660 4229 impulsionibus
2730 4156 3033 4229 agitantur
3073 4159 3100 4215 Ἰ
3147 4164 3448 4240 Quidquid
3498 4172 3588 4225 est

1917 4245 2120 4317 itaque
2152 4247 2320 4318 quod
2371 4249 2629 4304 exterius
2670 4249 2857 4317 saevit,
2903 4266 3013 4323 per
3041 4249 3158 4309 hoc
3210 4254 3305 4311 ille
3356 4257 3589 4313 intuen-

1919 4334 2035 4390 dus
2080 4339 2168 4392 est
2205 4335 2309 4409 qui
2356 4337 2472 4393 hoc
2512 4337 2762 4394 interius
2803 4338 3089 4413 disponit.
3120 4343 3185 4398 In
3214 4345 3382 4402 omni
3409 4346 3590 4416 igitur

1920 4439 2126 4495 causa,
2160 4425 2324 4481 solus
2358 4426 2483 4499 ipse
2526 4426 2854 4483 intuendus
2886 4434 2974 4485 est
3016 4430 3144 4502 [al.,
3177 4435 3585 4509 metuendus],

1921 4514 2026 4586 qui
2075 4514 2482 4588 principaliter
2509 4520 2617 4586 est,
2646 4516 2750 4589 qui
2798 4517 2980 4574 etiam
3024 4519 3105 4576 ad
3145 4522 3368 4579 Mosem
3398 4523 3585 4585 dicit:

1921 4605 2051 4675 Ego
2099 4621 2231 4661 sum
2262 4608 2368 4677 qui
2384 4622 2513 4661 sum
2547 4621 2569 4661 ,ο
2598 4608 2683 4661 sic
2708 4608 2869 4664 dices
2899 4609 3047 4678 ﬁliis
3090 4610 3285 4668 Israel
3311 4629 3324 4667 :
3361 4614 3477 4681 Qui
3498 4620 3583 4671 est

1916 4696 2083 4751 misit
2113 4710 2206 4751 me
2244 4695 2325 4751 ad
2353 4710 2452 4751 vos
2484 4695 2702 4766 (Exod.
2735 4696 2839 4767 in).
2888 4698 3037 4752 Cum
3078 4698 3281 4773 itaque
3327 4700 3590 4770 ﬂagella-

1924 4799 2061 4839 mur
2086 4799 2194 4856 per
2229 4800 2302 4838 ea
2357 4799 2495 4855 quae
2535 4782 2837 4852 videmus,
2866 4784 3031 4842 illum
3086 4787 3380 4843 debemus
3433 4789 3592 4846 solli-

1926 4872 2037 4927 cite
2101 4876 2385 4941 metuere,
2444 4888 2625 4945 quem
2689 4888 2811 4927 nou
2879 4872 3176 4930 videmus.
3222 4877 3319 4932 Vir
3390 4876 3590 4952 itaque

1924 4966 2169 5018 sanctus
2219 4961 2509 5035 despiciat
2553 4960 2852 5035 quidquid
2893 4964 3148 5020 exterius
3194 4969 3390 5040 terret,
3421 4969 3595 5043 quid-

1927 5050 2074 5122 quid
2115 5064 2224 5122 per
2269 5050 2591 5107 essentiam
2638 5063 2833 5122 suam,
2870 5050 2983 5107 nisi
3021 5059 3345 5124 regeretur,
3378 5058 3457 5116 ad
3506 5059 3595 5116 ni-

1927 5136 2119 5195 hilum
2193 5139 2517 5195 tenderet:
2586 5143 2642 5195 et
2707 5140 2923 5196 mentis
2999 5143 3176 5201 oculo
3252 5149 3592 5221 suppressis

1918 5228 2214 5286 omnibus
2246 5229 2548 5285 intueatur
2584 5242 2777 5286 unum
2815 5230 2878 5287 in
2908 5232 3081 5305 cujus
3120 5236 3394 5293 essentia:
3426 5254 3593 5294 com-

1926 5318 2262 5393 paratione,
2293 5332 2426 5375 esse
2456 5323 2731 5375 nostrum
2752 5334 2875 5377 non
2902 5336 3034 5378 esse
3064 5327 3237 5392 est,et
3255 5322 3435 5383 dicat:
3460 5324 3598 5398 Ipse

1929 5410 2086 5465 enim
2141 5408 2304 5464 solus
2331 5414 2436 5464 est.
2493 5412 2570 5464 De
2636 5409 2810 5480 cujus
2863 5426 3008 5466 mox
3086 5411 3594 5484 immutabilitate,

1929 5503 2069 5572 apte
2149 5498 2536 5570 subjungitur
2581 5516 2595 5554 :
2649 5500 2731 5556 Et
2806 5516 2975 5557 nemo
3059 5508 3330 5560 avertere
3400 5512 3596 5576 potest

1936 5590 2352 5659 cogitationem
2404 5592 2551 5659 ejus.
2614 5589 2770 5645 Sicut
2825 5589 2986 5644 enim
3041 5588 3436 5652 immutabilis
3492 5613 3600 5657 na-

1932 5684 2067 5734 tura
2097 5683 2203 5744 est,
2230 5678 2309 5734 ita
2330 5677 2724 5734 immutabilis
2759 5679 3142 5750 cogitatione.
3160 5680 3598 5753 Cogitationem

1933 5768 2159 5842 quippe
2185 5769 2313 5840 ejus
2342 5767 2544 5825 nullus
2571 5768 2799 5840 avertit,
2823 5768 2970 5842 quia
2996 5782 3176 5828 nemo
3201 5770 3474 5833 resistere
3504 5793 3601 5839 oc.

240 5847 260 5868 ‘
284 5846 491 5906 Totum
521 5850 685 5907 hunc
708 5850 912 5909 locum
935 5866 1046 5924 pro
1077 5869 1139 5909 se
1167 5853 1311 5912 citat
1339 5854 1696 5915 Hincmarus
1721 5856 1831 5919 lib.
1859 5859 1940 5921 de
1968 5857 2518 5932 Praedestinatione,
2544 5874 2676 5934 cap.
2708 5862 2775 5917 16
