3974 6388
373 260 477 316 999

379 378 548 434 cultis
578 379 964 450 ejusjudiciis
993 381 1288 452 praevalet.
1328 383 1479 437 Nam
1505 382 1611 438 etsi
1643 382 1884 437 fuerunt
1911 379 2044 451 qui-
2071 378 2117 429 Α

380 467 521 522 dam
573 468 676 540 qui
719 468 1239 540 deprecationibus
1281 470 1403 524 suis
1449 471 1577 540 ejus
1619 469 2040 539 cogitationem

379 557 661 613 avertisse
695 557 1025 612 videantur.
1057 555 1138 612 ita
1171 557 1280 613 fuit
1310 558 1439 628 ejus
1473 559 1710 614 interna
1737 558 2041 628 cogitatio,

382 652 447 702 ut
476 647 828 702 sententiam
881 645 1038 700 illius
1084 651 1346 702 avertere
1391 647 1776 720 deprecando
1819 646 2047 721 potuis-

383 740 531 802 sent,
555 740 610 789 et
635 733 714 788 ab
745 750 815 788 eo
843 735 1112 805 accipere
1141 735 1309 806 quod
1339 742 1586 806 agerent
1624 737 1790 809 apud
1820 738 2042 809 ipsum.

383 824 544 879 Dicat
574 837 716 889 ergo
746 840 757 876 :
794 823 869 877 Et
893 838 1060 878 nemo
1082 826 1301 893 poterit
1327 832 1601 882 avertere
1624 828 2042 895 cogitationem

381 911 528 978 ejus,
559 909 701 980 quia
744 910 928 964 semel
953 911 1075 966 lixa
1107 913 1338 981 judicia
1392 915 1610 970 mutari
1654 930 2044 986 nequaquam

379 1001 651 1069 possunt.
682 999 842 1053 Unde
871 1000 1161 1071 scriptum
1193 1007 1316 1057 est:
1346 1005 1722 1072 Praeceptum
1746 1005 1964 1072 posuit,
1990 1009 2045 1058 et

379 1103 495 1141 non
537 1089 871 1155 prtt'leribit
922 1090 1040 1159 (1’s.
1093 1093 1339 1162 CXLVIII).
1391 1095 1454 1146 Et
1501 1109 1782 1147 rursum:
1815 1093 2043 1148 Caelum

378 1181 432 1231 et
465 1182 627 1231 terra
665 1179 1029 1244 transibunt,
1062 1180 1242 1235 verba
1277 1187 1482 1237 autem
1526 1197 1658 1237 mea
1686 1199 1805 1237 non
1830 1183 2047 1238 transi-

380 1263 525 1319 bunt
551 1265 712 1336 (Luc.
744 1266 876 1335 xxi).
906 1269 968 1320 Et
989 1283 1230 1323 rursum
1263 1287 1274 1324 :
1307 1271 1442 1325 Non
1470 1271 1624 1327 enim
1657 1272 2045 1340 cogitationes

378 1369 522 1408 mem
569 1354 721 1408 sicut
765 1357 1151 1424 cogitationes
1197 1365 1425 1423 vestrae,
1450 1374 1638 1430 neque
1669 1361 1776 1414 viae
1803 1375 1945 1415 meae
1973 1362 2046 1414 si-

379 1448 480 1496 cut
510 1443 617 1498 viav
640 1449 849 1498 vestrae
874 1445 1016 1512 (Isa.
1052 1449 1253 1515 xxxv).
1291 1449 1436 1502 Cum
1465 1463 1607 1513 ergo
1638 1449 1896 1503 exterius
1917 1465 2046 1504 mu-

381 1530 489 1584 tari
522 1530 756 1586 videtur
787 1533 1098 1598 sententia,
1131 1534 1377 1590 interius
1417 1537 1733 1592 consilium
1764 1553 1886 1592 non
1918 1555 2046 1592 mu-

379 1621 558 1686 tatur,
589 1619 732 1690 quia
779 1621 853 1676 de
889 1638 1251 1694 unaquaque
1290 1640 1352 1680 re
1389 1623 1840 1681 immutabihter
1884 1627 2044 1682 intus

1447 263 1500 316 S.
1542 255 1921 317 PRUDENTII
1957 253 2336 310 TRECENSIS
2375 256 2708 315 EPISCOPI.

3679 259 3830 314 1000

2231 378 2310 431 Ex
2339 376 2493 434 libro
2522 396 2561 434 x
2585 379 2671 450 (in
2692 396 2744 437 c.
2776 380 2918 448 xxx)
2945 399 2958 434 :
2989 377 3080 434 Ab
3108 378 3235 434 heri
3251 379 3500 450 quippe,
3523 383 3581 434 et
3608 395 3645 436 a
3664 386 3832 452 prie-

2157 465 2325 521 terito
2357 473 2624 540 tempore
2671 473 3007 542 praeparata
3036 473 3124 522 est
3171 484 3208 523 a
3252 483 3392 537 rege
3427 469 3680 524 Domino
3710 472 3827 524 To-

2156 555 2316 626 phet,
2349 555 2412 611 id
2465 563 2553 612 est
2598 558 2720 614 lata
2767 563 2825 614 et
2867 557 3137 630 spatiosa
3189 557 3488 626 gehenna,
3527 573 3666 630 quas
3717 573 3828 613 eos

2157 645 2392 700 aeternis
2414 652 2547 702 urat
2575 646 2916 702 ardoribus.

2229 733 2572 806 Hieronymi
2619 734 2952 808 presbyteri
3009 733 3497 811 explanationem
3562 734 3626 790 in
3681 737 3827 790 Eze-

2157 821 2326 877 chiel.
2360 823 2512 879 libro
2561 841 2619 878 IV
2668 826 2754 889 (in
2793 840 2844 879 c.
2880 827 3036 895 xxv):
3070 824 3196 879 Fili
3241 823 3514 888 hominis,
3547 825 3654 880 isti
3697 824 3829 880 viri

2156 913 2263 981 qui
2297 927 2497 968 coram
2537 919 2591 969 te
2613 914 2840 977 sedent,
2871 919 3198 983 posuerunt
3229 913 3643 969 immunditias
3673 929 3824 969 suas

2155 1001 2218 1054 in
2240 1001 2516 1057 cordibus
2544 1004 2687 1072 suis,
2713 1003 2833 1058 sive
2879 1003 3293 1073 cogitationes:
3337 1007 3396 1057 et
3419 1002 3591 1073 juxta
3637 1004 3823 1074 Sym-

2156 1090 2443 1144 machum
2485 1095 2541 1146 et
2595 1091 3087 1160 Theodotionem,
3118 1091 3283 1146 idola
3331 1095 3383 1147 et
3429 1091 3820 1148 scandalum.

2156 1178 2439 1250 Nunquid
2467 1179 2817 1250 hujusmodi
2836 1179 3186 1235 hominibus
3205 1178 3400 1234 debeo
3424 1179 3823 1251 respondere,

2155 1265 2259 1337 qui
2289 1284 2426 1322 cum
2471 1269 2936 1338 cogitationibus
2979 1268 3245 1342 pirstinis
3296 1268 3375 1324 ad
3416 1284 3514 1324 me
3542 1269 3820 1336 veniunt,

2155 1369 2231 1409 ne
2258 1355 2374 1411 hoc
2405 1357 2651 1429 quidem
2682 1362 2950 1430 tempore
2971 1357 3292 1432 impietatis
3321 1373 3444 1412 suae
3473 1357 3700 1414 scelera
3730 1373 3825 1413 re-

2154 1443 2532 1517 linquentes?
2560 1448 2710 1512 Quia
2737 1447 2916 1517 igitur
2936 1463 3218 1520 perverso
3240 1447 3316 1502 ad
3349 1452 3402 1503 te
3429 1446 3608 1503 corde
3639 1462 3826 1503 vene-

2155 1538 2314 1593 runt.
2346 1536 2644 1606 responde
2682 1536 2786 1603 eis,
2819 1552 2942 1591 non
2999 1552 3070 1592 ex
3123 1551 3388 1608 persona
3431 1541 3552 1606 tua,
3585 1535 3694 1591 sed
3745 1551 3824 1590 ex

2156 1639 2291 1678 meo
2317 1623 2592 1695 imperio,
2619 1630 2675 1679 et
2703 1624 2865 1680 dices
2893 1625 2970 1680 ad
2995 1641 3100 1680 eos
3127 1642 3140 1679 :
3168 1625 3299 1680 Haec
3321 1625 3462 1681 dicit
3494 1623 3817 1680 Dominus.

381 1709 760 1765 constituitur
797 1728 810 1778 ;
857 1712 1155 1784 quidquid
1214 1713 1354 1768 foris
1411 1715 1776 1771 mutabiliter
1826 1716 2040 1785 agitur.
2076 1727 2118 1779 Β
2158 1711 2252 1763 Est
2277 1715 2477 1766 autem
2504 1713 2682 1768 totius
2725 1713 2840 1768 loci
2887 1713 3004 1770 ista
3029 1714 3352 1770 sententia:
3385 1717 3571 1770 Homo
3600 1713 3821 1785 homo,

383 1799 700 1870 Sequitur:
729 1801 807 1855 Et
849 1803 1051 1856 anima
1085 1804 1214 1871 ejus
1266 1805 1661 1875 quodcunque
1701 1807 1908 1872 voluit,
1935 1807 2044 1861 hoc

378 1888 544 1956 fecit.
571 1888 717 1942 Cum
761 1888 831 1943 sit
871 1891 1099 1944 cunctis
1126 1891 1480 1962 corporibus
1516 1893 1788 1962 exterior,
1817 1894 2044 1949 cunctis

382 1975 686 2030 mentibus
707 1977 947 2032 interior
971 1982 1125 2032 Deus
1153 1997 1164 2044 ;
1195 1996 1265 2034 ea
1288 1980 1417 2052 ipsa
1441 1982 1528 2036 vis
1547 1982 1675 2052 ejus
1697 1999 1818 2053 qua
1839 1983 2044 2038 omnia

382 2070 674 2137 penetrat,
708 2072 1041 2138 cunctaque
1073 2068 1369 2140 disponit;
1405 2070 1609 2125 anima
1638 2070 1793 2125 lllius
1820 2071 2043 2144 apella-

383 2157 498 2208 tur.
558 2154 738 2221 Cujus
789 2154 1058 2210 videlicet
1110 2155 1399 2212 voluntati
1447 2175 1557 2213 nec
1603 2158 1701 2214 illa
1747 2159 2046 2214 obsistunt

383 2258 521 2313 quae
554 2247 760 2296 contra
800 2243 1164 2298 voluntatem
1196 2244 1351 2300 illius
1396 2246 1522 2301 ﬁeri
1566 2247 1862 2302 videntur.
1895 2249 2038 2313 Quia

385 2330 463 2386 ad
517 2331 628 2385 hoc
679 2346 1074 2403 nonunquam
1123 2335 1408 2405 permittit
1459 2334 1605 2401 ﬁeri,
1653 2337 1834 2392 etiam
1877 2336 2044 2408 quod

384 2435 509 2474 non
546 2420 826 2492 praecipit,
864 2429 923 2476 ut
968 2438 1075 2493 per
1116 2423 1232 2477 hoc
1276 2423 1419 2479 illud
1463 2425 1678 2480 certius
1724 2426 2044 2497 impleatur

383 2508 549 2580 quod
577 2508 764 2578 jubet.
813 2517 1110 2581 Apostatzr
1140 2511 1365 2584 quippe
1395 2513 1591 2582 angeli
1620 2531 1901 2586 perversa
1941 2531 2042 2570 vo-

386 2599 587 2652 luntas
611 2604 731 2654 est:
768 2599 870 2654 sed
902 2606 1101 2655 tamen
1131 2617 1166 2654 a
1196 2603 1311 2656 Deo
1333 2601 1682 2657 mirabiliter
1711 2603 2041 2672 ordinatur,

384 2689 450 2741 ut
474 2685 620 2758 ipsae
652 2703 895 2760 quoque
925 2688 1054 2758 ejus
1079 2688 1309 2743 insidiae
1339 2689 1567 2745 utilitati
1595 2691 1893 2747 bonorum
1926 2710 2044 2748 ser-

382 2775 568 2846 viant,
600 2792 754 2848 quos
785 2781 1046 2848 purgant
1083 2777 1230 2832 dum
1276 2784 1520 2834 tentant.
1566 2780 1656 2836 Sic
1687 2782 1886 2853 itaque
1916 2785 2043 2851 ejus

383 2867 588 2920 anima
632 2865 1025 2936 quodcunque
1056 2868 1268 2935 voluit,
1303 2867 1412 2924 hoc
1446 2870 1612 2937 fecit,
1644 2877 1703 2924 ul
1727 2870 1865 2925 inde
1895 2888 2043 2943 quo-

382 2967 501 3022 que
555 2952 923 3010 voluntatem
987 2972 1159 3010 suam
1217 2957 1484 3030 impleat,
1537 2960 1696 3015 unde
1755 2960 2044 3016 voluntati

382 3040 538 3096 illius
564 3044 886 3115 repugnari
917 3044 1253 3100 videbatur.

1048 3135 1275 3190 CAPUT
1316 3139 1376 3191 Χ.

723 3225 823 3276 Ex.
859 3222 946 3277 SS
971 3224 1200 3280 Isidoro
1227 3231 1280 3280 et
1313 3227 1700 3296 Hieronymo.

456 3307 660 3363 Isidori
681 3325 754 3363 ex
775 3309 927 3365 libro
951 3326 968 3365 1
993 3313 1453 3379 Sententiarum,
1486 3314 1561 3369 de
1585 3316 1784 3371 Gratia
1811 3322 1869 3372 et
1897 3320 2044 3372 Prae-

383 3395 776 3451 deslinatione
809 3400 960 3467 (cap.
987 3401 1076 3470 22)
1109 3419 1120 3455 :
1159 3402 1319 3457 Sicut
1367 3402 1603 3472 ignorat
1629 3405 1814 3460 homo
1845 3406 2044 3461 termi-

384 3495 531 3533 num
563 3480 712 3537 lucis
741 3488 796 3538 et
834 3486 1239 3554 tenebrarum,
1287 3491 1380 3546 vel
1429 3491 1737 3564 utriusque
1775 3495 1859 3548 rei
1911 3494 2046 3565 quis

384 3566 523 3621 ﬁnis
551 3569 654 3625 sit:
682 3573 760 3626 ita
789 3572 1023 3644 plenius
1057 3577 1261 3642 nescit,
1288 3578 1426 3649 quis
1471 3585 1606 3635 ante
1651 3597 1828 3636 suum
1861 3582 2045 3637 finem

383 3655 516 3712 luce
541 3657 781 3728 justitize
818 3665 1252 3734 praeveniatur;
1278 3667 1366 3722 vel
1387 3668 1522 3740 quis
1548 3676 1934 3739 paccatorum
1962 3677 2043 3726 te-

383 3745 586 3801 nebris
635 3765 825 3821 usque
853 3750 916 3805 in
956 3769 1133 3808 suum
1175 3755 1500 3810 terminum
1548 3757 1920 3826 ohscuretur,
1944 3763 2048 3815 aut

381 3833 518 3906 quis
547 3841 684 3908 post
713 3837 953 3911 lapsum
983 3841 1366 3899 tenebrarum
1409 3851 2049 3916 conversus,resurgat

383 3923 465 3979 ad
519 3923 738 3982 lucem.
800 3930 1025 3986 Cuncta
1085 3931 1206 3989 haec
1265 3936 1384 3989 Deo
1439 3938 1664 4007 patent,
1695 3933 2046 3991 hominibus

380 4030 522 4070 vero
551 4014 754 4074 latent.

457 4105 800 4178 Hieronymi
825 4108 887 4164 in
915 4109 1065 4167 Isaia
1088 4109 1192 4166 lib.
1221 4128 1282 4167 x1
1303 4112 1460 4182 (cap.
1484 4117 1536 4181 6,
1561 4116 1623 4170 in
1645 4130 1695 4171 c.
1720 4119 1780 4183 v)
1805 4131 1817 4171 :
1853 4117 2046 4181 Quam

384 4193 585 4249 saeculi
608 4195 858 4268 [al.,qui
892 4198 1117 4270 saeculi]
1140 4200 1365 4256 deliciis
1395 4203 1693 4272 occupati,
1727 4221 1836 4260 nec
1865 4206 2048 4278 respi-

385 4281 604 4338 cientes
629 4299 813 4355 opera
843 4286 964 4355 Dei,
989 4288 1203 4359 captivi
1227 4289 1528 4347 ducuntur
1549 4292 1608 4348 in
1635 4299 1970 4365 peccatum,
1992 4298 2048 4349 et

383 4387 508 4427 non
539 4371 762 4428 habent
813 4375 1124 4432 scientiam
1169 4379 1287 4446 Dei,
1323 4385 1379 4435 et
1409 4380 1630 4436 idcirco
1669 4382 1827 4438 fame
1857 4388 1913 4438 et
1955 4383 2046 4438 siti

383 4465 634 4532 pereunt
671 4461 972 4519 bonorum
1002 4481 1274 4538 Operum,
1300 4473 1480 4541 atque
1510 4471 1798 4526 virtutum
1823 4489 1836 4526 :
1865 4477 1922 4527 et
1949 4471 2048 4527 de—

383 4548 692 4605 trahentur
711 4549 769 4605 in
799 4552 1158 4622 gehennam,
1184 4554 1388 4628 ibique
1419 4557 1655 4613 aeternis
1683 4558 2047 4615 cruciatibus

382 4637 670 4709 deputati,
694 4641 1024 4712 potentiam
1041 4647 1112 4699 .et
1141 4643 1493 4716 superbiam
1520 4647 1762 4703 miseria
1783 4652 2048 4716 cernent,

383 4731 440 4783 et
469 4727 802 4785 humilitate
833 4731 1071 4788 mutari.

459 4815 798 4890 Hieronymi
838 4819 899 4874 in
927 4820 1103 4887 Isaia,
1134 4821 1288 4877 libro
1329 4839 1386 4878 ιιι
1436 4824 1516 4894 (in
1546 4839 1564 4878 1
1579 4831 1817 4894 partem
1845 4826 2002 4897 c.1x)
2034 4860 2048 4898 ε

385 4905 703 4968 Quomodo
771 4908 930 4963 enim
1002 4911 1182 4965 vestis
1235 4927 1370 4982 quae
1430 4911 1702 4968 humano
1755 4914 2052 4983 sanguine

386 4997 694 5049 cruentata
738 5000 848 5060 est,
877 5000 1076 5054 sanari
1117 5013 1242 5054 non
1273 5003 1490 5071 potest.
1519 5000 1625 5054 sed
1656 5000 1873 5058 infecta
1913 5017 2052 5058 san-

386 5077 584 5148 guine,
610 5080 745 5148 igne
765 5083 1156 5153 comburitur,
1181 5090 1244 5141 ut
1260 5086 1513 5142 maculae
1537 5103 1677 5143 cum
1699 5089 2052 5146 vestimento

384 5164 528 5222 fmdi
555 5169 783 5224 cruoris
811 5170 1102 5228 intereant
1128 5191 1140 5227 :
1177 5173 1258 5229 sic
1291 5174 1516 5232 diaboli
1545 5177 1806 5234 violenta
1827 5178 2052 5250 praada.

385 5255 486 5324 tio,
527 5261 582 5312 et
630 5258 918 5315 tumultus
966 5276 1037 5315 ac
1081 5262 1266 5317 turbae
1310 5263 1535 5335 quibus
1570 5265 1907 5322 humanum
1938 5266 2051 5322 sibi

387 5344 705 5415 subjiceret
732 5363 943 5419 genus,
977 5349 1267 5420 gehennae
1289 5351 1530 5422 ignibus
1563 5352 1862 5425 deputatae
1889 5359 2046 5410 sunt.

460 5433 526 5487 In
573 5434 726 5492 libro
790 5452 883 5493 vui
934 5438 1036 5510 (in.
1064 5440 1283 5511 cxxv).
1332 5443 1402 5496 Ut
1439 5443 1644 5498 omnia
1686 5459 1870 5516 opera
1921 5443 2051 5514 ejus

386 5519 764 5589 proferantur
805 5525 868 5581 in
906 5526 1242 5598 publicum,
1262 5531 1320 5584 et
1356 5528 1782 5602 disperguntur
1809 5531 2050 5589 habita-

392 5609 545 5692 tores
575 5610 704 5678 ejus
744 5612 804 5668 in
847 5613 1088 5670 diversa
1127 5615 1282 5687 loca,
1312 5619 1578 5689 praemiis
1616 5619 1710 5675 vel
1739 5618 2048 5692 suppliciis

391 5688 658 5759 deputati
689 5698 817 5768 (aL,
848 5701 1170 5773 destinati]-

2154 1814 2276 1852 non
2307 1799 2561 1856 aliarum
2585 1801 2873 1870 gentium,
2895 1818 3156 1874 quarum
3185 1818 3350 1858 error
3369 1806 3562 1875 potest
3587 1801 3821 1858 habere

2153 1887 2412 1955 veniam,
2439 1891 2546 1944 sed
2595 1889 2818 1946 domus
2872 1891 3070 1958 Israel,
3103 1891 3208 1964 qui
3239 1907 3378 1946 cum
3430 1890 3705 1963 pristinis
3740 1891 3821 1946 vi-

2154 1975 2268 2047 tiis,
2291 1977 2365 2031 de
2397 1977 2622 2049 quibus
2643 1996 2827 2051 supra
2851 1979 3135 2046 diximus,
3156 1980 3235 2036 ad
3261 1981 3616 2052 Prophetam
3636 1995 3822 2035 vene-

2153 2065 2228 2120 rit
2259 2065 2709 2134 sciscitandum,
2742 2085 2854 2138 ego
2888 2068 3267 2141 respondebo
3293 2069 3467 2140 juxta
3496 2084 3599 2124 cor
3619 2073 3678 2124 et
3704 2068 3819 2123 im-

2154 2154 2483 2210 munditias
2513 2173 2652 2211 suas
2677 2175 2690 2224 ;
2721 2162 2785 2212 ut
2803 2159 2976 2228 juxta
3003 2157 3171 2229 quod
3192 2157 3320 2212 vult
3341 2163 3400 2213 et
3421 2156 3628 2226 credit,
3647 2157 3732 2213 ita
3763 2163 3823 2213 et

2153 2243 2378 2299 audiat.
2413 2247 2527 2299 Nec
2568 2245 2730 2300 enim
2776 2250 3036 2301 meretur
3064 2246 3513 2314 correctionem,
3546 2245 3652 2318 qui
3689 2261 3818 2301 non

2151 2333 2442 2398 discendi,
2468 2334 2572 2389 sed
2604 2335 2870 2390 tentandi
2899 2335 3103 2391 animo
3132 2335 3492 2405 interrogat:
3545 2336 3655 2390 sed
3701 2351 3818 2390 suo

2154 2421 2332 2476 corde
2381 2423 2711 2493 capiendus
2757 2429 2867 2490 est,
2901 2424 3235 2479 secundum
3282 2423 3448 2496 quod
3499 2423 3713 2480 scriba!
3759 2429 3820 2480 et

2153 2510 2426 2565 Pharismi
2484 2511 2919 2581 interrogantes
2962 2511 3304 2579 Dominum,
3339 2512 3462 2568 imo
3495 2517 3813 2579 tentantes,

2153 2599 2442 2654 audiunt:
2478 2600 2634 2667 Quid
2669 2617 2762 2657 me
2805 2603 3092 2657 tentatis?
3138 2605 3194 2656 et
3239 2617 3516 2656 rursum:
3553 2601 3679 2657 Nec
3704 2617 3814 2672 ego

2153 2688 2348 2744 dicam
2390 2688 2549 2744 vobis
2587 2690 2652 2744 in
2694 2705 2814 2760 qua
2862 2691 3084 2746 virtute
3123 2690 3248 2746 haec
3303 2691 3530 2760 faciam
3567 2690 3810 2761 (Matth.

2152 2777 2302 2847 xxx).

2226 2865 2289 2918 In
2316 2863 2566 2920 eodem:
2602 2865 2894 2938 Quodque
2943 2866 3232 2938 sequitur,
3265 2872 3322 2923 et
3349 2866 3584 2923 videtur
3612 2865 3814 2923 facere

2153 2955 2577 3028 quaestionem:
2619 2958 2928 3026 Propheta
2967 2973 3101 3014 cum
3131 2959 3447 3025 erraverit,
3480 2965 3533 3014 et
3577 2959 3815 3014 locutus
3920 2962 3924 2972 '

2071 3077 2113 3131 ο
2148 3046 2341 3116 fuerit
2371 3045 2634 3116 verbum,
2669 3062 2772 3115 ego
2801 3048 3090 3102 Dominus
3118 3048 3325 3116 decepi
3347 3047 3703 3117 prophetam
3735 3049 3815 3102 it-

2156 3135 2302 3190 tum.
2334 3138 2460 3191 Non
2501 3139 2781 3207 putemus
2812 3136 2887 3191 de
2919 3153 3057 3192 vero
3105 3138 3402 3210 propheta
3431 3136 3566 3207 dici,
3600 3136 3708 3192 sed
3737 3136 3815 3192 de

2152 3223 2813 3297 pseudopropheta,qui
2830 3226 3114 3298 ὁμωνύμως
3138 3227 3432 3298 propheta
3453 3225 3815 3298 appellatur.

2156 3315 2221 3368 Et
2249 3312 2323 3367 de
2350 3313 2449 3368 illo
2489 3313 2929 3386 Scripturarum
2957 3314 3091 3371 loco
3136 3314 3282 3370 solvi
3311 3320 3530 3387 potest,
3563 3314 3815 3388 quando

2153 3401 2359 3458 Achab
2373 3419 2474 3457 rex
2488 3402 2687 3473 Israel,
2698 3403 2923 3458 vadens
2941 3405 3018 3459 ad
3032 3403 3454 3476 praelium,non
3466 3403 3593 3459 vult
3604 3403 3814 3460 audire

2155 3491 2456 3546 Michazam
2480 3491 2970 3564 prophetam,sed
2990 3491 3532 3565 pseudOprophetae
3551 3492 3815 3548 consiliis

2154 3578 2516 3650 acquiescit:
2561 3579 2820 3652 dicitque
2849 3580 3140 3648 Michaaas,
3169 3580 3336 3653 quod
3374 3580 3585 3637 viderit
3610 3581 3812 3636 Domi-

2154 3684 2302 3722 num
2333 3667 2638 3724 sedentem
2666 3669 2727 3723 in
2754 3669 2902 3725 solio
2925 3675 2982 3726 et
3006 3670 3222 3726 erroris
3251 3670 3527 3743 spiritum
3564 3670 3719 3727 ultro
3750 3687 3812 3728 se

2154 3755 2442 3813 obtulisse
2485 3757 2562 3812 ad
2605 3757 3030 3830 decipiendum
3074 3775 3281 3829 regem
3329 3760 3454 3831 (ΙΙΙ
3489 3761 3632 3831 Reg.
3667 3761 3812 3831 xxx).

2155 3844 2440 3900 Diabolus
2471 3862 2715 3918 quoque
2762 3848 2824 3902 in
2865 3847 3172 3904 volumine
3219 3848 3354 3921 Job,
3384 3848 3676 3906 circuiens
3706 3855 3816 3906 ter-

2153 3949 2310 3999 ram,
2335 3939 2491 3990 stare
2519 3934 2736 3992 dicitur
2763 3936 2826 3992 in
2856 3942 3182 4008 conspectu
3208 3937 3331 4005 Dei,
3361 3942 3420 3994 et
3446 3937 3510 3994 in
3537 3939 3815 3995 substan-

2153 4023 2300 4080 tiam
2327 4023 2524 4096 primo
2553 4025 2686 4096 Job,
2718 4024 2936 4080 deinde
2965 4024 3026 4080 in
3053 4041 3274 4098 corpus
3314 4027 3446 4098 ejus
3479 4027 3749 4100 accipere
3779 4044 3815 4085 a

2157 4113 2409 4168 Domino
2441 4117 2798 4185 potestatem
2830 4114 2981 4184 (Job.
3005 4115 3065 4186 1).
3102 4113 3217 4172 Sed
3245 4120 3303 4171 et
3327 4115 3568 4172 Balaam
3590 4116 3813 4173 ariolus

2155 4217 2193 4258 a
2223 4200 2474 4258 Domino
2506 4201 2776 4273 mittitur,
2809 4207 2875 4258 ut
2911 4202 3170 4276 decipiat
3218 4203 3395 4260 Balac
3436 4205 3628 4261 ﬁlium
3675 4208 3817 4262 Beor

2155 4290 2360 4360 (Num.
2395 4295 2551 4359 χχιι).
2586 4293 2704 4346 Hoc
2734 4295 2934 4347 autem
2969 4295 3160 4348 totum
3186 4293 3422 4364 dicitur,
3452 4309 3529 4349 ne
3555 4293 3815 4366 pseudo-

2157 4380 2587 4454 prOphetarum
2616 4380 2946 4436 fortitudini
2974 4387 3298 4454 reputetur,
3331 4383 3498 4456 quod
3527 4383 3818 4457 decipitur

2159 4469 2444 4541 populus,
2473 4476 2530 4526 et
2556 4470 2754 4540 magis
2786 4469 2912 4526 vult
2950 4470 3161 4526 audire
3190 4472 3599 4542 mendacium,
3629 4488 3817 4545 quam

2157 4557 2390 4613 veritati
2421 4573 2631 4613 aurem
2647 4560 3132 4614 accommodare:
3163 4559 3269 4614 sed
3288 4561 3455 4633 quod
3476 4561 3574 4617 Dei
3590 4561 3692 4618 irae
3721 4561 3814 4632 sit,

2159 4650 2226 4702 ut
2252 4661 2572 4718 perversus
2601 4646 2866 4719 populus
2911 4651 2968 4702 et
2997 4646 3277 4704 incredus
3329 4651 3524 4720 magis
3561 4649 3820 4722 pseudo-

2155 4735 2485 4808 prophetas
2528 4733 2754 4802 audiat,
2783 4750 2970 4806 quam
3026 4736 3376 4809 prophetas.
3409 4738 3674 4811 Denique
3719 4755 3817 4794 ex-

2161 4823 2350 4880 tendit
2376 4838 2630 4878 manum
2679 4839 2851 4878 suam
2893 4840 3076 4897 super
3105 4841 3266 4891 eum,
3300 4827 3657 4883 subauditur
3678 4843 3816 4900 pro-

2160 4912 2427 4985 phetam,
2461 4915 2518 4968 et
2546 4910 2775 4968 deletur
2798 4912 2874 4968 de
2905 4915 3106 4970 medio
3133 4916 3341 4989 populi
3369 4917 3517 4987 ejus,
3545 4920 3610 4971 ut
3628 4921 3819 4989 portet

2160 4999 2536 5072 iniquitatem
2581 5017 2780 5072 suam,
2813 5003 2959 5075 quia
3001 5003 3211 5060 similis
3262 5004 3519 5067 terroris,
3554 5009 3611 5060 et
3639 5020 3819 5078 poma

2161 5089 2492 5146 consimilis
2515 5091 2620 5147 sit:
2651 5099 2716 5147 ut
2742 5098 2864 5148 tam
2894 5092 2993 5148 ille
3022 5093 3127 5165 qui
3158 5094 3504 5164 interrogat,
3535 5109 3722 5167 quam
3751 5095 3819 5150 il-

2158 5176 2213 5233 le
2241 5178 2344 5251 qui
2369 5179 2786 5250 interrogatur,
2812 5186 3048 5253 portent
3075 5181 3451 5255 iniquitatem
3482 5197 3659 5238 suam
3683 5199 3697 5238 :
3722 5199 3820 5239 ne-

2159 5281 2472 5339 quaquam
2502 5266 2722 5323 domus
2773 5269 2970 5340 Israel,
3004 5285 3213 5326 eorum
3245 5271 3348 5343 qui
3378 5271 3480 5326 Dei
3509 5272 3696 5328 verba.
3719 5288 3819 5329 au-

2161 5354 2288 5410 dire
2317 5355 2611 5412 voluerint
2633 5357 2930 5428 perversis
2953 5358 3480 5416 vaticinationibus
3507 5360 3816 5418 illudatur:

2163 5443 2272 5500 sed
2303 5443 2380 5500 sit
2409 5445 2672 5517 populus
2703 5447 2822 5514 Dei,
2853 5452 2912 5503 et
2936 5447 3064 5519 ipse
3099 5449 3419 5505 Dominum
3457 5449 3681 5506 habere
3705 5467 3823 5506 me-

2159 5538 2379 5590 reatur.
2412 5539 2473 5590 In
2504 5550 2576 5591 eo
2601 5536 2767 5607 quod
2793 5536 2978 5593 dixit:
3020 5539 3150 5608 Ego
3192 5541 3480 5595 Dominus
3529 5539 3733 5610 decepi
3753 5543 3823 5597 ii-

2165 5621 2309 5688 tum,
2341 5621 2678 5679 Salomonis
2707 5624 2894 5680 verba
2924 5626 3303 5682 consentiunt
3331 5626 3436 5698 qui
3465 5627 3539 5682 de
3589 5630 3704 5683 Deo
3730 5628 3818 5684 di-

2163 5717 2416 5782 sputans
2441 5711 2557 5768 ait:
2589 5714 2670 5767 Et
2695 5713 3042 5771 ittusoribus
3066 5716 3280 5773 ittudet
3299 5716 3504 5785 (Prov.
3531 5717 3638 5787 ιιι).
3663 5716 3823 5775 Illud-
