3974 6376
125 270 284 325 1001

1165 273 1372 328 EPIST.
1416 273 1511 326 AD
1553 267 1962 326 HINCMARUM
2003 267 2094 322 ET
2136 272 2529 332 PARDULUM.

3447 293 3585 352 1002

115 409 252 466 que
290 393 702 449 testimonium
737 411 749 448 :
784 395 853 450 Si
875 393 1418 451 ambulaverintad
1446 410 1540 451 me
1565 408 1810 464 perver-
1849 392 1898 444 A
1927 405 2077 447 num
2103 403 2508 471 consequatur
2534 403 2722 460 vitam
2767 408 3076 472 aeternam,
3125 423 3248 467 non
3276 417 3364 469 est
3395 415 3585 475 salva-

117 485 194 546 si,
234 489 300 538 et
329 499 432 553 ego
464 484 784 538 ambulabo
827 490 1037 539 contra
1065 500 1157 539 eos
1190 486 1247 539 in
1292 487 1508 554 [urere
1532 498 1814 554 perverso

115 574 351 643 (Levii.
370 589 528 643 XXVI,
549 575 740 642 juxta
771 575 960 630 LXX.

791 684 1016 738 CAPUT
1056 685 1140 739 XI.

122 808 226 862 Ea:
242 808 542 878 Prosperi
552 809 1050 878 Responsionibus
1063 809 1145 866 ad
1169 810 1452 880 Capitula
1470 810 1808 865 Gallorum.

199 933 484 1004 Prosperi
513 937 731 1005 quarta
761 933 998 990 decima
1019 935 1246 1008 quippe
1278 934 1586 991 Gallorum
1608 933 1812 1004 objec-

125 1021 211 1076 tio
246 1021 339 1078 sic
361 1021 622 1078 habetur
644 1023 742 1092 (ex
755 1024 937 1093 Fulg.
952 1025 1034 1080 ad
1045 1026 1314 1092 Manim,
1342 1040 1472 1094 cap.
1493 1026 1562 1080 30
1580 1031 1633 1079 et
1653 1024 1806 1093 ult.):

119 1117 138 1139 '
169 1110 357 1176 Quod
379 1111 484 1184 qui
509 1112 877 1182 Evangelicze
907 1114 1319 1185 praedicationi
1369 1129 1492 1169 non
1535 1112 1808 1183 credunt,

122 1215 198 1255 ex
232 1201 344 1255 Dei
374 1199 896 1272 praedestinatione
925 1218 1048 1258 non
1074 1202 1344 1258 credant.
1368 1205 1436 1258 Et
1455 1202 1624 1274 quod
1654 1204 1811 1258 Deus

122 1287 208 1344 ita
238 1289 564 1359 definierit,
599 1295 662 1346 ut
690 1290 1037 1364 quicunque
1067 1308 1191 1348 non
1222 1291 1474 1348 credunt
1517 1308 1589 1348 ex
1619 1291 1811 1364 ipsius

124 1379 564 1434 constitutione
602 1395 724 1435 non
766 1379 1032 1436 credant.
1089 1383 1229 1437 Huic
1277 1382 1480 1454 itaque
1511 1381 1807 1454 pravitati,

123 1484 268 1539 quae
292 1467 460 1524 beati
490 1469 809 1537 Augustini
831 1470 1024 1538 dictis,
1054 1487 1178 1526 non
1209 1488 1283 1528 ex
1311 1471 1557 1528 veritate
1599 1471 1703 1527 sed
1736 1486 1809 1527 ex

122 1555 323 1613 livore
362 1556 786 1628 objiciebatur,
822 1558 918 1614 tali
951 1559 1208 1633 Prosper
1241 1576 1519 1616 sermone
1562 1576 1809 1634 respon—

123 1645 250 1701 dit:
287 1645 620 1702 lnﬁdelitas
651 1663 773 1703 non
805 1649 1176 1704 credentium
1211 1649 1531 1719 Evangelio
1581 1665 1809 1722 nequa-

121 1751 321 1808 quam
357 1752 431 1791 cx
457 1737 556 1792 Dei
582 1737 1108 1809 prtedestinatione
1140 1744 1477 1808 generatur.
1505 1742 1807 1795 Bonorum
1837 1759 1882 1813 Β

121 1826 292 1881 enim
308 1827 471 1883 Deus
491 1835 699 1883 auctor
728 1832 838 1894 est,
863 1843 985 1883 non
1016 1828 1338 1884 malorum.
1363 1829 1807 1885 Praedestinatio

121 1915 310 1985 igitur
335 1916 440 1972 Dei
469 1916 530 1971 in
562 1931 800 1989 semper
847 1917 1013 1973 bono
1050 1922 1159 1988 est,
1193 1923 1297 1974 aut
1338 1918 1417 1974 ad
1466 1917 1807 1974 retributio-

121 2019 268 2060 nem
293 2005 568 2075 justitiaa,
592 2010 696 2060 aut
715 2005 793 2062 ad
815 2005 1207 2062 donationem
1232 2006 1536 2078 pertinens
1564 2007 1799 2077 gratiae:

127 2093 446 2150 Universae
474 2095 629 2151 enim
657 2095 1022 2150 viaiDomini
1049 2096 1464 2152 misericordia
1486 2101 1540 2152 et
1563 2097 1804 2152 veritas.

122 2182 389 2239 Proinde
414 2183 741 2239 inﬁdelitas
768 2199 890 2240 non
921 2184 1314 2252 credentium,
1347 2200 1473 2240 non
1511 2185 1589 2240 ad
1629 2201 1806 2240 cons-

124 2272 474 2329 titutionem
534 2273 656 2343 Dei,
705 2273 811 2330 sed
867 2274 946 2330 ad
985 2274 1430 2346 praescientiam
1487 2273 1808 2332 referenda

120 2365 226 2418 est.
262 2363 416 2426 Quae
436 2378 562 2418 non
595 2362 732 2418 ideo
762 2363 1185 2419 necessitatem
1237 2379 1359 2419 non
1392 2362 1676 2420 credendi
1707 2363 1801 2419 in-

122 2451 275 2518 tulit,
308 2451 462 2522 quia
493 2451 613 2507 falli
635 2451 709 2507 tle
740 2467 833 2522 ea,
866 2468 1001 2526 qure
1031 2452 1233 2509 futura
1275 2457 1418 2521 erat,
1454 2452 1806 2510 inﬁdelitate

119 2555 247 2596 non
275 2541 490 2613 potuit.

195 2629 428 2696 Quinta
457 2630 694 2687 decima
741 2632 921 2687 etiam
970 2631 1230 2702 objectio
1277 2632 1459 2704 (Ibid.
1515 2633 1805 2704 c.15,16)

122 2719 216 2774 his
247 2718 458 2776 verbis
485 2719 708 2777 inserta
734 2726 840 2777 est.
871 2722 896 2762 δ
926 2722 1098 2787 Quod
1137 2721 1298 2777 idem
1331 2723 1404 2778 sit
1425 2723 1802 2796 praescentia,

121 2809 292 2881 quod
318 2809 793 2882 praedestinatio.
819 2811 924 2866 Cui
953 2813 1205 2883 Prosper
1225 2811 1308 2867 sic
1337 2811 1651 2884 respondit
1670 2811 1806 2877 :Qui

123 2899 578 2970 praescientiam
628 2899 727 2956 Dei
756 2901 817 2956 in
846 2899 1014 2956 nullo
1043 2901 1122 2957 ab
1177 2901 1366 2975 ipsius
1407 2901 1803 2974 praedestina-

125 2989 286 3045 tione
309 2989 565 3056 dicerni,
597 2990 764 3061 quod
795 2989 1185 3046 tribuendum
1210 2996 1300 3046 est
1331 2991 1449 3047 Deo
1497 2991 1572 3047 de
1601 2989 1800 3062 bonis,

123 3077 236 3133 hoc
257 3078 310 3134 ei
367 3078 553 3133 etiam
575 3077 650 3131 de
674 3078 847 3133 malis
879 3084 1132 3134 conatur
1160 3079 1478 3136 ascribere.
1516 3079 1631 3136 Sed
1660 3095 1801 3135 cum
1831 3111 1873 3164 ο

123 3165 286 3224 bona
309 3167 399 3223 ad
424 3165 771 3235 largitorem
789 3170 1365 3240 cooperatoremque
1383 3183 1594 3224 eorum
1613 3170 1803 3224 Deum

126 3256 285 3312 mala
326 3259 543 3312 autem
594 3254 669 3310 ad
713 3254 1118 3311 volontariam
1155 3255 1465 3312 rationalis
1514 3262 1803 3312 creaturae

127 3346 474 3418 nequitiam
546 3343 860 3400 referenda
920 3346 1083 3400 sint:
1167 3345 1425 3402 dubium
1492 3361 1615 3402 non
1695 3349 1802 3414 est,

128 3435 253 3490 sine
283 3435 416 3490 ulla
443 3433 760 3507 temporali
801 3433 1156 3505 differentia,
1187 3437 1375 3492 Deum
1418 3439 1477 3492 et
1528 3436 1807 3508 praeisse

127 3521 308 3578 simul
337 3527 399 3580 et
427 3522 889 3596 predestinasse,
920 3539 1056 3595 quae
1087 3524 1222 3596 ipso
1242 3527 1412 3580 erant
1441 3528 1683 3580 auctore
1722 3523 1808 3580 fa-

128 3610 364 3678 cienda,
400 3609 493 3666 vel
522 3627 659 3682 quae
708 3610 886 3667 malis
919 3610 1143 3666 meritis
1169 3611 1334 3683 justo
1364 3614 1539 3667 erant
1573 3611 1806 3682 judicio

129 3698 522 3755 retribuenda
553 3717 565 3762 ;
594 3699 908 3771 praescisse
955 3702 1158 3754 autem
1203 3697 1646 3766 tantummodo,
1681 3713 1808 3755 non

131 3787 307 3844 etiam
326 3787 960 3861 praedestinasse,qum
981 3803 1104 3843 non
1122 3803 1187 3842 ex
1214 3786 1347 3860 ipso
1368 3791 1539 3844 erant
1555 3803 1808 3844 causam

133 3876 504 3948 operationis
532 3876 836 3933 habitura.
868 3879 1206 3946 (Hactenus
1235 3883 1319 3934 est
1344 3877 1556 3948 Fulg.)

204 3964 492 4035 Ejusdem
537 3964 824 4036 (Prosper
852 3965 1022 4035 ibid.,
1057 3981 1106 4022 c.
1141 3968 1224 4036 9):
1249 3970 1265 3994 °
1291 3963 1497 4020 Nullus
1552 3964 1806 4020 omnino

135 4056 222 4108 est
251 4069 326 4110 ex
341 4053 633 4110 omnibus
651 4053 1023 4123 hominibus,
1052 4054 1225 4124 cujus
1247 4056 1467 4110 natura
1490 4052 1552 4108 in
1574 4052 1806 4109 Christo

136 4141 390 4200 Domino
448 4147 656 4198 nostro
684 4145 967 4215 suscepta
995 4157 1120 4198 non
1152 4141 1327 4198 fuerit
1360 4160 1374 4210 ;
1407 4141 1686 4214 quamvis
1708 4139 1806 4198 ille

137 4234 308 4286 natus
327 4231 402 4287 sit
415 4233 482 4287 in
507 4230 896 4288 similitudine
916 4230 1117 4288 carnis
1128 4229 1586 4304 peccati,omnis
1602 4235 1807 4286 autem

135 4316 315 4376 homo
340 4325 635 4379 nascatur
653 4321 715 4376 in
735 4337 916 4378 carne
953 4319 1204 4394 peccati.
1248 4323 1400 4376 Deus
1429 4334 1573 4389 ergo
1595 4319 1697 4375 Dei
1724 4318 1808 4375 Fi-

137 4404 265 4473 lius,
284 4409 666 4467 mortalitatis
692 4409 979 4466 humanas
1009 4409 1312 4482 particeps
1341 4407 1538 4465 factus
1571 4407 1803 4481 absque

136 4504 397 4568 peccato,
420 4501 540 4556 hoc
556 4499 976 4572 peccatoribus
991 4502 1049 4555 et
1076 4497 1434 4554 mortalibus
1446 4496 1718 4569 contulit,
1738 4500 1805 4553 ut

138 4586 236 4656 qui
265 4589 590 4645 nativitatis
641 4588 775 4660 ejus
834 4593 1146 4645 consortes
1176 4587 1434 4643 fuissent
1487 4585 1800 4642 vinculum

139 4678 362 4744 peccati
386 4684 444 4736 et
487 4677 697 4735 mortis
727 4677 1069 4734 evaderent.
1106 4676 1268 4734 Sicut
1298 4675 1500 4749 itaque
1529 4691 1654 4732 non
1688 4675 1805 4732 suf-

143 4761 256 4820 ﬁcit
279 4766 604 4824 hominum
643 4767 1038 4835 renovationi,
1072 4771 1284 4824 natum
1312 4781 1442 4822 esse
1486 4764 1803 4822 hominem

143 4851 336 4912 Jesum
363 4858 685 4925 Christum,
721 4857 832 4913 nisi
863 4856 926 4913 in
955 4857 1108 4929 ipso,
1140 4856 1356 4913 eodem
1385 4855 1461 4911 de
1504 4870 1629 4927 quo
1675 4854 1804 4928 ipse

146 4945 299 4999 ortus
326 4951 432 5014 est,
463 4946 674 5020 spiritu
711 4949 1104 5003 renascantur
1129 4962 1142 5001 :
1171 4945 1254 5001 sic
1282 4961 1407 5001 non
1457 4943 1677 5000 sufﬁcit
1701 4943 1806 5000 ho-

146 5028 367 5090 minum
411 5035 836 5108 redemptioni,
895 5033 1250 5090 cruciﬁxum
1297 5049 1427 5089 esse
1476 5031 1804 5088 Dominum

145 5115 452 5194 Christum,
482 5125 598 5180 nisi
628 5127 1109 5182 commoriantur
1139 5123 1192 5180 ei
1220 5128 1280 5180 et
1309 5121 1803 5194 consepeliantur

148 5202 203 5259 in
250 5207 597 5284 baptismo;
649 5213 917 5288 alioquin
972 5218 1116 5270 nato
1173 5213 1479 5270 Salvatore
1508 5211 1570 5267 in
1617 5225 1798 5266 carne

151 5295 491 5360 substantiae
561 5308 804 5374 nostrae,
890 5308 947 5361 et
1023 5301 1308 5359 cruciﬁxo
1347 5317 1458 5376 pro
1517 5299 1804 5358 omnibus

152 5383 313 5442 nobis
337 5433 351 5458 ,
431 5409 558 5450 non
627 5392 820 5450 fuerat
885 5392 1299 5449 necessarium
1386 5394 1451 5447 ut
1526 5404 1804 5446 renasce-

153 5481 359 5544 τθωιιν,
404 5486 461 5539 et
487 5481 876 5538 similitudine
923 5481 1132 5538 mortis
1179 5481 1310 5552 ejus
1356 5478 1802 5552 complantare-

156 5570 296 5617 mur.
326 5567 438 5626 Sed
466 5586 606 5626 cum
639 5571 765 5626 sine
800 5571 915 5626 hoc
963 5572 1346 5626 sacramento
1379 5584 1559 5624 nemo
1604 5567 1800 5622 homi-

220 5679 241 5751 ξ
271 5672 397 5751 llaec
425 5677 765 5751 frequenter
785 5682 1037 5751 usurpat
1060 5678 1437 5751 Hincmarus.

221 5733 244 5772 "
271 5733 619 5805 Hincmai’us
639 5733 724 5805 de
746 5733 1047 5819 passast,
1066 5733 1210 5822 cap.
1249 5733 1334 5805 16.

424 5838 668 5895 PATROL.
700 5838 866 5894 CXV.

1927 481 2022 535 tus
2047 498 2220 540 cruce
2248 488 2460 545 Christi
2489 492 2593 564 qui
2619 509 2742 549 non
2773 499 2862 550 est
2886 497 3207 555 cruciﬁxus
3235 499 3296 556 in
3331 505 3582 576 Christo,

1926 585 2050 658 non
2077 577 2166 629 est
2195 577 2515 635 crucifixus
2558 581 2619 637 in
2647 582 2897 656 Christo,
2949 586 3054 658 qui
3100 603 3226 644 non
3266 597 3353 648 est
3397 611 3585 653 mem-

1923 655 2103 758 brum
2130 666 2399 737 corporis
2424 669 2655 758 Christi,
2685 673 2789 745 qui
2819 655 2944 730 nOn
2967 655 3082 746 per
3106 691 3333 750 aquam
3364 687 3421 738 et
3452 685 3583 758 Spi-

1923 747 2103 806 ritum
2141 759 2418 812 sanctum
2447 757 2642 816 induit
2670 761 2990 819 Christum.
3025 765 3135 830 Qui
3163 747 3310 826 ideo
3333 747 3586 831 inﬁrmi-

1923 839 2040 926 tate
2069 846 2274 898 nostra
2303 849 2796 907 communionem
2841 851 3057 909 habuit
3084 857 3316 926 mortis,
3381 864 3445 916 ut
3472 878 3586 920 nos

1920 925 1982 980 in
2012 927 2225 986 virtute
2269 933 2400 1004 ejus
2451 935 2809 996 haberemus
2867 943 3232 1001 consortium
3290 925 3586 1008 resurrec-

1922 1014 2117 1072 tionis.
2167 1022 2315 1076 Cum
2374 1023 2576 1096 itaque
2630 1028 2960 1085 rectissime
3011 1031 3247 1090 dicatur
3316 1037 3588 1098 Salvator

1922 1118 2032 1175 pro
2061 1107 2242 1201 totius
2274 1112 2487 1167 mundi
2518 1115 2932 1190 redemptione
2963 1121 3307 1197 cruciﬁxus,
3338 1134 3586 1201 propter

1921 1207 2129 1250 veram
2172 1196 2458 1256 humanae
2504 1208 2734 1260 naturae
2823 1196 3294 1281 susceptionem,
3336 1196 3394 1271 et
3443 1196 3586 1288 pro-

1918 1285 2050 1376 pter
2074 1300 2462 1346 communem
2490 1290 2547 1346 in
2581 1293 2780 1366 primo
2802 1294 3048 1353 homine
3079 1301 3356 1358 omnium
3388 1285 3586 1376 perdi-

1920 1370 2188 1430 tionem:
2227 1383 2425 1449 potest
2464 1384 2662 1439 tamen
2708 1383 2827 1441 dici
2882 1403 2994 1460 pro
3052 1387 3147 1443 his
3189 1370 3422 1449 tantum
3454 1411 3584 1452 cru-

1919 1460 2155 1531 ciﬁxus,
2186 1467 2410 1538 quibus
2463 1486 2626 1527 mors
2686 1473 2875 1547 ipsius
2923 1477 3164 1548 profuit.
3223 1481 3373 1538 Dicit
3422 1485 3586 1541 enim

1920 1551 2335 1645 Evangelista:
2372 1557 2523 1625 Quia
2543 1564 2708 1618 Jesus
2738 1566 3070 1622 moriturus
3100 1575 3230 1626 erat
3243 1584 3362 1639 pro
3387 1580 3583 1645 gente,

1918 1642 2023 1696 sed
2077 1645 2256 1701 etiam
2314 1653 2380 1703 ut
2429 1651 2588 1717 ﬁlios
2618 1653 2736 1709 Dei
2757 1654 3052 1724 dispersos
3083 1642 3476 1732 congregaret
3521 1642 3584 1719 in

1919 1744 2107 1787 unum
2141 1734 2340 1790 (Joan.
2374 1738 2474 1808 x1).
2519 1740 2586 1795 In
2616 1755 2726 1797 sua
2757 1745 2914 1799 enim
2965 1747 3147 1814 venit,
3199 1753 3256 1803 et
3311 1751 3408 1806 sui
3451 1767 3585 1808 eum

1919 1834 2040 1909 non
2063 1833 2454 1893 receperunt,-
2495 1835 2781 1902 quotquot
2813 1839 3011 1890 autem
3044 1845 3396 1906 receperunt
3425 1855 3584 1909 eum,

1919 1908 2082 1964 dedit
2102 1912 2184 1966 eis
2199 1919 2553 1982 potestatem
2577 1920 2736 1986 ﬁlios
2759 1923 2870 1976 Dei
2897 1925 3056 1991 ﬁeri,
3080 1927 3186 1995 qui
3210 1943 3331 1982 non
3354 1944 3430 1984 ex
3451 1908 3591 1986 san-

1916 2000 2221 2088 guinibus,
2254 2019 2444 2076 neque
2469 2022 2545 2064 ex
2592 2011 2903 2068 voluntate
2931 2015 3132 2069 carnis
3171 2030 3361 2088 neque
3389 2033 3465 2075 ea:
3493 2036 3590 2077 vo-

1921 2087 2156 2146 luntate
2173 2093 2304 2148 viri.
2337 2095 2441 2150 sed
2468 2112 2543 2152 ex
2562 2099 2682 2155 Deo
2710 2102 2847 2156 nati
2860 2108 3001 2157 sunt
3020 2103 3214 2170 (Joan.
3249 2108 3312 2177 ι.)
3337 2107 3585 2166 Diversa

1917 2192 2060 2247 ergo
2090 2178 2169 2235 ab
2201 2180 2326 2237 istis
2358 2199 2488 2240 sors
2523 2202 2734 2243 eorum
2778 2193 2884 2252 est,
2927 2190 3033 2263 qui
3062 2190 3215 2248 inter
3267 2193 3400 2251 illos
3445 2213 3582 2254 cen-

1916 2270 2122 2322 sentur
2151 2269 2226 2325 de
2255 2271 2478 2343 quibus
2500 2273 2749 2333 dicitur:
2773 2279 3038 2336 Mundus
3060 2295 3189 2339 eum
3223 2298 3344 2339 non
3370 2300 3586 2357 cogno-

1917 2357 2048 2426 vit;
2087 2361 2151 2448 ut
2205 2361 2397 2448 possit
2452 2365 2788 2422 secundum
2837 2367 2954 2424 hoc
3004 2368 3122 2426 dici
3157 2387 3182 2439 :_
3221 2372 3588 2448 Redemptor

1915 2445 2129 2501 mundi
2194 2447 2360 2506 dedit
2404 2466 2516 2524 pro
2574 2455 2806 2512 mundo
2853 2457 3217 2528 sanguinem
3275 2445 3476 2531 suum,
3527 2467 3589 2521 et

1914 2535 2184 2591 mundus
2213 2537 2431 2595 redimi
2452 2541 2646 2599 noluit
2689 2545 2838 2617 quia
2882 2545 3080 2603 lucem
3138 2549 3400 2606 tenebrae
3460 2568 3587 2609 non

1914 2630 2286 2696 receperunt,
2343 2629 2570 2702 quibus
2626 2631 2770 2690 dicit
2811 2637 3175 2708 Apostolus:
3209 2639 3433 2697 Fuistis
3469 2643 3584 2698 ali-

1911 2716 2154 2785 quando
2185 2719 2461 2788 tenebrce,
2486 2729 2861 2781 nuncautem
2893 2727 3005 2782 lux
3030 2728 3092 2782 in
3123 2730 3374 2786 Domino
3398 2731 3584 2802 (Eph.

1911 2804 1994 2875 v).
2019 2807 2150 2876 Ipse
2181 2807 2472 2864 Dominus
2497 2813 2691 2882 Jesus,
2731 2813 2837 2886 qui
2855 2814 3010 2885 jdixit
3041 2831 3102 2872 se
3136 2818 3372 2875 venisse
3403 2835 3572 2892 quee-

1911 2907 2038 2948 rere
2087 2898 2145 2951 et
2199 2895 2430 2953 salvere
2456 2899 2623 2971 quod
2653 2901 2912 2973 perierat
2937 2920 2951 2958 :
2981 2905 3120 2961 Non
3151 2909 3311 2963 venit
3364 2907 3583 2982 inquit,

1910 2983 2030 3037 nisi
2042 2984 2124 3039 ad
2138 2999 2412 3056 ovesquw
2427 2989 2740 3058 perierant
2757 2992 2967 3048 domus
2989 2995 3436 3066 Israel(Matth.
3460 3000 3580 3070 xv).

1911 3071 2120 3142 Neque
2141 3074 2246 3143 qui
2268 3079 2407 3129 sunt
2437 3090 2630 3132 semen
2687 3079 2961 3147 Abrahae,
2987 3097 3185 3139 omnes
3213 3085 3352 3155 ﬁlii,
3383 3087 3488 3142 sed
3516 3089 3583 3143 in

1909 3159 2083 3216 Isaac
2112 3162 2424 3218 vocabitur
2443 3164 2555 3220 tibi
2573 3181 2768 3222 semen
2791 3168 2856 3223 id
2883 3174 2988 3236 est,
3016 3185 3136 3226 non
3161 3173 3268 3244 qui
3292 3173 3428 3242 ﬁlii,
3455 3189 3586 3231 car-

1913 3250 2028 3320 nis,
2058 3251 2126 3307 hi
2144 3251 2265 3319 ﬁlii
2277 3253 2403 3318 Dei,
2426 3254 2530 3310 sed
2559 3257 2665 3326 qui
2689 3257 2808 3324 ﬁlii
2817 3261 3258 3327 promissionis,
3288 3264 3585 3320 aestiman-

1916 3339 2100 3394 turin
2129 3345 2349 3396 semine
2374 3343 2562 3411 (Rom.
2620 3346 2722 3412 ix).
2755 3345 2815 3400 In
2847 3346 2976 3402 istis
3005 3363 3150 3418 ergo
3190 3355 3333 3407 sunt
3370 3351 3454 3408 illi
3497 3352 3579 3408 de

1915 3426 2138 3500 quibus
2191 3427 2418 3485 dictum
2461 3448 2646 3504 supra
2693 3436 3206 3493 memoravimus:
3238 3439 3391 3506 Quia
3413 3442 3584 3498 Jesus

1916 3519 2246 3573 moriturus
2276 3526 2408 3575 erat
2437 3536 2548 3590 pro
2578 3528 2773 3592 gente,
2805 3540 2926 3580 non
2977 3531 3212 3584 tantum
3241 3544 3356 3598 pro
3386 3536 3582 3601 gente,

1915 3607 2019 3662 sed
2043 3607 2221 3662 etiam
2254 3613 2319 3662 ut
2365 3609 2523 3675 ﬁlios
2553 3612 2666 3668 Dei
2717 3612 3014 3682 dispersos
3063 3624 3462 3688 congregaret
3518 3621 3583 3676 in

1917 3711 2104 3750 unum
2134 3697 2331 3767 (Joan.
2375 3698 2478 3769 x1).
2513 3699 2665 3766 Quia
2694 3717 2818 3757 non
2845 3701 3044 3759 solum
3092 3720 3164 3760 ex
3191 3705 3439 3775 Judzeis,
3471 3707 3579 3763 sed

1916 3783 2097 3840 etiam
2125 3800 2199 3845 ex
2242 3785 2544 3859 gentibus,
2575 3803 2684 3861 per
2713 3805 2853 3845 eum
2903 3791 3010 3863 qui
3054 3797 3232 3849 vocat
3273 3809 3410 3866 quae
3449 3810 3576 3851 non

1917 3876 2076 3940 sunt,
2118 3877 2409 3946 tanquam
2435 3891 2570 3948 quae
2623 3882 2781 3944 sunt,
2810 3881 2867 3934 et
2912 3879 3016 3951 qui
3042 3879 3348 3952 dispersos
3397 3883 3579 3940 Israel

1915 3967 2260 4034 congregat,
2294 3964 2396 4020 lilii
2444 3965 2861 4038 promissionis
2900 3967 2962 4023 in
3001 3983 3190 4025 unam
3251 3970 3577 4030 Ecclesiam

1916 4058 2375 4125 congregentur,
2404 4060 2470 4112 ut
2492 4055 2813 4128 impleatur
2852 4057 3015 4130 quod
3071 4059 3442 4132 promissum
3489 4066 3581 4119 est

1913 4141 2196 4214 Abrahae,
2253 4143 2351 4199 cui
2391 4144 2617 4201 dictum
2648 4150 2784 4201 est:
2825 4148 2986 4218 quod
3043 4148 3106 4204 in
3171 4151 3391 4207 semine
3448 4154 3578 4222 ejus

1917 4230 2326 4289 benedzcenda:
2345 4239 2537 4289 essent
2560 4250 2758 4290 omnes
2786 4236 2974 4292 tribus
3007 4243 3183 4294 terra
3210 4238 3377 4310 (Gen.
3402 4242 3571 4312 xvu).

2557 4323 2788 4379 CAPUT
2824 4325 2936 4380 XII.

2153 4410 2254 4467 Ea:
2274 4411 2628 4468 Cassiodoro
2659 4413 2720 4467 in
2749 4413 3046 4484 Psalmos,
3071 4421 3124 4472 et
3144 4400 3336 4474 Deda.

1836 4467 1880 4521 Β
1985 4498 2331 4556 Cassiodori
2361 4499 2424 4555 in
2450 4501 2824 4573 expositione
2877 4503 3099 4574 psalmi
3120 4521 3218 4560 ix:
3272 4506 3572 4578 Cognosce

1915 4593 2017 4643 tur
2044 4590 2334 4645 Dominus
2352 4590 2593 4660 judicia
2613 4591 2870 4660 faciens,
2902 4593 2964 4647 in
2982 4594 3259 4662 operibus
3275 4611 3568 4653 manuum

1913 4691 2164 4734 suarum
2224 4679 2684 4748 comprehensus
2722 4685 2807 4735 est
2840 4688 3144 4752 peccator,
3191 4698 3333 4738 vera
3383 4684 3567 4739 nimis

1914 4769 1972 4821 et
2017 4765 2298 4822 absoluta
2350 4767 2690 4836 sententia;
2731 4769 3025 4840 quoniam
3075 4774 3214 4826 tunc
3253 4771 3573 4830 manifeste

1914 4858 2311 4924 cognoscetur
2387 4855 2682 4912 Dominus
2752 4856 2986 4927 judicia
3051 4856 3267 4928 facere,
3321 4860 3574 4931 quando

1912 4941 2332 5014 peccatoribus
2409 4943 2653 5000 dabitur
2731 4949 2955 5000 aeterna
3020 4945 3389 5003 cruciatione
3464 4951 3580 5005 tor-

1913 5029 2106 5102 queri.
2171 5031 2274 5086 Hic
2329 5031 2490 5088 enim
2539 5032 2684 5105 quia
2734 5036 2875 5089 sunt
2917 5033 3002 5089 eis
3081 5033 3274 5092 libera
3328 5036 3574 5108 scelera,

1913 5119 2240 5176 creduntur
2287 5119 2538 5177 forsitan
2586 5121 2930 5193 impunita:
2983 5122 3089 5178 sed
3134 5123 3239 5180 ubi
3298 5125 3426 5182 dies
3481 5126 3577 5181 ille

1913 5207 2413 5265 manifestationis
2471 5209 2801 5276 advenerit,
2845 5217 2900 5268 et
2960 5211 3177 5268 throno
3242 5213 3577 5285 majestatis

1913 5313 2038 5352 suae
2087 5297 2378 5354 Dominus
2421 5298 2729 5366 insederit,
2789 5304 2931 5356 tunc
2979 5301 3334 5370 generaliter
3365 5316 3580 5370 agnos-

1914 5393 2079 5443 cetur
2127 5387 2364 5460 operari
2430 5387 2662 5458 judicia
2717 5403 2850 5458 sua,
2931 5388 3182 5460 quando
3232 5389 3576 5445 humanum

1914 5491 2124 5546 genus,
2195 5475 2318 5532 sive
2390 5492 2428 5532 a
2501 5475 2780 5545 sinistris,
2850 5476 2969 5531 sive
3035 5491 3071 5530 θ.
3137 5475 3381 5544 dextris,
3443 5477 3575 5548 ejus

1913 5565 2090 5621 fuerit
2134 5565 2380 5622 arbitrio
2436 5569 2840 5633 segregatum.
2892 5566 3012 5618 Hoc
3055 5567 3148 5619 est
3194 5565 3353 5622 enim
3418 5566 3577 5636 judi-

1983 5679 1998 5698 π
2031 5672 2111 5728 ld.
2139 5671 2310 5743 ibid.,
2344 5687 2476 5744 cap.
2511 5675 2562 5726 3.

3213 5837 3282 5889 32
