3974 6442
178 28 2309 91 Ἦ
2374 90 2383 92 ἡ

388 318 523 376 1003
1414 320 1467 371 S.
1512 316 1888 375 PRUDENTII
1927 316 2303 375 TRECENSIS
2342 320 2651 379 EPISCOPI
3490 340 3523 369 κ
3682 323 3823 383 1004

381 442 473 497 cia
487 457 629 496 vera
648 440 861 503 facere,
881 442 1354 512 uniuscujusque
1375 441 1748 503 merita,siue
1762 440 1882 496 ulla
1902 455 2045 496 con-
2075 441 2125 497 A
2162 440 2327 497 sione
2352 442 2575 510 divina,
2602 445 2680 499 ~‘in
2711 444 2977 516 praedam
3008 444 3233 499 cadunt
3277 446 3825 518 perniciosissima~

380 531 617 586 fusione
646 530 1002 584 discernere.
1032 534 1309 599 Sequitur
1332 534 1637 585 sententiis
1668 532 1844 598 bujus
1876 546 2051 600 aper-
2156 546 2289 584 rum
2320 534 2663 587 tmstiarum.
2692 534 3197 588 Pet-scrutandum
3224 539 3313 589 est
3334 536 3511 590 etiam
3534 537 3703 607 quod
3737 537 3823 593 (li-

378 623 440 675 ta
471 619 791 674 declaratio
828 637 839 683 ;
874 618 1014 673 dicit
1044 620 1202 673 enim
1240 620 1395 674 unde
1428 620 1809 685 cognoscitur
1848 621 2044 674 Domi—

376 724 528 766 num
554 724 691 763 vera
713 706 941 777 judicia
962 706 1155 762 facere
1181 724 1194 763 :
1221 708 1463 775 scilicet,
1486 709 1734 782 quando
1756 710 2041 767 uexuosis

377 798 661 871 Operibus
691 796 813 852 suis
844 803 1123 868 peccator
1168 799 1539 871 astringitur,
1599 804 1656 855 et
1708 798 2044 855 secundum

376 892 624 947 actuum
673 885 1019 957 qualitatem
1046 887 1255 959 recipit
1286 887 1592 944 ultionem.
1626 892 1776 944 Nam
1832 905 2042 945 sensus

2156 621 2253 679 cit.
2280 624 2678 677 numissioncs
2716 625 2903 677 factas
2959 640 3059 694 per
3109 630 3356 692 angelos
3387 626 3603 692 malos,
3638 628 3819 699 quasi

2152 712 2210 764 et
2241 726 2346 781 per
2402 711 2649 781 angelos
2690 712 2884 767 bonos
2915 729 3037 767 non
3069 713 3290 768 delibet
3319 721 3686 786 peccatores.
3708 719 3820 770 Per

2149 796 2346 853 bonos
2396 801 2556 856 enim
2596 800 2843 871 angelos
2904 802 3231 859 Sodomam
3295 802 3589 859 subvertit
3619 808 3677 859 et
3710 806 3818 859 Go-

2150 889 2478 956 morrham,
2523 905 2677 961 quos
2731 889 3033 946 Abraham
3083 898 3140 946 et
3196 891 3301 948 Lot
3353 891 3660 964 suscipere
3690 894 3816 948 suis

372 975 468 1032 ille
499 974 747 1031 omnino
804 975 1082 1031 vitandus
1113 981 1218 1044 est,
1277 978 1380 1048 qui
1434 982 1604 1048 putat
1650 982 2033 1049 peccatorem
2147 974 2421 1047 hospitiis
2473 984 2838 1033 meruerunt.
2912 982 3191 1037 Teutalus
3260 984 3347 1034 cst
3382 979 3563 1036 etiam
3623 985 3814 1041 trans-

374 1066 504 1121 sola
526 1065 881 1121 delictorum
905 1081 1154 1121 suorum
1178 1066 1598 1121 recordatione
1643 1068 2037 1124 cruciandum
2147 1077 2388 1130 gressor
2421 1080 2524 1135 per
2545 1066 2829 1125 angelum
2855 1066 3107 1133 malum,
3134 1068 3284 1123 sicut
3313 1067 3376 1123 in
3430 1070 3658 1137 Regum
3706 1086 3807 1125 vo-

384 1157 533 1210 Nam
571 1153 618 1208 si
650 1153 765 1208 hoc
824 1158 1057 1209 tantum
1116 1154 1428 1219 sutliceret,
1482 1171 1670 1225 quare
1694 1155 1988 1213 diceretur
2020 1162 2033 1201 ἒ

370 1243 457 1299 Ile
486 1244 546 1297 in
578 1245 726 1313 igem
760 1249 1046 1298 ιττριηιειιη
1101 1244 1202 1315 qui
1244 1251 1499 1312 paratus
1550 1250 1629 1299 est
1683 1244 1924 1301 diabolo
1979 1252 2032 1301 et

368 1332 599 1401 angelis
633 1335 759 1399 ejus
806 1333 1001 1402 (Matt.
1056 1333 1222 1387 xxv?
1256 1332 1514 1387 Eilil'ld:
1583 1334 1797 1388 Vermis
1831 1349 2033 1391 eorum

367 1436 488 1477 non
510 1422 877 1489 morietur,et
904 1422 1056 1489 ignis
1083 1437 1283 1477 eorum
1315 1438 1430 1476 non
1461 1423 2029 1493 exstinguetansa.

380 1509 556 1579 LXVI).
591 1513 717 1566 Non
745 1511 906 1565 enim
930 1511 1027 1565 hic
1056 1509 1191 1567 loca
1216 1517 1651 1567 tormentorum
1700 1518 1878 1582 negat
1904 1529 2035 1585 pec-

369 1600 686 1657 catoribus
717 1600 869 1667 dari,
890 1601 993 1655 sed
1020 1618 1124 1673 per
1153 1601 1469 1673 qualitates
1498 1618 1750 1667 operum
1783 1618 2028 1659 suorum

364 1706 479 1747 nos
499 1689 639 1745 dicit
672 1705 801 1745 esse
826 1691 1216 1762 torquendos.
1256 1692 1595 1747 Sentiamus
1625 1692 1803 1759 igitur
1829 1691 2029 1748 locum

365 1783 759 1853 peccatorum
794 1780 1058 1851 sppliciis
1090 1796 1221 1834 esse
1247 1784 1688 1852 properatum;
1731 1780 2025 1847 intelliga—
2061 1797 2100 1851 Β

364 1885 504 1924 mus
549 1868 905 1925 intrinsecus
944 1869 1181 1942 pmnale
1222 1869 1472 1934 malum,
1505 1870 1671 1941 quod
1724 1870 2026 1927 sceleratis

364 1957 624 2027 legimus
654 1959 985 2014 imminere.
1036 1962 1186 2015 Nam
1220 1963 1283 2015 ut
1332 1974 1535 2013 revera
1583 1975 2026 2027 cognoscamus

361 2047 793 2105 beatitudinem
826 2065 861 2104 a
892 2049 1407 2117 damnationibus,
1436 2049 1801 2120 quibusdam
1836 2050 2028 2104 termi-

362 2138 457 2194 nis
486 2136 763 2207 divisam,
795 2137 1182 2193 recordemur
1201 2137 1441 2192 divitem
1477 2138 1683 2192 oculos
1715 2136 2024 2193 sublevas-

365 2244 447 2284 se.
482 2243 937 2300 pauperemque
969 2231 1256 2283 Lazarum
1290 2228 1351 2282 in
1385 2228 1521 2282 sinu
1551 2228 1808 2283 Abrahae
1844 2227 2025 2283 fuisse

363 2321 774 2388 conspectum,
809 2332 870 2372 se
903 2322 1105 2373 autem
1130 2317 1395 2373 ﬂammis
1430 2316 1738 2371 ultricibus
1777 2317 2023 2388 deputa-

362 2408 493 2462 tum
525 2407 687 2473 (Luc,
722 2406 861 2475 xvn).
923 2406 1086 2462 Unde
1114 2407 1264 2461 ordo
1309 2405 1415 2463 iste
1455 2405 1715 2460 veritatis
1770 2404 2021 2460 nullate-

361 2509 478 2551 nus
551 2494 861 2562 diceretur,
943 2496 994 2550 si
1075 2500 1419 2567 peccatores
1478 2493 1781 2550 malorum
1822 2509 2022 2549 recor-

358 2582 523 2641 datio
570 2583 700 2639 sola
783 2586 1102 2655 torqueret.
1176 2586 1310 2639 Hinc
1388 2587 1529 2637 sunt
1578 2582 1809 2638 occulta
1890 2582 2015 2650 lilii,

365 2688 504 2745 quae
532 2673 735 2728 titulus
788 2672 1083 2744 praedixit.

367 2823 370 2828 _
435 2762 771 2819 Cassiodori
813 2762 871 2816 in
911 2763 1156 2832 psalmo
1186 2778 1238 2818 Li
1272 2779 1284 2818 :
1330 2761 1586 2818 Destruit
1617 2761 1769 2817 Deus
1798 2762 1860 2817 in
1907 2762 2022 2818 hac

362 2849 486 2905 vita
532 2851 956 2922 prosperrime,
1007 2867 1163 2922 quos
1214 2851 1427 2905 iterum
1470 2849 1764 2907 aediﬁcare
1814 2850 2021 2906 decre-

360 2939 529 2996 verit.
560 2943 625 2996 In
651 2939 770 2994 ﬁne
802 2944 1006 2996 autem
1031 2940 1134 3013 qui
1162 2939 1503 3005 destruitur,
1535 2940 1770 2996 :eternis
1800 2941 2022 3014 suppli-

360 3029 466 3085 ciis
488 3029 830 3101 deputatur.

2143 1149 2367 1207 lumine
2389 1153 2671 1209 dicitzEt
2722 1155 2991 1211 introivit
3041 1158 3290 1229 spiritus
3352 1157 3464 1213 Dei
3498 1159 3696 1213 malus
3747 1161 3809 1215 in

2142 1240 2293 1295 Sani
2316 1242 2370 1312 (Ι
2396 1244 2536 1312 Reg.
2570 1248 2757 1306 XVIII).
2782 1244 2932 1298 Justi
2955 1260 3199 1316 quoque
3233 1244 3436 1301 tentati
3464 1251 3654 1302 suuta
3684 1247 3809 1309 dia-

2141 1329 2301 1389 bolo.
2337 1344 2402 1385 ut
2428 1332 2563 1401 Job,
2594 1336 2650 1387 et
2672 1332 2893 1387 Paulus
2924 1334 3254 1405 apostolus,
3276 1338 3331 1390 et
3363 1338 3575 1393 caetera
3602 1335 3704 1408 huj
3719 1353 3811 1391 us-

2143 1421 2327 1475 modi.
2355 1426 2594 1477 Constat
2626 1424 2784 1477 enim
2812 1430 3030 1479 cuncta
3056 1440 3192 1496 quae
3217 1428 3417 1480 creata
3445 1430 3602 1495 sunt,
3629 1426 3805 1483 Crea-

2143 1512 2283 1565 toris
2312 1516 2415 1565 aut
2446 1511 2825 1582 permissioni
2855 1517 2957 1568 aut
2987 1512 3240 1585 imperio
3273 1512 3604 1583 subjacere.

2214 1600 2551 1654 Cassiodori
2583 1599 2643 1654 in
2676 1602 2915 1656 Psalmo
2952 1618 3121 1656 LXXXI
3158 1619 3169 1656 :
3200 1605 3452 1658 Tantum
3484 1607 3591 1674 est,
3622 1619 3698 1659 ne
3721 1620 3806 1659 re-

2140 1686 2433 1754 fugientes
2512 1688 2819 1756 malagma
2874 1690 3266 1757 salutiferum,
3346 1692 3586 1747 exitium
3632 1692 3802 1748 vobis

2140 1778 2488 1848 praeparctis
2521 1783 2834 1833 aeternum.

2209 1866 2550 1922 Cassiodori
2570 1868 2631 1922 in
2660 1868 2932 1939 psalmos
2967 1885 3156 1924 LXXXII
3184 1888 3195 1926 :
3231 1875 3249 1897 '
3274 1870 3351 1925 Et
3382 1877 3798 1940 revereantur,

2135 1960 2188 2010 et
2216 1961 2488 2023 pereant.
2544 1960 2654 2011 lste
2687 1973 2902 2011 sensus
2960 1964 3047 2012 est
3093 1975 3275 2029 quem
3310 1960 3585 2031 superius
3630 1960 3797 2028 dixit,

2133 2044 2276 2114 quia
2301 2044 2384 2098 ibi
2429 2045 2758 2100 reverendo
2817 2062 2938 2102 non
2995 2047 3336 2118 proﬁciunt,
3390 2048 3493 2105 sed
3524 2054 3796 2121 pereunt,

2133 2132 2238 2203 qui
2257 2131 2334 2188 ad
2364 2138 2655 2188 teternum
2679 2134 3042 2206 supplicium
3065 2136 3460 2193 destinantur.

2203 2220 2544 2276 Cassiodori
2614 2222 2675 2277 in
2749 2223 2986 2295 psalmo
3044 2241 3297 2281 Lxxxvm
3332 2243 3344 2280 :
3380 2226 3404 2265 ιι
3435 2227 3796 2298 Frequenter

2132 2310 2423 2366 emundat
2444 2311 2726 2366 Divinitas
2750 2329 2903 2382 quos
2934 2313 3217 2382 ﬂagellat,
3256 2319 3317 2369 ut
3357 2320 3681 2386 purgatum
3707 2331 3793 2371 re-

2131 2399 2329 2470 cipiat,
2358 2415 2542 2470 quem
2584 2403 2844 2473 peccatis
2876 2403 3189 2458 sordidum
3235 2404 3591 2476 respuebat;
3631 2421 3788 2478 quos

2130 2504 2271 2545 vero
2298 2489 2372 2544 ad
2407 2491 2833 2546 cmundatione
2857 2492 3147 2565 dissolvit,
3176 2492 3237 2549 id
3255 2498 3345 2551 est
3374 2495 3648 2563 removit,
3677 2496 3791 2552 hos

2124 2576 2252 2647 jam
2285 2580 2340 2631 et
2364 2577 2657 2634 damnare
2687 2579 2969 2634 decrevit.

2202 2668 2537 2725 Cassiodori
2583 2669 2645 2725 in
2696 2670 2930 2741 psalmo
2959 2687 3100 2727 xcu:
3171 2672 3406 2729 Parata
3455 2673 3617 2730 sedes
3651 2681 3776 2742 tua,

2127 2757 2304 2813 Deus.
2356 2758 2574 2816 Parata
2633 2760 2930 2827 significat
2978 2760 3599 2833 przedestinationem;
3634 2764 3784 2837 quia

2132 2851 2321 2902 totum
2349 2847 2412 2901 in
2444 2846 2543 2902 illa
2571 2848 2812 2903 veritate
2844 2849 3136 2919 consistit,
3185 2850 3481 2924 quidquid
3512 2852 3574 2911 in
3602 2852 3793 2909 admi-

2129 2934 2480 2993 nistratione
2511 2936 2724 2990 mundi
2764 2938 2999 2993 evenire
3029 2939 3357 3008 contigerit.

2201 3024 2543 3080 Cassiodori
2563 3026 2625 3081 in
2656 3026 3030 3097 expositione
3052 3028 3272 3101 psalmi
3300 3046 3393 3085 cm
3420 3046 3431 3084 :
3462 3030 3528 3085 in
3552 3030 3788 3088 hacita-

429 3119 765 3191 Cassiodori
791 3118 851 3174 in
883 3118 1119 3190 psalmo
1152 3136 1241 3175 LIV
1266 3137 1278 3173 :
1307 3123 1419 3174 Hos
1446 3120 1589 3175 tales
1617 3120 1864 3192 implere
1894 3138 2015 3179 non
2047 3148 2086 3203 ρ
2130 3130 2243 3185 (Ιᾶϐ
2268 3120 2440 3169 nocte
2474 3114 2678 3169 bestia?
2730 3116 3039 3183 Silvarum.
3070 3116 3132 3172 id
3185 3123 3293 3189 est,
3338 3119 3662 3192 dwmonia.
3725 3126 3786 3177 et

356 3209 486 3280 [al..
519 3224 641 3265 non
662 3208 929 3281 implere]
961 3208 1103 3265 dicit
1127 3209 1255 3265 dies
1287 3226 1427 3264 suos
1458 3209 1707 3280 quando
1738 3227 1876 3266 cum
1902 3212 2017 3268 sibi

352 3297 603 3369 longam
632 3299 819 3355 vitam
849 3300 1225 3371 promittunt,
1250 3301 1474 3355 exitum
1507 3300 1827 3356 celerrimae
1858 3318 2017 3357 mor~

354 3390 426 3446 tis
456 3389 786 3446 inveniunt.
820 3393 969 3446 Nam
1014 3389 1287 3445 omnium
1314 3429 1320 3434 -
1346 3390 1473 3445 dies
1524 3390 1584 3445 in
1625 3391 2015 3462 praedestina-

353 3477 513 3534 tione
544 3483 874 3534 noscuntur
904 3494 1033 3533 esse
1055 3478 1302 3534 deiiniti.

425 3565 765 3621 Cassiodori
786 3566 844 3620 in
874 3566 1110 3636 psalmo
1157 3584 1302 3623 va:
1368 3569 1711 3635 [imposuisti
1752 3569 2015 3624 homines

352 3670 534 3725 super
562 3656 763 3723 capita
796 3662 1020 3711 nostra.
1046 3657 1391 3727 Imposuisti
1414 3657 1574 3725 dicit,
1607 3664 1668 3712 ut
1696 3658 1902 3715 omnia
1930 3660 2014 3730 ip-

354 3744 478 3800 sius
534 3744 837 3801 voluntate
893 3744 1048 3801 facta
1107 3759 1240 3801 esse
1299 3749 1633 3812 constaret;
1669 3746 1821 3801 sicut
1873 3747 2017 3803 dicit

351 3834 641 3890 Dominus
662 3834 844 3891 Pilato
877 3852 889 3890 :
919 3836 1056 3891 Non
1083 3834 1328 3891 haberes
1398 3840 1743 3903 potestatem
1791 3837 1853 3893 in
1900 3852 2012 3907 me,

350 3925 470 3979 nisi
498 3925 608 3980 tibi
634 3925 779 3981 data
808 3926 1015 3995 fuisse!
1040 3925 1295 3993 desuper
1323 3924 1522 3993 (Joan.
1556 3926 1699 3993 nx),

423 4012 763 4068 Cassiodori
798 4012 865 4069 in
888 4012 1258 4084 expositione
1292 4012 1509 4085 psalmi
1538 4029 1770 4068 LXXXVII
1802 4029 1813 4067 :
1847 4014 2013 4068 Misit

350 4104 415 4159 in
447 4118 540 4159 eos
561 4104 718 4159 iram
746 4103 1182 4171 indignationis
1224 4118 1381 4158 suae:
1437 4104 1932 4172 indignationem,
1958 4111 2014 4161 et

349 4194 527 4259 iram,
557 4198 616 4248 et
646 4181 1115 4261 tribulationem,
1140 4196 1193 4247 et
1216 4192 1600 4247 immissiones
1622 4207 1742 4260 per
1767 4195 2013 4263 angelos

350 4281 562 4337 malos.
581 4280 743 4337 Ordo
761 4279 1082 4335 vindinctae
1109 4279 1419 4335 verissima
1444 4279 1839 4352 descriptione
1870 4298 2010 4337 nar-

348 4371 537 4424 ratur.
567 4367 731 4422 Prius
752 4367 913 4421 enim
946 4368 1232 4422 Dominus
1262 4369 1521 4438 peccatis
1550 4370 1768 4424 nostris
1809 4371 2010 4426 irasci-

346 4460 463 4523 tur,
494 4454 743 4528 quando
760 4454 923 4512 nulla
954 4457 1416 4527 compunctioue
1449 4458 1873 4514 convertimur.
1929 4464 2008 4514 Ac

350 4545 569 4602 deinde
610 4545 905 4601 malitiam
936 4545 1197 4602 hominis
1227 4545 1288 4600 in
1320 4562 1429 4602 sua.
1477 4546 1910 4615 indignatione,
1953 4554 2010 4604 et

345 4634 454 4700 ira,
488 4638 543 4689 et
573 4633 950 4689 tribulatione
981 4633 1359 4705 derelinquit,
1388 4640 1453 4689 ut
1466 4635 1724 4706 propriis
1748 4635 2010 4691 adversi-

344 4722 566 4778 tatibus
591 4722 954 4793 aﬂligantur,
987 4721 1091 4793 qui
1120 4722 1337 4777 divinis
1363 4722 1743 4792 jussionibus
1764 4724 2008 4780 obedire

344 4814 762 4867 contemnunt.
790 4811 949 4867 Sicut
980 4810 1268 4881 scriptum
1299 4816 1422 4866 est:
1458 4813 1788 4880 Propterea
1817 4814 2007 4870 tradi-

344 4903 431 4957 dit
465 4904 599 4957 illos
654 4904 808 4956 Deus
867 4902 925 4955 in
972 4902 1267 4956 desideria
1320 4904 1515 4957 cordis
1548 4918 1771 4973 eorum,
1807 4904 1867 4958 in
1905 4906 2006 4959 im~

343 4995 725 5057 mamtlitium,
783 4999 841 5046 ut
872 4993 1110 5060 faciant
1156 5008 1287 5062 quae
1319 5008 1437 5047 non
1472 4995 1853 5062 conveniunt,
1894 4998 2001 5049 etc.

342 5080 533 5151 (Rom.
565 5083 705 5153 1,1).
763 5081 1039 5137 Scelerati
1080 5081 1308 5161 quippe
1364 5082 1624 5136 hominis
1672 5081 2005 5151 indignatio

338 5169 595 5242 pertinet
624 5170 702 5225 ad
738 5171 1035 5226 tumidam
1066 5170 1435 5242 superbiam,
1460 5171 1548 5226 ira
1576 5170 1655 5226 ad
1684 5172 2005 5229 audaciam

338 5258 689 5327 nefandam,
754 5259 1062 5315 tribulatio
1120 5259 1199 5315 ad
1258 5260 1579 5317 confusam
1632 5259 2001 5333 desperatio-

335 5361 500 5405 nem.
549 5349 719 5405 Tunc
796 5364 902 5421 per
956 5349 1203 5418 angelos
1270 5350 1464 5406 malos
1524 5349 1601 5407 ad
1668 5350 1998 5408 immissio-

337 5450 446 5494 nes
476 5439 925 5513 praecipitantur
954 5438 1207 5505 illicitas,
1241 5443 1297 5495 et
1322 5440 1502 5511 quasi
1557 5439 1766 5499 nudati
1794 5440 1993 5499 defen-

409 5658 435 5725 ξ
466 5652 613 5725 gitat
641 5653 875 5725 Hincm.
901 5669 1033 5725 cap,
1075 5654 1156 5708 16.

412 5719 440 5757 δ
459 5720 729 5791 _P_Iinrm.,
753 5724 897 5778 ibid.

413 5793 429 5813 °
459 5788 581 5844 Hoc
599 5788 734 5847 loco
764 5793 962 5850 deﬁcit
990 5796 1436 5867 apographum,
1461 5811 1657 5869 neque
1680 5799 1861 5870 hujus
1876 5799 1991 5857 loci

2130 3202 2309 3259 catuli
2370 3203 2638 3273 leonum,
2694 3220 2850 3277 quos
2898 3206 3124 3262 diaboli
3164 3214 3447 3280 corrupta
3483 3209 3790 3265 voluntate

2128 3298 2482 3362 genuerunt,
2529 3292 2607 3348 ad
2652 3294 3103 3351 devorationem
3133 3302 3473 3368 quaerentes
3527 3296 3787 3371 aliquos,

2127 3382 2396 3438 exierunt
2450 3386 2512 3436 ut
2563 3397 2765 3438 escam
2836 3384 3100 3451 malitiae,
3154 3386 3527 3458 permittente
3582 3392 3786 3443 tamen

2127 3470 2399 3541 Domino,
2448 3473 2791 3543 reperirent.
2840 3473 2990 3531 Nihil
3037 3476 3198 3531 enim
3232 3492 3268 3533 a
3296 3492 3609 3550 quoquam
3656 3476 3787 3533 ﬁeri

2123 3567 2337 3633 potest,
2384 3563 2500 3618 nisi
2550 3562 2716 3636 quod
2764 3563 2891 3636 ipse
2944 3571 3173 3621 secreto
3218 3565 3466 3638 judicio,
3528 3570 3632 3623 aut
3704 3566 3786 3622 ad

2124 3652 2565 3725 probationem,
2617 3658 2720 3708 aut
2766 3656 2844 3708 ad
2873 3654 3196 3713 vindictam
3253 3654 3601 3712 faciendum
3649 3674 3782 3713 esse

2122 3740 2477 3813 permiserit.

2193 3829 2537 3885 Cassiodori
2566 3830 2626 3885 in
2677 3832 3003 3903 exposione
3049 3833 3271 3905 psalmi
3308 3849 3436 3893 Civ:
3470 3836 3784 3894 Convertit

2120 3932 2224 3973 cor
2243 3932 2468 3989 eorum,
2500 3924 2565 3973 ut
2590 3920 2825 3976 adirent
2851 3923 3142 3990 populum
3181 3925 3328 3993 ejus,
3360 3930 3411 3979 el
3459 3925 3664 3981 dolum
3689 3928 3785 3997 fa-

2119 4014 2319 4063 cerent
2346 4008 2411 4062 in
2441 4023 2641 4063 servos
2660 4011 2807 4076 ejus.
2857 4010 3022 4064 Venit
3052 4010 3127 4066 ad
3185 4016 3467 4081 quartam
3516 4021 3776 4085 partem,

2119 4096 2221 4155 ubi
2244 4097 2559 4168 rligyptios
2582 4103 2878 4154 memorat
2893 4098 3157 4155 Hebraeis
3185 4100 3476 4157 invidiam
3495 4102 3783 4162 habuisse

2120 4185 2538 4253 saevissimam,
2579 4192 2759 4260 atque
2804 4205 2906 4244 eos
2956 4189 3243 4261 operibus
3298 4191 3623 4262 subjecisse
3668 4193 3781 4251 du-

2118 4274 2390 4335 rissimis.
2454 4276 2800 4333 Prtestando
2858 4278 3017 4333 enim
3066 4277 3263 4335 felicia
3321 4281 3549 4354 populo
3599 4286 3780 4340 Israe-

2119 4361 2298 4428 litico,
2386 4366 2676 4420 convertit
2740 4367 3030 4424 Dominus
3104 4367 3186 4425 ad
3250 4368 3479 4438 odium,
3564 4375 3622 4427 et
3695 4372 3776 4428 ad

2120 4452 2291 4508 dolos
2370 4469 2472 4509 cor
2532 4454 2983 4526 .Egyptiorum;
3044 4473 3169 4513 non
3234 4457 3381 4530 quia
3436 4458 3564 4531 ipse
3636 4461 3780 4517 mali

2122 4547 2330 4599 auctor
2410 4548 2521 4615 est,
2628 4544 2732 4599 sed
2801 4546 3147 4618 praestando
3235 4546 3366 4604 aliis
3480 4547 3781 4609 beneﬁcia

2119 4637 2350 4688 mentes
2399 4633 2674 4691 excitavit
2748 4635 3047 4708 obliquas.
3129 4640 3378 4694 Necesse
3433 4642 3523 4702 est
3584 4638 3767 4713 enim,

2116 4726 2182 4775 ut
2208 4720 2476 4778 scelerati
2529 4722 2808 4779 homines
2856 4724 3067 4780 ahenis
3126 4728 3434 4799 prosperis
3510 4728 3766 4785 intume-

2116 4815 2303 4879 scant,
2343 4811 2447 4883 qui
2493 4827 2555 4865 se
2584 4816 2809 4868 norunt
2860 4813 3076 4869 mereri
3132 4831 3256 4871 non
3298 4834 3477 4889 posse
3534 4818 3773 4876 similia.

2118 4904 2273 4957 Sicut
2300 4900 2362 4956 in
2394 4901 2695 4957 sacrificiis
2727 4904 2869 4959 Cain
2898 4910 2951 4959 et
2981 4905 3125 4960 Abel
3149 4906 3369 4961 factum
3423 4912 3532 4976 est,
3583 4926 3775 4982 quan-

2112 4991 2191 5045 do
2222 4990 2400 5045 uuius
2433 4991 2796 5047 sacrificium
2827 4993 3076 5065 respuit,
3107 4994 3346 5049 alterius
3387 4996 3639 5052 libenter
3678 5015 3774 5054 ac-

2111 5079 2267 5150 cepit
2294 5080 2458 5151 (Gen.
2492 5080 2589 5148 ιν).

2183 5171 2353 5227 Bedes
2365 5170 2699 5244 presbyteri
2718 5172 2778 5228 in
2798 5172 2950 5230 libro
2973 5175 3457 5232 Hexaemoronin
3482 5179 3733 5235 Genesin
3754 5199 3766 5235 :

2109 5262 2187 5317 Et
2218 5278 2347 5319 ecce
2386 5264 2679 5319 miserunt
2705 5280 2953 5322 manum
2980 5267 3116 5336 viri,
3175 5273 3230 5323 et
3273 5267 3768 5340 introduxerunt,

2109 5354 2216 5407 etc.
2251 5353 2397 5423 (Gen
2426 5353 2566 5424 XIX).
2620 5353 2710 5409 Ad
2740 5355 3173 5428 sempiternum
3229 5363 3648 5429 praeparantur
3679 5359 3742 5421 in

2108 5440 2411 5514 cendium,
2446 5458 2569 5498 non
2588 5442 3079 5502 inconvenienter
3099 5446 3402 5504 insinuare
3423 5453 3459 5504 °.
3750 5455 3758 5463 °

2105 5658 2395 5734 expositio
2422 5659 2718 5734 reperitur
2729 5660 2787 5715 in
2813 5662 2998 5717 Beda:
3025 5662 3233 5734 paucis
3254 5662 3433 5731 igitur
3462 5664 3660 5720 verbis
3684 5664 3759 5722 ad

2106 5729 2439 5788 clausulam
2462 5729 2841 5802 facientibus,
2875 5729 3148 5806 cogimur
3166 5729 3303 5790 esse
3322 5736 3601 5793 contenti.
