3974 6386
146 211 286 271 1005

770 339 1004 396 CAPUT
1053 339 1200 397 XIII.

290 425 380 480 De
407 427 610 496 gratia
637 433 691 481 et
725 428 908 483 libero
940 428 1212 497 arbitrio,
1262 446 1337 486 exc.
1371 432 1644 488 diuersis.

212 515 586 571 Venerabilis
610 517 932 574 Innocentii
956 535 1130 594 papae
1154 519 1227 575 de
1248 520 1434 576 libero
1463 521 1706 577 arbitrio
1733 521 1811 576 is-

143 609 204 662 ta
235 611 381 663 sunt
403 605 586 664 verba
607 605 684 664 ad
715 608 1185 680 Carthaginense
1215 610 1538 670 concilium
1569 612 1802 686 (Imioc.

143 692 301 770 epist
323 693 508 768 xxxi).
535 700 556 722 '
589 693 867 756 Liberum
888 697 1071 766 enim,
1088 697 1305 772 inquit,
1323 698 1642 760 arbitrium
1666 697 1812 758 olim

143 779 239 838 ille
267 797 620 858 perpessus,
649 784 798 841 dum
831 785 954 843 suis
978 785 1375 848 inconsultius
1399 787 1581 848 utitur
1610 787 1811 857 bonis,

146 872 376 928 cadens
405 873 469 930 in
499 874 1006 950 prtevaricationis
1034 876 1338 948 profunda
1383 877 1722 945 demersus,
1755 880 1815 936 et

145 960 294 1020 nihil
325 962 852 1036 quemadmodum
883 964 1099 1022 exinde
1131 980 1374 1037 surgere
1406 973 1609 1040 posset
1635 968 1805 1024 inve-

147 1051 251 1122 nit,
279 1068 514 1124 suaque
543 1053 606 1108 in
643 1058 934 1114 aeternum
966 1054 1236 1111 libertate
1275 1057 1584 1129 deceptus,
1631 1057 1814 1128 hujus

147 1139 341 1196 ruinae
367 1141 656 1213 jacuisset
685 1144 1163 1216 oppressus,nisi
1188 1161 1328 1204 eum
1359 1151 1572 1218 postea
1603 1145 1814 1204 Christi

147 1246 254 1303 per
305 1246 487 1288 suam
531 1231 789 1302 gratiam
837 1231 944 1306 [al.
994 1249 1294 1308 oppressa
1330 1234 1445 1292 nisi
1492 1251 1633 1292 eum
1675 1240 1818 1308 post

148 1318 361 1376 Christi
391 1335 504 1392 pro
534 1337 645 1378 sua
689 1322 900 1396 gratia]
950 1321 1278 1382 relevasset
1329 1322 1648 1396 adventus,
1709 1323 1816 1398 qui

146 1424 254 1480 per
264 1425 441 1466 novae
453 1410 922 1480 regenerationis
941 1411 1816 1487 puriﬁcationem,praateritum

143 1513 327 1558 omne
355 1499 566 1556 vitium
597 1501 690 1557 sui
709 1501 1094 1572 baptismatis
1127 1501 1366 1561 lavacro
1400 1503 1701 1574 purgavit.

218 1590 302 1645 Ex
332 1589 588 1662 epistola
619 1588 897 1648 Afrorum
919 1592 1344 1664 episcoporum
1367 1591 1444 1648 ad
1465 1609 1692 1664 papam
1715 1595 1814 1649 Zo-

1157 221 1365 277 EPIST.
1409 223 1506 276 AD
1560 218 1978 278 HINCMABUM
2023 218 2106 274 ET
2159 219 2565 276 PARDULUM.

3441 221 3585 282 1006

1839 349 1884 400 Α
1927 357 2054 396 rem
2077 340 2261 397 donat
2290 340 2626 398 indebitum
2656 342 2866 412 gratia,
2902 357 3026 398 non
3055 343 3250 399 meriti
3281 359 3586 418 praeroga-

1924 431 2058 495 tiva,
2095 446 2212 484 non
2243 430 2340 486 fati
2383 431 2754 492 necessitate,
2789 447 2912 486 non
2950 431 3273 488 temeritate
3305 431 3583 506 fortunae,

1922 520 2024 578 sed
2053 519 2362 575 altitudine
2387 519 2729 576 divitiarum
2763 521 3068 592 sapientiae
3090 523 3144 578 et
3175 521 3434 578 scientiae
3462 521 3585 596 Dei,

1921 624 2109 682 quam
2137 625 2260 666 non
2283 609 2492 683 aperit,
2525 609 2632 666 sed
2659 609 2932 670 clausam
2959 610 3210 670 miratur
3229 610 3586 686 Apostolus,

1923 698 2224 754 clamans:
2262 699 2309 754 0
2328 699 2590 756 altitudo
2607 699 2964 758 divitiarum
2985 701 3302 772 sapientia:
3321 706 3378 760 et
3397 702 3587 762 scien-

1924 789 2024 845 lite
2053 789 2182 856 Dei,
2205 803 2384 860 quam
2407 788 2830 846 inscrutabilia
2845 793 2990 846 sunt
3007 789 3251 860 Judicia
3262 791 3391 861 ejus
3409 795 3468 848 et
3497 791 3588 850 in-

1923 879 2296 950 vestigabiles
2330 880 2438 935 vim
2460 881 2588 949 ejus
2615 882 2640 938 1
2677 879 2820 946 Quis
2848 881 3008 938 enim
3039 881 3316 952 cognovit
3345 895 3587 942 sensum

1921 968 2180 1032 Domini,
2214 973 2319 1024 aut
2363 969 2494 1038 quis
2538 969 2900 1024 consilarius
2941 970 3071 1039 ejus
3118 969 3264 1040 fuit,
3309 975 3414 1026 aut
3455 970 3587 1042 quis

1917 1057 2092 1125 prior
2121 1055 2278 1112 dedit
2315 1057 2430 1127 illi,
2461 1063 2520 1112 ct
2540 1057 2909 1113 retribuetur
2937 1058 2993 1114 ei
3019 1061 3048 1116 ?
3078 1059 3370 1127 Quoniam
3401 1074 3479 1116 ex
3503 1059 3590 1130 ip-

1923 1139 2004 1213 so,
2026 1151 2080 1201 et
2099 1160 2214 1214 per
2241 1147 2456 1218 ipsum,
2491 1151 2544 1202 et
2575 1148 2639 1203 in
2679 1147 2807 1218 ipso
2835 1152 2975 1203 sunt
3004 1148 3226 1217 omnia,
3250 1149 3367 1221 ipsi
3383 1149 3588 1221 gloria

1926 1235 1988 1294 in
2005 1235 2228 1292 scecula
2247 1235 2628 1292 saeculorum.
2660 1235 2852 1292 Amen
2884 1237 3078 1304 (Rom.
3107 1253 3192 1293 ιι.

1997 1321 2313 1394 Augustini
2351 1312 2561 1378 contra
2583 1321 2894 1394 Pelagium
2923 1322 3080 1380 libro
3109 1323 3404 1396 1(Contra
3433 1323 3587 1383 duas

1925 1411 2094 1480 epist.
2127 1411 2623 1484 Pelagianorum,
2649 1410 2692 1466 l.
2727 1427 2771 1480 ι,
2813 1427 2948 1484 cap.
2981 1411 3037 1483 2)
3067 1429 3080 1468 :
3111 1411 3342 1484 Dicunt,
3371 1411 3588 1485 inquit.

1926 1499 2007 1554 illi
2030 1500 2354 1569 Manichiei,
2369 1501 2594 1574 quibus
2615 1501 2805 1560 modo
2836 1517 2961 1558 non
2979 1501 3588 1572 communicavimus,

1927 1587 1988 1643 id
2019 1593 2124 1656 est,
2157 1588 2259 1644 toti
2286 1589 2385 1644 isti
2415 1606 2556 1646 cum
2594 1589 2819 1662 quibus
2850 1589 3261 1657 dissentimus,
3292 1589 3439 1664 quia
3473 1590 3590 1664 pri-

145 1677 375 1736 zimum
405 1694 417 1732 :
449 1678 920 1736 Manifestissime
956 1672 1181 1738 sensus
1214 1679 1443 1753 probus
1489 1681 1810 1748 invenitur,
1853 1697 1896 1754 Β
1929 1677 2010 1733 mi
2031 1677 2294 1734 hominis
2324 1682 2592 1751 peccato,
2612 1678 2671 1735 id
2695 1683 2788 1736 est
2810 1679 2972 1748 Adte,
3001 1679 3257 1737 liberum
3278 1679 3591 1740 arbitrium

149 1782 272 1822 non
317 1783 448 1823 esse
495 1766 751 1824 liberum
792 1767 1130 1836 arbitrium,
1163 1775 1377 1838 etc.,et
1409 1770 1648 1844 operari
1697 1787 1808 1844 pro

149 1854 317 1914 bona
343 1855 653 1914 voluntate
683 1857 728 1912 ι’.

219 1947 304 2004 Ex
331 1945 585 2020 epistola
612 1945 926 2015 Augustini
957 1945 1038 2003 ad
1058 1946 1286 2004 Sixtum
1314 1947 1736 2024 presbyterum
1766 1961 1812 2004 ο.

147 2033 328 2100 Quod
367 2036 528 2091 enim
561 2040 776 2109 putant
804 2035 1021 2092 auferri
1049 2035 1161 2092 sibi
1191 2036 1449 2092 liberum
1476 2037 1812 2106 arbitrium,

147 2123 197 2178 si
224 2141 340 2180 nec
379 2124 572 2198 ipsam
634 2125 863 2181 bonam
927 2124 1291 2181 voluntatem
1341 2126 1466 2182 sine
1515 2126 1818 2198 adjutorio

145 2213 248 2270 Dei
269 2214 584 2270 hominem
606 2214 829 2271 habere
851 2214 1279 2281 consenserint,
1311 2231 1436 2272 non
1457 2215 1814 2286 intelligunt,

146 2318 271 2360 non
303 2319 369 2357 se
393 2302 636 2360 ﬁrmare
665 2303 926 2359 liberum
954 2302 1267 2360 arbitrium
1302 2321 1314 2371 ;
1363 2303 1468 2360 sed
1512 2303 1816 2377 impellere

149 2396 211 2449 ut
233 2407 344 2468 per
363 2391 568 2450 inania
595 2391 840 2462 feratur,
868 2407 993 2448 non
1023 2392 1085 2448 in
1123 2391 1400 2464 Domino,
1437 2397 1728 2467 tanquam
1753 2393 1817 2452 in

146 2487 322 2558 petra
355 2481 554 2537 stabili
587 2482 906 2538 collocetur
937 2500 948 2540 :
984 2482 1258 2538 Paratur
1286 2485 1441 2539 enim
1472 2485 1750 2540 voluntas
1780 2497 1818 2541 α

147 2573 408 2630 Domino
439 2573 637 2642 (Prov.
665 2575 970 2644 vnijua'ta
997 2573 1170 2630 LXX
1191 2587 1214 2642 ;
1248 2573 1440 2642 Vulg.,
1469 2573 1706 2631 Hauriet
1725 2588 1817 2628 sa-

148 2659 337 2718 lutem
371 2676 408 2716 a
439 2661 734 2730 Domino).
789 2659 962 2726 Quod
1015 2665 1216 2717 autem
1264 2675 1664 2734 personarum
1715 2676 1817 2718 ac-

149 2755 459 2826 ceptorem
496 2753 682 2808 Deum
713 2767 776 2806 se
803 2749 1044 2806 credere
1076 2749 1440 2818 existimant,
1471 2749 1520 2808 si
1546 2749 1816 2816 credant,

147 2836 322 2910 quod
351 2838 479 2894 sine
511 2837 644 2892 ullis
675 2837 1158 2910 praecedentibus
1208 2839 1453 2906 meritis,
1483 2839 1660 2910 cujus
1691 2838 1820 2898 vult

149 2926 488 2995 miseretur,
522 2931 579 2985 et
619 2943 774 3000 quos
798 2926 1103 2998 dignatur,
1139 2933 1332 3000 vocat,
1363 2931 1420 2984 et
1459 2943 1644 3001 quem
1678 2927 1818 2992 vult,

1925 1766 2183 1840 perierit,
2215 1769 2272 1822 et
2300 1783 2480 1823 nemo
2495 1767 2626 1840 jam
2663 1773 3020 1840 potestatem
3058 1768 3284 1826 habeat
3307 1768 3464 1828 bene
3499 1768 3590 1828 vi-

1925 1855 2128 1921 vendi,
2161 1855 2268 1911 sed
2293 1871 2506 1912 omnes
2548 1856 2608 1912 in
2653 1861 2971 1930 peccatum
3000 1857 3199 1915 carnis
3229 1874 3353 1917 suis
3383 1873 3591 1916 neces-

1925 1943 2095 2002 sitate
2117 1950 2428 2014 cogantur.
2445 1944 2784 2002 Manicheos
2810 1945 3076 2020 appellat
3095 1945 3442 2018 catholicos,
3463 1962 3594 2006 mo-

1925 2049 1988 2090 re
2020 2031 2176 2089 illius
2198 2032 2522 2100 Joviniani,
2554 2033 2658 2106 qui
2696 2037 2834 2090 ante
2864 2051 3094 2107 paucos
3132 2050 3330 2093 annos
3357 2034 3591 2094 haereti-

1926 2137 2034 2180 cus
2063 2139 2280 2186 novus,
2314 2121 2716 2192 virginitatem
2749 2127 2980 2180 sanctas
3008 2122 3200 2180 Mariae
3221 2121 3591 2195 destruebat,

1927 2216 1984 2267 et
2013 2211 2337 2282 virginitati
2376 2227 2562 2268 sacrae
2591 2211 2840 2284 nuptias
2891 2211 3159 2270 ﬁdelium
3210 2211 3590 2286 cousquabat.

1928 2302 2043 2356 Nec
2065 2299 2145 2354 ob
2171 2299 2336 2356 aliud
2364 2300 2479 2358 hoc
2519 2299 2845 2370 objiciehat
2883 2300 3192 2358 catholicis
3239 2318 3252 2358 :
3302 2300 3418 2362 nisi
3447 2301 3594 2378 quia

1928 2404 2031 2446 eos
2061 2388 2245 2446 videri
2267 2388 2509 2446 volebat
2529 2389 3036 2458 accusatores,vel
3055 2389 3442 2450 damnatores
3463 2407 3593 2452 esse

1925 2479 2299 2551 nuptiarum.
2332 2478 2612 2534 Liberum
2636 2484 2836 2536 autem
2867 2480 3181 2538 arbitrium
3211 2480 3593 2540 defendendo

1926 2568 2323 2642 praecipitant,
2353 2574 2418 2626 ut
2446 2567 2522 2625 de
2552 2569 2652 2625 illo
2681 2569 2882 2643 potius
2919 2569 2998 2628 ad
3032 2569 3375 2628 faciendam
3415 2571 3592 2645 justi-

1927 2657 2095 2725 tiam,
2119 2674 2306 2731 quam
2329 2658 2404 2713 de
2437 2657 2674 2714 Domini
2705 2659 3004 2731 adjutorio
3033 2659 3391 2729 conﬁdatur,
3415 2664 3597 2734 atque

1927 2745 2083 2806 utin
2111 2762 2175 2804 se
2201 2747 2482 2822 quisque,
2515 2763 2640 2807 non
2691 2747 2750 2808 in
2801 2747 3056 2806 Domino
3103 2747 3405 2818 glorietur.
3454 2747 3597 2814 Quis

1928 2839 2131 2892 autem
2153 2841 2428 2894 uestrum
2459 2836 2620 2894 dicat
2641 2834 2809 2910 quod
2842 2836 3021 2908 primi
3044 2837 3315 2896 hominis
3347 2841 3598 2910 peccato

1928 2924 2166 2996 perierit
2193 2924 2451 2982 liberum
2481 2924 2796 2982 arbitrium
2822 2925 2900 2982 de
2924 2926 3451 3002 humanogenere
3485 2943 3499 2983 :
3532 2925 3600 2987 li-

147 3015 508 3084 religiosum
551 3014 715 3114 facit,
772 3031 988 3088 parum
1037 3016 1372 3114 attendunt,
1419 3017 1601 3114 quod.
1614 3016 1822 3074 debita
1861 3059 1902 3114 ϐ
1932 3013 2133 3114 bertas
2157 3015 2404 3114 quidem
2427 3015 2600 3114 periit
2620 3030 2732 3114 per
2755 3021 3098 3112 peccatum,
3125 3016 3233 3073 sed
3400 3016 3599 3114 impa-

147 3105 443 3162 reddatur
473 3119 655 3178 paena
681 3103 992 3175 damnato,
1025 3104 1292 3160 indebita
1321 3105 1514 3176 gratia
1542 3104 1817 3171 liberato;

155 3194 220 3248 Ut
249 3209 367 3250 nec
391 3191 490 3248 ille
521 3208 582 3250 se
621 3191 944 3261 indignum
977 3197 1284 3266 queratur,
1329 3207 1438 3250 nec
1469 3193 1724 3262 dignum
1756 3209 1819 3248 se

149 3282 262 3342 iste
307 3282 597 3354 glorietur
629 3301 643 3351 ;
695 3286 876 3354 atque
909 3281 988 3338 ibi
1014 3281 1216 3355 potius
1245 3282 1655 3355 acceptionem
1682 3281 1818 3339 nul-

150 3371 275 3430 lam
305 3371 439 3430 ﬁeri
489 3387 912 3445 personarum,
949 3370 1052 3426 ubi
1090 3386 1212 3427 una
1245 3370 1584 3444 eademque
1611 3387 1820 3428 massa

153 3460 569 3518 damnationis
599 3466 656 3517 et
688 3461 887 3532 potius
917 3459 1268 3516 offensionis
1299 3459 1560 3526 involvit,
1591 3466 1653 3517 ut
1671 3459 1820 3516 libe-

153 3558 321 3607 ratus
349 3550 424 3608 de
448 3567 572 3607 non
594 3550 848 3608 liberato
877 3550 1088 3616 discat,
1121 3550 1288 3622 quod
1315 3551 1496 3606 etiam
1531 3550 1645 3607 sibi
1685 3565 1823 3624 sup-

155 3639 408 3713 plicium
436 3641 799 3708 conveniret,
833 3639 952 3696 nisi
993 3640 1187 3709 gratia
1217 3640 1580 3697 subveniret.
1628 3641 1684 3698 Si
1715 3657 1822 3697 au-

155 3731 278 3784 tem
312 3729 526 3801 gratia,
561 3732 766 3802 utique
796 3729 974 3786 nullis
1004 3728 1231 3785 meritis
1262 3728 1520 3790 reddita.
1551 3729 1656 3785 sed
1685 3745 1820 3800 gra-

156 3818 305 3874 tuita
333 3817 601 3875 bonitate
631 3818 877 3874 donata.
915 3817 1031 3874 Sed
1058 3818 1139 3890 inj
1151 3823 1350 3873 ustum
1375 3824 1486 3883 est,
1515 3818 1820 3890 inquiunt,

153 3903 216 3961 in
242 3923 371 3962 una
392 3907 728 3980 eademque
759 3905 919 3963 mala
941 3922 1151 3975 causa,
1180 3905 1344 3964 hunc
1363 3905 1624 3977 liberari,
1654 3907 1825 3966 illum

155 3995 384 4066 puniri.
432 3998 656 4068 Nempe
687 4011 830 4068 ergo
859 3997 1091 4068 justum
1121 4001 1213 4052 est
1244 4001 1570 4069 utrumque
1599 3997 1820 4070 puniri.

157 4084 300 4152 Quis
339 4085 458 4143 hoc
487 4086 796 4155 negaverit
823 4086 850 4141 ‘I
897 4087 1168 4154 Agamus
1195 4100 1338 4156 ergo
1370 4085 1590 4156 gratias
1620 4086 1824 4145 Salva-

155 4173 286 4243 tori,
311 4173 467 4232 dum
499 4172 675 4229 nobis
710 4172 1016 4230 redditum
1045 4189 1169 4230 non
1201 4173 1524 4244 cernimus,
1569 4175 1737 4249 quod
1761 4175 1826 4232 in

157 4260 554 4321 damnatione
582 4261 865 4319 similium
896 4261 1075 4319 etiam
1113 4263 1289 4318 nobis
1337 4263 1610 4321 debitum
1638 4264 1826 4321 fuisse

159 4350 608 4422 cognoscimus.
659 4349 716 4406 Si
773 4349 934 4405 enim
985 4349 1183 4406 omnis
1235 4350 1420 4407 homo
1449 4350 1822 4415 liberaretur,

1929 3102 2132 3160 radiso
2153 3101 2262 3160 fuit
2277 3101 2545 3158 habendi
2573 3101 2819 3175 plenam
2840 3119 2981 3160 cum
3007 3103 3450 3162 immortalitate
3463 3104 3595 3176 jus-

1931 3191 2144 3258 titiam,
2182 3195 2426 3265 propter
2464 3191 2631 3264 quod
2659 3195 2878 3248 natura
2902 3191 3178 3248 humana
3215 3191 3418 3250 divina
3443 3191 3599 3251 indi-

1933 3285 2031 3350 get
2060 3280 2268 3349 gratia,
2300 3279 2532 3336 dicente
2554 3279 2808 3336 Domino
2841 3297 2854 3336 :
2882 3281 2955 3338 Si
2967 3295 3068 3338 vos
3086 3282 3284 3340 Filius
3305 3282 3597 3341 liberave-

1931 3371 2031 3436 rit,
2063 3374 2207 3427 tunc
2238 3385 2372 3426 vere
2403 3369 2578 3428 liberi
2594 3371 2759 3427 eritis
2791 3372 2992 3442 (Joan.
3022 3371 3148 3436 vni)
3173 3389 3188 3442 ;
3219 3369 3426 3442 utique
3455 3369 3597 3430 libe-

1929 3459 1999 3531 ri,
2033 3458 2113 3516 ad
2141 3458 2297 3516 bene
2319 3459 2600 3532 justeque
2629 3459 2980 3518 vivendum.
3031 3463 3182 3518 Nam
3213 3459 3476 3520 liberum
3499 3476 3598 3519 ar-

1930 3547 2175 3606 bitrium
2197 3563 2388 3620 usque
2419 3548 2572 3604 adeo
2593 3548 2658 3604 in
2679 3554 2995 3624 peccatore
3024 3564 3150 3608 non
3171 3549 3368 3624 periit,
3397 3554 3463 3610 ut
3489 3565 3600 3627 per

1929 3637 2073 3694 illud
2107 3641 2356 3712 peccent
2395 3638 2660 3696 maxime
2708 3655 2944 3709 omnes,
3001 3639 3107 3712 qui
3151 3656 3292 3700 cum
3345 3639 3600 3701 delecta-

1931 3726 2092 3784 tione
2132 3731 2404 3800 peccant,
2457 3733 2515 3783 et
2558 3744 2767 3786 amore
2817 3727 3050 3804 peccati
3096 3728 3214 3786 hoc
3265 3729 3350 3788 eis
3379 3729 3600 3804 placet,

1931 3812 2100 3885 quod
2124 3811 2208 3867 eis
2244 3811 2408 3871 libet.
2439 3812 2604 3868 Unde
2635 3819 2692 3868 et
2722 3813 3042 3884 Apostolus
3068 3829 3081 3872 :
3118 3813 3266 3872 Cum
3295 3811 3602 3871 essetisin-

1931 3901 2081 3976 quit,
2109 3903 2264 3958 servi
2278 3902 2534 3974 peccati,
2574 3903 2752 3959 liberi
2775 3903 2982 3973 fuistis
2993 3903 3256 3972 justitite
3279 3902 3465 3976 (Rom.
3498 3906 3600 3972 v1).

1934 3993 2080 4048 Ecce
2110 3990 2510 4048 ostenduntur
2541 3990 2722 4048 etiam
2753 3993 3001 4066 peccato
3031 3990 3284 4049 minime
3307 3991 3598 4068 potuisse.

1932 4079 2052 4136 nisi
2079 4078 2198 4136 alia
2225 4078 2494 4138 libertate
2527 4079 2764 4136 servire.
2795 4079 2986 4137 Liberi
3017 4096 3162 4152 ergo
3184 4079 3600 4153 ajustitianon

1934 4173 2092 4237 sunt,
2127 4168 2242 4225 nisi
2273 4168 2518 4226 arbitrio
2543 4168 2869 4227 voluntatis
2905 4189 2918 4226 :
2960 4169 3132 4228 liberi
3176 4176 3380 4230 autem
3409 4185 3602 4244 apec-

1935 4262 2068 4314 cato
2089 4273 2211 4314 non
2235 4257 2408 4328 ﬁunt,
2439 4257 2558 4316 nisi
2577 4259 2772 4330 gratia
2795 4258 3134 4318 Salvatoris.
3169 4262 3414 4332 Propter
3432 4259 3602 4333 quod

1936 4345 2314 4403 admirabilis
2360 4345 2572 4404 doctor
2613 4348 2796 4404 etiam
2849 4348 3036 4406 verba
3090 4349 3227 4422 ipsa
3267 4348 3594 4408 discrevit:

161 4417 370 4513 utique
391 4439 599 4496 lateret
626 4439 775 4512 quid
798 4443 1044 4511 peccato
1073 4453 1180 4510 per
1192 4438 1484 4510 justitiam
1511 4439 1825 4510 debeatur;
1863 4417 1906 4468 υ
1938 4437 2088 4494 Cum
2111 4437 2266 4493 enim
2295 4437 2453 4492 servi
2489 4437 2698 4503 essitis,
2721 4437 2938 4511 inquit,
2965 4417 3225 4512 peccati,
3253 4439 3428 4497 liberi
3449 4437 3604 4508 fuis-

163 4528 211 4582 si
224 4543 434 4591 nemo,
464 4527 614 4601 quid
635 4527 825 4597 gratia
845 4526 1187 4596 largiretur?
1223 4529 1289 4583 Ut
1313 4543 1456 4598 ergo
1486 4527 1548 4584 in
1577 4529 1692 4584 hac
1713 4528 1828 4586 dif-

163 4617 434 4676 ficillima
455 4617 784 4691 quwstione
808 4616 1002 4673 verbis
1033 4617 1233 4690 potius
1257 4623 1499 4674 utamur
1521 4619 1788 4691 Apostoli
1812 4635 1824 4672 :

177 4706 394 4765 Valens
416 4711 567 4764 Deus
586 4709 1093 4780 ostenderegiram,
1115 4713 1166 4764 et
1194 4708 1606 4766 demonstrare
1623 4718 1834 4780 poten-

170 4797 312 4854 tiam
353 4813 545 4866 suam,
599 4799 809 4854 attulit
841 4798 904 4853 in
943 4799 1138 4854 multa
1177 4799 1476 4868 patientia
1509 4813 1652 4855 vasa
1698 4799 1829 4867 irte,

169 4899 297 4954 qua:
319 4887 594 4958 perfecta
615 4891 752 4944 sunt
782 4887 844 4941 in
880 4885 1275 4955 perditionem
1305 4902 1316 4940 :
1351 4894 1403 4943 et
1439 4892 1500 4940 ut
1529 4893 1706 4942 notas
1732 4886 1830 4956 fa-

169 4980 322 5032 ceret
355 4975 596 5031 divitias
621 4975 836 5046 glorite
850 4989 993 5045 suae,
1017 4978 1078 5032 in
1101 4989 1245 5032 vasa
1265 4975 1708 5042 misericordia,
1736 4975 1836 5032 cui

171 5076 286 5120 non
301 5069 498 5138 potest
523 5064 876 5136 ﬁgmentum
899 5063 1128 5124 dicere:
1149 5065 1347 5132 Quare
1371 5065 1454 5120 sic
1475 5079 1566 5120 me
1589 5064 1836 5134 fecisti?

173 5164 300 5210 cum
347 5153 562 5210 habeat
607 5159 960 5222 potestatem
1009 5167 1086 5210 ea:
1123 5152 1328 5210 eadem
1376 5167 1575 5208 massa
1626 5152 1836 5222 facere

173 5240 344 5298 aliud
371 5243 558 5300 vasin
581 5241 888 5310 honorem,
911 5241 1087 5298 aliud
1109 5241 1171 5296 in
1194 5241 1618 5297 contumeliam
1642 5240 1831 5311 (Rom.

174 5332 272 5396 lx).
309 5330 416 5388 L'bi
433 5331 580 5405 quia
608 5331 892 5388 universa
921 5329 1035 5388 ista
1066 5345 1272 5388 massa
1301 5330 1513 5386 merito
1545 5328 1837 5386 damnata

177 5422 278 5491 est,
304 5419 734 5480 contumeliam
763 5419 1032 5478 debitam
1065 5418 1262 5476 reddit
1285 5417 1540 5489 justitia,
1568 5421 1624 5472 et
1649 5418 1836 5475 hono-

243 5639 266 5664 ‘
297 5638 430 5692 Hae
459 5635 604 5694 citat
633 5635 1011 5692 Hincmarus.

251 5705 276 5748 δ
303 5709 370 5768 Et
394 5707 492 5766 hic
515 5705 720 5770 deﬁcit
746 5705 1192 5779 apographum,
1226 5720 1337 5762 nec
1363 5706 1553 5766 exstat
1579 5702 1840 5776 epistola

1936 4527 2012 4582 tis
2021 4526 2300 4597 justitiat.
2337 4525 2518 4592 Quem
2553 4542 2696 4598 ergo
2733 4526 3010 4597 fructum
3041 4527 3334 4586 habuistis
3363 4533 3508 4586 tunc
3537 4529 3602 4586 in

1937 4615 2028 4673 his
2057 4616 2118 4672 in
2140 4615 2353 4689 quibus
2383 4631 2546 4672 nunc
2575 4615 2917 4673 erubescitis
2935 4615 2962 4671 ?
2985 4616 3142 4674 Nam
3162 4617 3302 4684 ﬁnis
3331 4616 3604 4688 illorum,

1935 4720 2096 4761 mors
2117 4709 2220 4760 est.
2249 4704 2426 4760 Nunc
2448 4711 2649 4760 autem
2685 4704 2929 4760 liberati
2953 4718 2990 4759 a
3014 4710 3281 4772 peccato,
3317 4705 3476 4760 servi
3497 4719 3604 4760 au-

1939 4797 2054 4848 tem
2087 4791 2245 4860 facti
2265 4792 2406 4858 Deo,
2441 4791 2669 4848 habetis
2707 4793 2980 4860 fructum
3003 4797 3263 4848 vestrum
3295 4793 3358 4849 in
3385 4791 3606 4850 sancti-

1934 4883 2237 4952 ﬁcatione,
2259 4882 2438 4949 ﬁnem
2470 4895 2608 4937 vero
2637 4881 2820 4938 vitam
2845 4884 3155 4940 aeternam.
3183 4879 3426 4938 Liberos
3453 4879 3606 4938 dixit

1933 4968 2200 5042 justitiae,
2231 4983 2356 5024 non
2385 4967 2690 5038 liberatos,
2721 4983 2760 5025 a
2787 4970 3036 5040 peccato
3069 4973 3272 5025 autem
3303 4984 3429 5026 non
3453 4967 3604 5028 libe-

1939 5074 2065 5129 ros,
2091 5073 2167 5114 ne
2198 5057 2312 5114 sibi
2341 5057 2457 5116 hoc
2482 5057 2850 5125 tribuerent;
2875 5057 2982 5114 sed
3003 5057 3456 5130 vigilantissime
3476 5075 3605 5118 ma-

1939 5147 2050 5204 luit
2073 5146 2291 5216 dicere,
2325 5145 2632 5218 liberatos,
2665 5145 2931 5203 referens
2961 5146 3076 5206 hoc
3101 5146 3181 5206 ad
3209 5146 3380 5205 illam
3403 5147 3608 5206 Domi-

1941 5235 2006 5294 ni
2030 5235 2426 5294 sententiam:
2457 5237 2529 5295 Si
2555 5251 2652 5293 vos
2680 5235 2879 5292 Filius
2903 5237 3272 5295 liberaverit.
3302 5242 3447 5294 tunc
3475 5251 3610 5296 vere

1948 5327 2122 5384 liberi
2157 5326 2323 5384 eritis
2371 5328 2568 5395 (Joan.
2612 5324 2754 5396 vui).
2809 5328 2960 5384 Cum
2997 5326 3200 5400 itaque
3250 5341 3376 5382 non
3405 5324 3612 5384 vivant

1945 5415 2098 5474 bene
2124 5414 2543 5483 homines,nisi
2563 5412 2754 5472 effecti
2774 5411 2880 5470 ﬁlii
2901 5414 3180 5490 Dei,quid
3203 5417 3296 5471 est
3314 5412 3482 5488 quod
3501 5412 3609 5474 iste

1951 5629 2158 5702 magni
2191 5629 2348 5686 illius
2368 5628 2620 5702 concilii
2641 5627 3148 5702 Carthaginensis.

2030 5697 2337 5771 °'Hincm.,
2367 5700 2472 5758 lib.
2497 5700 2573 5759 de
2599 5697 2898 5771 Prwdesti,
2928 5716 3060 5774 cap.
3097 5706 3149 5758 6.
