3974 6372
413 247 551 302 1007

1478 240 1533 292 S.
1577 234 1952 290 PRUDENTII
1989 230 2373 293 TRECENSIS
2415 238 2751 295 EPISCOPI.

3704 241 3856 294 1008

408 368 598 425 libero
623 363 870 422 arbitrio
897 362 1022 418 vult
1068 362 1220 417 bene
1246 360 1480 417 vivendi
1518 359 1772 415 tribucre
1801 358 2065 429 potesta-
2094 359 2143 413 A
2185 356 2369 425 bona,
2401 361 2462 417 in
2506 361 2728 434 quibus
2758 360 3083 417 laudantur
3121 376 3229 434 per
3273 377 3549 435 quasque
3605 366 3854 431 gentes.

410 463 553 526 tem,
578 472 719 512 cum
757 454 885 510 hzec
913 455 1179 526 potestas
1208 465 1331 506 non
1374 449 1569 513 detur,
1600 447 1714 503 nisi
1746 446 1937 517 gratia
1968 444 2067 501 Dei

409 563 519 622 per
545 548 752 603 Jesum
783 542 1081 598 Christum
1129 539 1453 596 Dominum
1506 542 1805 601 nostrum,
1834 535 2067 591 dicente

410 632 731 707 Evangelia
755 649 769 687 :
804 631 1102 700 Quotquot
1130 633 1327 685 autem
1343 632 1696 697 receperunt
1719 641 1874 690 eum,
1905 623 2069 680 dedit

409 726 491 784 eis
516 726 866 795 potestatem
882 718 1041 788 ﬁlios
1069 718 1179 774 Dei
1202 718 1341 786 ﬁeri
1356 717 1554 789 (Joan.
1589 719 1650 782 ι).

484 812 599 871 Sed
628 827 703 868 ne
732 808 882 866 forte
911 806 1134 871 dicant,
1164 806 1244 862 ad
1285 807 1402 863 hoc
1433 820 1561 861 esse
1601 804 1841 875 adjutos
1868 806 1932 859 ut
1956 801 2065 857 ha-

406 903 617 960 berent
646 900 1000 974 potestatem
1030 894 1158 952 ﬁeri
1186 894 1291 951 ﬁlii
1316 895 1417 951 Dei
1444 911 1457 949 :
1490 898 1768 951 utautem
1794 892 1952 948 hanc
1973 906 2068 946 ac-

406 991 602 1064 cipere
631 989 1021 1053 mererentur,
1049 983 1218 1057 prius
1243 999 1382 1040 cum
1411 982 1601 1040 libero
1630 980 1873 1038 arbitrio
1899 978 2068 1036 nulla

404 1077 594 1150 adjuti
624 1075 815 1149 gratia
842 1076 1215 1146 receperunt.
1253 1075 1385 1128 llaec
1415 1076 1503 1128 cst
1531 1072 1756 1144 quippe
1795 1067 2063 1134 intentio,

403 1183 531 1241 qua
555 1165 811 1237 gratiam
836 1162 1141 1220 destruere
1170 1162 1519 1230 moliuntur,
1554 1163 1619 1215 ut
1643 1174 1779 1215 eam
1821 1156 1952 1214 dari
1980 1171 2066 1212 se-

404 1255 676 1313 cundum
703 1252 917 1310 merita
944 1254 1152 1307 nostra
1189 1249 1576 1306 contendant.
1611 1250 1689 1304 Ne
1726 1246 1874 1303 forte
1921 1260 2065 1315 ergo

402 1344 565 1402 hanc
593 1340 1006 1411 evangelicam
1038 1338 1396 1395 sententiam
1423 1338 1506 1393 sic
1537 1336 1824 1403 dividant,
1856 1338 1921 1391 ut
1946 1349 2066 1389 me-

402 1431 584 1489 ritum
609 1433 842 1505 ponant
888 1430 949 1485 in
1001 1443 1072 1484 eo
1120 1426 1287 1500 quod
1332 1426 1560 1483 dictum
1589 1428 1713 1484 est:
1769 1422 2065 1495 Quotquot

405 1527 608 1578 autem
636 1523 988 1588 receperunt
1017 1530 1193 1588 eum;
1220 1532 1291 1572 ac
1319 1514 1557 1585 deinde,
1586 1529 1709 1570 non
1740 1512 1925 1583 gratis
1953 1511 2063 1567 da-

405 1611 555 1680 tam,
585 1606 694 1665 sed
720 1605 861 1663 huic
880 1604 1091 1661 merito
1117 1604 1414 1661 redditam
1441 1602 1714 1674 gratiam,
1737 1601 1799 1657 in
1814 1598 2065 1673 eoquod

2180 450 2604 523 praecipueque
2632 452 2693 506 in
2720 455 2893 521 gente
2933 454 3222 517 Romana,
3267 451 3368 524 qui
3399 451 3687 524 praeclare
3719 451 3854 521 glo-

2178 536 2623 613 riosissimeque
2650 540 2948 606 vixerunt;
2984 540 3090 595 sed
3123 539 3435 612 quoniam,
3487 540 3637 595 sicut
3669 555 3852 595 vera-

2148 664 2151 665 ν
2178 624 2423 683 cissima
2446 629 2750 701 Scriptura
2777 627 2947 684 dicit:
2976 628 3331 701 Omnequod
3346 644 3466 685 non
3490 633 3575 685 est
3605 643 3683 685 ex
3694 629 3847 697 ﬁde,

2168 721 2487 783 peccatum
2504 723 2590 774 est
2629 717 2814 789 (Rom.
2846 716 2985 787 xw).
3022 720 3129 773 Et:
3166 718 3311 774 Sine
3331 718 3451 787 ﬁde
3476 718 3851 787 impossibile

2177 808 2260 858 est
2287 805 2493 877 utique
2520 807 2760 875 placere
2779 806 2900 861 Deo
2932 806 3135 876 (Hebr.
3168 812 3271 874 x1),
3312 821 3437 861 non
3461 805 3845 862 hominibus:

2174 890 2325 947 nihil
2354 892 2437 950 sic
2466 894 2591 965 agit
2611 893 2704 949 hic
2739 893 3039 966 princeps,
3071 909 3259 966 quam
3295 897 3358 949 ut
3386 910 3507 951 non
3556 894 3848 950 credatur

2174 978 2237 1035 in
2265 982 2472 1049 Deum,
2520 997 2633 1038 nec
2682 980 2762 1038 ad
2812 982 3216 1053 Mediatorem,
3256 998 3292 1038 a
3342 998 3467 1055 quo
3516 982 3847 1038 solvuntur

2174 1083 2361 1140 opera
2407 1070 2537 1139 ejus
2562 1069 2864 1127 credendo
2890 1070 3183 1126 veniatur.
3216 1071 3330 1127 Sed
3383 1070 3510 1143 ipse
3551 1069 3847 1127 Mediator

2174 1159 2368 1215 intrat
2398 1161 2461 1216 in
2478 1161 2719 1216 domum
2736 1161 2916 1231 fortis
2948 1162 3115 1228 (Luc.
3147 1160 3250 1231 vi),
3280 1160 3343 1217 id
3372 1165 3462 1217 est
3496 1160 3559 1217 in
3587 1161 3706 1217 hoc
3729 1177 3844 1216 saa-

2174 1245 2380 1303 culum
2413 1248 2899 1319 mortalium,sub
2925 1252 3220 1321 potestate
3250 1247 3500 1316 diaboli,
3530 1253 3843 1321 quantum

2173 1334 2251 1392 ad
2289 1334 2494 1409 ipsum
2524 1337 2815 1409 pertinet:
2866 1336 3277 1404 constitutum,
3310 1337 3386 1392 de
3441 1336 3573 1410 ipso
3601 1337 3841 1410 quippe

2173 1423 2461 1496 scriptum
2477 1424 2758 1498 est,quod
2774 1430 3126 1495 potestatem
3152 1424 3365 1482 habeat
3387 1427 3595 1481 mortis
3624 1426 3839 1496 (Apoc.

2172 1513 2275 1585 vi).
2302 1514 2500 1570 Intrat
2525 1515 2590 1570 in
2619 1514 2857 1571 domum
2875 1515 3088 1585 fortis:
3107 1514 3171 1569 id
3194 1518 3302 1585 est,
3319 1514 3380 1571 in
3412 1531 3522 1571 suo
3551 1514 3840 1572 domina-

2174 1606 2237 1658 tu
2292 1602 2569 1659 habentis
2617 1618 2807 1674 genus
2851 1603 3238 1672 humanum;
3285 1608 3343 1659 et
3382 1603 3547 1677 prius
3609 1605 3841 1676 alligat

405 1696 713 1771 sequitur:
764 1695 939 1753 Dedit
989 1695 1069 1752 eis
1123 1698 1471 1764 potestatem
1525 1692 1684 1761 ﬁlios
1742 1690 1850 1747 Dei
1887 1690 2063 1759 ﬁeri;
2094 1709 2134 1764 Β
2173 1707 2327 1760 eum,
2354 1692 2418 1749 id
2446 1697 2555 1765 est,
2578 1693 2707 1765 ejus
2728 1698 2958 1749 coercet
2984 1697 3039 1749 et
3056 1693 3295 1749 cohibet
3313 1698 3692 1767 potestatem,
3721 1710 3838 1768 po-

403 1785 685 1860 nunquid
715 1784 763 1841 si
807 1773 1114 1858 quaeratur
1166 1782 1245 1839 ab
1276 1785 1380 1841 eis.
1410 1780 1556 1854 quid
1588 1781 1680 1847 sit,
1710 1784 2064 1850 receperunt
2098 1816 2103 1825 .

402 1892 537 1934 eum
562 1880 592 1931 ἵ
614 1873 830 1932 dicturi
858 1877 998 1929 sunt
1026 1872 1211 1939 aliud,
1234 1871 1372 1939 nisi,
1388 1870 1772 1927 crediderunt
1794 1869 1854 1923 in
1876 1884 2016 1924 eum
2034 1868 2063 1923 ?

402 1967 476 2023 Ut
492 1964 672 2036 igitur
700 1968 757 2020 et
783 1963 899 2020 hoc
920 1962 1111 2018 sciant
1140 1960 1219 2018 ad
1241 1960 1493 2031 gratiam
1526 1958 1838 2033 pertinere,
1860 1956 2064 2027 legant

400 2054 570 2128 quod
600 2052 682 2111 ait
699 2051 1026 2126 Apostolus
1052 2068 1065 2106 :
1102 2052 1173 2107 In
1216 2051 1389 2107 nullo
1418 2048 1825 2119 expavescatis
1851 2046 1928 2104 ab
1956 2046 2061 2102 ad-

400 2143 705 2213 versariis,
729 2141 966 2214 quidem
988 2146 1072 2197 est
1096 2140 1220 2195 illis
1248 2154 1431 2195 causa
1443 2137 1827 2208 perditionis,
1852 2141 2061 2191 vestrae

400 2238 599 2290 autem
642 2231 860 2289 salutis
886 2247 900 2287 :
933 2236 988 2287 et
1018 2230 1129 2285 hoc
1154 2243 1192 2285 a
1224 2229 1368 2299 Deo,
1395 2228 1536 2299 quia
1578 2226 1739 2281 vobis
1770 2225 2060 2281 donatum

400 2328 487 2380 est
508 2337 626 2393 pro
655 2320 917 2391 Christo,
950 2336 1069 2377 non
1102 2324 1339 2376 tantum
1377 2324 1443 2373 ut
1487 2317 1745 2374 credatis
1789 2316 1854 2371 in
1903 2330 2057 2386 eum,

398 2412 504 2469 sed
543 2417 609 2468 ut
657 2412 836 2469 etiam
872 2410 1200 2481 patiamini
1231 2424 1345 2479 pro
1393 2423 1458 2465 eo
1510 2406 1696 2478 (Phil.
1730 2410 1793 2475 ι).
1836 2409 2060 2477 Nempe

398 2504 725 2574 utrumque
745 2499 894 2556 dixit
918 2514 1048 2556 esse
1086 2498 1405 2554 donatum.
1434 2496 1577 2551 Item
1598 2494 1764 2567 quod
1783 2495 1894 2550 ait:
1922 2494 2061 2549 Pax

392 2590 720 2662 fratribus,
754 2594 809 2646 et
830 2588 1098 2645 charitas
1144 2602 1278 2642 cum
1302 2585 1422 2654 ﬁde
1448 2600 1485 2640 a
1507 2585 1627 2639 Deo
1652 2583 1839 2640 Patre
1864 2588 1918 2639 et
1948 2583 2061 2638 Do-

397 2679 561 2734 mino
596 2678 737 2733 Jesu
782 2675 1013 2732 Christo
1054 2673 1232 2745 (Eph.
1266 2677 1365 2743 vr).
1396 2674 1621 2743 Legant
1666 2670 1846 2727 etiam
1893 2668 2059 2743 quod

394 2764 526 2839 ipse
560 2764 850 2822 Dominus
877 2764 989 2820 ait:
1024 2764 1207 2819 Nemo
1232 2766 1424 2832 potest
1454 2761 1654 2817 venire
1678 2759 1760 2816 ad
1794 2774 1905 2827 me,
1944 2759 2065 2815 nisi

394 2852 586 2910 Pater
654 2853 759 2925 qui
816 2851 979 2907 misit
1043 2864 1137 2906 me
1201 2850 1461 2906 traxerit
1522 2863 1654 2905 eum
1718 2847 1909 2918 (toan.
1960 2847 2055 2918 vi).

397 2940 509 2998 Ubi
533 2956 609 2998 ne
646 2939 975 3014 quisquam
1004 2942 1171 3012 putet
1207 2936 1372 2995 aliud
1422 2952 1554 2992 esse
1596 2937 1798 2992 venire
1830 2934 1907 2992 ad
1937 2950 2055 3004 me,

394 3045 583 3103 quam
614 3029 854 3086 credere
882 3028 943 3084 in
975 3043 1092 3092 me,
1124 3026 1308 3100 paulo
1334 3031 1472 3099 post
1501 3041 1641 3082 cum
1669 3023 1747 3081 de
1790 3040 1903 3081 suo
1933 3040 2060 3081 cor—
2094 3062 2134 3117 Ο

392 3134 539 3192 pore
566 3122 624 3175 et
654 3117 950 3189 sanguine
974 3116 1341 3189 loqueretur,
1369 3119 1426 3171 et
1452 3113 1837 3173 scandalizati
1861 3117 2061 3171 essent

390 3207 636 3281 plurimi
665 3206 727 3264 in
746 3222 1025 3263 sermone
1052 3205 1202 3276 ejus,
1236 3204 1345 3261 ait:
1387 3205 1576 3260 Verba
1608 3219 1742 3276 qua:
1773 3218 1878 3274 ego
1901 3204 2060 3259 locu-

392 3302 489 3353 tus
516 3314 647 3353 sum
674 3297 836 3353 vobis
864 3296 1113 3366 spiritus
1153 3301 1207 3352 et
1237 3296 1362 3351 vita
1391 3299 1533 3351 sunt
1557 3310 1571 3348 :
1610 3293 1715 3348 sed
1742 3298 1883 3349 sunt
1932 3293 2059 3364 qui-

390 3386 533 3442 dam
565 3402 641 3442 ex
684 3385 846 3442 vobis
874 3386 980 3455 qui
1023 3399 1144 3439 non
1187 3384 1464 3439 credunt.
1496 3381 1718 3438 Deinde
1748 3380 2061 3456 subjunin

390 3472 809 3544 Evangelista:
841 3472 1078 3529 Sciebat
1105 3472 1258 3526 enim
1288 3471 1460 3527 Jesus
1506 3471 1581 3526 ab
1617 3472 1789 3526 initio
1842 3472 1949 3542 qui
1973 3486 2058 3526 es-

388 3568 522 3619 sent
559 3561 881 3633 credentes,
909 3565 962 3617 et
992 3561 1123 3631 quis
1154 3560 1494 3616 traditurus
1520 3565 1663 3615 esset
1704 3574 1858 3630 eum,
1888 3565 1942 3616 et
1969 3560 2057 3615 di-

390 3650 596 3708 cebat:
628 3650 960 3719 Propterea
986 3648 1120 3704 dixi
1156 3648 1341 3718 vobis,
1373 3649 1515 3718 quia
1544 3662 1712 3703 nemo
1734 3652 1928 3715 potest
1958 3663 2053 3704 ve-

388 3740 523 3796 nire
551 3739 632 3797 ad
657 3755 770 3811 me,
794 3738 912 3794 nisi
935 3738 1122 3794 Pater
1144 3737 1250 3808 qui
1290 3736 1449 3792 misit
1489 3751 1581 3790 me
1609 3738 1865 3791 traxerit
1899 3751 2051 3793 eum.

388 3832 457 3887 Et
482 3830 597 3886 hoc
622 3833 867 3903 propter
896 3825 1225 3894 credentes,
1257 3830 1312 3881 et
1359 3841 1483 3881 non
1513 3823 1841 3891 credentes,
1877 3840 1940 3879 se
1968 3825 2052 3880 di-

385 3918 548 3975 xisse
588 3916 1009 3986 manifestavit,
1041 3930 1350 3988 exponens
1403 3913 1569 3987 quod
1616 3913 1878 3969 dixerat:
1920 3914 2055 3969 Nisi

385 4008 574 4065 Pater
602 4009 707 4079 qui
752 4021 845 4063 me
883 4006 1066 4076 misit,
1095 4005 1353 4061 traxerit
1384 4018 1560 4061 eum:
1606 4002 1873 4075 idipsum
1920 4001 2052 4058 aliis

384 4096 585 4152 verbis
613 4096 962 4168 repetendo,
992 4095 1053 4150 in
1084 4110 1155 4149 eo
1186 4093 1353 4167 quod
1392 4093 1504 4149 ait:
1540 4094 1659 4148 nisi
1685 4093 1893 4148 datum
1921 4093 2050 4162 fue-

384 4187 468 4241 rit
506 4186 563 4242 ei
597 4200 635 4242 a
681 4186 868 4242 Patre
905 4199 1051 4241 meo.
1089 4182 1183 4238 Ille
1225 4183 1454 4255 quippe
1503 4182 1754 4238 trahitur
1783 4182 1863 4239 ad
1890 4182 2051 4238 Chri-

385 4279 566 4342 stum,
594 4273 691 4330 cui
718 4272 897 4329 datur
925 4276 992 4328 ut
1020 4275 1225 4328 credat
1254 4272 1314 4326 in
1346 4270 1668 4328 Christum.
1702 4273 1887 4328 Datur
1904 4287 2048 4343 ergo

383 4365 650 4435 potestas
670 4364 737 4417 ut
761 4359 867 4415 ﬁlii
895 4360 994 4415 Dei
1022 4358 1190 4425 ﬁant,
1218 4358 1322 4431 qui
1347 4358 1599 4415 credunt
1626 4359 1687 4415 in
1718 4375 1881 4425 eum,
1906 4374 2044 4415 cum

381 4451 500 4509 hoc
524 4450 730 4524 ipsum
758 4449 939 4506 datur
964 4452 1029 4504 ut
1048 4447 1297 4504 credant
1319 4447 1382 4503 in
1410 4462 1573 4517 eum,
1594 4463 1731 4520 quae
1758 4451 2043 4519 potestas,

380 4539 498 4597 nisi
545 4539 720 4597 detur
748 4555 782 4596 a
811 4539 952 4603 Deo,
979 4536 1145 4593 nulla
1173 4552 1302 4592 esse
1343 4539 1542 4609 potest
1569 4550 1643 4591 ex
1670 4534 1858 4591 libero
1889 4537 2045 4593 arbi-

380 4628 514 4697 trio,
547 4628 695 4702 quia
717 4643 829 4684 nec
856 4626 1113 4683 liberum
1142 4624 1204 4681 in
1235 4625 1397 4681 bono
1428 4623 1537 4680 erit
1565 4623 1732 4697 quod
1760 4623 2046 4682 liberator

380 4732 505 4774 non
554 4716 931 4783 liberaverit;
979 4714 1085 4771 sed
1129 4712 1192 4769 in
1221 4713 1384 4769 malo
1434 4712 1692 4769 liberum
1733 4712 1919 4769 habet
1947 4728 2044 4769 ar-

377 4805 645 4873 bitrium,
675 4805 771 4862 cui
815 4803 1274 4861 delectationem
1326 4801 1565 4858 malitias
1616 4801 1711 4857 vel
1751 4802 2041 4870 occultus,

377 4894 474 4951 vel
502 4894 855 4951 manifestus
884 4893 1169 4966 deceptor
1210 4892 1446 4959 iusevit,
1478 4891 1573 4946 vel
1606 4890 1720 4946 sibi
1757 4890 1884 4963 ipse
1914 4907 2043 4964 pcr-

383 4982 596 5039 suasit.

452 5069 767 5141 Augustini
796 5069 875 5126 ad
906 5069 1149 5127 Vitalem
1173 5088 1186 5125 :
1221 5072 1385 5140 Rogo
1409 5072 1462 5125 te
1492 5066 1641 5140 quid
1670 5071 1953 5140 operatur
1980 5067 2042 5123 in

379 5157 516 5216 ﬁliis
545 5156 892 5214 difﬁdentiae
940 5158 1242 5231 princeps,
1270 5157 1385 5214 nisi
1422 5173 1608 5230 opera
1634 5172 1746 5213 sua
1774 5156 1957 5220 mala,
1986 5162 2044 5214 et

376 5247 437 5304 in
463 5245 698 5322 primis,
724 5245 1107 5319 maximeque
1127 5246 1323 5320 ipsam
1353 5244 1753 5302 diffidentiam
1776 5249 1834 5302 et
1852 5245 2042 5302 infeli-

378 5337 617 5394 citatem
645 5352 771 5410 qua
800 5339 941 5392 sunt
987 5335 1212 5391 inimici
1241 5334 1402 5403 ﬁdei,
1432 5350 1541 5408 per
1562 5351 1751 5407 quam
1791 5336 1898 5392 scit
1926 5351 2038 5393 nos

375 5441 559 5498 posse
588 5424 892 5495 mundari,
924 5441 1104 5499 posse
1136 5424 1361 5495 sanari,
1390 5439 1573 5498 posse
1610 5424 2039 5497 perfectissime

375 5513 616 5582 liberos,
648 5514 814 5587 quod
843 5514 928 5570 eis
958 5515 1343 5571 vehementer
1379 5512 1624 5582 invidet,
1655 5514 1718 5571 in
1746 5520 2038 5572 internum

376 5604 671 5671 regnare?
701 5608 904 5675 Itaque
928 5603 1162 5676 aliquos
1190 5620 1400 5659 eorum
1448 5620 1553 5675 per
1582 5620 1738 5676 quos
1777 5605 2038 5677 amplius

376 5686 652 5757 decipere
669 5690 926 5761 affectat,
946 5690 1083 5749 sinit
1096 5691 1319 5749 habere
1341 5690 1653 5759 nonnulla,
1670 5692 1835 5748 velut
1852 5707 2039 5766 opera

2175 1784 2401 1839 testatis
2428 1800 2553 1840 sum
2576 1782 2920 1839 fortioribus
2951 1782 3228 1849 vinculis,
3263 1788 3320 1839 et
3368 1783 3450 1840 sic
3480 1783 3655 1856 eripit
3684 1800 3838 1841 vasa

2173 1872 2325 1944 ejus,
2394 1888 2776 1945 quaecunque
2838 1872 3288 1945 praedestinavit
3354 1874 3604 1947 eripere,
3674 1873 3837 1929 arbi-

2173 1960 2353 2018 trium
2376 1977 2587 2017 eorum
2618 1960 2696 2017 ab
2727 1961 2859 2031 ejus
2881 1965 3174 2033 potestate
3202 1961 3487 2030 liberans,
3507 1961 3684 2019 utillo
3704 1977 3832 2019 non

2171 2050 2531 2123 impediente
2609 2050 2888 2119 credant,
2957 2050 3018 2105 in
3090 2049 3271 2105 istum
3347 2049 3536 2106 libera
3617 2049 3834 2107 volun-

2170 2142 2307 2196 tate.
3373 2193 3376 2197 .

2239 2228 2561 2300 Augustini
2608 2227 2688 2284 ad
2738 2227 3134 2298 Valentinum,
3180 2228 3255 2283 de
3310 2228 3517 2284 Libero
3572 2228 3825 2284 arbitrio

2168 2319 2324 2390 (cap.
2362 2323 2457 2375 t5:
2494 2319 2741 2390 Semper
2764 2322 2850 2373 est
2873 2322 3073 2373 autem
3103 2317 3165 2372 in
3197 2316 3371 2373 nobis
3392 2316 3670 2375 voluntas
3684 2317 3831 2374 libe-

2166 2424 2256 2475 ra,
2283 2407 2391 2463 sed
2416 2423 2538 2464 non
2566 2423 2803 2480 semper
2829 2412 2917 2463 cst
2943 2406 3125 2462 bona.
3176 2411 3293 2463 Aut
3328 2407 3487 2463 enim
3538 2423 3574 2463 a
3596 2407 3831 2478 justitia

2167 2496 2356 2553 libera
2381 2501 2490 2563 est,
2518 2495 2766 2569 quando
2808 2497 2987 2552 servit
3016 2500 3283 2568 peccato,
3325 2501 3383 2552 et
3410 2502 3550 2553 tunc
3579 2501 3672 2554 est
3699 2513 3831 2555 ma-

2167 2584 2229 2642 la
2256 2603 2270 2642 :
2301 2589 2407 2642 aut
2443 2601 2480 2641 a
2519 2589 2766 2657 peccato
2805 2584 2995 2641 libera
3022 2590 3131 2654 est,
3179 2584 3428 2657 quando
3456 2585 3634 2642 servit
3651 2585 3830 2656 justi-

2168 2673 2288 2746 tize,
2320 2678 2377 2729 et
2405 2679 2546 2730 tunc
2576 2678 2668 2729 est
2714 2672 2897 2729 bona.
2931 2672 3129 2729 Gratia
3173 2689 3314 2730 vero
3346 2674 3447 2730 Dei
3468 2690 3707 2749 semper
3736 2679 3830 2731 est

2167 2762 2353 2825 bona,
2385 2766 2443 2818 et
2467 2778 2573 2834 per
2596 2761 2754 2817 hanc
2787 2762 2848 2817 tit
2871 2768 2936 2818 ut
2960 2762 3034 2817 sit
3060 2762 3245 2817 homo
3279 2761 3457 2818 bonis
3481 2762 3824 2834 voluntatis,

2166 2851 2273 2924 qui
2296 2851 2463 2924 prius
2492 2850 2603 2905 fuit
2628 2850 2952 2906 voluntatis
2980 2850 3177 2906 malae.

2240 2939 2550 3011 Augustini
2566 2939 2640 2995 de
2661 2939 3041 3011 Correptione
3062 2944 3118 2995 et
3144 2938 3338 2996 Gratia
3364 2942 3517 3011 (cap.
3547 2944 3618 3010 1).
3654 2940 3821 2997 Libe-

2167 3044 2304 3085 rum
2330 3028 2534 3100 itaque
2565 3026 2878 3083 arbitrium
2909 3033 2966 3082 et
3005 3027 3084 3083 ad
3114 3027 3344 3084 malum
3383 3031 3441 3084 et
3481 3028 3560 3084 ad
3587 3027 3822 3086 bonum

2169 3115 2538 3186 faciendum,
2571 3121 2799 3172 certum
2824 3122 2915 3172 est
2955 3131 3068 3172 nos
3113 3116 3371 3186 habere;
3421 3116 3526 3172 sed
3556 3116 3617 3173 in
3658 3118 3823 3175 malo

2168 3204 2445 3262 faciendo
2464 3204 2614 3261 liber
2641 3208 2730 3260 est
2757 3204 3015 3277 quisque
3031 3204 3275 3274 justitia:
3324 3220 3657 3278 servusque
3689 3222 3824 3279 pec-

2168 3294 2316 3351 cati:
2350 3293 2411 3349 in
2441 3292 2605 3349 bono
2635 3295 2838 3348 autem
2868 3291 3020 3347 liber
3066 3308 3197 3348 esse
3226 3291 3428 3365 nullus
3458 3298 3674 3366 potest,
3706 3295 3824 3350 nisi

2168 3382 2343 3439 fuerit
2371 3382 2655 3438 liberatus
2679 3380 2758 3437 ab
2790 3397 2861 3437 eo
2891 3380 2995 3453 qui
3017 3379 3196 3437 dixit:
3228 3382 3300 3438 Si
3327 3398 3427 3438 vos
3459 3383 3655 3439 Filius
3681 3384 3822 3440 libe-

2169 3473 2419 3542 raverit,
2443 3478 2587 3527 tunc
2602 3486 2738 3527 vere
2759 3471 2935 3526 liberi
2964 3471 3147 3525 eritis.
3169 3473 3283 3526 Nec
3312 3470 3396 3527 ita
3420 3475 3639 3527 utcum
3661 3472 3823 3544 quis-

2167 3576 2285 3633 que
2318 3559 2490 3616 fuerit
2511 3576 2549 3615 a
2574 3558 3207 3632 peccatidamnatione
3226 3558 3666 3632 liberatus,jam
3696 3576 3822 3617 non

2164 3649 2433 3719 indigeat
2458 3648 2549 3704 sui
2578 3647 2916 3703 liberatoris
2947 3646 3192 3713 auxilio,
3236 3647 3341 3703 sed
3371 3648 3454 3705 ita
3481 3648 3703 3721 potius,
3758 3655 3823 3706 ut

2165 3738 2245 3794 ab
2299 3738 2399 3793 illo
2464 3737 2754 3793 audiens:
2797 3737 2942 3793 Sine
3000 3752 3091 3792 me
3130 3737 3290 3793 nihil
3328 3740 3573 3807 potestis
3616 3739 3821 3808 facere

2162 3827 2359 3896 (Joan.
2386 3829 2511 3892 xv),
2544 3824 2703 3880 dicat
2743 3824 2794 3880 ei
2824 3829 2881 3880 et
2905 3824 3066 3897 ipse:
3117 3826 3382 3895 Adjutor
3423 3842 3585 3883 meus
3634 3843 3713 3898 es,
3746 3844 3818 3883 ne

2169 3916 2556 3986 derelinquas
2587 3928 2680 3969 me
2703 3913 2894 3985 (Psal.
2930 3914 3107 3985 xxvi).

2233 4002 2495 4074 Gregorii
2528 4017 2705 4075 papae
2732 4002 2794 4057 in
2811 4002 2922 4059 Job
2954 4000 3107 4059 libro
3131 4019 3233 4058 xvr
3264 4003 3417 4074 (cap.
3453 4007 3539 4075 t0,
3569 4005 3635 4061 in
3677 4021 3809 4076 cap.

2160 4110 2282 4149 χχιι
2311 4094 2442 4164 Job)
2469 4111 2481 4149 :
2506 4091 2859 4149 Salvabitur
2877 4093 3204 4165 innocens;
3237 4094 3578 4161 salvabitur
3602 4102 3811 4165 autem

2156 4184 2461 4241 munditia
2487 4197 2775 4239 manuum
2796 4197 3067 4240 suarum.
3092 4183 3236 4248 Quae
3262 4182 3481 4239 scilicet
3501 4184 3807 4251 sententia,

2158 4273 2207 4329 si
2231 4273 2306 4329 de
2335 4272 2590 4329 caelestis
2617 4271 2786 4342 regni
2825 4271 3212 4329 retributione
3250 4273 3634 4346 promittitur,
3664 4274 3807 4329 veri-

2157 4366 2277 4418 tate
2307 4361 2566 4418 fulcitur.
2600 4360 2752 4426 Quia
2795 4377 2935 4417 cum
2964 4360 3040 4416 de
3081 4362 3200 4417 Deo
3226 4361 3515 4434 scriptum
3545 4362 3653 4418 sit:
3697 4362 3807 4429 Qui

2156 4451 2361 4508 reddet
2390 4451 2715 4521 unicuique
2742 4449 3066 4507 secundum
3084 4465 3264 4520 opera
3281 4452 3409 4521 ejus
3437 4450 3718 4523 (Rom.u),
3744 4450 3806 4507 il-

2157 4539 2284 4596 lum
2311 4541 2373 4596 in
2421 4547 2687 4597 extremo
2736 4540 3012 4597 examine
3050 4540 3285 4611 justitia
3336 4542 3542 4597 aeterni
3586 4542 3805 4598 iudicis

2154 4629 2555 4702 salvat,quem
2581 4629 2678 4685 hic
2700 4630 2830 4700 ejus
2851 4629 3041 4701 pietas
3071 4628 3150 4685 ad
3166 4629 3498 4686 immundis
3522 4630 3803 4704 operibus

2150 4716 2385 4773 liberat.
2412 4718 2514 4772 Sin
2539 4732 2681 4772 vero
2710 4716 2789 4772 ad
2815 4716 2932 4772 hoc
2981 4716 3199 4773 salvari
3223 4718 3481 4791 quisque
3527 4718 3611 4775 sic
3642 4735 3806 4775 mun-

2152 4805 2301 4862 ditia
2326 4820 2622 4861 manuum
2653 4820 2901 4860 suarum
2932 4804 3211 4875 creditur,
3229 4809 3296 4861 ut
3324 4808 3449 4861 suis
3477 4805 3703 4861 viribus
3720 4807 3805 4862 in-

2149 4910 2375 4950 nocens
2397 4894 2522 4962 ﬁat,
2547 4891 2758 4966 procul
2784 4892 2971 4949 dubio
2999 4898 3259 4949 erratur:
3294 4894 3441 4965 quia
3460 4893 3512 4947 si
3543 4907 3806 4964 superna

2150 4982 2344 5053 gratia
2372 4987 2689 5039 nocentem
2714 4997 2838 5037 non
2864 4981 3168 5054 praevenit,
3193 4996 3510 5053 nunquam
3537 4980 3801 5053 profecto

2149 5071 2413 5127 inveniet
2431 5086 2615 5143 quem
2644 5073 2989 5126 remuneret
3007 5070 3410 5125 innocentem.
3458 5067 3625 5125 Unde
3654 5072 3799 5128 veri-

2149 5159 2266 5216 dici
2283 5160 2455 5216 Mosis
2485 5174 2632 5215 voce
2659 5157 2908 5214 dicitur:
2937 5159 3277 5230 Nullusque
3296 5158 3464 5229 apud
3498 5164 3554 5215 te
3589 5174 3698 5228 per
3740 5176 3799 5217 se

2148 5250 2431 5305 innocens
2457 5253 2543 5304 est
2578 5248 2797 5316 (Exod.
2845 5247 3068 5317 xxxiv).
3113 5248 3387 5320 Superna
3425 5261 3571 5313 ergo
3612 5246 3797 5319 pietas

2147 5338 2314 5411 prius
2344 5337 2467 5407 agit
2512 5337 2574 5393 in
2603 5336 2779 5393 nobis
2809 5336 3037 5409 aliquid
3082 5336 3210 5392 sine
3259 5336 3457 5405 nobis,
3499 5338 3566 5392 ut
3598 5335 3797 5392 subse-

2147 5430 2369 5499 quente
2422 5440 2666 5498 quoque
2721 5430 2928 5481 nostro
2981 5424 3172 5481 libero
3227 5424 3507 5493 arbitrio,
3569 5423 3794 5483 bonum

2146 5514 2313 5586 quod
2330 5515 2460 5585 jam
2488 5513 2830 5587 appetimus
2857 5517 2999 5584 agat
3021 5513 3362 5581 nobiscum,
3387 5512 3553 5585 quod
3600 5517 3793 5569 tamen

2144 5620 2252 5675 per
2308 5604 2647 5675 impensam
2707 5603 2961 5673 gratiam
3018 5602 3077 5658 in
3130 5606 3396 5658 extremo
3438 5600 3666 5672 judicio
3717 5601 3792 5659 ita

2144 5696 2490 5749 remunerat
2536 5692 2598 5746 in
2649 5692 2847 5762 nobis,
2889 5708 2959 5749 ac
3008 5692 3058 5749 si
3097 5691 3240 5749 solis
3298 5689 3685 5764 processisset
3721 5706 3789 5747 ex
