3974 6374
153 285 296 338 1009

1111 285 1196 337 DE
1236 278 1899 338 PREDESTINATIONE
1935 276 2215 332 CONTRA
2253 277 2305 332 J.
2350 281 2650 336 SCOTITM.

3465 286 3604 340 t0t0

148 405 350 461 nobis.
387 406 536 471 Quia
583 407 743 462 enim
774 406 979 462 divina
1007 423 1130 462 non
1156 407 1415 475 bonitas,
1448 411 1512 462 ut
1538 407 1822 462 innocen-
1858 405 1902 456 Α
1932 401 2240 470 vigilantia
2262 403 2480 459 mentis
2513 404 2839 471 annitente,
2872 403 3053 460 etiam
3090 403 3152 458 in
3184 405 3467 477 praecepti
3497 421 3602 462 cu-

147 500 235 552 tes
267 495 470 561 faciat,
499 496 805 567 przcvenit.
839 496 1060 550 Paulus
1091 497 1203 551 ait:
1240 497 1452 551 Gratia
1492 503 1688 552 autem
1717 494 1826 548 Dei

145 601 282 641 sum
332 586 397 640 id
426 586 587 656 quod
636 601 765 641 sum
816 585 872 655 (I
919 587 1055 642 Cor.
1090 587 1211 657 xv).
1263 589 1328 641 Et
1360 586 1504 658 quia
1542 583 1823 642 eamdem

148 675 408 744 gratiam
441 679 715 730 nostrum
761 674 1020 730 liberum
1051 675 1366 732 arbitrium
1398 674 1687 748 sequitur,
1717 671 1822 729 ad-

140 765 379 836 jungit:
415 766 494 820 Et
517 765 724 836 gratia
751 768 878 836 ejus
908 767 973 822 in
1016 781 1109 822 me
1138 782 1331 823 vacua
1371 781 1490 821 non
1549 767 1686 827 fuit.
1720 764 1825 820 sed

147 853 566 910 abundantius
617 855 743 910 illis
801 855 1073 910 omnibus
1131 855 1410 911 laboravi
1460 853 1662 926 (Ibid).
1713 852 1823 918 Qui

147 942 301 998 dum
327 958 390 998 se
416 942 492 999 de
519 959 581 997 se
608 942 754 998 nihil
780 959 912 999 esse
957 943 1348 1016 conspiceret,
1394 943 1496 1007 ait,
1547 945 1679 998 Non
1711 957 1820 997 au-

150 1038 266 1090 tem
299 1049 426 1104 ego.
464 1035 529 1088 Et
559 1037 761 1088 tamen
789 1033 932 1104 quia
962 1049 1024 1088 se
1041 1050 1174 1089 esse
1205 1033 1434 1108 aliquid
1463 1049 1602 1088 cum
1629 1031 1821 1102 gratia

146 1121 394 1191 invenit,
410 1120 713 1191 adjunxit:
746 1122 860 1176 Sed
889 1122 1091 1192 gratia
1114 1123 1222 1178 Dei
1236 1137 1484 1177 mecum.
1514 1125 1640 1176 Non
1658 1119 1819 1175 enim

145 1210 372 1266 diceret
398 1227 647 1279 mecum,
681 1211 729 1265 si
768 1227 908 1266 cum
939 1211 1324 1283 prevcnienle
1353 1210 1568 1281 gratia,
1604 1209 1816 1264 subse-

145 1315 345 1372 quens
384 1299 642 1355 liberum
677 1298 989 1356 arbitrium
1010 1315 1134 1355 non
1177 1299 1442 1355 haberet.
1482 1301 1549 1354 Ut
1581 1312 1724 1366 ergo
1756 1312 1818 1352 se

148 1389 280 1444 sine
309 1388 502 1458 gratia
531 1387 677 1443 nihil
708 1404 836 1443 esse
883 1387 1241 1456 ostenderet,
1275 1387 1353 1444 ait
1379 1406 1390 1443 :
1421 1389 1558 1444 Non
1581 1403 1687 1456 ego
1711 1399 1733 1456 ,°
1755 1389 1820 1442 ut

145 1495 292 1535 vero
315 1493 378 1533 se
409 1493 547 1534 cum
579 1477 770 1547 gratia
799 1482 1117 1550 operatum
1148 1493 1279 1533 esse
1307 1493 1414 1550 per
1442 1476 1700 1532 liberum
1729 1490 1819 1530 ar-

143 1563 396 1620 bitrium
426 1565 908 1632 demonstraret;
961 1565 1278 1635 adjunxit:
1329 1566 1446 1622 Sed
1482 1566 1686 1636 gratia
1717 1565 1820 1620 Dei

145 1669 401 1710 mecum.
438 1654 722 1710 Munditia
763 1653 963 1727 itaque
1009 1672 1305 1711 manuum
1360 1671 1612 1711 suarum
1641 1653 1816 1710 inno-

1934 491 2130 547 stodia
2174 497 2604 564 perseveraret,
2635 494 2684 549 si
2732 492 2906 548 vellet
2936 493 2993 548 in
3035 507 3106 548 eo
3151 493 3318 564 quod
3367 498 3602 550 creatus

1933 579 2129 638 fuerat
2157 586 2554 655 permanere].
2585 588 2910 656 Postquam
2940 599 3081 639 vero
3103 583 3450 640 seductione
3482 600 3604 642 ser-

1930 671 2127 744 pentis
2157 688 2266 744 per
2295 675 2475 728 Evam
2513 673 2743 739 cecidit,
2789 671 3020 727 bonum
3074 675 3303 728 natura:
3343 673 3602 745 perdidit

1930 761 2172 834 pariter,
2191 765 2247 818 et
2271 763 2540 832 vigorem
2562 761 2791 818 arbitrii
2815 779 2828 818 :
2848 777 2970 818 non
2991 766 3195 817 tamen
3225 761 3598 835 electionem,

1929 865 2006 905 ne
2031 865 2153 905 non
2195 854 2351 907 esset
2388 867 2565 906 suum
2592 850 2760 924 quod
2811 849 3052 906 evitaret
3081 850 3213 922 [al.,
3249 850 3602 909 emendaret

1929 940 2290 1012 peccatum],
2319 956 2430 996 nec
2456 941 2666 996 merito
2698 939 3129 1009 indulgeretur,
3161 940 3324 1013 quod
3349 956 3473 997 non
3500 957 3598 997 ar-

1927 1027 2104 1083 bitrio
2129 1027 2421 1084 diluisset.
2455 1032 2648 1085 Manet
2673 1029 2874 1102 itaque
2903 1028 2982 1084 ad
3012 1030 3405 1102 quaarendam
3434 1029 3597 1087 salu-

1928 1120 2048 1172 tem
2079 1116 2304 1173 arbitrii
2324 1117 2599 1185 libertas,
2631 1117 2695 1173 id
2726 1123 2832 1189 est,
2865 1118 3173 1175 rationalis
3201 1118 3500 1188 voluntas,
3531 1135 3597 1177 se

1928 1206 2293 1262 admonente
2324 1206 2489 1279 prius
2517 1209 2635 1263 Deo
2665 1210 2721 1264 et
2772 1205 3060 1263 invitante
3094 1207 3172 1262 ad
3203 1207 3480 1278 salutem,
3529 1213 3596 1266 ut

1926 1295 2021 1351 vel
2046 1295 2358 1366 eligat,vel
2389 1300 2698 1370 sequatur,
2717 1296 2815 1353 vel
2845 1301 2987 1368 agat
3006 1296 3324 1354 occasione
3355 1297 3591 1368 salutis;

1927 1385 2042 1442 hoc
2073 1390 2162 1442 est
2199 1386 2588 1460 inspiratione
2639 1387 2757 1442 Dei.
2821 1389 2890 1444 Ut
2936 1391 3140 1443 autem
3190 1391 3597 1461 consequatur

1926 1475 2095 1548 quod
2116 1475 2298 1547 eligit,
2329 1475 2426 1532 vel
2453 1475 2620 1550 quod
2651 1476 2939 1550 sequitur,
2954 1476 3050 1532 vel
3078 1475 3244 1549 quod
3277 1476 3594 1534 occasione

1927 1564 2070 1635 agit,
2104 1564 2206 1621 Dei
2235 1579 2368 1621 esse
2391 1563 2578 1621 libere
2626 1564 3004 1621 conﬁtemur.
3043 1564 3287 1621 Initium
3336 1580 3480 1636 ergo
3501 1581 3596 1622 sa-

1925 1651 2064 1708 lutis
2093 1657 2316 1710 nostrae
2368 1656 2487 1710 Deo
2517 1653 2839 1710 miserante
2870 1653 3190 1724 habemus,
3235 1658 3302 1711 ut
3327 1655 3597 1728 acquies-

142 1759 290 1798 cens
317 1742 680 1811 salvabitur;
730 1743 874 1816 quia
905 1744 1007 1817 qui
1053 1745 1149 1800 hic
1178 1744 1539 1818 praevenitur
1565 1743 1729 1799 dono
1755 1745 1818 1798 ut
1852 1758 1894 1811 Β
1928 1758 2140 1798 camus
2171 1741 2490 1799 salutiferas
2516 1742 2892 1817 inspirationi
2909 1747 3127 1800 nostrae
3145 1743 3453 1817 potestatis
3479 1749 3592 1814 est;

141 1832 443 1888 innocens
474 1833 596 1896 fiat,
632 1848 769 1887 cum
798 1832 874 1888 ad
898 1833 1194 1904 judicium
1225 1833 1483 1902 ducitur,
1510 1848 1583 1888 ex
1608 1830 1818 1888 merito

141 1925 586 1976 remuneratur.

218 2009 511 2064 Gennadii
545 2010 809 2083 episcopi
838 2010 1215 2066 Massiliensis
1246 2009 1370 2082 (lib.
1394 2011 1584 2079 Deﬁn.
1609 2009 1816 2065 eecles.

141 2099 458 2170 dogmat).
496 2099 768 2155 Libertati
800 2099 1028 2156 arbitrii
1071 2099 1159 2155 sui
1193 2099 1558 2155 commissus
1591 2101 1681 2154 est
1707 2097 1818 2153 ho-

140 2205 272 2254 mo,
303 2189 506 2244 statim
540 2205 576 2244 a
601 2189 798 2262 prima
821 2189 1028 2246 mundi
1050 2189 1411 2256 conditione,
1436 2193 1522 2259 ut,
1555 2187 1723 2244 salva
1740 2185 1820 2242 vi-

141 2277 400 2346 gilantia
433 2277 989 2346 mentis,adnitente
1006 2277 1185 2334 etiam
1209 2277 1494 2350 praecepti
1522 2275 1816 2338 custodia,

139 2364 556 2440 perseveraret
604 2366 654 2422 si
685 2366 854 2422 vellet
910 2367 972 2422 in
1021 2367 1081 2422 id
1124 2367 1290 2440 quod
1340 2369 1578 2423 creatus
1622 2365 1817 2425 fuerat

139 2472 504 2529 permanere
534 2457 664 2524 [al.,
684 2456 878 2512 statim
907 2457 967 2512 in
990 2456 1187 2529 prima
1215 2456 1558 2513 conditione
1591 2459 1657 2512 ut
1685 2455 1816 2514 sola

213 2624 233 2646 '
258 2621 458 2673 Pauca
505 2618 632 2673 haec
662 2618 845 2673 verba
875 2617 1164 2674 Gcnnadii
1210 2617 1548 2674 testimonio
1579 2617 1818 2689 subjicit

137 2691 593 2762 apographum,
620 2705 755 2762 quae
787 2691 929 2762 quia
960 2690 1152 2762 ipsius
1185 2689 1475 2746 Gennadii
1505 2705 1630 2746 non
1655 2693 1813 2758 sunt,

1927 1836 1994 1889 ut
2033 1832 2444 1906 adipiscamur
2491 1833 2660 1906 quod
2703 1833 3147 1906 acquiescendo
3195 1833 3595 1890 admonitioni

1927 1920 2227 1994 cupimus,
2259 1920 2445 1977 divini
2477 1926 2566 1978 est
2597 1921 2901 1978 muneris:
2948 1925 3014 1977 ut
3053 1937 3177 1978 non
3218 1922 3502 1979 labamur
3530 1923 3593 1979 in

1928 2008 2150 2082 adepto
2180 2011 2310 2081 [al.,
2352 2009 2622 2083 indeptO]
2673 2009 2884 2066 salutis
2920 2025 3195 2075 munere,
3257 2009 3594 2067 solitudinis
3631 2017 3636 2020 '

1927 2104 2148 2155 nostrte
2179 2103 2268 2155 est
2297 2099 2553 2156 caelestis
2579 2099 2803 2174 pariter
2831 2099 3112 2172 adjutorii
3137 2117 3151 2156 :
3185 2102 3252 2158 ut
3284 2099 3588 2170 labamur,

1926 2187 2240 2262 potestatis
2266 2191 2485 2245 nostrae
2511 2193 2600 2244 est
2620 2194 2677 2245 et
2703 2188 2980 2259 ignavias.

2554 2279 2970 2336 CONCLUSIO.

1999 2367 2151 2423 Cum
2170 2365 2304 2440 ipso
2324 2366 2548 2440 pariter
2571 2371 2796 2425 aeterna
2807 2367 3178 2426 beatitudine
3203 2383 3591 2426 remuneran-

1925 2455 2038 2512 dos
2064 2459 2122 2513 et
2149 2460 2506 2527 regnaturos
2543 2461 2801 2530 exopto'.

1925 2616 2249 2692 Prudentio
2275 2616 2555 2692 videntur
2579 2617 2921 2688 tribuenda,
2945 2622 3004 2676 et
3023 2622 3228 2692 aperte
3254 2617 3590 2677 conclusio-

1925 2704 2067 2745 nem
2096 2689 2362 2762 epistolae
2395 2690 2656 2763 sapiunt.

993 2960 1671 3080 same-1'1
1741 2930 2736 3081 PnunnN'rn

1501 3161 1881 3218 TRECENSIS
1919 3160 2235 3218 EPISCOPI

738 3350 991 3488 DE
1121 3309 2988 3494 PRAEDESTINATIONE

829 3601 1079 3648 CONTRA
1103 3578 1521 3648 JOANNEM
1557 3579 1916 3650 SCOTUM
1957 3602 2384 3648 GOGNOMENTO
2414 3579 2886 3649 ERIGENAM

1805 3746 1904 3786 SEU

133 3907 346 3974 Liber
371 3908 658 3974 Joannis
694 3909 876 3976 Scoti
911 3918 1255 3976 correctus
1290 3931 1324 3974 τι
1358 3907 1757 3990 Prudentio,
1803 3906 1949 3996 sive
1989 3928 2030 3976 a
2055 3906 2321 3976 caeteris
2360 3906 2704 3996 Patribus,
2739 3907 3080 3990 videlicet,
3123 3927 3166 3976 α
3205 3907 3568 3996 Gregorio,

1071 3997 1519 4086 Hieronymo,
1558 3995 1925 4086 Fulgentio
1957 4005 2162 4086 atque
2191 3995 2646 4086 Augustino‘,

1765 4147 1993 4154 .._——.».
2016 4147 2048 4154 ς.

1508 4271 2195 4342 ΡΙΗΕΕΛΤΠ).

1627 4411 2048 4432 .'————

208 4543 726 4600 itcvcrcndissimo
762 4546 916 4600 Patri
947 4551 1003 4600 et
1033 4535 1379 4602 beatissimo
1413 4546 1681 4618 pontiﬁci
1709 4546 1797 4602 in-
1835 4548 1875 4604 C
1913 4545 2128 4602 misisti
2152 4547 2296 4604 mihi
2314 4547 2650 4620 quamdam
2672 4548 3023 4605 schedulam
3045 4549 3253 4606 decem
3276 4553 3568 4606 etnovem

130 4638 220 4688 ter
265 4637 538 4704 pastores
586 4634 795 4689 Christi
839 4635 1162 4690 eminentia
1205 4641 1340 4691 Vita:
1388 4635 1795 4709 doctrinaeque

129 4721 469 4776 eximietate
497 4721 826 4778 clarissimo
882 4725 1209 4793 Gal-2111mm,
1242 4725 1587 4780 anmmms
1633 4731 1793 4781 aeter—

131 4827 276 4866 nam
298 4811 359 4865 in
389 4810 640 4867 Domino
664 4811 938 4867 salutem.

196 4905 702 4972 Accensus,prout
721 4901 1078 4973 decetatque
1097 4903 1478 4974 oportet.zelo
1491 4905 1795 4961 catholica:

135 4986 273 5042 tidci
304 4993 360 5042 et
405 5005 550 5042 νρνερ
591 4989 891 5044 charitatis
925 4993 1162 5053 ati'cclu,
1223 4995 1388 5045 Pater
1425 4991 1793 5057 beatissime,

203 5121 228 5146 ει
255 5111 318 5166 In
342 5113 538 5193 prima
564 5114 786 5193 pagina
801 5114 1022 5193 codicis
1043 5115 1436 5193 manuscripti
1452 5115 1636 5193 hujus
1657 5129 1797 5193 ope-

134 5182 233 5246 ris,
259 5182 363 5254 qui
403 5184 463 5238 in
495 5182 859 5239 monasterio
907 5185 1318 5241 Altivillarensi
1347 5182 1636 5248 servatur.
1668 5182 1798 5240 litae

135 5254 427 5328 reperitur
451 5254 790 5328 observatio
803 5272 822 5328 7:
854 5257 954 5328 Hic
976 5257 1144 5328 liber,
1162 5257 1266 5328 qui
1297 5257 1470 5328 quasi
1492 5256 1571 5312 ad
1599 5256 1798 5311 defen-

135 5325 364 5399 sionem
397 5325 534 5399 tidei
565 5333 775 5382 contra
798 5325 1206 5383 inﬁdelitatem
1239 5325 1520 5399 loquitur,
1550 5331 1608 5383 et
1637 5327 1796 5382 testi-

138 5397 341 5470 monia
376 5397 819 5470 Scripturarum
847 5404 902 5454 et
928 5397 1361 5470 catholicorum
1391 5399 1640 5453 nomina
1664 5414 1796 5470 pro:

137 5466 263 5533 fert,
287 5475 462 5523 caute
484 5466 778 5537 legendus
810 5475 916 5532 est,
940 5473 998 5524 et
1026 5470 1083 5524 in
1112 5470 1242 5538 ejus
1262 5469 1511 5524 lectione
1535 5466 1796 5540 Apostoli

137 5543 220 5592 est
244 5541 555 5610 sequenda
587 5541 1042 5611 St'lllOtlllﬂ.(lll«'l
1073 5540 1246 5594 dicit:
1285 5541 1496 5594 Omnia
1525 5541 1796 5609 probate,

136 5611 520 5682 quotlibonum
538 5618 621 5666 est
641 5615 1001 5668 tenete.N1un
1017 5614 1384 5682 compositor
1395 5611 1524 5680 ejus
1547 5611 1799 5666 l'rudcn-

136 5682 250 5734 tius
277 5681 352 5736 de
381 5683 755 5754 quibusdam
799 5681 1216 5738 ecclesiasticis
1261 5682 1651 5751 dogmatibus
1676 5698 1796 5738 non

138 5753 937 5824 sensitca’tholice,sicutalia
949 5754 1080 5827 ejus
1092 5755 1313 5826 scripta
1325 5754 1758 5810 demonstrant.
1771 5777 1797 5804 ››

1902 4636 2166 4708 capitula
2189 4637 2592 4694 continentem
2639 4653 2713 4692 ex
2741 4637 2895 4693 libro
2940 4637 3259 4708 cujusdam
3291 4638 3446 4694 Scoti
3479 4654 3570 4693 se-

1902 4724 2075 4796 lecta,
2100 4741 2137 4781 a
2164 4729 2370 4780 nostro
2419 4730 2479 4781 ut
2511 4725 2618 4791 ais,
2671 4741 2735 4780 se
2763 4725 3220 4798 quodammodo
3265 4725 3569 4781 intellectu

1904 4813 2279 4882 divertentia,
2296 4829 2522 4882 rogans
2545 4817 2599 4868 et
2619 4828 2872 4869 monens
2885 4818 2948 4868 ut
2963 4829 3338 4885 quaecunque
3353 4813 3416 4868 in
3437 4813 3520 4869 eis
3532 4829 3570 4870 a

1905 4918 2048 4958 vero
2068 4901 2466 4958 exorbitantia
2481 4903 2934 4975 comperissem,
2955 4903 3277 4976 unicuique
3299 4902 3373 4958 dc
3402 4902 3570 4958 libris

1904 5008 2057 5048 evan
2065 4991 2266 5061 gelicis
2279 4992 2774 5049 etcatholicorum
2789 4991 3104 5048 doctorum
3118 4992 3570 5050 auctoritatibus

1980 5116 2094 5173 Sed
2125 5118 2239 5172 hoc
2270 5117 2568 5188 judicium
2595 5116 2741 5173 tanti
2769 5117 2873 5172 viri
2905 5118 3362 5175 sanctimoniam
3395 5119 3569 5175 lima-

1906 5192 2152 5259 tamque
2172 5192 2230 5259 et
2253 5187 2363 5244 san
2383 5205 2468 5244 tm
2489 5187 2824 5244 doctrinam
2854 5191 3122 5245 minuere
3150 5207 3270 5246 non
3292 5190 3570 5258 debet,ex

1906 5258 2162 5340 alicujus
2193 5258 2442 5339 fortasse
2471 5259 2664 5340 capite
2691 5260 3047 5340 profectum,
3096 5261 3422 5340 cuj_u3_non
3445 5265 3572 5340 erat

1907 5345 1980 5386 ea
2014 5329 2310 5404 doctrinae
2360 5329 2790 5404 capacitas,'ut
2837 5331 3124 5404 operibus
3172 5329 3236 5388 D.
3270 5330 3572 5387 Prudentii

1906 5400 2283 5475 perlegendis
2311 5400 2815 5475 pervidendisque
2841 5401 3167 5475 sufﬁceret,
3184 5418 3322 5475 quae
3354 5407 3571 5474 mysta.

1906 5419 2283 5474 periegenms
2355 5419 2815 5474 ervnaenaisque
2841 5419 3157 5471 sumceret,
3184 5419 3322 5475 quae
3354 5419 3571 5474 mysreo

1906 5472 2007 5546 riis
2025 5487 2097 5526 ex
2113 5419 2397 5546 reconditi
2407 5473 2605 5546 ssimis
2627 5473 2996 5546 theOSOphiw
3004 5472 3205 5546 adytis
3218 5490 3288 5546 ac
3300 5479 3573 5546 pcnetra-

1907 5543 2064 5617 libus
2083 5543 2275 5614 petitis
2290 5544 2673 5617 refertissima
2693 5561 2760 5598 su
2771 5543 3020 5617 nt,quod
3040 5543 3352 5617 perspicue
3369 5543 3572 5616 palam

1909 5614 2184 5688 erit,_cum
2212 5621 2584 5670 memoratus
2616 5615 2764 5670 liber
2784 5633 2814 5669 c
2848 5614 3106 5671 tenebris
3135 5614 3199 5670 iri
3224 5614 3417 5671 lucem
3437 5633 3572 5688 pro-

1909 5684 2101 5757 dierit.
2135 5715 2201 5725 —
2233 5689 2350 5741 Nic.
2384 5688 2664 5742 CAML’S.\'I‘.
2703 5689 3090 5754 Tmmssmcs,
3121 5688 3180 5742 in
3213 5684 3571 5757 Promptua-

1911 5756 2002 5813 rio
2027 5757 2458 5832 antiquitatum
2489 5759 2838 5815 Tricassime
2863 5759 3151 5828 dimcesis,
3173 5757 3276 5814 fol.
3303 5756 3426 5816 163.
