3974 6456
642 68 657 69 7
734 68 789 73 __
1148 64 1161 67 —
1206 60 1299 71 -ις-
1348 60 1385 67 -ιί

922 86 931 91 -
1050 72 1133 93 --ι-“
1136 60 1443 122 νγη-νίἰὶγὲ.

332 426 465 486 Ion

336 657 585 714 sponsa.
632 639 857 705 Quibus
908 638 1175 693 decursis
1226 638 1590 710 solliciteque
1638 632 1988 708 perspectis,

335 729 532 804 reperi
572 729 636 785 in
656 729 739 784 eis
767 727 1094 798 Pelagianae
1117 744 1351 785 venena
1375 726 1661 801 perﬁdiae,
1682 732 1738 781 et
1767 724 1994 795 aliquo-

337 820 444 877 ties
481 817 749 889 Origenis
780 816 1128 887 amentiam,
1176 816 1776 892 Ccllyrianorumque
1804 815 1993 869 luere-

337 908 589 965 ticorum
636 902 1052 976 furiositatem,
1081 923 1343 981 quorum
1387 906 1599 963 merito
1630 922 1666 962 a
1693 903 1997 962 catholicae

335 994 477 1054 ﬁdei
508 993 837 1053 cultoribus
888 1011 959 1053 ac
1003 996 1562 1070 propugnatoribus
1608 991 1994 1052 validissimis

334 1083 643 1157 confutati,
670 1101 1046 1159 censuraque
1068 1085 1413 1158 justissimae
1440 1084 1767 1142 severitatis
1808 1081 1999 1140 multo

335 1177 473 1233 ante
501 1178 711 1231 nostra
736 1179 1014 1250 tempora
1035 1173 1306 1231 damnati
1337 1177 1495 1231 sunt.

406 1263 713 1336 Intremui,
743 1262 952 1329 fateor,
987 1266 1045 1321 et
1073 1264 1288 1337 expavi
1312 1267 1398 1320 tot
1426 1263 1571 1320 olim
1597 1279 1826 1319 errores
1856 1278 1995 1318 cum

335 1354 460 1411 suis
489 1352 838 1412 auctoribus
867 1353 996 1426 jam
1043 1353 1271 1426 sopitos
1294 1352 1511 1410 nostris
1542 1352 1743 1409 denuo
1768 1356 1995 1425 tempo-

333 1440 504 1502 ribus
538 1439 858 1517 pullulare,
923 1445 980 1499 et
1033 1439 1374 1499 deﬁcientes
1426 1440 1739 1515 quondam
1796 1440 1996 1497 fumos

336 1546 498 1590 nova
525 1545 761 1588 rursum
790 1532 1146 1588 accensione
1190 1544 1529 1605 erumpere,
1559 1531 1771 1604 suique
1791 1528 1995 1587 noxie-

338 1621 455 1679 tate
485 1620 811 1678 multorum
844 1618 1052 1678 oculos
1072 1618 1365 1692 caligare:
1390 1621 1611 1694 quibus
1644 1625 1710 1677 ut
1728 1621 1997 1691 jusseras

335 1704 673 1769 refellendis
699 1725 838 1766 cum
854 1710 1127 1766 animum
1147 1725 1426 1783 pararem
1450 1708 1998 1783 appellere,laboris

336 1793 684 1856 difﬁcultate
698 1797 1042 1873 perterritus
1057 1798 1464 1855 deliberabam
1477 1799 1714 1873 penitus
1727 1799 1999 1855 omitten-

336 1886 510 1944 dum.
540 1884 764 1944 Verum
791 1885 1091 1944 monentis
1129 1891 1475 1944 auctoritate
1519 1904 1840 1962 perpensa,
1872 1885 1995 1943 dixi

337 1974 528 2034 satius
556 1993 696 2033 cum
734 1977 927 2033 fructu
973 1976 1349 2048 obedientiae,
1388 1976 1498 2033 etsi
1542 1976 1742 2033 minus
1790 1976 1990 2050 pleno,

335 2062 715 2140 aliquatenus
737 2062 881 2138 labi,
911 2082 1101 2141 quam
1139 2068 1406 2140 paternae
1453 2064 1798 2123 reverentiae
1847 2064 1997 2123 timi-

334 2150 515 2213 ditate
536 2155 777 2229 stupida
803 2155 1121 2212 contraire.

408 2242 723 2301 Animatus
762 2243 965 2317 itaque
1017 2242 1243 2300 meritis
1283 2239 1575 2314 rogantis,
1626 2243 1995 2300 orationum-

332 2349 453 2408 que
489 2333 924 2391 instantissima
943 2332 1199 2406 puritate
1231 2331 1560 2402 scribentis,
1588 2332 1789 2390 visum
1819 2337 1907 2390 est
1931 2332 2000 2390 Ii-

332 2421 514 2478 brum
558 2420 862 2487 eumdem,
913 2420 962 2475 si
986 2436 1111 2493 qua
1137 2420 1289 2477 forte
1312 2420 1566 2477 inveniri
1606 2424 1827 2495 posset,
1860 2420 1993 2476 dili-

334 2511 495 2581 genti
521 2504 859 2566 curicsitate
880 2506 1245 2583 perquirere,
1268 2508 1440 2582 cujus
1471 2506 1620 2566 serie
1651 2509 1994 2567 salebrosas

332 2602 640 2656 tantorum
682 2615 954 2656 errorum
997 2598 1290 2656 torsiones
1326 2598 1589 2655 valerem
1636 2596 1871 2655 facilius
1908 2600 1995 2655 in-

333 2688 484 2746 tueri
512 2707 527 2746 :
552 2705 676 2763 quo
706 2688 901 2760 gratia
926 2687 1053 2757 Dei,
1101 2687 1227 2744 sine
1253 2703 1376 2761 qua
1402 2687 1553 2744 nihil
1579 2704 1715 2744 sum
1745 2691 1802 2745 et
1849 2688 1999 2745 nihil

333 2794 612 2852 possum,
691 2782 759 2834 ut
827 2781 1182 2850 optaveram
1254 2781 1554 2848 assecuto,
1627 2777 1997 2850 deprehendi

332 2871 633 2940 quantum
660 2865 946 2923 divinitus
992 2865 1318 2939 inspiratus
1359 2866 1549 2940 potui,
1588 2865 1833 2939 Pelagii,
1882 2869 1995 2924 Cae-

332 2956 505 3024 lestii,
530 2972 864 3029 eorumque
904 2955 1182 3028 sequacis
1220 2972 1292 3013 ac
1340 2956 1671 3013 defensoris
1719 2958 1995 3014 acerrimi

331 3045 574 3112 Juliani,
601 3061 709 3119 per
745 3045 954 3103 omnia
990 3049 1347 3103 sectatorem
1377 3049 1675 3104 Joannem
1720 3047 1999 3104 videlicet

334 3137 556 3192 ScorUM
588 3138 753 3192 tanta
776 3134 1154 3209 impudentia
1179 3130 1529 3193 orthodoxa
1559 3135 1701 3192 ﬁdei
1723 3135 1995 3193 Patribu-

335 3240 487 3298 sque
542 3224 851 3281 catholicis
882 3224 1306 3297 oblatrantem,
1335 3242 1406 3282 ac
1438 3226 1486 3282 si
1542 3242 1703 3283 unus
1749 3227 1994 3301 spiritus
2024 3264 2071 3323 α

330 3315 629 3372 lulianum
690 3317 1109 3389 Joannemque
1153 3316 1441 3373 docuerit.
1497 3319 1659 3373 Unus
1712 3317 1994 3391 idemque

335 3405 586 3478 Spiritus
632 3404 696 3462 in
724 3405 808 3462 eis
831 3405 1027 3475 fuerit,
1058 3420 1170 3463 nec
1209 3405 1419 3479 dispar
1469 3407 1719 3480 Spiritus
1766 3423 1875 3480 per
1902 3424 1997 3465 eo-

332 3510 472 3551 rum
497 3494 760 3565 linguas,
811 3499 898 3553 tot
942 3496 1259 3569 tantasque
1304 3490 1827 3569 blasphemiarum
1849 3513 1997 3554 nau-

336 3598 472 3638 seas
500 3583 851 3639 evomuerit.
879 3587 1021 3640 Nam
1050 3587 1108 3639 et
1136 3584 1461 3654 gratuitam
1493 3581 1595 3641 Dei
1614 3586 1871 3658 gratiam
1895 3603 2000 3660 pa-

333 3670 520 3729 riliter
544 3671 929 3744 impugnant,
960 3674 1020 3727 et
1050 3670 1153 3728 Dei
1184 3672 1481 3743 justitiam
1521 3673 1789 3731 similiter
1817 3675 2000 3732 dene-

336 3763 504 3832 gant,
536 3764 594 3816 et
617 3758 909 3831 originale
933 3763 1274 3834 peccatum,
1292 3760 1460 3832 quod
1480 3766 1799 3818 nascentes
1823 3765 2004 3822 trahi‘

336 3865 476 3907 mus
505 3864 750 3922 quoque
774 3864 900 3906 non
928 3849 1043 3905 nisi
1063 3848 1284 3905 caelesti
1314 3849 1505 3919 gratia
1521 3866 1630 3923 per
1648 3853 1999 3923 mysterium

337 3939 725 4013 baptismatis
779 3938 1091 4008 solvimur,
1138 3937 1483 3995 indissimili
1512 3941 1855 4010 garrulitate
1883 3944 2000 3999 dis-

338 4029 615 4100 suadent,
653 4029 1025 4102 argutiisque
1053 4027 1378 4085 dialecticis
1409 4026 1713 4086 simillima
1740 4032 2001 4091 vanitate

338 4117 662 4192 desipiunt.
690 4118 1105 4176 Rectissimum
1146 4118 1326 4175 etiam
1358 4122 1705 4176 sanctarum
1738 4121 1998 4195 Scriptu-

337 4222 544 4264 rarum
574 4207 959 4277 intellectum,
1001 4210 1363 4279 Patrumque
1402 4206 1831 4266 catholicorum
1864 4228 1997 4268 sen-

340 4311 478 4351 sum
507 4296 901 4352 sanissimum
942 4300 1069 4352 tam
1102 4295 1401 4352 concinna
1446 4297 1825 4356 varicositate
1864 4317 1997 4373 per-

340 4387 581 4441 vertunt
603 4399 675 4441 ac
715 4384 766 4440 si
815 4400 1134 4457 nunquam
1184 4383 1471 4441 adversus
1510 4401 1721 4444 eorum
1765 4402 1998 4447 errores

340 4472 658 4546 quidpiam
682 4473 856 4530 fuerit
884 4473 1212 4531 actitatum.

416 4561 644 4628 Quibus
673 4578 814 4618 cum
839 4579 877 4619 a
892 4562 1189 4632 Patribus,
1208 4562 1629 4637 praecipueque
1650 4563 1999 4625 beatissimo

343 4651 695 4722 Augustino,
758 4650 1303 4724 competentissime
1361 4652 2005 4729 abundantissimeque

1443 424 1498 481 S.
1544 414 1920 478 PRUDENTII
1955 410 2312 475 TRICENSIS
2355 421 2660 479 EPISCOPI

334 549 599 607 devianti
620 549 881 623 capitulo
905 562 1173 619 congrua
1189 550 1609 622 depromerem
1630 541 1873 601 abunde
1902 555 1989 595 re-
2016 540 2065 593 Α
2104 555 2139 596 a
2169 542 2283 612 piis
2312 542 2635 601 lectoribus
2671 547 2898 602 credidi
2938 548 3369 617 jmlicamlum,
3409 553 3455 605 si
3491 555 3601 607 tuis
3646 570 3775 606 mo-

3638 435 3771 485 1012

2103 631 2240 685 nitis
2276 632 2533 690 dictante
2584 636 2795 707 pietate
2850 637 3099 692 libenter
3125 639 3486 710 obsequens,
3521 642 3777 697 oll'crrun

2101 736 2211 792 pro
2244 722 2341 777 vili
2398 726 2671 795 portione
2728 726 2786 780 in
2814 726 3068 783 donaria
3115 728 3481 784 tabernaculi
3538 714 3778 786 homini

2103 808 2239 876 mei,
2272 828 2408 885 quae
2436 815 2689 886 possim,
2710 815 3055 888 relinquens
3086 818 3419 889 potioribus
3451 835 3519 875 ac
3550 819 3780 876 doctio‘

2100 898 2291 971 ribus,
2321 917 2575 976 quaeque
2606 904 2819 960 melius
2850 904 3147 961 valuerint
3204 911 3260 962 et
3305 907 3595 963 voluerint
3627 908 3771 965 offe-

2102 991 2311 1048 renda.
2355 996 2468 1049 Nec
2506 1010 2703 1065 posse,
2735 999 2798 1051 ut
2846 995 2927 1051 ait
2975 998 3030 1053 S.
3062 995 3482 1069 Hieronymus,
3516 999 3758 1055 alterius

2103 1095 2268 1152 opes,
2303 1081 2540 1137 alterius
2572 1087 2924 1155 paupertate
2958 1083 3191 1141 fmdari.

2177 1170 2387 1226 Fidens
2408 1172 2585 1243 igitur
2614 1173 2673 1227 in
2725 1190 2852 1244 ejus
2884 1175 3075 1243 gratia
3124 1192 3246 1247 qua
3280 1177 3682 1248 przevenimur
3706 1182 3773 1233 ut

2103 1258 2256 1314 bene
2269 1259 2981 1335 velimus,subsequimur
2998 1279 3071 1319 ne
3091 1264 3307 1321 frustra
3326 1265 3502 1321 velim
3512 1282 3774 1338 us,revo-

2103 1347 2241 1404 Iutis
2287 1352 2526 1406 Patrum
2583 1352 2863 1408 consonis
2915 1369 3022 1426 per
3075 1354 3283 1410 omnia
3320 1355 3577 1427 paginis,
3622 1356 3777 1428 quid

2105 1437 2360 1511 quisque
2380 1455 2590 1495 eorum
2621 1441 2870 1497 antidoti
2897 1446 3103 1498 contra
3129 1442 3344 1499 eadem
3370 1460 3605 1500 venena
3632 1461 3779 1500 con-

2107 1525 2325 1591 fecerit,
2345 1528 2663 1601 decerpere
2680 1529 2932 1586 ﬁdeliter
2953 1531 3177 1598 curavi,
3200 1531 3450 1604 praeﬁxo
3478 1534 3777 1605 cujusque

2106 1614 2366 1671 doctoris
2395 1618 2661 1686 nomine,
2690 1618 2965 1692 libroque
3010 1622 3232 1691 pariter
3253 1620 3552 1677 intimato.
3581 1621 3781 1679 Verba

2105 1719 2350 1776 quoque
2378 1704 2647 1775 ejusdem
2667 1708 2912 1763 Joannis
2938 1712 3002 1764 ut
3023 1708 3101 1764 ab
3126 1724 3195 1763 eo
3222 1709 3456 1777 digesta
3484 1714 3623 1765 sunt
3644 1710 3778 1783 plu-

2104 1792 2273 1847 ribus
2302 1794 2447 1849 locis
2468 1794 2711 1859 inserui,
2733 1797 3058 1870 praeposito
3092 1797 3272 1854 etiam
3304 1800 3554 1855 nomine
3583 1798 3779 1872 ipsius

2107 1897 2246 1938 cum
2277 1883 2649 1954 praecedente
2666 1883 2812 1940 illud
2830 1889 2971 1941 nota
2990 1902 3123 1958 quae
3155 1889 3350 1942 Graece
3377 1887 3593 1943 dicitur
3616 1891 3775 1953 θῆτα,

2107 1987 2293 2044 quam
2324 1973 2627 2028 sententiis
2657 1974 3013 2046 capitalibus
3054 1975 3550 2032 damnandorum
3580 1975 3778 2055 aliqui

2102 2062 2453 2134 praecribere
2485 2063 2776 2119 solebant.
2793 2064 2856 2118 In
2885 2064 3085 2120 multis
3101 2064 3260 2120 enim
3278 2081 3400 2121 non
3428 2064 3614 2123 verba
3642 2068 3774 2137 ejus

2103 2151 2453 2225 interposui,
2484 2167 2616 2225 quae
2643 2151 3005 2226 loquacitate
3023 2154 3212 2211 nimia
3239 2154 3575 2226 legentibus
3602 2156 3764 2213 fasti-

2103 2238 2274 2298 dium
2298 2242 2596 2312 ingerunt,
2618 2242 2721 2298 sed
2746 2243 3025 2299 sensibus
3049 2261 3261 2300 eorum
3283 2262 3393 2317 pro
3416 2250 3596 2319 captu
3624 2263 3773 2301 meae

2104 2330 2444 2404 pusillitatis
2458 2332 2745 2388 veraciter
2759 2332 3018 2390 obviavi.
3048 2332 3401 2407 Ubicunque
3431 2340 3632 2391 autem
3653 2353 3709 2391 In
3719 2337 3772 2392 ei

2106 2422 2400 2478 sermonis
2413 2420 2782 2494 interpositio
2799 2422 3206 2479 necessarium
3232 2422 3436 2480 locum
3453 2425 3778 2497 expetitae

2104 2508 2252 2584 quid
2269 2506 2416 2566 mihi
2432 2509 2829 2579 tribuerem,si
2844 2512 2992 2585 quid
3007 2511 3150 2568 boni
3171 2529 3434 2585 superna
3452 2516 3643 2585 gratia
3664 2531 3778 2587 per

2105 2614 2257 2655 meae
2286 2598 2507 2669 linguae
2538 2614 2838 2669 organum
2868 2600 3233 2673 loqueretur,
3256 2607 3463 2659 notam
3483 2619 3776 2676 superpo-

2106 2703 2248 2744 nere
2279 2687 2501 2752 studni,
2531 2703 2667 2761 quae
2710 2688 3082 2762 Astigraphis
3129 2690 3414 2747 crisimon
3460 2706 3777 2763 nuncupa-

2105 2779 2221 2844 tur,
2252 2775 2544 2848 quoniam
2574 2776 2741 2832 velut
2765 2793 3235 2847 monogramma
3264 2778 3529 2835 nominis
3556 2780 3776 2836 Christi

2106 2864 2370 2935 efﬁgiare
2399 2864 2668 2938 quodam
2698 2865 2882 2922 modo
2908 2867 3186 2935 cernitur,
3210 2870 3276 2923 ut
3305 2868 3434 2940 ejus
3463 2872 3652 2924 totum
3678 2884 3776 2925 os-

2104 2954 2411 3011 tenderem
2433 2954 2730 3026 quidquid
2749 2954 3135 3024 benignitatis
3158 2955 3345 3028 ipsius
3368 2956 3660 3027 Iargiﬂuis
3684 2958 3775 3014 in-

2105 3042 2444 3116 debitisque
2471 3044 2826 3101 muneribus
2857 3045 3419 3113 imbibissem,illud
3450 3047 3633 3102 etiam
3663 3063 3774 3104 ne-

2104 3133 2367 3190 cessario
2385 3132 2611 3190 credidi
2645 3135 3169 3207 praemonendum,
3200 3139 3267 3191 ut
3315 3141 3431 3194 tuae
3458 3136 3777 3194 beatitudi-

2103 3225 2199 3281 nis
2219 3224 2589 3297 perspicacia
2612 3224 2900 3282 subtiliter
2913 3225 3277 3299 solliciteque
3288 3227 3776 3299 attendat,quan-

2104 3316 2177 3373 tis
2201 3332 2264 3372 se
2295 3314 2456 3372 idem
2477 3318 2735 3372 Joannes
2761 3316 3280 3373 contrarietatibus
3310 3316 3643 3390 impugnet,
3666 3319 3773 3389 qui

2107 3422 2181 3464 ea
2206 3423 2343 3479 quas
2373 3422 2536 3462 nunc
2579 3405 2859 3475 afﬁrmat,
2911 3411 3050 3480 post
3085 3407 3364 3477 denegat,
3407 3424 3543 3480 quae
3583 3407 3774 3465 modo

2105 3494 2347 3569 loquaci
2368 3494 2625 3552 vanitate
2655 3494 2957 3564 difﬁtetur,
2984 3496 3379 3569 postmodum
3409 3496 3775 3568 loquacitate

2108 3586 2441 3643 conﬁtetur.
2478 3585 2641 3640 Adeo
2662 3590 2728 3641 ut
2757 3590 2862 3641 aut
2889 3601 3013 3641 non
3036 3585 3250 3641 viderit
3278 3585 3383 3658 qui
3403 3585 3638 3657 dixerit,
3666 3590 3777 3642 aut

2113 3688 2150 3732 a
2169 3673 2339 3730 nullo
2367 3689 2642 3747 unquam
2662 3673 2847 3730 videri
2875 3674 3191 3749 putaverit.

2190 3764 2404 3829 Quaeso
2434 3762 2612 3833 igitur
2641 3766 2697 3819 et
2726 3764 2932 3818 omnia
2978 3763 3291 3834 vigilanter
3326 3762 3593 3819 studiose
3639 3779 3774 3836 per-

2109 3851 2361 3907 metiens
2386 3850 2685 3923 quidquid
2718 3850 2970 3907 ﬁdeliter
2994 3851 3220 3907 dictum
3243 3852 3628 3924 judicaveris,
3661 3868 3774 3910 au-

2110 3939 2257 3997 ctori
2286 3938 2540 3995 Domino
2557 3938 2781 4009 gratias
2807 3939 3046 4009 agendo
3076 3940 3347 4013 deputes.
3370 3941 3427 3997 Si
3451 3941 3599 4014 quid
3627 3957 3775 3998 vero

2112 4027 2297 4102 (quod
2312 4027 2490 4101 absit)
2521 4044 2695 4084 secus
2717 4028 3000 4102 reperies,
3019 4027 3407 4085 imbecillitati
3434 4046 3582 4085 mea:
3608 4046 3777 4086 com-

2107 4118 2340 4192 patiens
2369 4119 2691 4175 emendare
2718 4133 2793 4175 ne
2824 4118 3084 4175 diﬂ‘eras.
3121 4119 3335 4191 Sicque
3362 4120 3623 4176 fructum
3653 4121 3772 4193 pia:

2107 4208 2439 4264 devotionis
2468 4207 2770 4281 duplicato
2791 4207 2994 4264 fenore
3025 4209 3436 4281 consequeris,
3458 4208 3507 4263 si
3530 4213 3585 4265 et
3620 4209 3771 4265 votis

2106 4300 2203 4373 pie
2230 4299 2497 4369 jubentis
2525 4298 2623 4371 pie
2671 4298 2909 4371 prolata
2957 4299 3384 4371 respondeant,
3431 4304 3487 4353 et
3516 4298 3633 4355 alio
3678 4300 3772 4354 ni-

2107 4389 2291 4447 tentia
2316 4389 2395 4446 ad
2426 4406 2607 4445 suum
2636 4390 2934 4445 tramitem
2960 4389 3315 4461 dirigantur.
3349 4391 3630 4445 Orantem
3660 4404 3773 4460 pro
3858 4406 3863 4411 '

2108 4481 2256 4536 meis
2275 4479 2679 4552 multipliciter
2699 4478 3165 4552 praevalentibus
3188 4479 3401 4534 mentis
3423 4483 3480 4532 et
3501 4480 3770 4550 corporis

2111 4569 2557 4627 inﬁrmitatibus
2610 4568 3052 4626 sanctissimam
3086 4568 3527 4640 ipaternitatem
3584 4570 3771 4623 Tuam

2117 4660 2304 4716 virtus
2335 4658 2762 4732 omnipotentis
2792 4658 2995 4727 gratiae
3025 4657 3121 4711 Dei
3151 4657 3451 4727 vigentem
3480 4672 3550 4712 ac
3582 4658 3773 4728 sospi-

363 4755 729 4814 respcnsum
762 4738 955 4810 fuerit,
990 4755 1382 4814 nequaquam
1411 4756 1511 4798 me
1547 4747 2040 4818 praesumptionis
2103 4756 2230 4813 tem
2261 4763 2500 4806 servare
2522 4748 2824 4818 dignetur.

346 4908 3738 4938 mw

1509 5017 2069 5144 INCIPIT
2164 5022 2595 5143 LIBER

413 5345 479 5401 In
506 5344 752 5402 nomine
778 5345 982 5413 Patris,
1013 5349 1071 5402 et
1096 5343 1243 5414 Filii,
1271 5348 1329 5402 et
1346 5346 1596 5420 Spiritus
1627 5350 1837 5422 sancti,
1860 5350 1998 5408 Pru-

339 5432 868 5491 dentiusvfamulus
894 5433 1108 5492 Christi
1133 5433 1493 5508 familiaeque
1520 5434 1671 5506 ejus.

891 5558 1122 5613 CAPUT
1158 5559 1448 5615 PRIMUM.

345 5678 688 5747 Quadrum'o
728 5686 1076 5754 regularum
1111 5685 1287 5739 totius
1313 5684 1708 5752 philusnphia’
1743 5696 1998 5757 quatuor

758 5771 983 5810 omnem
1017 5757 1393 5826 quatstionem
1428 5757 1580 5810 solvi

413 5867 827 5941 Blasphemias
884 5878 1037 5946 tuas,
1088 5880 1371 5950 Joannes,
1440 5882 1619 5951 atque
1692 5879 2003 5953 impuden-

2105 5353 2238 5421 tias,
2295 5353 2517 5427 quibus
2582 5353 2641 5408 in
2707 5350 2806 5407 Dei
2876 5351 3199 5419 gratuitam
3274 5347 3529 5417 gratiam
3601 5346 3773 5417 justi-

2104 5443 2371 5517 tiamque
2458 5441 2842 5498 inﬂexibilem
2918 5453 3146 5511 procax
3236 5434 3554 5503 inveharis,
3639 5450 3769 5507 per-

2106 5549 2281 5588 curso
2319 5536 2436 5589 llltB
2476 5530 2879 5605 perversitatis
2922 5528 3097 5595 libro,
3139 5544 3321 5601 quem
3367 5525 3479 5582 sub
3523 5524 3767 5580 nomine

2108 5621 2423 5687 cuiusdam
2512 5618 2897 5676 Gottesculchi
2992 5618 3281 5674 adversus
3381 5632 3591 5671 omnes
3677 5631 3767 5669 ca—

2108 5711 2360 5765 tholicos
2421 5710 2701 5765 cil'udisti.
2757 5725 2825 5763 eo
2882 5707 3191 5763 molestius
3253 5706 3475 5776 accepi,
3538 5720 3657 5772 quo
3719 5707 3763 5757 lc

2104 5800 2455 5855 familiarius
2504 5797 2934 5870 amplectebar,
3001 5795 3343 5868 pecularius
3401 5792 3759 5864 diligebam:

2113 5887 2335 5961 quippe
2385 5887 2486 5961 qui
2546 5886 2606 5942 in
2664 5888 2894 5942 tantum
2957 5883 3215 5940 vesaniae
3274 5879 3637 5955 proruperis,
3706 5883 3765 5935 ut
