3974 6406
155 295 277 348 101
296 295 338 348 3
1177 293 1265 347 DE
1298 289 1720 347 PRIEDESTIN

2081 285 2288 341 )NTRA
2325 286 2372 338 J.
2414 287 2682 343 SCOTUM
3516 287 3650 340 1014

153 415 646 485 gravissimam
668 419 1014 470 sanctarum
1034 416 1474 486 Scripturarum
1495 415 1963 472 auctoritatemA
1995 409 2134 479 bus,
2169 411 2272 466 sed
2301 413 2739 484 Scripturarum
2785 415 3132 464 sai'ictarum
3181 409 3650 464 evidentissimus

149 504 308 560 tuis
375 505 584 576 pravis
615 503 1204 575 interpretationilms
1259 505 1668 576 detorqueres,
1694 517 1886 556 sensu.
1997 501 2420 566 allegauit-ilius
2455 506 2940 572 uterentur:th
2964 500 3252 570 quoniam
3285 498 3476 554 multa
3515 504 3653 555 sunt

149 605 306 666 que
397 591 832 648 catholicorum
884 593 1124 647 Patrum
1182 594 1480 664 perversis
1540 590 1884 647 inverti-uda
1993 597 2048 645 et
2078 597 2196 646 tam
2231 591 2542 646 notissima
2567 592 2787 645 utlmic
2816 591 2980 662 operi
3009 590 3498 644 cunctainscrere
3520 589 3651 644 lon—

158 680 500 736 sensibus
563 678 880 735 edoceres:
933 679 1222 734 nimirum
1253 680 1663 752 quadruvium
1694 678 1886 751 quod-
1993 695 2136 750 gum
2175 697 2244 735 ac
2277 683 2650 754 superﬂuum
2677 680 3182 751 jtulicetur,unius
3205 683 3436 733 tantum
3471 677 3652 734 Patris

153 769 346 826 dam
388 768 573 824 nobis
603 768 979 838 intelligendi
1013 769 1352 842 Scripturas
1377 768 1884 841 attingens,quod
1992 770 2349 826 sententiam
2377 772 2724 844 ponendam
2755 770 3066 836 duximus,
3092 769 3262 840 cujus
3279 766 3650 840 astipulatio-

161 863 416 930 patres
445 857 660 930 nostri,
691 857 966 914 videlicet
995 873 1207 915 omnes
1233 859 1510 914 catholici
1537 863 1882 915 tractatores
1991 875 2065 915 ne
2131 859 2266 915 ﬁdei
2338 862 2560 916 caeteris
2624 859 2966 917 nullatenus
3025 857 3340 915 credulitas
3406 855 3650 927 deroge-

162 947 425 1004 divina
477 948 877 1020 humanaque
909 949 1205 1020 sapientia
1244 948 1683 1021 prirt'ulgentes,
1743 963 1877 1002 cum
1991 955 2102 1005 tur.

167 1037 410 1092 multa
440 1035 850 1092 eruditissime
881 1036 1477 1110 loculentissimeque
1529 1036 1758 1092 coalitus
1781 1038 1882 1091 im-
2067 1040 2178 1093 Leo
2209 1039 2529 1111 episcopus
2564 1041 2741 1094 Leoni
2773 1043 3046 1110 Augusto
3069 1038 3285 1106 (Epist.
3317 1035 3436 1106 164)
3457 1053 3470 1091 :
3495 1033 3652 1104 [Mul-

159 1126 326 1182 buti
363 1125 952 1198 exponendo,atque
984 1126 1353 1197 intelligendi
1380 1126 1618 1197 regulas
1639 1126 1881 1182 modos-
1990 1130 2061 1183 tis
2094 1129 2582 1184 manifestissime
2610 1127 2989 1184 documentis
3029 1128 3354 1201 probatum
3383 1141 3514 1180 esse
3542 1125 3650 1178 mi-

163 1231 313 1288 que
350 1215 742 1270 locutionum
773 1214 1135 1286 multiplices
1161 1216 1490 1288 aperiendo
1513 1215 1878 1288 reliquerint,

163 1304 240 1359 in
271 1301 529 1376 quibus
558 1301 788 1358 nullam
816 1303 898 1358 tui
927 1304 1251 1376 quadruvii
1281 1305 1646 1360 mentionem
1672 1304 1879 1359 fecisse

167 1394 576 1467 probantur,
604 1393 846 1466 penitus
868 1398 1385 1468 comtcmpserunt
1411 1413 1424 1450 :
1447 1393 1880 1467 'propouentes

164 1482 388 1539 nobis
437 1481 718 1538 videlicet
745 1489 804 1538 et
840 1482 1029 1539 multo
1061 1483 1356 1550 meliores,
1393 1483 1721 1539 sanctiores
1750 1482 1884 1538 doc~

168 1571 516 1644 tioresque
527 1570 947 1643 vias,quarum
961 1571 1352 1644 opitulatione
1378 1571 1640 1638 subnixi,
1661 1575 1718 1628 et
1740 1576 1884 1627 stro-

164 1661 480 1733 pharum
507 1663 750 1716 tuarum
782 1659 1131 1716 feculentias
1184 1661 1430 1728 evitare,
1474 1667 1531 1717 et
1555 1660 1879 1733 puritatem

1989 1218 2047 1273 hi
2080 1218 2350 1286 gaudens
2371 1223 2667 1290 quantum
2689 1217 3012 1274 universali
3039 1216 3304 1272 Ecclesiae
3327 1215 3652 1270 consulatls

1991 1308 2227 1374 affectu,
2264 1308 2576 1380 praeceptis
2601 1308 2836 1380 pietatis
2876 1314 3110 1376 vesti-re,
3146 1305 3248 1360 ubi
3292 1305 3556 1377 primum
3582 1303 3650 1357 li-

1990 1398 2131 1466 cuit,
2157 1413 2368 1471 parerc
2417 1413 2538 1453 non
2591 1397 2816 1466 distuli,
2863 1397 3128 1465 dirigens
3161 1394 3560 1449 Domitianum
3595 1397 3651 1447 et

1992 1486 2437 1558 Geminianum,
2452 1486 2660 1542 fratres
2677 1491 2734 1542 et
2753 1485 3148 1558 coepiscopos
3170 1481 3468 1554 meos,qui
3485 1480 3650 1554 apud

1991 1587 2099 1632 vos
2153 1591 2360 1649 preces
2411 1591 2558 1631 meae
2608 1572 3026 1632 sollicitudinis
3074 1575 3488 1644 exsequentes,
3537 1583 3648 1643 pro

1993 1665 2190 1738 quiete
2220 1665 2392 1721 vobis
2414 1665 2698 1721 doctrina:
2733 1663 3099 1734 Evangelicze
3131 1660 3561 1736 supplicarent,
3592 1661 3649 1714 et

166 1748 1291 1822 simplicissimeetideiclarissimisac
1309 1748 1690 1804 suavissimis
1714 1749 1956 1827 fonti-3
1993 1753 2330 1811 libertatem
2361 1753 2522 1833 ﬁdei,
2570 1755 2628 1810 in
2677 1769 2802 1826 qua
2858 1752 3193 1810 secundum
3250 1749 3648 1806 eruditionem

163 1839 306 1894 bus
335 1837 599 1894 haurire
613 1840 672 1894 et
689 1838 1012 1910 propinare
1035 1839 1094 1893 in
1115 1839 1361 1894 nomine
1383 1843 1440 1894 et
1454 1839 1756 1908 adjutorio
1778 1853 1881 1894 au-

163 1925 540 1993 xiliatricis,
572 1925 697 1981 imo
723 1925 1151 1998 praeventricis,
1177 1927 1384 1996 gratiae
1419 1926 1518 1982 Dei
1547 1925 1876 1999 possimus.

783 2029 1034 2071 JOANNES
1094 2030 1306 2072 SCOTUS

251 2104 458 2176 (Cap.
482 2108 532 2173 t,
557 2119 726 2160 num.
755 2103 959 2173 l,sect.
988 2103 1064 2176 1.)
1085 2109 1124 2157 Θ
1148 2103 1476 2160 Conﬁcitur
1504 2103 1643 2159 inde
1671 2117 1877 2158 veram

167 2192 665 2266 philosophiam
697 2208 827 2248 esse
855 2207 1065 2248 veram
1095 2193 1472 2262 religionem,
1515 2191 1879 2248 conversim-

166 2298 304 2356 que
350 2297 575 2338 veram
608 2281 960 2352 religionem
986 2299 1123 2338 esse
1166 2298 1366 2339 veram
1398 2281 1875 2354 philosophiam,

167 2385 328 2444 quas
365 2370 525 2426 dum
555 2370 946 2427 multifariam
997 2371 1375 2444 diversisque
1427 2371 1624 2426 modis
1651 2370 1877 2426 divida-

165 2464 300 2528 tur,
329 2459 446 2516 bis
480 2459 654 2516 binas
683 2463 883 2516 tamen
908 2465 1108 2534 partes
1134 2459 1494 2533 principales
1525 2459 1602 2514 ad
1628 2475 1874 2515 omnem

167 2549 588 2622 questionem
608 2548 964 2606 solvendam
989 2549 1360 2606 necessarias
1386 2548 1609 2605 habere
1629 2549 1874 2618 dignos-

169 2639 374 2706 citur,
417 2654 576 2711 quas
634 2639 852 2695 Graecis
906 2639 1132 2712 placuit
1187 2640 1503 2696 nominare
1554 2644 1869 2712 Διαιρετικὴ,

170 2730 474 2802 ὁριστικὴ,
507 2725 899 2794 ’Δποδιικτικὴ
949 2729 1282 2799 Ἀναλυτικὴ,
1311 2729 1681 2802 easdemque
1709 2727 1874 2784 latia-

169 2817 323 2874 liter
344 2831 693 2891 possumus
723 2817 922 2875 dicere
952 2818 1321 2887 divisoriam,
1343 2817 1746 2886 dimnitivam,
1775 2819 1876 2872 de-

171 2907 698 2978 monstrativam,
720 2909 1114 2968 resolutivam
1137 2925 1149 2966 :
1176 2923 1440 2982 quarum
1471 2908 1632 2965 enim
1674 2909 1872 2982 prima

169 3011 395 3052 unum
430 2995 492 3051 in
517 2995 710 3052 multa
732 2996 1058 3052 dividendo
1085 3003 1378 3068 segregat,
1393 2997 1659 3053 secunda
1682 3009 1868 3051 unum

182 3084 266 3140 de
295 3083 522 3180 multis
543 3082 1165 3180 deﬁniendopolllgit,
1197 3086 1365 3142 tertia
1395 3099 1502 3158 per
1529 3083 1867 3180 manifesta,
1901 3124 1942 3180 Ο

173 3173 448 3230 occulta
477 3171 956 3229 demonstrando
993 3174 1423 3246 aperit,quarta
1444 3175 1779 3246 composita
1811 3173 1870 3226 in

175 3261 510 3335 simplicia
540 3261 885 3333 separando
915 3262 1178 3326 resolvit,
1204 3278 1416 3320 eorum
1462 3263 1642 3319 etiam
1674 3277 1872 3318 exem-

175 3352 287 3424 pla
321 3351 395 3407 in
419 3365 718 3424 processu
763 3351 944 3422 hujus
984 3353 1202 3424 operis,
1233 3355 1533 3424 quantum
1585 3351 1718 3424 ipsa
1744 3350 1868 3418 lux,

177 3457 326 3515 quae
361 3439 678 3496 illuminat
723 3457 828 3496 cor
871 3441 1274 3514 quaerentium
1303 3457 1388 3511 se,
1437 3442 1614 3497 nobis
1639 3441 1870 3496 aditum

179 3544 432 3599 rerum,
467 3545 624 3601 quos
651 3544 946 3586 conamur
984 3530 1238 3601 ingredi,
1268 3531 1566 3602 aperuerit
1614 3529 1871 3586 ostendi-

184 3634 335 3674 mus
372 3637 390 3674 :
417 3617 516 3673 his
547 3618 708 3674 enim
739 3623 1034 3691 tanquam
1048 3619 1174 3675 utili
1195 3620 1466 3692 quodam
1491 3619 1868 3692 honestoque

183 3708 491 3765 humanae
517 3707 993 3764 ratiocinationis
1023 3708 1363 3782 quadruvio
1415 3709 1496 3765 ad
1525 3709 1724 3782 ipsam
1753 3709 1869 3765 dis-

185 3797 464 3870 putandi
486 3796 1056 3870 disciplinam,'qum
1111 3801 1168 3854 et
1196 3799 1435 3870 veritas,
1467 3799 1664 3855 omnis
1693 3799 1755 3854 in
1799 3813 1871 3855 ea

188 3886 476 3943 eruditus
515 3887 814 3959 perveniri
842 3903 966 3944 non
987 3887 1242 3945 dubitat.

889 3992 1193 4032 COBHECTIO

266 4065 303 4132 εἰ·
331 4066 578 4129 Quanta
605 4065 768 4120 enim
791 4069 1002 4122 contra
1031 4066 1302 4122 diversas
1333 4067 1589 4123 haereses
1612 4068 1874 4138 majores

193 4153 391 4210 nostri
425 4153 678 4224 egerint,
705 4157 1002 4210 testantur
1031 4155 1287 4211 concilia
1316 4155 1522 4211 multis
1550 4155 1732 4212 totius
1779 4171 1876 4210 or-

197 4241 294 4297 bis
323 4241 610 4300 Patribus
639 4247 850 4300 sancto
906 4244 1129 4316 Spiritu
1182 4249 1529 4314 aggregata,
1585 4249 1876 4300 testantur

198 4337 340 4389 acta
367 4333 693 4406 synodica,
722 4337 1080 4390 attestantur
1108 4335 1289 4390 etiam
1319 4333 1637 4391 doctorum
1657 4334 1878 4407 proba-

201 4420 425 4478 bilium
470 4421 696 4494 scripta
723 4421 1011 4488 veridica,
1044 4423 1270 4496 quibus
1321 4422 1669 4480 auctoritate
1711 4423 1875 4479 insu-

203 4511 467 4582 perabili
499 4511 852 4584 simplicitas
882 4515 1066 4584 atque
1099 4512 1368 4569 soliditas
1398 4512 1472 4568 de
1512 4529 1576 4568 re
1603 4511 1741 4569 ﬁdei
1772 4513 1872 4569 de-

210 4597 382 4656 fensa
403 4604 589 4672 atque
610 4599 1034 4657 invincibiliter
1075 4601 1415 4674 approbata
1454 4617 1581 4658 non
1606 4603 1689 4658 tui
1733 4618 1878 4674 qua-

211 4686 416 4745 druvii
447 4688 611 4746 tricis
629 4689 896 4746 involuta
922 4705 994 4746 ac
1016 4689 1279 4746 deterius
1305 4690 1615 4763 implicata
1635 4691 1874 4760 dignos-

215 4776 387 4833 citur.
419 4782 572 4834 Nam
601 4778 1123 4851 quemadmodum
1155 4785 1460 4851 gestorum
1507 4781 1718 4838 ordine
1769 4783 1882 4837 Pa-

217 4867 503 4940 trumque
530 4866 740 4923 litteris
763 4867 1017 4924 ﬁdeliter
1037 4869 1394 4931 edocemur:
1427 4887 1567 4927 cum
1613 4875 1670 4926 et
1715 4870 1882 4944 apud

1993 1843 2251 1916 Spiritus
2284 1843 2475 1899 sancti
2499 1841 2626 1915 ipse
2652 1843 2954 1916 praecipue
2991 1843 3240 1912 emines,
3273 1839 3644 1907 obtinerent;

1990 1931 2246 2004 repulsis
2274 1928 2484 2005 procul
2510 1931 2786 1988 hostibus
2814 1931 3025 1989 Christi
3055 1931 3160 2002 qui
3182 1927 3647 1986 etiamsivoluis-

1989 2025 2122 2077 sent
2147 2021 2410 2077 furorem
2441 2037 2622 2076 suum
2655 2026 2872 2092 tegere,
2903 2036 3027 2076 non
3050 2019 3320 2085 laterent,
3353 2016 3498 2090 quia
3529 2015 3648 2072 alia

1987 2115 2076 2166 est
2106 2109 2398 2166 Dominici
2456 2110 2651 2180 gregis
2687 2113 2896 2165 sancta
2942 2107 3316 2181 simplicitas,
3367 2103 3484 2162 alia
3529 2102 3644 2160 sub

1983 2200 2204 2256 vestitu
2225 2199 2430 2256 ovium
2455 2197 2760 2254 simulatio
2797 2197 3110 2254 latentium
3139 2195 3471 2252 bestiarum
3495 2212 3508 2261 ;
3533 2207 3644 2248 nec

1984 2294 2244 2364 possunt
2265 2289 2393 2361 jam
2426 2305 2530 2362 per
2550 2287 3224 2361 hypocrisimirrcpere,
3269 2301 3425 2358 quos
3464 2287 3643 2340 tantae

1984 2380 2152 2436 furor
2181 2378 2879 2436 manifestavitinsaniee.
2913 2380 3185 2446 Agnosce
3215 2375 3413 2446 igitur,
3465 2389 3644 2430 vene-

1982 2471 2194 2527 rabilis
2223 2469 2569 2542 imperator,
2594 2468 2654 2523 in
2677 2472 2973 2540 quantum
3001 2466 3178 2523 totius
3203 2464 3417 2520 mundi
3443 2463 3646 2538 praesi-

1983 2559 2152 2617 dium
2195 2559 2398 2614 divina
2447 2559 2525 2613 sis
2584 2557 2959 2629 providentia
2991 2560 3385 2630 praeparatus,
3409 2559 3468 2610 et
3494 2553 3644 2630 quid

1984 2649 2188 2706 amzilii
2209 2649 2385 2704 matri
2419 2654 2532 2720 tua:
2566 2645 2841 2703 Ecclesiae
2865 2647 3109 2712 debeas,
3136 2663 3272 2720 quae
3291 2649 3342 2700 te
3360 2643 3482 2700 tilio
3513 2660 3643 2701 ma-

1981 2735 2142 2791 xime
2177 2733 2486 2804 gloriatur,
2517 2731 2798 2800 intellige.
2820 2733 2950 2788 Non
2969 2731 3244 2786 sinantur
3273 2734 3482 2786 contra
3501 2727 3643 2784 dex-

1985 2824 2122 2876 terae
2155 2817 2586 2890 omnipotentis
2616 2816 2954 2889 triumphos
2993 2815 3274 2871 redivivis
3325 2828 3642 2884 assurgere

1982 2907 2250 2964 motibus
2282 2907 2576 2963 exstincta
2619 2906 2972 2973 certamina,
3025 2903 3362 2977 prresertim
3413 2917 3552 2959 cum
3578 2899 3643 2957 id

1981 2996 2286 3052 damnatis
2309 2993 2677 3066 jamdudum
2707 2994 3126 3050 haereticorum
3159 2991 3408 3048 ausibus
3451 2989 3643 3046 omni-

1981 3099 2062 3140 no
2088 3099 2212 3140 non
2245 3083 2438 3149 liceat,
2467 3096 2525 3138 et
2545 3083 2642 3136 hic
2675 3081 2900 3136 fructus
2937 3080 3050 3153 piis
3079 3079 3392 3136 laboribus
3421 3079 3641 3136 debea-

1980 3175 2096 3240 tur,
2131 3175 2195 3226 ut
2219 3169 2420 3225 omnis
2449 3169 2724 3224 Ecclesiae
2771 3167 3081 3240 plenitudo
3107 3167 3170 3222 in
3220 3181 3347 3221 suae
3395 3165 3641 3222 unitatis

1987 3260 2285 3316 soliditate
2315 3273 2528 3314 secura
2566 3262 2938 3330 permaneat,
2983 3255 3254 3329 nihilque
3280 3271 3528 3328 prorsus
3566 3253 3642 3310 de

1981 3352 2138 3409 bene
2167 3347 2516 3422 compositis
2556 3351 2904 3403 retractetur
2931 3365 2944 3403 :
2975 3347 3122 3420 quia
3152 3351 3288 3420 post
3338 3344 3638 3417 legitimas

1987 3443 2044 3496 et
2066 3438 2356 3495 divinitus
2405 3436 2730 3508 inspiratas
2761 3435 3220 3491 constitutiones
3251 3433 3402 3490 velle
3433 3433 3643 3490 conﬂi-

1983 3543 2121 3601 gere
2141 3542 2266 3582 non
2297 3525 2532 3598 pacifici
2583 3529 2668 3580 est
2699 3525 2906 3593 animi,
2941 3525 3049 3580 sed
3090 3523 3348 3591 rebellis,
3405 3521 3640 3580 dicente

1983 3615 2296 3689 Apostolo:
2327 3615 2474 3671 Noli
2497 3613 2688 3669 verbis
2713 3613 3106 3670 contendere:
3132 3613 3214 3669 ad
3241 3613 3400 3670 nihil
3415 3617 3500 3670 est
3528 3613 3644 3669 uti-

1985 3709 2056 3774 le,
2092 3707 2212 3762 nisi
2238 3705 2318 3762 ad
2355 3704 2792 3760 subversionem
2839 3703 3213 3760 audientium
3278 3701 3368 3775 (II
3393 3703 3540 3761 Tim.
3573 3719 3638 3772 ιι,

1987 3797 2094 3866 14).
2129 3798 2276 3852 Nam
2309 3793 2358 3848 si
2385 3793 2674 3848 humanis
2699 3791 3198 3864 persuasionibus
3239 3807 3478 3866 semper
3522 3789 3643 3847 dis-

1983 3890 2220 3958 ceptare
2248 3885 2322 3940 sit
2358 3882 2637 3951 liberum,
2659 3896 2978 3954 nunquam
3003 3879 3211 3936 deesse
3240 3882 3642 3954 poteruntqui

1984 3974 2213 4032 veritati
2247 3972 2513 4029 audeant
2540 3971 2839 4038 reluctari,
2869 3974 2927 4026 et
2953 3969 3028 4026 de
3041 3969 3371 4026 mundanae
3404 3971 3644 4042 sapien-

1985 4066 2079 4132 tiae
2111 4061 2473 4135 loquacitate
2503 4059 2838 4116 conlidere:
2885 4075 3027 4114 cum
3062 4059 3220 4116 hanc
3290 4060 3646 4116 nocentissio

1987 4171 2152 4219 mam
2187 4151 2540 4220 vanitatem,
2565 4153 2866 4222 quantum
2891 4148 3111 4206 debeat
3135 4148 3288 4206 ﬁdes
3307 4149 3648 4208 Christiana

1985 4245 2193 4309 vitare,
2213 4258 2286 4298 ex
2312 4241 2444 4314 ipsa
2472 4237 2708 4296 Domini
2744 4238 2936 4298 nostri
2985 4240 3130 4296 Jesu
3167 4239 3382 4296 Christi
3410 4239 3648 4298 instituo

1988 4335 2148 4398 tione
2167 4333 2514 4403 cognoscat,
2545 4329 2652 4403 qui
2683 4344 2898 4386 omnes
2927 4333 3204 4388 nationes
3246 4330 3329 4388 ad
3358 4329 3650 4388 illumina-

1995 4427 2219 4481 tionem
2247 4420 2384 4480 ﬁdei
2407 4424 2748 4487 vacaturus,
2779 4436 2904 4479 non
2923 4419 3000 4476 de
3029 4419 3404 4494 philosophis
3429 4425 3534 4479 aut
3573 4421 3651 4480 de

1988 4513 2350 4580 oratoribus,
2371 4510 2477 4584 qui
2505 4509 2900 4582 praedicando
2932 4511 3257 4581 Evangelia
3288 4511 3653 4568 famularen-

1989 4609 2104 4672 tur,
2129 4602 2326 4670 elegit,
2352 4599 2458 4657 sed
2488 4599 2563 4656 de
2612 4599 2948 4662 humilibus
3003 4603 3060 4656 et
3089 4599 3512 4672 piscatoribus,
3545 4616 3654 4672 per

1990 4708 2147 4766 quos
2177 4707 2238 4750 se.
2259 4689 2688 4756 manifestaret,
2730 4687 3081 4758 assumpsit,
3111 4703 3188 4744 ne
3213 4688 3488 4744 doctrina
3539 4704 3657 4743 cae-

1992 4782 2175 4848 lestis,
2222 4795 2360 4851 quae
2391 4782 2516 4834 erat
2549 4777 2730 4851 plena
2757 4777 3069 4841 virtutum,
3103 4777 3326 4832 auxilio
3355 4777 3658 4834 videretur

1995 4872 2262 4941 indigere
2294 4867 2639 4922 verborum.
2670 4865 2834 4922 Unde
2865 4865 3187 4937 Apostolus
3214 4870 3660 4937 protestetur.et

1997 4961 2176 5019 dicit:
2210 4959 2346 5016 Non
2374 4957 2531 5013 enim
2555 4957 2714 5012 misit
2744 4971 2836 5012 me
2891 4955 3168 5011 Christus
3197 4957 3523 5025 baptizare,
3557 4959 3660 5014 sed

2000 5049 2421 5120 evangelizare
2439 5059 2461 5117 ;
2491 5062 2611 5102 non
2644 5047 2705 5102 in
2752 5045 3050 5113 sapientia
3097 5046 3282 5114 verbi,
3314 5062 3390 5104 ne
3419 5061 3664 5104 evacua-

2003 5145 2105 5199 tur
2133 5153 2289 5198 crux:
2323 5135 2584 5193 Christi:
2613 5134 2854 5191 verbum
2883 5135 3035 5192 enim
3060 5137 3257 5193 crucis
3271 5139 3664 5206 pereuntibus

2003 5227 2242 5302 quidem
2275 5226 2537 5286 stultitia
2565 5230 2650 5280 est
2676 5223 2808 5295 ,‘his
2831 5229 3029 5281 autem
3056 5227 3165 5296 qui
3179 5227 3339 5282 salvi
3362 5229 3520 5295 ﬁunt
3549 5229 3667 5282 vir-

2007 5326 2100 5380 tus
2130 5317 2240 5376 Dei
2255 5320 2358 5372 est.
2383 5315 2688 5384 Scriptum
2713 5321 2797 5371 est
2815 5316 2968 5372 enim
2986 5329 3007 5370 .·
3026 5316 3286 5372 Perdam
3305 5317 3665 5385 sapientiam

2009 5406 2450 5478 sapientium,et
2481 5405 2870 5474 prudentiam
2884 5405 3280 5474 prudentium
3309 5405 3664 5475 reprobabo.

2013 5498 2120 5554 Ubi
2146 5496 2430 5564 sap-iens?
2459 5495 2564 5548 ubi
2601 5493 2862 5549 Scriba?
2911 5495 3018 5550 ubi
3065 5495 3434 5564 conquisitor
3487 5495 3669 5566 hujus

2011 5585 2495 5643 sacculi?Nmme
2518 5585 2764 5639 stultam
2813 5584 2955 5653 fecit
2991 5586 3144 5640 Deus
3173 5587 3531 5654 sapientiam
3566 5587 3673 5644 Im-

2013 5677 2110 5745 ius
2127 5672 2339 5730 mundi
2359 5672 2418 5741 (Ι
2439 5674 2575 5728 Cor.
2601 5690 2642 5739 ι,
2671 5671 2882 5743 17-20)?
2902 5676 3270 5744 Argumenta
3287 5658 3450 5732 enim
3475 5676 3678 5736 rheto-

2015 5765 2158 5826 rica,
2197 5765 2252 5819 et
2278 5762 2564 5820 institutae
2619 5762 2697 5820 ab
2741 5760 3094 5821 hominibus
3141 5763 3419 5824 versutiee
3469 5761 3675 5841 (ὕδρης

221 4954 482 5012 Nicaeam
539 4960 597 5012 et
621 4972 809 5029 penes
839 4957 1299 5028 Chalcedonam,
1349 4961 1672 5030 Ephesum,
1699 4961 1884 5016 Cons-

222 5044 668 5118 tantinopolim,
725 5047 1122 5114 Antiochiam,
1186 5050 1700 5122 Mesopotamiam,
1743 5049 1888 5104 Afri-

227 5145 380 5203 cam,
394 5134 674 5191 Romam.
693 5135 933 5209 aliaque
952 5137 1086 5194 loca
1099 5137 1572 5210 quamplurima,
1595 5137 1886 5194 adversus

227 5221 538 5280 catholicae
602 5224 743 5281 ﬁdei
803 5226 1282 5298 impugnatores,
1336 5227 1590 5282 diversis
1641 5226 1889 5298 quidem

232 5310 447 5380 modis,
472 5311 580 5368 sed
600 5314 816 5370 eadem
849 5315 985 5370 fidei
1006 5315 1342 5372 sinceritate
1373 5316 1736 5372 unanimiter
1757 5331 1894 5385 age-

232 5403 407 5468 retur,
441 5406 501 5458 et
529 5402 683 5459 inter
707 5403 1184 5462 conﬂictandum
1227 5420 1369 5476 pars
1395 5403 1646 5461 adversa
1677 5404 1896 5461 dialec-

237 5483 383 5553 ticis,
445 5491 569 5546 imo
637 5492 979 5565 sophisticis
1042 5492 1532 5548 conclusionibus
1592 5493 1892 5563 niteretur,

243 5579 421 5633 sancti
448 5581 662 5652 procul
691 5581 878 5637 dubio
906 5582 1159 5653 Spiritus
1199 5582 1608 5638 incordatione
1655 5603 1690 5639 a
1723 5584 1906 5648 Patri.

241 5659 350 5720 bus
377 5677 622 5727 cautum
671 5676 759 5728 est
792 5677 852 5728 ut
899 5670 1244 5729 defensores
1295 5678 1901 5746 propugnatoresque

247 5749 526 5830 simplicis
567 5760 729 5834 ﬁdei,
777 5775 1168 5834 nequaquam
1229 5761 1568 5835 sophisticis
1612 5761 1901 5823 illusioni-
