3974 6330
316 221 450 276 1015

1382 224 1442 280 S.
1478 222 1850 278 PRUDENTII
1897 220 2288 280 TRECENSIS
2350 223 2661 280 EPISCOPI

3609 219 3759 272 1016

313 347 479 403 tandi
508 344 568 400 in
601 361 672 400 eo
703 344 1005 416 praecipue
1037 346 1385 415 gloriantur,
1412 349 1460 404 si
1487 348 1545 402 in
1573 347 1752 402 rebus
1782 346 1971 401 incer—
2001 350 2049 402 Α
2093 349 2344 405 crudum
2390 351 2556 422 quid,
2587 363 2779 419 neque
2803 354 3032 403 coctum
3085 360 3246 416 aqua
3291 344 3509 412 (Exod.
3544 358 3646 409 xli,
3670 343 3760 414 9).

316 435 388 491 tis
416 440 473 491 et
501 435 857 508 opinionum
891 436 1171 492 varietate
1194 438 1458 493 confusis
1484 438 1698 492 adhoc
1729 435 1975 492 audien-

316 524 468 580 tium
499 525 739 580 trahant
769 539 1039 594 sensum,
1092 525 1261 597 quod
1313 526 1709 582 asserendum
1737 525 1978 595 ingenio

321 618 504 686 atque
531 613 769 686 eloquio
799 630 909 669 suo
958 614 1215 687 quisque
1261 616 1573 686 delegerit;
1607 619 1664 672 et
1715 615 1798 670 ita
1828 615 1892 670 fit
1918 618 1982 671 ut

321 702 490 776 quod
519 702 751 773 majore
780 701 1067 760 facundia
1097 703 1456 776 defenditur,
1507 705 1706 761 verius
1733 704 1983 760 aestime-

323 795 438 847 tur.
475 791 589 848 Sed
610 791 821 847 Christi
850 792 1244 861 Evangelium
1270 794 1384 850 hac
1417 799 1541 851 arte
1569 809 1694 849 non
1731 793 1980 862 indiget,

323 880 387 935 in
415 895 536 952 quo
586 879 862 936 doctrina
913 882 1171 936 veritatis
1223 899 1335 939 sua
1384 882 1516 938 luce
1548 882 1980 948 manifestatur,

324 984 436 1024 nec
466 968 754 1041 quaeritur
782 969 931 1040 quid
962 969 1214 1025 auribus
1245 971 1502 1043 placeat,
1534 972 1637 1027 ubi
1658 987 1814 1027 verte
1843 969 1985 1026 ﬁdei

327 1055 544 1112 sufficit
579 1056 729 1112 scire
756 1056 895 1125 quis
925 1057 1187 1129 doceat.]

397 1147 434 1213 -Ι-
459 1147 604 1204 Item
634 1150 774 1214 post
802 1146 1027 1219 aliqua,
1054 1150 1167 1204 Leo
1193 1149 1405 1216 (ibid).
1440 1149 1686 1220 [Utatur,
1712 1148 1984 1219 obsecro,

333 1235 793 1292 ClementiaTua
818 1235 1240 1308 praedictorum
1273 1237 1524 1293 fratrum
1546 1254 1820 1294 meorum
1847 1254 1988 1309 sug-

330 1324 720 1394 gestionibus,
748 1340 924 1396 quos,
966 1324 1117 1380 sicut
1163 1325 1528 1395 jamdudum
1559 1326 1620 1382 in
1666 1326 1981 1400 praemissa

330 1411 582 1484 epistola
604 1429 740 1467 sum
769 1411 1026 1483 locutus,
1055 1429 1178 1469 non
1204 1413 1616 1487 disputaturos
1644 1433 1784 1471 cum
1809 1415 1981 1472 dam-

331 1500 512 1570 natis,
559 1501 670 1556 sed
703 1501 1151 1574 supplicaturos
1189 1503 1363 1560 vobis
1401 1520 1513 1576 pro
1533 1505 1839 1562 catholicae
1857 1511 1986 1562 tan-

335 1591 467 1645 tum
489 1589 630 1646 ﬁdei
651 1589 971 1646 stabilitate
993 1591 1228 1663 direxi.]

2091 439 2236 491 Ecce
2256 439 2384 508 jam
2417 454 2529 494 nos
2556 439 2688 510 ipsa
2709 436 2895 492 verba
2923 434 3186 491 historiae
3200 433 3277 489 ab
3301 432 3599 488 intellectu
3629 431 3764 486 his-

2089 525 2274 582 torico
2304 526 2618 599 repellunt,
2637 524 2932 598 nunquid,
2961 523 3171 580 fratres
3202 520 3765 588 charissimi,lsrae—

2087 613 2283 670 liticus
2312 615 2409 671 ille
2439 615 2702 688 populus
2729 614 2792 670 in
2842 616 3097 686 Egypto
3156 610 3516 668 constitutus
3552 624 3764 665 come-

2090 703 2232 760 dere
2262 719 2491 774 agnum
2518 704 2772 760 crudum
2797 706 3210 767 consueverat,
3246 705 3308 756 ut
3339 699 3391 755 ei
3420 699 3513 755 lex
3539 698 3707 755 dicat
3744 715 3759 749 τ

2091 793 2225 848 Νοη
2253 793 2562 850 comedetis
2579 809 2654 850 ea:
2679 808 2742 849 eo
2773 792 3028 848 crudum
3057 790 3224 862 quid,
3259 789 3364 844 ubi
3385 792 3442 844 et
3471 786 3718 844 additur
3743 804 3756 841 :

2091 897 2279 953 neque
2304 888 2532 939 coctum
2571 898 2751 953 aqua.
2785 881 2922 953 [Sed
2968 879 3115 952 quid
3180 894 3359 952 aqua,
3392 876 3506 933 nisi
3539 877 3762 932 huma-

2093 985 2237 1025 nam
2270 970 2580 1026 scientiam
2609 970 2902 1040 designat,
2931 969 3102 1041 juxta
3127 969 3240 1024 hoc
3265 965 3430 1039 quod
3450 981 3556 1038 per
3582 963 3762 1020 Salo-

2094 1074 2339 1114 monem
2365 1059 2477 1115 sub
2507 1058 2918 1116 haereticorum
2949 1073 3093 1113 voce
3123 1056 3367 1112 dicitur:
3401 1055 3589 1126 Aquae
3609 1055 3763 1124 fur-

2098 1149 2236 1204 tivte
2260 1149 2559 1205 dulciores
2587 1154 2727 1205 sunt
2759 1149 2963 1217 (Prov.
2997 1163 3077 1216 1x,
3109 1143 3347 1218 7),quid
3377 1143 3576 1200 crudae
3608 1140 3764 1211 agni

2098 1251 2309 1293 carnes
2338 1237 2451 1292 nisi
2481 1237 2990 1293 inconsideratam
3022 1251 3090 1291 ac
3133 1235 3261 1290 sine
3287 1231 3619 1288 reverentia
3655 1246 3761 1286 co-

2100 1326 2399 1395 gitationis
2426 1325 2688 1382 relictam
2721 1325 2878 1381 illius
2908 1323 3346 1380 humanitatem
3381 1322 3756 1392 signiﬁcant:

2100 1430 2280 1470 omne
2311 1414 2471 1470 enim
2503 1414 2671 1488 quod
2695 1413 2996 1470 subtiliter
3025 1412 3380 1483 cogitamus,
3398 1408 3572 1482 quasi
3591 1423 3766 1464 men-

2101 1508 2157 1558 te
2187 1503 2544 1576 coquimus:
2571 1503 2675 1559 sed
2697 1503 2839 1573 agni
2865 1518 3004 1559 caro
3033 1518 3143 1558 nec
3174 1501 3362 1556 cruda
3389 1498 3622 1554 edenda
3645 1499 3764 1566 est,

2103 1608 2213 1648 nec
2243 1609 2404 1666 aqua
2433 1598 2620 1665 cocta,
2653 1593 2799 1666 quia
2824 1593 3187 1664 Redemptor
3206 1594 3406 1646 noster
3423 1603 3618 1660 neque
3644 1602 3766 1659 pu-

409 1678 611 1743 i‘ltem
642 1678 720 1734 ad
761 1679 1044 1735 eumdem
1075 1682 1190 1736 Leo
1217 1681 1434 1751 (Epist.
1482 1685 1628 1751 162).
1669 1683 1993 1753 [Detestan-
2023 1705 2064 1759 Β
2105 1697 2210 1738 rus
2240 1683 2425 1739 homo
2456 1682 2845 1738 aestimandus
2875 1686 2984 1748 est,
3019 1695 3214 1753 neque
3280 1695 3385 1751 per
3422 1679 3767 1734 humanam

338 1766 483 1822 dum
518 1783 662 1837 ergo
691 1767 868 1822 nobis
902 1772 991 1824 est
1035 1776 1607 1844 perseveranterque
1654 1772 1993 1844 vitandum,

337 1855 506 1927 quod
536 1855 702 1912 fraus
723 1856 1006 1913 haeretica
1047 1857 1250 1914 nititur
1281 1859 1570 1932 obtinere,
1625 1877 1736 1918 nec
1790 1863 1850 1916 in
1890 1861 1996 1918 ali-

339 1961 526 2017 quam
555 1945 1055 2019 disceptationem
1087 1948 1182 2019 pie
1236 1954 1293 2005 et
1343 1948 1519 2022 plene
1547 1949 1797 2007 deﬁnita
1826 1967 1997 2007 revo-

340 2034 537 2090 canda
569 2039 728 2106 sunt,
760 2051 835 2091 ne
864 2035 943 2091 ad
973 2036 1285 2093 arbitrium
1315 2037 1747 2096 damnatorum
1780 2040 1894 2114 ipsi
1923 2041 1999 2098 de

339 2122 434 2178 his
463 2123 775 2180 videamur
803 2124 1132 2197 ambigere,
1182 2143 1316 2200 qua
1359 2127 1748 2186 manifestum
1779 2135 1866 2186 est
1894 2147 2001 2202 per

343 2211 551 2267 omnia
581 2211 946 2285 propheticis
973 2219 1031 2270 et
1053 2215 1416 2286 evangelicis
1439 2221 1621 2289 atque
1652 2218 2000 2291 apostolicis

343 2299 796 2356 auctoritatibus
817 2317 1172 2360 consonare.
1209 2303 1374 2360 Unde
1415 2303 1465 2360 si
1492 2305 1596 2377 qui
1625 2310 1764 2362 sunt
1790 2307 1895 2379 qui
1922 2306 2002 2364 ab

343 2387 436 2444 his
474 2404 610 2461 quae
639 2388 873 2445 caelitus
907 2395 1049 2447 sunt
1083 2391 1426 2466 constituta,
1459 2393 1847 2464 dissentiunt,
1879 2397 2002 2451 suis

344 2477 732 2552 opinionibus
759 2478 1197 2552 relinquantur,
1237 2486 1296 2538 et
1322 2481 1401 2538 ab
1445 2482 1668 2540 unitate
1727 2484 2003 2541 Ecclesiae

345 2553 486 2622 cum
515 2582 587 2623 ea
635 2583 826 2639 quam
881 2567 1190 2638 elegerunt
1236 2570 1623 2641 perversitate
1665 2572 2002 2630 discedant.

346 2657 498 2711 Nam
524 2655 694 2712 nullo
724 2656 911 2712 modo
936 2657 1065 2712 ﬁeri
1095 2662 1288 2730 potest
1313 2664 1378 2715 ut
1401 2660 1506 2732 qui
1532 2661 1748 2717 divinis
1783 2662 2006 2718 audent

348 2743 765 2816 contradicere
804 2747 1220 2815 sacramentis,
1253 2747 1458 2820 aliqua
1505 2749 1681 2806 nobis
1735 2767 2004 2807 commu-

346 2832 527 2889 nione
549 2835 868 2890 socientur.
898 2836 1130 2892 Jactent
1172 2852 1234 2893 se
1263 2837 1326 2892 in
1357 2837 1447 2893 sui
1478 2837 1698 2912 eloquii
1720 2839 2003 2912 vanitate,

346 2926 407 2979 et
432 2923 508 2978 de
533 2925 1103 2994 argumentaionum
1149 2943 1397 2984 suarum
1421 2930 1703 3000 versutia,
1733 2947 1871 3004 quae
1900 2931 2008 2987 ini-

348 3013 627 3116 micaest
656 3013 818 3087 ﬁdei,
861 3015 1219 3116 glorientur:
1267 3019 1444 3116 nobis
1493 3020 1690 3094 placet
1740 3023 2005 3095 Apostoli
2036 3062 2076 3116 ρ

347 3103 592 3159 obedire
623 3105 938 3177 praeceptis
954 3105 1227 3163 dicentis:
1259 3109 1459 3166 Videte
1482 3125 1557 3167 ne
1573 3112 1704 3182 quis
1727 3127 1827 3169 vos
1854 3113 2006 3170 deci-

340 3191 476 3261 piat
501 3207 612 3261 per
631 3194 1078 3264 philosophiam
1114 3202 1168 3252 et
1207 3198 1447 3255 inanem
1471 3200 1870 3257 seductionem
1908 3203 2007 3258 ho-

345 3282 572 3337 minum
604 3282 752 3353 (Col.
786 3300 844 3350 11,
870 3284 1015 3354 8).]?
1038 3285 1265 3350 Quibus
1298 3289 1647 3344 auctoritate
1692 3295 1748 3346 et
1779 3291 2006 3348 ratione

345 3369 757 3426 indubitanter
776 3373 1044 3444 prolatis,
1088 3380 1316 3431 certum
1345 3382 1434 3432 est
1457 3394 1669 3434 omnes
1699 3380 2006 3436 catholicae

348 3458 490 3514 ﬁdei
515 3459 954 3532 astipulatores,
975 3464 1168 3533 magis
1202 3465 1641 3538 Scripturarum
1664 3473 2007 3526 sanctarum

347 3549 717 3620 Petrumque
764 3547 982 3606 lucidis
1014 3553 1566 3625 explanationibus,
1601 3573 1789 3630 quam
1834 3574 2007 3615 vanae

348 3633 736 3709 inﬂantisque
758 3637 1021 3695 scientiae
1051 3641 1324 3698 colludiis
1341 3643 1648 3713 agendum
1680 3646 2006 3714 censuisse,

347 3723 573 3796 quibus
599 3724 938 3784 Christiana
969 3729 1321 3803 simplicitas
1349 3730 1768 3799 offenditur,et
1788 3735 2006 3792 huma-

347 3827 442 3868 nas
457 3813 762 3884 jactantiaa
793 3817 1016 3888 typhus
1051 3823 1322 3888 augetur.

933 3943 1178 3984 JOANNES
1218 3944 1422 3984 SCOTUS

424 4028 586 4100 (Cap.
625 4033 673 4097 l,
697 4037 936 4101 num,‘2,
956 4037 1096 4089 sect.
1114 4035 1169 4104 2)
1197 4039 1236 4088 Θ
1255 4034 1446 4106 Cujus
1471 4039 1804 4110 disciplima
1831 4057 2007 4113 regu-

353 4115 427 4169 lis
455 4121 786 4174 necessario
809 4121 903 4175 uti
918 4123 1375 4192 jubemur,dum
1392 4129 1678 4187 adversus
1693 4133 2008 4203 quemdam

349 4203 816 4274 saphrophilum
826 4210 1065 4267 nomine
1085 4210 1715 4290 Gottescalchum,suae
1728 4219 2009 4278 hwreseos

352 4296 409 4346 et
435 4290 804 4352 inventorem
863 4299 1043 4355 simul
1098 4307 1154 4357 et
1197 4312 1571 4378 assertorem,
1623 4311 2012 4382 fautoresque

350 4381 502 4448 ejus,
536 4383 589 4436 si
618 4387 815 4440 tamen
864 4393 1006 4442 sunt
1045 4390 1261 4461 nescio,
1305 4399 1483 4466 atque
1502 4396 1733 4454 utinam
1765 4415 1838 4455 ne
1865 4381 2006 4473 sint,
2044 4417 2086 4471 ι)

349 4471 710 4537 respondere
758 4478 1192 4544 compellimur.
1216 4481 1572 4541 Jubentibus
1615 4487 1885 4544 videlicet
1920 4471 2011 4545 ca-

351 4556 595 4615 tholicce
622 4562 909 4619 Ecclesiae
930 4567 1406 4636 vigilantissimis
1436 4574 1742 4648 Patribus,
1773 4579 1836 4634 in
1871 4595 2009 4649 quo.

345 4661 484 4702 rum
513 4649 663 4705 ovili
691 4652 814 4708 tale
832 4667 1122 4712 venenum
1139 4673 1377 4729 serpere
1403 4662 1658 4720 molitur
1678 4680 1701 4731 ,'
1741 4681 2008 4725 annuen-

347 4735 397 4790 ti
414 4739 760 4805 praesertim
785 4743 1286 4805 orthodorissimo
1320 4751 1599 4822 principe
1643 4754 1882 4812 domino
1913 4772 2006 4814 ve-

343 4826 608 4883 nerabili
634 4828 874 4903 Carolo,
908 4837 1081 4904 cujus
1127 4839 1460 4897 maximum
1489 4843 1751 4901 studium
1783 4850 1869 4902 est
1903 4845 2008 4916 pie

343 4919 616 4986 recteque
637 4919 711 4974 de
733 4920 854 4976 Deo
879 4925 1137 4995 sentire;
1179 4942 1379 4996 prava
1423 4930 1837 4990 haereticorum
1868 4935 2009 5006 dog-

342 5006 511 5091 mata
541 5007 694 5061 veris
725 5011 1063 5069 rationibus
1089 5021 1555 5091 sanctorumque
1575 5022 1832 5079 Patrum
1862 5039 2005 5081 auc-

342 5090 589 5147 toritate
615 5096 932 5168 refellere;
977 5102 1060 5157 ad
1095 5104 1374 5162 ultimum
1399 5090 1642 5176 penitus
1671 5113 2002 5170 eradicare.

339 5178 430 5242 Ne
457 5180 648 5249 igitur
667 5183 1007 5253 defensores
1029 5193 1299 5250 veritatis
1324 5196 1577 5254 inermes
1598 5215 1732 5255 cum
1753 5208 2007 5259 asserto-

338 5266 504 5322 ribus
529 5270 825 5338 falsitatis
866 5279 1184 5349 confligere
1239 5283 1572 5353 videamur,
1633 5305 1753 5345 non
1801 5291 2004 5346 incon-

337 5369 488 5421 grue
515 5361 744 5428 regulis
786 5363 1204 5433 disputatoriav
1240 5373 1390 5427 artis
1419 5379 1676 5433 utemur.

1013 5508 1319 5552 CORRECTIO

408 5579 811 5682 :fhego—rius-
834 5592 897 5650 in
944 5596 1193 5657 homilia
1225 5605 1497 5674 paschali
1550 5607 1780 5677 (homil.
1818 5616 1909 5682 22,
1932 5614 2000 5668 in

338 5663 598 5725 Sabbato
627 5675 896 5750 Pascha,
938 5685 1046 5742 sub
1065 5663 1302 5760 ﬁneni):
1333 5695 1471 5751 Non
1927 5663 1996 5757 eo

2108 1771 2466 1844 sapientiam
2497 1770 2752 1845 qualiter
2776 1770 3076 1827 incarnari
3102 1772 3254 1824 Deus
3284 1767 3475 1840 potuit
3497 1765 3768 1836 cogitan-

2107 1859 2242 1916 dus.
2277 1861 2485 1916 Omnis
2519 1861 2681 1917 enim
2710 1860 2815 1933 qui
2845 1860 3301 1932 Redemptorem
3341 1860 3610 1912 nostrum
3657 1869 3770 1926 pu-

2105 1965 2242 2006 rum
2267 1949 2576 2006 hominem
2601 1947 2805 2017 credit,
2836 1949 2984 2022 quid
3026 1949 3135 2005 iste
3169 1947 3332 2002 aliud
3384 1962 3571 2018 quam
3620 1943 3768 2014 agni

2108 2056 2318 2097 carnes
2347 2040 2566 2096 crudas
2593 2039 2872 2104 comedit,
2905 2055 3059 2112 quas
3087 2036 3357 2092 videlicet
3385 2049 3640 2108 coquere
3657 2049 3771 2106 per

2111 2128 2442 2185 Divinitatis
2473 2129 2601 2200 ejus
2628 2128 3081 2198 intelligentiam
3124 2126 3348 2182 noluit:
3397 2124 3592 2181 omnis
3620 2137 3770 2178 vero

2111 2219 2214 2292 qui
2227 2219 2656 2276 incarnationis
2673 2219 2722 2290 ej
2735 2236 2802 2273 us
2820 2217 3104 2290 mysteria
3125 2217 3296 2288 juxta
3311 2215 3646 2271 humanam
3670 2228 3771 2268 sa-

2113 2309 2403 2381 pienttam
2428 2309 2725 2364 discutere
2751 2311 3026 2376 conatur,
3046 2321 3256 2362 carnes
3287 2305 3426 2374 agni
3457 2319 3618 2376 aqua
3645 2300 3775 2357 vult

2113 2412 2392 2469 coquere,
2426 2396 2488 2453 id
2508 2401 2601 2453 est
2629 2394 3098 2469 dispensationis
3131 2393 3262 2464 ejus
3283 2392 3635 2464 mysterium
3663 2404 3774 2462 per

2112 2485 2473 2542 dissolutam
2523 2486 2649 2542 vult
2703 2484 3014 2541 scientiam
3063 2487 3397 2556 penetrare.
3449 2481 3560 2546 Qui
3592 2480 3774 2550 igitur

2113 2573 2414 2647 paschalis
2435 2574 2639 2646 gaudii
2673 2574 3111 2631 solemnitatem
3129 2571 3431 2628 celebrare
3443 2569 3768 2636 desiderat,

2115 2679 2343 2732 agnum
2376 2680 2572 2736 neque
2602 2680 2764 2736 aqua
2789 2666 3027 2736 coquat,
3062 2677 3257 2734 neque
3289 2659 3542 2716 crudum
3573 2672 3775 2713 come-

2114 2752 2238 2823 dat,
2280 2757 2344 2808 ut
2367 2768 2562 2825 neque
2593 2768 2700 2824 per
2719 2752 3053 2807 humanam
3077 2749 3432 2822 sapientiam
3463 2745 3774 2821 profundi-

2117 2845 2297 2898 tatem
2335 2840 2768 2898 incarnationis
2799 2838 2954 2896 illius
3009 2843 3320 2912 penetrare
3351 2840 3630 2909 appetat;
3664 2831 3770 2889 sed

2115 2945 2284 2986 assas
2313 2930 2438 3002 igni
2466 2946 2677 2987 carnes
2725 2929 3021 2996 comedat,
3076 2931 3142 2984 ut
3187 2925 3524 3000 dispensari
3565 2921 3773 2980 omnia

2113 3035 2222 3092 per
2244 3019 2445 3075 Sancti
2487 3019 2741 3092 Spiritus
2770 3018 3106 3092 potentiam
3137 3017 3308 3073 sciat.

2186 3109 2222 3176 i-
2250 3109 2534 3174 Quamvis
2559 3124 2683 3165 non
2714 3108 3061 3178 ignoremus
3087 3110 3386 3180 praecepto
3413 3104 3646 3162 Domini
3671 3119 3774 3159 va-

2117 3215 2187 3255 sa
2216 3215 2402 3256 aurea
2433 3203 2613 3272 atque
2636 3202 2940 3268 argentea,
2989 3197 3368 3269 vestiumque
3403 3212 3473 3252 ac
3506 3209 3772 3264 gemma-

2114 3305 2250 3345 rum
2280 3289 2507 3344 variam
2539 3289 3041 3361 pulchritudinem
3070 3287 3147 3343 ab
3201 3285 3467 3359 Aigyptis
3500 3288 3772 3339 mutuata

2117 3376 2335 3449 (Exod.
2369 3393 2449 3445 ut,
2480 3381 2592 3450 22¢,
2647 3373 2776 3450 ejus
2809 3371 3197 3435 tabernaculo
3223 3376 3403 3432 fuisse
3444 3373 3666 3439 oblata,
3715 3376 3774 3428 et

2118 3484 2246 3524 esse
2273 3469 2550 3526 devotius
2583 3468 2892 3525 offerenda
2921 3467 3135 3540 (Exod.
3183 3482 3283 3537 xu,
3313 3466 3437 3538 35):
3470 3479 3681 3520 verum
3709 3461 3773 3517 id

2115 3558 2592 3632 quotiescunque
2616 3563 2827 3614 contra
2865 3573 2967 3614 eos
3020 3557 3117 3627 agi
3169 3555 3494 3612 necessitas
3533 3566 3774 3608 summa

2117 3649 2330 3718 coegit,
2362 3648 2467 3721 qui
2499 3647 2718 3704 talibus
2767 3647 2956 3704 inﬂati
2985 3645 3403 3717 gloriabantur
3429 3644 3490 3700 in
3545 3645 3773 3700 vanita-

2117 3736 2276 3793 tibus
2307 3737 2450 3804 suis,
2479 3741 2535 3793 et
2566 3735 3005 3809 simplicitatem
3035 3739 3251 3792 nostrae
3281 3733 3421 3790 ﬁdei
3464 3732 3771 3789 stultitiam

2115 3823 2508 3898 deputabant,
2534 3825 2780 3897 exsequi
2811 3840 2921 3898 pro
2957 3828 3226 3896 tempore
3256 3838 3378 3878 non
3423 3826 3512 3877 est
3561 3819 3771 3876 inhibi-

2117 3916 2265 3982 tum,
2299 3912 2402 3969 sed
2432 3910 2684 3970 ﬁdeliter
2713 3913 3161 3985 prudenterque
3193 3927 3229 3968 a
3283 3909 3560 3966 Patribus
3607 3923 3774 3963 usur-

2116 4008 2348 4076 patum.
2375 4007 2458 4060 Tu
2482 4008 2682 4058 autem
2714 4019 2750 4058 a
2798 4002 3097 4058 contrario
3140 4001 3214 4056 de
3251 4000 3369 4056 ﬁde
3395 3999 3684 4055 adversus
3713 3996 3772 4052 ﬂ-

2118 4093 2280 4149 deles
2309 4093 2485 4150 nullis
2510 4092 2988 4165 sophismatibus
3015 4090 3334 4146 innitentes
3366 4087 3772 4162 impudentius

2119 4182 2608 4256 scribens,quarc
2639 4182 2717 4238 ad
2739 4181 3063 4254 sophistica
3087 4183 3141 4236 te
3169 4179 3558 4236 deliramenta
3592 4182 3772 4233 verte-

2118 4271 2198 4326 ris
2216 4272 2244 4327 ?
2277 4276 2339 4327 In
2373 4275 2659 4344 promptu
2689 4275 2778 4326 est
2796 4269 3082 4326 nimirum
3094 4267 3392 4340 jactantiae
3418 4266 3686 4332 studens,
3715 4269 3771 4320 et

2117 4377 2241 4416 non
2266 4361 2395 4432 jam
2412 4360 2835 4434 philosophus,
2865 4358 2971 4415 sed
3000 4358 3426 4432 philocompos
3456 4354 3644 4410 videri
3664 4369 3767 4424 ap-

2117 4456 2345 4523 petens,
2374 4465 2446 4506 ea
2495 4450 2671 4506 nobis
2730 4450 3002 4520 ingerere
3051 4446 3320 4516 delegisti
3356 4461 3494 4516 quae
3544 4460 3578 4498 a
3607 4441 3767 4532 nullo

2115 4545 2389 4596 nostrum
2440 4539 2528 4596 vel
2581 4539 2846 4608 intelligi,
2909 4537 3001 4592 vel
3053 4533 3446 4607 deprehendi,
3480 4531 3570 4588 vel
3618 4531 3768 4586 Certe

2116 4628 2410 4686 confutari
2434 4643 2614 4702 posse
2654 4626 3017 4683 credideras.
3050 4627 3116 4679 Et
3145 4623 3293 4678 dum
3340 4621 3548 4678 studes
3580 4619 3772 4693 place—

2114 4735 2178 4776 re
2205 4718 2576 4787 hominibus,
2607 4715 2831 4790 quibus
2853 4714 2913 4769 in
2941 4712 3106 4769 cordi
3137 4728 3266 4768 esse
3297 4727 3553 4767 noveras
3579 4710 3654 4782 (si
3689 4709 3768 4766 tac

2115 4823 2255 4865 men
2281 4812 2420 4864 sunt
2448 4805 2654 4879 aliqui,
2677 4803 2843 4877 quod
2871 4807 3097 4859 avertat
3111 4802 3335 4857 Veritas
3362 4800 3765 4871 sempiterna),

2113 4911 2507 4968 nequaquam
2545 4893 2638 4949 vel
2668 4891 2897 4960 cavisti,
2929 4889 3023 4946 vel
3082 4887 3416 4944 formidasti
3456 4885 3537 4940 illi
3568 4884 3767 4956 displi-

2115 5000 2267 5050 cere,
2291 4984 2365 5040 de
2411 4998 2534 5056 quo
2584 4997 2765 5056 super
2808 4979 3026 5036 talibus
3085 4977 3378 5048 Propheta
3418 4973 3768 5031 intentando

2115 5073 2409 5146 praedicit:
2439 5073 2726 5141 Quoniam
2758 5072 2915 5126 Deus
2945 5068 3256 5136 dissipavit
3284 5080 3414 5121 ossa
3439 5065 3768 5134 eorum,qui

2116 5162 2452 5218 hominibus
2472 5163 2724 5232 placent
2770 5159 3013 5228 confusi
3065 5162 3227 5224 sunt,
3283 5155 3564 5225 quoniam
3616 5154 3764 5209 Deus

2112 5253 2339 5322 sprevit
2364 5267 2458 5309 eos
2489 5252 2675 5323 (Psal.
2706 5265 2800 5317 Ln,
2834 5251 2912 5314 6),
2945 5249 3059 5302 Nec
3088 5243 3350 5300 metuisti
3379 5260 3519 5299 cum
3565 5242 3763 5298 Achan

2112 5357 2361 5399 auream
2410 5342 2684 5413 regulam
2740 5355 2813 5395 ex
2886 5335 3334 5392 Hiericonthino
3389 5333 3761 5390 anathemate

2111 5436 2325 5487 contra
2409 5430 2733 5486 inhibitum
2836 5425 3047 5483 castris
3141 5422 3467 5479 Dominicis
3558 5421 3762 5476 inferre

2111 5523 2254 5594 (Jos.
2319 5523 2564 5589 vu,2l),
2620 5518 2999 5590 jamjamque
3048 5529 3187 5568 cum
3231 5513 3364 5584 ipso
3419 5509 3760 5566 sententiam

2108 5610 2332 5672 divinre
2416 5605 2984 5666 animadversionis,
3077 5601 3194 5657 nisi
3289 5600 3462 5656 citius
3539 5598 3762 5654 humili-

2109 5704 2193 5765 ter
2246 5696 2661 5780 resipisceudo
2707 5691 3079 5768 paenitueris,
3135 5691 3346 5746 merito
3416 5688 3756 5744 subiturus:

2933 6317 3422 6326 -μ-α--ᾉ
3631 6321 3670 6326 μ.
