3974 6376
157 286 281 338 1017

1061 287 1154 342 DE
1193 285 1863 344 PREDESTINATIONE
1904 291 2179 348 CONTRA
2216 295 2268 349 J.
2314 296 2607 353 SCOTUM.

3426 302 3568 355 1018

147 404 482 493 quicunque
512 404 672 459 enim
698 407 1077 479 propheticas
1103 410 1194 467 vel
1226 414 1585 485 apostolicas
1614 414 1790 469 nobis
1821 418 1868 471 A
1906 432 2043 470 mur
2072 417 2323 491 obrepit,
2356 421 2530 493 quasi
2577 420 2807 493 antiqui
2866 437 2971 493 per
3012 421 3299 478 nebulam
3350 422 3570 478 somnii

145 493 360 549 litteras
389 492 704 563 diligenter
734 498 978 553 scrutati
1006 504 1165 570 sunt,
1194 500 1476 558 vivaciter
1497 503 1793 559 intellexe-

145 587 292 651 runt;
320 581 573 638 ﬁdeliter
602 583 961 651 enodarunt,
988 587 1266 645 abstrusa
1295 591 1793 665 aperientes,pla—

145 687 220 727 na
245 676 627 743 exornantes,
654 673 1060 733 nodosissima
1097 680 1545 753 ennucleantes,
1577 681 1796 753 allego—

144 760 257 816 rica
309 759 675 833 detegentes,
723 763 837 818 hoc
878 765 1259 836 potissimum
1323 773 1686 840 suggerunt,
1730 775 1795 828 ut

149 848 238 905 illo
289 848 577 922 loquendi
632 866 849 920 genere
908 870 1098 926 quam
1157 857 1418 915 maxime
1465 864 1791 930 uterentur,

147 955 258 1011 quo
282 939 461 996 etiam
494 956 531 996 a
562 940 1026 1014 simplicioribus
1075 946 1307 1020 absque
1338 949 1505 1018 gravi
1543 949 1794 1005 difﬁcul-

147 1032 271 1091 tate,
302 1045 438 1101 quae
470 1028 566 1085 vel
593 1030 888 1098 audirent,
919 1033 1014 1089 vel
1038 1033 1322 1106 legerent,
1350 1044 1723 1110 caperentur.

210 1117 376 1182 Quod
422 1134 566 1173 cum
610 1118 688 1175 ab
719 1121 1004 1177 omnibus
1028 1124 1276 1196 provide
1304 1127 1480 1183 fuerit
1506 1127 1791 1185 observa-

146 1208 280 1272 tum,
310 1206 617 1278 praecipue
644 1207 977 1266 beatissimi
1027 1216 1208 1284 atque
1237 1212 1569 1271 doctissimi
1598 1216 1792 1271 Patris

144 1294 465 1365 Augustini,
487 1298 848 1354 venerandm
872 1301 1175 1357 memoria:
1198 1302 1463 1377 episcopi
1485 1304 1794 1377 opusculis

145 1383 451 1454 specialius
500 1384 798 1457 elucescit,
828 1404 965 1461 quas
1020 1389 1097 1446 de
1151 1392 1430 1450 Doctrina
1456 1393 1793 1451 Christiana

143 1473 487 1546 composuit,
523 1474 585 1530 in
613 1475 837 1548 quibus
867 1478 960 1533 vel
985 1480 1251 1536 maxime
1292 1485 1533 1538 tuorum
1564 1483 1791 1556 tibique

142 1560 416 1619 similium
474 1564 766 1635 ﬁgmenta
810 1572 1222 1638 portentorum
1269 1572 1542 1628 cavenda
1583 1576 1642 1629 et
1700 1572 1792 1628 fu-

140 1651 347 1720 gienda
373 1653 785 1712 eruditissima
812 1655 1147 1715 humilitate
1174 1659 1636 1735 humillimaque
1665 1678 1791 1718 eru-

1903 507 2473 574 recordamur.Quid
2495 516 2697 565 autem
2718 510 3073 582 profecerim
3091 510 3395 581 exlinguae
3411 510 3568 566 illius

1902 591 2257 666 infatigabili
2279 599 2495 667 studio,
2520 598 2775 655 aliorum
2796 599 3024 670 judicio
3049 599 3422 673 derelinquo.
3443 603 3567 669 Ego

1901 683 2052 755 quid
2069 684 2129 741 in
2148 702 2247 743 me
2270 686 2357 758 [al
2386 730 2400 756 ,
2420 689 2575 759 mea]
2598 688 2905 743 amiserim
2927 688 3070 744 scio.
3091 689 3333 745 Accedit
3351 689 3432 745 ad
3451 690 3567 745 hoc

1901 776 2049 845 quia
2077 780 2322 849 propter
2344 777 2659 833 oculorum
2681 781 2739 834 et
2758 777 2935 834 totius
2962 778 3298 851 corpusculi
3320 778 3568 834 inﬁrmi-

1902 867 2086 920 tatem
2105 880 2295 921 manu
2314 882 2451 922 mea
2473 867 2601 939 ipse
2620 882 2744 922 non
2764 867 2980 934 scribo,
3005 883 3114 923 nec
3134 867 3342 924 labore
3354 871 3412 924 et
3430 867 3565 923 dili-

1901 952 2101 1023 gentia
2122 970 2517 1026 compensare
2546 971 2703 1028 queo
2743 955 2962 1028 eloquii
2994 956 3362 1024 tarditatem;
3397 955 3565 1028 quod

1901 1040 1976 1096 de
1998 1040 2235 1111 Virgilio
2256 1058 2501 1115 quoque
2527 1043 2792 1111 tradunt,
2811 1045 2954 1116 quia
2982 1044 3167 1100 libros
3192 1061 3333 1100 suos
3354 1046 3415 1099 in
3438 1060 3565 1099 mo-

1901 1129 2051 1184 dum
2068 1146 2347 1186 ursorum
2366 1131 2596 1187 fetuum
2626 1132 2912 1201 lingendo
2936 1131 3301 1203 ﬁguraverat
3328 1134 3456 1204 [al.,
3475 1132 3562 1188 1a-

1898 1217 2102 1274 bendo
2117 1217 2727 1294 ﬁguraverit].Verum
2744 1221 2933 1276 accito
2959 1222 3212 1288 notario,
3233 1225 3337 1278 aut
3363 1221 3561 1277 statim

1901 1307 2060 1363 dicto
2088 1307 2498 1381 quodcunque
2529 1309 2590 1364 in
2610 1309 2867 1365 buccam
2900 1310 3144 1378 venerit,
3158 1315 3263 1367 aut
3283 1310 3331 1365 si
3347 1309 3562 1382 paulu-

1898 1395 2026 1452 lum
2055 1396 2301 1452 voluero
2348 1398 2632 1468 cogitare,
2665 1398 2880 1454 melius
2913 1399 3141 1471 aliquid
3189 1398 3559 1471 prolaturus,

1900 1488 2042 1541 tunc
2072 1501 2170 1541 me
2194 1486 2405 1543 tacitus
2430 1487 2525 1543 ille
2546 1488 2949 1561 reprehendit,
2966 1504 3217 1544 manum
3240 1488 3560 1558 contrahit,

1899 1572 2157 1652 frontem
2181 1580 2377 1644 rugat,
2410 1579 2466 1630 et
2498 1592 2559 1631 se
2588 1576 2807 1632 frustra
2834 1574 3047 1630 adesse
3078 1580 3202 1631 toto
3233 1580 3405 1645 gestu
3439 1591 3564 1631 cor-

1898 1664 2062 1733 poris
2094 1668 2482 1719 contestatur.
2518 1665 2717 1721 Oratio
2748 1670 2950 1720 autem
2994 1664 3131 1720 licet
3172 1664 3247 1719 de
3274 1664 3447 1721 bonae
3476 1664 3565 1720 in-

137 1740 349 1799 ditione
379 1748 440 1800 et
483 1744 682 1801 sanxit
725 1749 784 1801 et
830 1746 1052 1804 docuit.
1095 1751 1337 1807 Necnon
1382 1750 1445 1807 in
1489 1750 1604 1807 illis
1633 1767 1789 1824 quos
1821 1771 1861 1824 Β
1898 1749 2311 1820 dolisingenio
2334 1753 3558 1825 sitprofecta,etdistinctainventionibus,

135 1831 501 1903 quaetionum
529 1832 625 1889 vel
662 1832 1037 1892 locutionum
1087 1837 1477 1910 Heptateuchi
1515 1839 1788 1896 mirabile

135 1916 527 1976 elucidatione
584 1927 862 1979 exaratos
905 1924 1150 1980 nomine
1206 1925 1395 1982 voluit
1446 1926 1784 2000 praenotari.

135 2007 513 2064 Beatissimus
557 2025 803 2083 quoquc
848 2012 1271 2085 Hieronymus,
1319 2019 1402 2070 tot
1441 2015 1787 2087 linguarum

134 2098 302 2169 atque
343 2096 639 2154 librorum
664 2098 873 2155 litteris
918 2100 1471 2175 incomparabiliter
1495 2104 1784 2173 eruditus,

132 2183 186 2239 in
207 2186 515 2255 omnibus,
549 2190 677 2244 tam
704 2188 766 2244 in
799 2190 1168 2263 propheticis
1197 2208 1386 2265 quam
1418 2192 1783 2266 apostolicis,

132 2273 669 2347 explanationibus,
715 2277 779 2333 id
819 2278 932 2334 sibi
966 2294 1354 2353 summopere
1386 2281 1567 2337 studii
1594 2282 1785 2339 fuisse

132 2362 388 2420 crebrius
430 2364 779 2438 replicando
803 2367 1083 2439 inculcat,
1115 2369 1292 2425 malle
1318 2386 1425 2442 per
1456 2388 1517 2426 se
1548 2377 1783 2428 sancta-

131 2465 257 2508 rum
288 2453 733 2526 Scripturarum
762 2455 925 2512 dicta
955 2456 1198 2529 intelligi
1248 2474 1435 2530 quam
1478 2459 1786 2517 rhetorum

132 2541 543 2598 controversiis
603 2543 914 2601 inservire.
971 2549 1297 2603 lnstructus
1348 2546 1623 2604 videlicet
1670 2552 1785 2604 tre-

130 2627 325 2685 niendi
348 2630 571 2703 iudicis
599 2633 870 2701 verbere,
898 2650 1021 2706 quo
1061 2639 1308 2708 propter
1342 2636 1595 2693 nimiam
1629 2636 1788 2693 Cice-

129 2718 285 2774 ronis
320 2719 643 2778 lectionem
686 2722 986 2779 adductus
1027 2724 1359 2797 acriterque
1409 2741 1622 2791 caesus,
1652 2731 1784 2782 tan-

128 2804 260 2863 dem
288 2808 812 2868 circumstantium
841 2813 1120 2885 precibus
1163 2812 1452 2870 liberatus
1474 2815 1789 2886 juraverat

128 2910 186 2951 se
212 2896 512 2955 Ciceronis
552 2897 741 2956 libros
778 2901 1099 2974 Punquam
1130 2901 1207 2958 de
1233 2906 1446 2959 caetero
1471 2903 1785 2960 meditatu-

128 2999 274 3056 rum,
302 3003 629 3060 nunquam
669 2988 986 3055 lecturum,
1017 2991 1166 3058 quin
1220 2991 1481 3064 Epistola
1508 2992 1590 3049 ad
1619 2987 1785 3050 Gala-

129 3078 209 3131 tas
269 3081 695 3149 contemptum
758 3078 1010 3150 hujusce
1075 3080 1496 3152 disputationis
1553 3080 1634 3137 ita
1687 3080 1787 3138 de-

129 3167 427 3241 prompsit
455 3165 687 3224 dicens.

191 3256 596 3329 Hieronymus
614 3260 886 3327 (procem.
903 3258 1067 3313 lib.m
1085 3257 1783 3331 Comm.Epist.adGat.).

128 3343 402 3414 [Tertium
426 3344 504 3401 ad
533 3344 797 3416 Galatas,
821 3362 857 3401 o
887 3345 1072 3402 Paula
1097 3352 1155 3401 et
1184 3347 1590 3414 Eustochium,
1627 3347 1786 3404 volu-

129 3448 256 3490 men
282 3434 400 3491 hoc
432 3433 753 3490 condimus
778 3435 907 3506 [al.,
940 3434 1264 3506 cudimus],
1294 3451 1419 3491 non
1449 3435 1646 3507 ignari
1674 3438 1783 3492 im-

126 3519 451 3580 becillitatis
468 3528 707 3594 nostrae,
730 3528 787 3579 et
812 3523 981 3579 exilis
1007 3523 1231 3595 ingenii
1256 3524 1517 3580 rivulum
1533 3524 1628 3580 vix
1649 3541 1782 3597 par—

126 3625 198 3666 vo
216 3616 579 3687 strepentem
605 3628 914 3669 murmure
940 3613 1280 3669 sentientes.
1304 3613 1438 3670 Jam
1462 3613 1625 3669 enim
1650 3613 1784 3671 etin

129 3700 391 3758 Ecclesiis
429 3701 545 3758 ista
572 3706 945 3775 quaeruntur,
977 3702 1326 3775 omissaque
1368 3702 1783 3775 apostolorum

128 3788 518 3863 simplicitate,
552 3796 610 3848 et
637 3791 894 3864 puritate
925 3791 1272 3855 verborum,
1304 3793 1477 3865 quasi
1512 3792 1588 3848 ad
1611 3792 1785 3849 Athe-

128 3892 317 3935 naeum
348 3884 406 3937 et
432 3879 515 3936 ad
543 3880 845 3937 auditoria
873 3881 1247 3951 convenitur,
1281 3886 1347 3936 ut
1374 3880 1627 3953 plausus
1667 3881 1781 3937 cir-

127 3969 547 4026 cumstantium
578 3970 955 4039 suscitentur,
982 3974 1047 4025 ut
1075 3970 1264 4026 oratio
1298 3970 1608 4027 rhetoricae
1640 3970 1781 4026 artis

126 4052 312 4114 fucata
354 4057 699 4123 mendacio,
725 4058 903 4132 quasi
933 4058 1205 4130 quadam
1239 4057 1616 4113 meretricula
1641 4074 1779 4130 pro-

126 4144 288 4202 cedat
338 4146 401 4203 in
457 4146 793 4220 publicum,
825 4162 951 4202 non
1006 4152 1131 4203 tam
1185 4147 1493 4203 eruditura
1522 4145 1782 4220 populos

126 4248 299 4304 quam
356 4235 630 4293 favorem
678 4235 888 4309 populi
945 4235 1293 4309 quaesitura,
1327 4240 1384 4291 et
1433 4236 1495 4291 in
1528 4235 1779 4291 modum

125 4322 373 4392 psalterii
403 4331 462 4382 et
488 4324 649 4381 tibiae
676 4324 851 4380 dulce
883 4324 1175 4390 canentis,
1199 4340 1413 4380 sensus
1443 4323 1785 4379 demulceat

127 4412 518 4483 audientium;
551 4419 617 4470 ut
643 4429 782 4469 vere
825 4413 969 4470 illud
1011 4415 1321 4487 prophetae
1353 4413 1646 4469 Ezechelis
1677 4430 1781 4468 no-

126 4500 248 4556 stris
275 4475 648 4577 temporibus
677 4503 871 4576 possit
896 4475 1379 4576 aptari,.dicente
1413 4502 1666 4558 Domino
1698 4502 1775 4557 ad
1810 4475 1851 4528 θ

127 4603 288 4646 eum:
316 4593 391 4648 Et
415 4593 625 4663 factus
653 4608 710 4649 es
739 4596 821 4649 eis
848 4594 1024 4664 quasi
1047 4608 1162 4648 v0.7:
1186 4593 1440 4648 citharae
1468 4607 1650 4648 suave
1678 4608 1774 4647 ca-

126 4682 305 4737 nentis
334 4687 391 4738 ct
423 4683 568 4740 bene
596 4685 953 4753 composita.
988 4682 1060 4736 Et
1093 4682 1341 4738 audient
1373 4680 1553 4738 verba
1591 4686 1695 4737 tua
1721 4688 1779 4737 et

129 4781 237 4824 non
262 4770 489 4839 facient
516 4787 585 4829 ea
607 4769 1176 4844 (Ezech.xxxm,32,
1202 4787 1313 4828 sec.
1349 4772 1779 4842 LXX).Verum

127 4855 259 4926 quid
286 4860 513 4929 agam?
561 4863 939 4917 Taceamne?
983 4860 1093 4917 Sed
1146 4860 1436 4933 scriptum
1477 4865 1594 4916 est:
1645 4862 1779 4916 Non

128 4948 427 5014 apparebis
449 4951 516 5006 in
532 4956 850 5020 conspectu
876 4952 982 5006 Dei
1010 4951 1101 5005 tui
1120 4965 1345 5006 vacuus
1372 4950 1589 5021 (Exod.
1617 4966 1780 5015 χχιιι,

132 5035 233 5101 15).
279 5039 342 5093 Et
383 5039 570 5096 Isaias
625 5040 801 5111 (sicut
849 5039 912 5095 in
961 5039 1225 5094 Hebraeis
1278 5044 1482 5094 tamen
1523 5038 1783 5094 habetur

129 5120 544 5196 voluminibus)
594 5128 968 5200 ingemiscit:
1015 5129 1114 5184 Vae
1158 5128 1306 5184 mihi
1355 5130 1592 5195 misero,
1640 5128 1782 5198 quia

129 5214 280 5269 tacui
302 5216 440 5308 (Isa.
464 5234 548 5308 7V1.
574 5221 648 5290 5).
678 5218 960 5308 Loquar?
986 5216 1099 5308 sed
1132 5216 1489 5308 omnisfal”
1514 5231 1784 5308 omnem]

129 5305 404 5361 sermonis
427 5307 795 5379 elegantiam
842 5310 901 5363 et
933 5306 1123 5363 Latini
1153 5305 1379 5378 eloquii
1409 5305 1783 5360 venustatem

131 5389 330 5449 stridor
350 5393 621 5453 lectionis
652 5396 958 5454 Hebraicas
990 5394 1349 5452 sordidavit.
1383 5394 1577 5450 Nostis
1622 5392 1783 5448 enim

132 5480 183 5531 et
205 5476 342 5551 ipsae
384 5485 551 5556 quod
593 5484 925 5558 plusquam
977 5483 1325 5558 quindecim
1369 5482 1511 5538 anni
1542 5486 1681 5536 sunt
1711 5497 1781 5536 ex

140 5577 252 5635 (Ιυο
279 5568 339 5625 in
371 5587 589 5629 manus
632 5589 801 5629 meas
842 5589 1161 5647 nunquam
1188 5571 1431 5641 Tullius,
1462 5586 1780 5642 nunquam

134 5650 300 5726 Maro,
357 5674 674 5735 nunquam
732 5662 1046 5732 gentilium
1123 5661 1455 5717 litterarum
1520 5658 1774 5731 quilibet

136 5747 330 5802 auctor
355 5751 657 5812 ascendit:
707 5757 765 5808 et
795 5751 842 5808 si
874 5751 1021 5825 quid
1051 5751 1199 5810 forte
1229 5749 1369 5807 inde
1403 5749 1553 5807 dum
1583 5747 1773 5821 loqui-

1897 1841 1954 1892 et
1983 1845 2195 1894 ornata
2228 1840 2371 1894 llore
2402 1840 2725 1896 verborum
2758 1859 2768 1896 :
2806 1847 3006 1896 tamen
3037 1840 3150 1895 nisi
3178 1840 3441 1895 auctoris
3469 1841 3562 1895 sui

1894 1941 2086 1982 manu
2115 1926 2321 1984 limata
2365 1928 2541 1984 fuerit
2586 1935 2644 1984 et
2674 1928 2879 2000 polita,
2912 1945 3032 1984 non
3083 1934 3172 1983 est
3199 1928 3410 1999 nitida,
3438 1944 3561 1984 non

1894 2015 2079 2071 habet
2107 2016 2357 2073 mixtam
2388 2034 2525 2073 cum
2553 2018 2770 2073 decore
2792 2018 3169 2087 gravitatem,
3202 2017 3312 2073 sed
3338 2018 3400 2073 in
3428 2033 3561 2073 mo-

1895 2103 2042 2159 dum
2074 2104 2324 2160 divitum
2347 2106 2733 2171 rusticorum,
2756 2106 2975 2178 opibus
2996 2107 3118 2161 suis
3144 2106 3339 2177 magis
3367 2106 3565 2177 argui-

1901 2197 1990 2248 tur
2013 2209 2201 2265 quam
2231 2195 2525 2251 ornatur?
2573 2197 2841 2260 Quorum
2886 2194 3048 2251 ista?
3080 2194 3355 2250 Videlicet
3403 2200 3468 2251 ut
3505 2200 3565 2251 et

1896 2281 2065 2336 vobis
2098 2286 2154 2337 et
2179 2282 2404 2338 creteris
2434 2282 2541 2355 qui
2585 2284 2734 2339 forte
2786 2282 2983 2353 legere
3028 2282 3341 2351 voluerint,
3372 2284 3446 2339 sit
3472 2299 3564 2339 re-

1897 2386 2228 2441 sponsum;
2285 2387 2382 2428 me
2436 2387 2559 2428 non
2610 2372 3045 2444 panegyricum
3085 2377 3190 2428 aut
3215 2377 3559 2428 controver-

1896 2460 2048 2516 siam
2077 2461 2355 2531 scribere,
2383 2461 2490 2517 sed
2517 2461 3022 2517 commentarium
3050 2479 3062 2529 ;
3096 2461 3157 2517 id
3188 2467 3295 2533 est,
3319 2462 3435 2517 hoc
3454 2463 3561 2517 ha-

1894 2548 2037 2605 bere
2054 2550 2457 2623 propositum,
2484 2565 2610 2606 non
2634 2555 2697 2605 ut
2720 2566 2859 2606 mea
2877 2549 3065 2606 verba
3089 2550 3430 2618 laudentur,
3454 2550 3562 2607 sed

1899 2641 1962 2693 ut
1989 2654 2125 2710 quae
2157 2638 2235 2694 ab
2266 2638 2383 2695 alio
2414 2639 2570 2695 bene
2627 2638 2788 2695 dicta
2832 2644 2989 2704 sunt,
3019 2640 3102 2695 ita
3150 2638 3562 2709 intelligantur

1895 2733 1961 2781 ut
1989 2726 2150 2783 dicta
2197 2732 2355 2784 sunt.
2395 2727 2583 2784 Ofﬁcii
2632 2728 2750 2783 mei
2795 2733 2885 2783 est
2935 2728 3198 2783 obscura
3242 2727 3558 2793 disserere,

1894 2815 2218 2872 manifesta
2244 2817 2663 2889 perstringere,
2694 2817 2757 2872 in
2786 2817 2985 2873 dubiis
3023 2816 3355 2872 immorari.
3388 2816 3562 2872 Unde

1896 2909 1954 2960 et
1982 2920 2019 2960 a
2048 2904 2349 2977 plerisque
2389 2906 2966 2983 commentariorum
3009 2921 3166 2978 opus
3213 2904 3557 2977 explanatio

1895 2993 2263 3049 nominatur.
2298 2994 2356 3048 Si
2403 2993 2543 3065 quis
2592 2993 3001 3065 eloquentiam
3049 2994 3283 3064 quaerit,
3320 2998 3425 3049 aut
3453 2993 3560 3049 de-

1897 3079 2363 3136 clamationibus
2392 3080 2745 3152 delectatur,
2775 3080 2958 3137 habet
2984 3081 3046 3135 in
3073 3086 3328 3153 utraque
3351 3080 3562 3150 lingua

1896 3169 2361 3225 Demosthenem
2386 3172 2444 3225 et
2462 3169 2740 3239 Tullium,
2765 3170 3153 3227 Polemonem
3174 3174 3231 3226 et
3247 3170 3559 3236 Quintilia-

1894 3273 2069 3314 num.
2101 3257 2365 3314 Ecclesia
2396 3257 2614 3314 Christi
2665 3274 2791 3314 non
2835 3258 2910 3313 de
2953 3258 3277 3315 Academia
3324 3263 3381 3314 et
3422 3258 3561 3315 licia

1896 3345 2267 3418 [Lyceo],sed
2278 3347 2355 3401 de
2369 3346 2470 3402 vili
2489 3346 2790 3420 plebicula
2806 3353 3171 3417 congregata
3193 3353 3298 3402 est.
3327 3347 3491 3403 Unde
3504 3353 3562 3403 et

1892 3435 2215 3507 Apostolus
2237 3452 2251 3490 :
2279 3435 2723 3508 Videte,inquit,
2749 3437 3115 3492 vocativum
3133 3442 3411 3502 vestram,
3431 3437 3563 3506 fra-

1895 3529 2032 3591 tres,
2058 3524 2200 3594 quia
2231 3539 2351 3579 non
2382 3525 2565 3581 multi
2605 3526 2902 3593 sapientes
2932 3525 3257 3581 secundum
3291 3540 3558 3594 carnem,

1894 3629 2015 3669 non
2031 3614 2212 3669 multi
2224 3619 2516 3683 potentes,
2534 3630 2653 3670 non
2666 3615 2845 3670 multi
2864 3615 3091 3671 nobiles
3105 3628 3125 3683 ,'
3148 3614 3252 3671 sed
3270 3629 3400 3686 quae
3414 3616 3561 3671 stul-

1895 3708 1957 3758 ta
1978 3708 2116 3757 sunt
2148 3702 2330 3772 hujus
2358 3703 2571 3758 mundi
2598 3704 2772 3774 elegit
2797 3705 2975 3770 Deus,
3007 3709 3071 3758 ut
3104 3703 3442 3773 confundat
3461 3718 3559 3759 sa-

1886 3794 2145 3861 pientes:
2171 3796 2227 3847 et
2242 3792 2488 3860 inﬁrma
2507 3794 2722 3847 mundi
2745 3793 2919 3862 elegit
2946 3795 3116 3854 Deus,
3134 3797 3198 3846 ut
3222 3792 3561 3860 confundat

1886 3881 2124 3950 fortia;
2171 3886 2224 3935 et
2252 3880 2547 3950 ignobilia
2587 3880 2769 3949 hujus
2798 3880 3014 3935 mundi
3049 3885 3105 3935 et
3147 3880 3561 3948 eontemptilia

1891 3969 2069 4039 elegit
2099 3972 2274 4038 Deus,
2306 3974 2370 4023 ut
2394 3983 2530 4039 quae
2566 3984 2686 4023 non
2713 3973 2876 4039 sunt,
2905 3973 2970 4023 ut
3016 3982 3086 4023 ea
3119 3981 3255 4038 qum
3284 3974 3426 4023 sunt
3453 3968 3556 4024 de-

1890 4062 2150 4114 strueret
2181 4059 2237 4127 (I
2262 4057 2399 4113 Cor.
2433 4073 2471 4124 ι,
2501 4060 2592 4124 26,
2626 4061 2715 4121 27,
2746 4058 2857 4126 28).
2882 4056 3032 4118 Quia
3053 4057 3213 4112 enim
3230 4072 3304 4112 ex
3326 4061 3558 4112 creatu-

1888 4165 2098 4204 rarum
2117 4147 2347 4216 ordine,
2377 4150 2681 4216 varietate,
2715 4148 3073 4219 constantia,
3107 4163 3230 4203 non
3261 4163 3557 4216 cognove-

1890 4242 1983 4293 rat
2013 4236 2280 4292 mundns
2312 4252 2419 4308 per
2445 4236 2803 4309 sapientiam
2835 4239 3043 4307 Deum,
3067 4235 3290 4309 placuit
3313 4239 3430 4292 Deo
3454 4252 3560 4308 per

1892 4325 2203 4381 stultitiam
2257 4324 2701 4397 praedicationis
2748 4325 2946 4382 salvos
2975 4326 3168 4381 facere
3200 4324 3509 4381 credentes
3542 4342 3557 4391 ;

1889 4430 2014 4470 non
2040 4415 2101 4470 in
2133 4414 2427 4487 sapientia
2456 4413 2642 4475 verbi,
2672 4419 2737 4471 ut
2766 4430 2890 4470 non
2920 4420 3240 4471 evacuetur
3271 4415 3401 4485 [al.,
3423 4429 3560 4471 cva-

1891 4504 2188 4574 cuaretur]
2212 4520 2357 4559 crux
2389 4504 2618 4560 Christi.
2645 4503 2753 4560 Ubi
2784 4504 2944 4560 enim
2976 4503 3193 4569 scriba,
3229 4503 3331 4558 ubi
3358 4517 3557 4571 grain-

1889 4592 2164 4663 maticus,
2218 4592 2319 4648 ubi
2368 4609 2691 4647 causarum
2741 4593 3108 4647 naturalium
3153 4592 3560 4646 scrutatores?

1890 4686 2004 4739 Nec
2058 4682 2121 4737 in
2172 4680 2674 4754 persuasibilibus
2733 4680 3042 4751 sapientiae
3089 4679 3306 4746 verbis,
3339 4676 3446 4731 sed
3494 4677 3559 4731 in

1891 4770 2232 4827 ostensione
2259 4768 2487 4825 virtutis
2527 4772 2584 4823 et
2621 4767 2884 4841 spiritus,
2913 4773 2977 4822 ut
3003 4766 3154 4821 ﬁdes
3186 4766 3558 4821 credentium

1892 4876 2016 4915 non
2063 4862 2217 4914 esset
2272 4859 2335 4913 in
2392 4856 2688 4928 sapientia
2737 4854 3078 4924 hominum,
3113 4853 3217 4910 sed
3256 4854 3317 4908 in
3346 4852 3558 4909 virtute

1893 4947 2014 5003 Dei.
2046 4944 2453 5013 Quamobrem
2480 4949 2538 5000 et
2566 4944 2692 5016 ipse
2722 4941 3043 5015 Apostolus
3075 4940 3154 4997 ad
3184 4940 3430 4997 eosdem
3452 4943 3558 4998 Co-

1890 5036 2143 5094 rinthios
2173 5034 2552 5107 loquebatur.
2594 5034 2671 5088 Et
2709 5048 2813 5103 eqo
2864 5032 3103 5088 veniens
3146 5032 3228 5088 ad
3272 5046 3395 5099 vos,
3428 5034 3561 5101 fra-

1893 5132 2032 5189 tres,
2066 5124 2203 5179 veni
2232 5138 2352 5177 non
2376 5137 2491 5191 per
2528 5121 2920 5177 subtilitatem
2953 5119 3079 5190 [al.,
3108 5120 3557 5189 sublimitatem]

1891 5213 2180 5270 sermonis
2192 5216 2243 5266 et
2263 5210 2573 5279 sapientiae
2587 5211 2961 5264 annuntians
2975 5208 3139 5264 vobis
3157 5208 3554 5265 testimonium

1893 5301 2151 5357 Domini.
2179 5300 2315 5354 Non
2340 5301 2495 5354 enim
2517 5298 2799 5367 judicavi
2823 5299 2978 5353 scire
3003 5312 3094 5351 me
3128 5294 3365 5366 aliquid
3401 5295 3561 5348 inter

1893 5408 2012 5457 vos,
2047 5391 2166 5446 nisi
2207 5388 2516 5445 Christum
2544 5389 2748 5443 Jesum
2800 5395 2853 5444 et
2907 5387 3068 5441 hunc
3117 5384 3477 5452 cruciﬁxum
3504 5381 3565 5454 (Ι

1894 5481 2030 5536 Cor.
2065 5495 2126 5549 ιι,
2154 5483 2203 5543 l,
2235 5478 2313 5548 2).
2350 5480 2414 5532 Et
2442 5492 2516 5532 ne
2548 5475 2800 5533 forsitan
2825 5479 3155 5549 putaretur,
3174 5474 3302 5527 hazc
3323 5470 3557 5540 dicens,

1893 5586 2020 5625 esse
2048 5566 2399 5639 insipientia:
2425 5565 2799 5638 praedic-utor,
2829 5568 3024 5619 mente
3062 5576 3363 5634 praesaga,
3388 5560 3556 5632 quod

1891 5657 2118 5731 opponi
2163 5660 2414 5727 poterat,
2450 5656 2672 5709 evertit.
2706 5655 2822 5709 Sed
2850 5654 3173 5724 loquimur,
3204 5650 3420 5722 inquit,
3450 5650 3561 5706 Dei

1890 5744 2245 5817 sapientiam
2277 5745 2337 5800 in
2362 5746 2664 5813 mysterio,
2701 5758 2834 5814 quae
2856 5741 3207 5800 abscondita
3233 5744 3357 5811 est;
3376 5754 3557 5812 quam
