3974 6436
486 52 503 56 -
528 52 537 57 ·
806 69 871 90 με
880 43 2282 112 ετ,υῆ

366 383 502 437 1οη

358 517 530 559 nemo
551 501 899 570 principum
939 501 1120 568 hujus
1148 504 1354 558 menti
1374 504 1645 574 cognovit
1677 501 1851 572 (Ibid.
1876 517 1927 557 v.
1954 507 2010 567 7,
2040 504 2091 558 Α
2127 504 2312 558 Graeci
2341 505 2541 576 topica
2593 503 2818 568 dicunt,
2857 505 2912 556 et
2955 501 3028 555 ad
3063 505 3249 556 artem
3307 497 3682 554 dialecticam
3730 499 3790 552 et

361 593 434 661 8).
469 589 958 660 Quotusquisque
997 605 1160 646 nunc
1190 592 1564 646 Aristotelem
1593 591 1731 660 legit
1754 591 1780 645 ’ἶ
1805 590 2014 661 quanti

361 678 616 736 Platonis
646 677 738 732 vel
771 677 956 732 libros
1005 695 1224 734 novere
1253 680 1348 734 vel
1391 681 1658 734 nomen?
1692 680 1788 734 Vix
1821 681 1881 734 in
1909 695 2015 733 au-

361 767 518 838 gulis
548 765 719 822 otiosi
747 781 848 820 eos
878 782 1052 821 senes
1085 768 1369 824 recolunt.
1404 770 1756 824 Rusticanos
1797 783 1936 823 vero
1963 771 2018 823 et

359 843 687 930 piscatores
746 860 984 911 nostros
1017 859 1173 914 totus
1198 857 1360 913 orbis
1389 857 1671 930 loquitur,
1703 857 2016 913 universus

361 946 626 1002 mundus
657 949 852 1004 sonat.
886 950 1092 1018 Itaque
1122 962 1400 1004 sermone
1427 947 1682 1020 simplici
1723 946 2020 1020 simplicia

361 1050 570 1092 eorum
599 1034 782 1092 verba
823 1033 1110 1106 ponenda
1139 1041 1281 1092 sunt
1326 1037 1454 1107 [al.,
1485 1035 1854 1108 pandenda].
1889 1039 2020 1091 Ver-

359 1123 462 1193 ba,
495 1122 767 1194 inquam,
809 1137 933 1178 non
989 1137 1224 1179 sensus.
1255 1125 1548 1180 Craterum
1593 1124 1662 1192 si,
1705 1124 2018 1180 orantibus

359 1209 554 1279 vobis,
575 1209 746 1266 illum
766 1209 998 1282 possim
1026 1210 1087 1266 in
1115 1211 1488 1283 exponendis
1517 1211 1786 1284 Epistolis
1809 1227 2017 1267 eorum

358 1297 583 1354 habere
613 1297 908 1370 spiritum,
932 1315 1115 1370 quem
1150 1299 1232 1354 illi
1253 1300 1313 1354 in
1345 1299 1626 1356 dictando
1648 1301 2015 1355 habuerunt:

361 1392 504 1443 tunc
528 1387 792 1444 videritis
827 1394 1055 1444 tantam
1083 1389 1456 1460 majestatem
1486 1394 1542 1446 et
1569 1389 2020 1445 latitudinemin

360 1477 454 1533 his
483 1493 641 1533 verae
669 1477 849 1533 fuisse
880 1478 1208 1550 sapientiae,
1234 1484 1464 1552 quanta
1489 1479 1548 1534 in
1575 1479 1776 1535 saeculi
1805 1479 2020 1534 littera-

360 1565 436 1622 tis
473 1567 818 1635 arrogantia
859 1571 919 1625 et
948 1567 1182 1624 vanitas
1225 1567 1348 1624 fuit.
1383 1569 1644 1624 Breviter
1671 1569 1844 1624 vobis
1869 1584 2020 1622 mese

362 1654 580 1712 mentis
623 1654 811 1711 fateor
839 1671 1162 1711 arcanum:
1191 1657 1299 1720 Qui
1329 1672 1436 1729 per
1475 1672 1570 1712 me
1617 1657 2020 1712 intellecturus

363 1749 450 1801 est
479 1744 852 1817 Apostolum,
887 1745 1026 1801 nolo
1060 1751 1123 1802 ut
1159 1762 1294 1802 mea
1342 1748 1562 1819 scripta
1591 1747 1905 1802 diiilculter
1927 1746 2019 1801 in-

1425 381 1480 435 S.
1522 375 1896 434 PRUDENTII
1938 376 2323 435 TRECENSIS
2361 378 2697 436 EPlSCOPl.

3647 371 3786 428 1020

2123 593 2480 648 rhetoricam
2539 593 3005 659 transtulerunt;
3067 596 3133 646 ut
3185 591 3414 644 cunctis
3481 587 3790 643 evidenter

2127 691 2413 756 appareat
2453 686 2620 756 prius
2673 684 2750 739 ad
2791 681 3247 754 expriiuemlam
3279 680 3585 734 veritatem
3611 678 3789 748 justis

2127 775 2430 829 mentibus
2479 775 2709 839 datum,
2743 772 2909 844 quod
2957 777 3162 844 postea
3213 769 3459 840 gentiles
3501 768 3789 822 humanae

2127 861 2437 932 sapientiai
2464 861 2802 934 aptandum
2840 876 2968 915 esse
3022 861 3402 930 putaverunt.
3435 859 3568 912 [lch
3597 855 3659 911 in
3702 853 3790 909 le-

2128 949 2429 1006 ctionibus
2458 950 2640 1006 sacris
2671 953 2961 1020 tanquam
2995 947 3328 1003 clarissima
3348 945 3546 1002 sidera
3563 944 3788 1012 lucent,

2127 1043 2184 1095 et
2232 1039 2658 1108 signiﬁcantias
2704 1055 2902 1094 rerum
2960 1037 3224 1092 utillimis
3274 1033 3648 1106 compendiis
3690 1031 3793 1088 de-

2129 1133 2327 1184 center
2356 1129 2712 1184 illuminant.
2747 1129 2889 1193 Qum
2921 1142 3032 1181 nos
3081 1126 3338 1181 breviter
3363 1123 3510 1180 locis
3549 1122 3794 1195 aptissi-

2129 1218 2242 1272 mis
2275 1217 2761 1284 admonebimus,
2793 1215 3086 1288 quoniam
3114 1231 3208 1269 res
3239 1215 3384 1286 ipsae
3421 1209 3791 1268 commodis-

2131 1306 2282 1361 sime
2311 1305 2684 1360 deducentur
2729 1304 2808 1360 ad
2857 1303 3144 1370 medium,
3175 1319 3281 1374 per
3323 1317 3476 1374 quas
3518 1299 3794 1370 concepti

2129 1410 2348 1450 sensus
2375 1395 2592 1450 clarius
2625 1393 2963 1449 elucebunt.
2987 1396 3134 1448 Nam
3153 1399 3208 1446 ct
3231 1395 3398 1446 Pater
3419 1389 3796 1459 Augustinus

2126 1484 2189 1540 in
2219 1484 2322 1553 lib,
2370 1499 2450 1554 III,
2483 1483 2557 1538 de
2605 1483 2885 1538 Doctrina
2933 1481 3269 1537 Christiana
3301 1482 3453 1550 (cap.
3499 1493 3668 1544 xxxx,
3711 1476 3798 1532 ita

2127 1573 2438 1646 professus
2452 1577 2541 1628 est
2561 1591 2573 1628 :
2599 1571 3010 1627 Sciantautem
3042 1569 3273 1624 litterati
3301 1567 3498 1623 modis
3516 1565 3796 1622 omnium

2127 1663 2522 1730 locutionum,
2547 1677 2704 1734 quas
2731 1658 3108 1730 grammatici
3149 1661 3348 1715 Graeco
3395 1656 3640 1712 nomine
3673 1659 3797 1711 tro-

2130 1767 2242 1825 pos
2269 1756 2506 1817 vocant,
2539 1755 2813 1806 auctores
2835 1754 3072 1804 nostros
3104 1763 3248 1802 usos
3280 1746 3480 1801 fuisse.
3515 1748 3578 1800 Et
3607 1745 3797 1816 paulo

361 1832 604 1902 telligat,
641 1837 698 1890 et
747 1834 827 1890 ad
870 1835 1253 1908 interpretem
1291 1837 1804 1905 cognoscendum,
1834 1835 2020 1892 alium
2049 1851 2096 1906 Β
2131 1845 2267 1914 post
2297 1841 2602 1912 sequitur:
2654 1842 2814 1905 Quos
2857 1843 3056 1894 tamen
3109 1843 3333 1910 tropos,
3369 1836 3430 1890 id
3460 1839 3548 1890 est
3574 1833 3797 1890 modos

363 1929 594 1996 quierat
618 1925 1043 1996 interpretem.]

434 2013 471 2078 ει·
494 2015 608 2068 Nec
638 2013 838 2068 minus
868 2014 1262 2070 Cassiodorus
1281 2015 1344 2070 in
1371 2031 1551 2088 opere
1573 2014 1832 2070 mirabili
1854 2014 2021 2087 quod

361 2101 740 2158 Psalmorum
771 2104 1140 2176 expositione
1187 2106 1467 2172 contexit,
1500 2121 1641 2162 cum
1692 2104 1896 2178 plures
1927 2119 2022 2160 ea-

360 2192 639 2248 rumdem
669 2193 886 2249 artium
909 2193 1136 2262 ﬁguras
1165 2194 1586 2266 interponeret,
1610 2210 1729 2250 non
1752 2210 1860 2266 per
1886 2193 2019 2250 illas

362 2281 631 2338 Psalmos
661 2282 959 2354 exposuit,
994 2282 1100 2338 sed
1141 2299 1244 2338 eas
1296 2284 1482 2339 sacris
1531 2284 1785 2356 eloquiis
1826 2283 2020 2338 inesse

363 2371 920 2444 perdocuit,quaten
930 2389 998 2427 us
1012 2388 1222 2428 earum
1244 2379 1551 2430 auctorem
1568 2371 2020 2444 I)ominum,qui

365 2459 590 2516 eisdem
621 2461 838 2516 divinis
859 2461 1111 2534 eloquiis
1140 2463 1518 2534 prmdicatur,
1539 2478 1659 2518 non
1691 2479 1795 2518 eos
1828 2461 1932 2534 qui
1959 2475 2022 2516 se

363 2551 700 2605 inventores
739 2549 951 2605 talium
973 2551 1306 2621 jactabant,
1338 2567 1599 2623 eumque
1642 2556 1746 2607 aut
1777 2551 2023 2607 minime

363 2643 470 2694 aut
497 2654 570 2694 ex
596 2643 763 2710 parte
793 2644 1221 2709 cognoverant,
1253 2645 1524 2712 patenter
1559 2640 1915 2704 ostenderet,
1947 2637 2024 2694 de

364 2742 489 2800 quo
503 2725 750 2782 dicitur:
785 2727 986 2783 Omnis
1016 2743 1054 2783 a
1071 2729 1370 2797 sapientia
1391 2742 1430 2785 α
1449 2729 1701 2784 Domino
1721 2732 1841 2786 Deo
1863 2737 1948 2788 est
1968 2732 2024 2786 et

365 2831 500 2871 cum
527 2816 638 2871 illo
661 2816 782 2884 fuit
803 2830 1034 2884 semper
1053 2821 1206 2886 et‘est
1227 2821 1368 2872 ante
1385 2831 1517 2872 eum
1550 2817 1733 2888 (Eccl.
1753 2834 1790 2884 I,
1826 2818 1895 2890 l,)
1919 2820 2024 2874 ubi

366 2904 704 2958 necessario
723 2903 965 2958 additur
979 2905 1714 2974 omnis,utdemonstretur
1725 2906 2024 2980 quidquid

365 2991 672 3049 bonarum
697 2992 914 3048 artium
928 2997 1105 3065 atque
1121 2993 1498 3064 ingeniorum
1515 2999 1671 3051 recte
1691 2996 2026 3070 utiliterque

366 3081 618 3153 sapitur,
639 3081 740 3136 illo
755 3087 998 3140 auctore
1028 3083 1157 3139 dari
1187 3083 1469 3140 omnibus
1495 3089 1674 3156 atque
1692 3085 2022 3159 dispertiri;

365 3171 441 3226 de
463 3186 586 3242 quo
599 3169 853 3260 legitur:
877 3173 1160 3228 Dividens
1181 3173 1437 3260 singulis
1455 3181 1638 3242 prout
1657 3175 1786 3230 vult
1803 3177 1856 3242 (Ι
1881 3177 2020 3232 Cor.
2055 3203 2097 3260 ο

364 3275 465 3330 xu,
486 3262 594 3326 l2,)
613 3260 718 3332 qui
748 3259 910 3315 solus
939 3260 1344 3327 essentialiter,
1373 3259 1938 3319 incommutabiliter
1953 3281 2023 3320 ac

367 3348 728 3420 sempiterna
752 3349 1014 3422 sapiens,
1045 3349 1168 3406 imo
1197 3351 1490 3422 sapientia
1521 3352 1803 3407 veraciter
1832 3352 2023 3408 credi-

366 3439 464 3492 tur
487 3441 544 3492 et
567 3436 818 3492 ﬁdeliter
845 3439 1226 3510 prmdicatur.
1261 3442 1340 3495 De
1370 3453 1494 3512 qua
1524 3455 1586 3494 re
1615 3455 1752 3496 cum
1782 3441 1842 3497 in
1866 3457 2023 3514 prie-

367 3523 590 3580 fatione
618 3525 892 3594 ejusdem
924 3526 1324 3598 amplectendi
1354 3527 1552 3600 operis
1580 3529 1655 3584 de
1685 3529 2028 3602 eloquentia

368 3613 550 3668 totius
576 3611 726 3681 legis
754 3613 974 3669 divinae
999 3615 1268 3684 disseret,
1297 3616 1380 3672 ita
1406 3617 1645 3674 locutus
1667 3624 1777 3674 est.

442 3699 832 3758 Cassiodorus
857 3702 1124 3774 (Prolog.
1152 3705 1215 3758 in
1235 3705 1427 3775 Psal.,
1459 3719 1592 3777 cap.
1617 3708 1712 3762 13:
1740 3706 1932 3778 [Unde
1948 3707 2027 3763 ad

370 3788 793 3862 probationem
821 3791 1076 3864 pertinet
1104 3793 1460 3863 maximam,
1487 3795 1632 3866 quia
1681 3793 1770 3854 lex
1824 3795 2028 3852 divina

369 3894 478 3951 per
492 3884 738 3935 cunctas
763 3880 976 3936 mundi
1000 3886 1199 3954 partes
1224 3883 1606 3953 cognoscitur
1620 3883 1803 3940 fuisse
1826 3900 2028 3941 susce-

371 3971 494 4039 pta.
526 3968 666 4024 Haec
692 3969 894 4024 multis
919 3970 1104 4026 modo
1127 3985 1348 4041 genera
1377 3987 1501 4027 sum
1531 3971 1848 4028 locutionis
1869 3989 2031 4028 exer-

372 4061 484 4128 cet,
512 4063 568 4114 et
593 4057 1042 4116 definitionibus
1074 4061 1399 4127 succincta,
1422 4062 1827 4119 schematibus
1849 4063 2029 4119 deco-

371 4162 458 4212 ra,
489 4147 812 4203 verborum
842 4149 1203 4221 proprietate
1245 4150 1502 4220 signata,
1537 4150 2030 4223 syllogismorum

374 4235 893 4308 complexionibus
939 4238 1238 4310 expedita,
1295 4239 1626 4312 disciplinis
1677 4239 2026 4309 inrutilans;

320 4370 332 4382 .
373 4338 498 4379 non
530 4329 732 4378 tamen
773 4323 852 4380 ab
883 4325 965 4380 eis
995 4327 1295 4407 accipiens
1339 4333 1689 4385 extraneum
1724 4329 2025 4397 decorem,

376 4413 481 4468 sed
519 4411 722 4484 potius
763 4413 877 4470 illis
926 4415 1238 4489 propriam
1291 4417 1604 4474 conferens
1651 4419 2026 4490 dignitatem.

377 4499 516 4556 Haec
545 4500 705 4558 enim
731 4503 980 4574 quando
1006 4505 1068 4560 in
1094 4504 1312 4560 divinis
1344 4507 1658 4579 Scripturis
1689 4507 2007 4580 splendent

377 4595 537 4645 certa
566 4595 746 4663 atque
778 4592 1099 4665 purissima
1129 4598 1303 4662 sunt;
1357 4609 1493 4650 cum
1524 4612 1660 4651 vero
1690 4597 1772 4652 ad
1800 4597 2030 4668 opinio-

374 4695 482 4734 nes
506 4680 823 4736 hominum
855 4688 913 4738 et
956 4684 1318 4755 quaestiones
1349 4685 1734 4740 inanissimas
1762 4686 2030 4757 veniunt,

375 4768 680 4839 ambiguis
743 4771 1196 4829 altercationum
1251 4773 1528 4830 fluctibus
1589 4775 1910 4846 agitantur,
1969 4781 2034 4832 ut

374 4858 542 4930 quod
590 4858 687 4916 hic
741 4860 1084 4918 ﬁrmissime
1127 4875 1365 4935 semper
1415 4879 1648 4932 verum,
1693 4865 2036 4938 frequenter

375 4946 518 5002 alibi
575 4949 861 5006 reddatur
933 4951 1248 5007 incertum.
1305 4952 1396 5009 Sic
1453 4958 1510 5008 et
1566 4953 1775 5024 lingua
1830 4958 2037 5010 nostra

377 5035 526 5090 dum
553 5037 955 5108 psalmodiam
1001 5041 1180 5110 canit,
1211 5041 1520 5098 nobilitate
1551 5043 1809 5098 veritatis
1859 5057 2039 5100 orna—

378 5127 502 5190 tur;
555 5139 707 5181 cum
752 5127 832 5184 ad
891 5129 1130 5186 fabulas
1179 5131 1414 5204 ineptas
1457 5136 1513 5186 et
1566 5130 1927 5204 blaspheme
1979 5147 2042 5188 se

380 5210 564 5268 verba
593 5216 966 5286 converterit,
985 5218 1063 5273 ab
1084 5219 1316 5274 honore
1339 5219 1660 5292 probitatis
1687 5217 2038 5281 excluditur,

380 5301 542 5358 Sicut
569 5303 882 5376 apostolus
913 5305 1177 5361 Jacobus
1209 5307 1375 5364 dicit:
1421 5309 1522 5364 Ea:
1559 5309 1688 5378 ipso
1729 5321 1831 5364 ore
1878 5308 2046 5364 bene-

379 5391 634 5448 dicimus
661 5395 848 5448 Deum
898 5399 954 5449 et
981 5395 1248 5461 Patrem,
1277 5402 1328 5452 et
1381 5409 1456 5452 ea:
1493 5397 1619 5466 ipso
1669 5411 1772 5453 ore
1797 5395 2046 5454 maledi-

379 5484 566 5537 cimus
598 5481 916 5550 hominem,
945 5483 1051 5552 qui
1095 5484 1176 5538 ad
1229 5485 1550 5554 imaginem
1606 5489 1659 5540 et
1703 5486 2047 5542 similitudi-

382 5585 513 5624 nem
569 5571 675 5628 Dei
712 5575 913 5641 factus
947 5579 1029 5628 est
1083 5575 1309 5643 (Jacob.
1341 5590 1424 5641 ιιι,
1455 5580 1525 5637 9}.
1559 5577 1691 5628 llaec
1717 5575 2044 5629 mundana-

384 5669 512 5710 rum
549 5661 761 5713 artium
794 5661 982 5730 periti,
1017 5679 1170 5734 quos
1197 5667 1396 5716 tamen
1431 5662 1616 5718 multo
1645 5664 1938 5734 posteri...s
1967 5662 2044 5716 ab

385 5747 628 5802 exordio
680 5750 1020 5804 divxnorum
1085 5751 1376 5806 librorum
1442 5753 1733 5806 exstitisse
1797 5751 2042 5807 manife—

388 5833 546 5885 stum
602 5839 710 5903 est,
761 5835 838 5891 ad
893 5837 1272 5893 collectiones
1331 5843 1846 5908 argumentorum,
1895 5825 2038 5912 ilus:

2013 4551 2027 4578 ’
2059 4548 2105 4602 D

2129 1931 2523 1998 locutionum,
2563 1929 2666 2002 qui
2720 1933 3034 1994 noverunt,
3086 1931 3424 1998 agnoscunt
3477 1925 3538 1980 in
3586 1923 3797 1981 litteris

2131 2019 2370 2086 sanctis,
2424 2033 2756 2090 eorumque
2809 2017 3055 2072 scientia
3107 2017 3183 2070 ad
3229 2031 3330 2070 eas
3369 2013 3795 2084 intelligendas

2131 2107 2570 2180 aliquantulum
2601 2106 2985 2176 adjuvantur.
3021 2105 3202 2176 Cujus
3227 2103 3310 2158 rei
3341 2106 3398 2158 et
3433 2103 3496 2158 in
3529 2101 3660 2158 aliis
3690 2117 3797 2156 co-

2129 2197 2363 2254 dicibus
2409 2195 2534 2251 suis
2589 2195 2723 2250 fecit
2753 2191 3268 2248 evidentissimam
3303 2191 3694 2247 mentionem.
3730 2192 3798 2244 In

2127 2286 2295 2342 libris
2323 2287 2553 2358 quippe
2572 2300 2727 2356 quos
2743 2281 3067 2355 appellavit
3092 2281 3166 2337 de
3196 2281 3379 2338 Modis
3395 2279 3794 2346 locutionum,

2129 2375 2369 2430 diversa
2410 2375 2685 2429 schmata
2745 2369 3121 2428 saecularium
3168 2370 3499 2426 litterarum
3542 2367 3795 2424 inveniri

2129 2463 2410 2537 probavit
2462 2463 2525 2518 in
2573 2460 2778 2517 litteris
2826 2459 3046 2526 sacris;
3097 2459 3247 2514 alios
3285 2462 3488 2514 autem
3515 2455 3799 2529 proprios

2133 2551 2352 2609 modos
2392 2551 2455 2606 in
2508 2550 2726 2606 divinis
2780 2548 3033 2620 eloquiis
3075 2563 3211 2602 esse
3259 2546 3606 2615 declaravit,
3634 2559 3798 2617 quos

2134 2639 2510 2711 grammatici
2569 2639 2694 2694 sive
2751 2637 3015 2693 rhetores
3067 2635 3407 2692 nullatenus
3452 2634 3796 2704 attigerunt.

2133 2729 2551 2786 Dixerunthoc
2581 2727 2747 2800 apud
2777 2743 2888 2782 nos
2915 2732 2970 2782 et
2999 2725 3097 2782 alii
3123 2724 3450 2780 doctissimi
3482 2724 3712 2786 Patres,
3735 2721 3799 2776 id

2133 2823 2222 2874 est
2252 2817 2668 2889 Hieronymus.
2700 2815 3072 2880 Ambrosius,
3119 2813 3403 2882 Hilarius;
3457 2815 3522 2868 ut
3568 2825 3801 2883 nequa—

2133 2921 2319 2978 quam
2349 2921 2463 2960 nos
2493 2909 2960 2978 prmsumptores
2992 2903 3174 2972 hujus
3202 2901 3307 2968 rei,
3341 2901 3446 2956 sed
3475 2899 3800 2974 pedisequi

2133 3009 2264 3050 esse
2306 2993 2638 3049 videamur.
2666 2992 2780 3046 Sed
2809 2992 2966 3046 dicet
2994 2991 3245 3062 aliquis:
3277 2993 3391 3046 Nec
3419 2993 3622 3062 partes
3646 2987 3800 3060 ipsa:

2134 3072 2647 3157 syllégismorum,
2681 3097 2792 3136 nec
2835 3080 3083 3136 nomina
3123 3080 3520 3147 schematum,
3549 3092 3662 3134 nec
3693 3090 3802 3134 vo-

2135 3168 2352 3225 cabula
2393 3169 2877 3241 disciplinarum,
2904 3185 3015 3224 nec
3055 3167 3172 3224 alia
3199 3165 3620 3238 hujuscemodi
3652 3165 3806 3221 ulla-

2133 3266 2306 3314 tenus
2335 3259 2724 3315 inveniuntur
2753 3258 2815 3314 in
2861 3257 3154 3330 psalmis?
3202 3257 3594 3312 Inveniuntur
3615 3255 3806 3326 plane

2131 3349 2193 3404 in
2225 3349 2440 3404 virtute
2491 3363 2800 3411 sensuum,
2837 3362 2958 3402 non
3012 3345 3068 3402 in
3117 3345 3395 3403 eﬂ'atlone
3436 3345 3800 3400 verberam:

2133 3436 2216 3491 sic
2248 3438 2408 3492 enim
2433 3434 2576 3492 vina
2619 3437 2680 3491 in
2710 3436 2953 3503 vitibus,
2986 3451 3245 3490 messem
3277 3435 3338 3490 in
3367 3434 3613 3504 semine,
3639 3432 3804 3489 fron-

2131 3525 2238 3582 des
2280 3525 2342 3582 in
2390 3525 2718 3592 radicibus,
2751 3525 2977 3580 fructus
3033 3525 3094 3580 in
3133 3524 3320 3580 ramis
3350 3521 3602 3589 arboris,
3634 3521 3804 3594 ipsas

2131 3629 2318 3670 nuces
2347 3613 2830 3686 contemplemur
2853 3615 2912 3668 in
2936 3613 3184 3668 nucleis.
3203 3617 3347 3668 Nam
3378 3616 3435 3666 et
3459 3610 3534 3665 de
3553 3609 3802 3682 profun-

2133 3703 2386 3758 dissima
2414 3703 2641 3774 abysso
2671 3707 2728 3758 et
2753 3701 3074 3758 deliciosus
3114 3701 3294 3773 piscis
3337 3701 3664 3769 attingitur,
3695 3701 3803 3772 qui

2135 3795 2336 3848 tamen
2385 3796 2523 3847 ante
2573 3791 3029 3863 conceptionem
3067 3788 3451 3862 [captionem]
3479 3803 3654 3844 suam
3685 3788 3800 3844 huv

2135 3880 2332 3936 manis
2361 3879 2551 3935 oculis
2595 3895 2718 3936 non
2749 3879 2999 3934 videtur.
3036 3880 3232 3934 Merito
3280 3893 3425 3946 ergo
3477 3892 3611 3934 esse
3656 3877 3802 3934 dici-

2138 3986 2295 4040 mus,
2342 3985 2479 4042 quae
2527 3969 2722 4025 inesse
2776 3967 3166 4024 nihilominus
3221 3967 3435 4023 virtute
3483 3966 3798 4022 sentimus.

2139 4063 2287 4115 Nam
2318 4065 2372 4114 et
2402 4057 2723 4130 Apostolus
2754 4060 2908 4113 vetat
2937 4073 3046 4111 nos
3077 4057 3278 4112 seduci
3311 4072 3418 4130 per
3451 4072 3675 4112 vanam
3707 4073 3804 4113 sa-

2136 4147 2423 4222 pientiam
2473 4147 2681 4202 mundi
2739 4148 2785 4217 (Ι
2834 4147 2970 4204 Cor.
3035 4162 3115 4209 tu,
3169 4149 3285 4218 t8);
3331 4146 3446 4202 ista
3499 4161 3642 4202 vero
3681 4159 3805 4202 non

2137 4237 2402 4306 abnegat
2434 4236 2498 4292 in
2526 4235 2731 4292 litteris
2762 4251 2894 4292 esse
2924 4235 3160 4290 divinis.

2207 4325 2242 4392 τ’
2267 4328 2346 4380 Ac
2374 4339 2481 4397 per
2511 4324 2625 4379 hoc
2669 4323 3186 4396 quandocumque,
3219 4323 3372 4378 sicut
3407 4321 3695 4392 diximus,
3728 4325 3809 4379 ta-

2136 4414 2294 4471 libus
2348 4413 2432 4469 uti
2483 4413 2808 4468 necessitas
2863 4412 3133 4484 impellit,
3187 4411 3484 4468 adversus
3527 4426 3632 4466 eos
3681 4411 3808 4466 sine

2139 4503 2326 4560 dubio
2373 4501 2498 4575 qui,
2530 4498 2846 4556 illudentes
2901 4499 3224 4556 sinceritati
3268 4505 3486 4556 nostras
3531 4497 3694 4566 ﬁdei,
3727 4500 3808 4554 eis

2139 4592 2328 4648 inﬂati
2355 4595 2607 4656 tument,
2634 4590 2941 4660 agendum
2967 4589 3064 4662 pie
3096 4589 3520 4662 humiliterque
3548 4603 3674 4644 non
3704 4588 3812 4644 im-

2139 4682 2450 4754 probatur,
2485 4695 2622 4735 cum
2663 4679 2938 4748 legamus
2987 4681 3185 4736 Mosen
3228 4679 3660 4750 prophetarum
3694 4677 3812 4732 exi-

2143 4770 2333 4826 mium
2400 4769 2566 4824 omni
2633 4768 3056 4839 Egyptiorum
3135 4766 3433 4838 sapientia
3506 4765 3808 4822 eruditum

2142 4859 2302 4930 (Act.
2336 4874 2375 4928 ι,
2413 4857 2524 4926 22),
2575 4860 2632 4913 et
2685 4856 2986 4912 Danielem
3043 4871 3114 4910 ac
3165 4854 3363 4910 socios
3411 4855 3542 4925 ejus
3594 4869 3810 4910 omnes

2146 4947 2562 5005 Chaldaeorum
2601 4961 2812 5015 magos
2852 4950 3030 5017 atque
3085 4943 3393 5014 aruspices
3449 4945 3808 5000 eorumdem

2149 5036 2396 5093 scientia
2442 5035 2768 5108 decuplum
2812 5048 3130 5106 superasse
3179 5033 3360 5098 (Dan.
3393 5047 3450 5098 v,
3484 5033 3548 5084 14
3597 5035 3656 5086 et
3708 5033 3809 5104 15).

2147 5130 2280 5183 lam
2336 5140 2498 5180 nunc
2541 5126 2602 5180 in
2645 5124 2889 5180 nomine
2937 5122 3082 5194 [Dei]
3126 5125 3183 5176 et
3213 5119 3514 5190 adjutorio
3539 5117 3812 5194 labyrin-

2151 5217 2319 5272 thum
2370 5220 2614 5272 tuarum
2671 5213 2979 5270 hrereseon
3011 5211 3252 5281 adituri,
3285 5211 3544 5279 gratiam
3575 5211 3711 5282 ejus
3744 5213 3812 5267 si-

2150 5316 2226 5362 ne
2256 5320 2380 5377 quo
2405 5303 2552 5359 nihil
2575 5319 2804 5369 sumus,
2840 5303 3068 5358 scimus
3099 5305 3156 5356 et
3201 5313 3552 5371 possumus,
3579 5299 3808 5357 invoce-

2153 5408 2311 5458 mus,
2343 5398 2408 5449 ut
2452 5393 2583 5464 ipsa
2611 5391 2764 5448 duce
2811 5396 2947 5448 tuas
2996 5388 3436 5446 inextricabiles
3483 5403 3690 5444 moras
3721 5403 3817 5462 pes

2150 5486 2385 5538 netrare
2411 5497 2634 5553 easque
2661 5479 2957 5536 inoffenso
2979 5493 3190 5549 gressu
3215 5477 3469 5534 evadere
3486 5475 3812 5547 valeamus,

2150 5587 2542 5642 nequaquam
2595 5571 2680 5624 tui
2731 5570 3050 5641 quulruvii
3094 5566 3588 5624 innodationibus
3623 5583 3691 5622 ac
3721 5567 3813 5622 de-

2150 5660 2628 5732 pravationibns,
2665 5659 2764 5714 sed
2808 5658 3146 5714 auctoritati
3189 5661 3243 5713 ei
3276 5657 3503 5712 veritati
3551 5656 3813 5711 medulli-

2160 5756 2255 5808 tus
2277 5751 2620 5806 innitentes.

2229 5839 2410 5908 Igitur
2440 5854 2545 5908 per
2575 5839 2886 5909 copiosam
2924 5836 3295 5909 praefationis
3329 5841 3444 5892 tuae
3469 5834 3816 5906 disputatio?
