3974 6374
134 311 284 366 1021

1105 320 1192 372 DE
1234 317 1898 376 ΡΒᾹΞΟΕΞΤΙΝΑἸἸΟΝΕ
1940 317 2216 373 CONTRA
2254 320 2300 372 .l.
2347 317 2644 376 SCOTUM.

3451 323 3584 379 4022

128 451 461 508 nem,qua
483 452 685 492 veram
715 438 1160 512 philosophiam
1191 457 1398 498 veram
1420 459 1550 498 esse
1581 442 1814 513 religio-
1847 443 1892 498 Α
1933 439 2136 496 divina
2191 439 2429 514 eloquia
2480 444 2682 500 nullus
2741 446 2976 509 ignorat
3027 463 3039 500 :
3096 462 3219 517 quo
3276 447 3589 502 coniicitur

123 541 284 579 nem
327 524 607 581 veraciter
630 528 862 590 astrnis,
891 529 994 584 sed
1026 530 1451 586 inveniendam
1482 532 1817 605 disciplina-

127 631 277 670 rum
317 616 697 672 saecularium
715 618 1046 674 eruditione
1069 619 1198 674 falle
1211 621 1352 676 citer
1373 622 1565 676 atiirm
1575 639 1661 684 as,
1677 639 1814 676 cum

126 721 290 760 vera
329 705 538 776 religio
566 706 685 762 ﬁde
715 712 770 764 et
807 707 899 764 Dei
931 709 1143 779 gratia,
1173 725 1296 766 non
1325 710 1608 767 humanis
1645 712 1814 768 adin-

128 795 542 850 ventionib‘us
589 802 948 870 assequatur
995 803 1176 871 atque
1207 799 1608 872 approbetur;
1638 802 1815 874 ponis

130 883 514 940 sententiam
573 885 982 957 Gottescalchi,
1035 903 1159 960 qua
1217 887 1517 946 afﬁrmare
1570 893 1818 947 conetur

129 974 508 1030 necessitate
534 974 1079 1048 praedestinationis
1106 981 1230 1032 tam
1261 977 1458 1033 bonos
1509 979 1588 1034 ad
1630 979 1813 1047 bona,

130 1077 339 1134 quam
386 1063 582 1118 malos
637 1063 712 1119 ad
763 1064 922 1120 mala
953 1065 1368 1122 inevitabiliter
1418 1067 1662 1140 impelli.
1698 1071 1816 1124 Hoc

130 1156 354 1208 utrum
395 1152 488 1208 vel
519 1168 708 1226 quare
741 1152 956 1210 dixerit
982 1154 1115 1226 ipse
1147 1155 1374 1225 viderit,
1410 1172 1521 1212 nos
1553 1157 1814 1214 destina-

133 1242 306 1298 tione
343 1243 443 1298 Dei
483 1242 562 1299 ad
589 1243 817 1316 aliquid
847 1245 1201 1301 necessitate
1231 1246 1480 1319 impelli,
1519 1247 1609 1302 vel
1640 1248 1818 1318 (sicut

128 1349 165 1387 a
201 1331 423 1387 multis
475 1331 714 1404 dicitur)
771 1333 1026 1390 fataliter
1082 1335 1216 1405 cogi
1261 1337 1568 1392 neminem
1621 1337 1814 1392 credi-

129 1438 275 1476 mus
315 1427 376 1477 et
419 1421 798 1491 conﬁtemur,
833 1423 938 1480 sed
985 1425 1113 1496 ejus
1169 1425 1546 1499 providentia
1597 1427 1812 1500 sempi-

124 1515 336 1581 terna,
367 1515 423 1568 et
461 1511 1045 1586 omnipotentissima
1076 1515 1458 1586 praescientia
1486 1516 1692 1572 omnia
1721 1533 1810 1572 or-

123 1597 364 1671 dinari,
396 1599 659 1672 disponi,
690 1600 1050 1674 dispensari,
1080 1603 1387 1672 destinari,
1415 1605 1540 1676 regi
1598 1621 1669 1661 ac
1702 1620 1810 1676 gu-

117 1688 388 1745 bernari
420 1689 618 1745 modis
657 1690 875 1764 cuique
907 1694 1192 1762 congruis
1224 1692 1390 1750 nullo
1427 1694 1613 1750 modo
1642 1696 1812 1752 dubi-

1931 529 2115 584 i)eum
2147 531 2353 586 omnia
2378 532 2528 588 sicut
2558 550 2813 600 creasse,
2849 535 2930 591 ita
2961 551 3222 602 curasse,
3249 535 3584 602 ordinasse,

1925 619 2315 692 disposuisse,
2361 621 2771 696 dispensassc,
2823 625 3180 694 destinasse,
3215 641 3318 680 seu
3361 627 3586 698 prinde-

1928 707 2180 764 stinasse
2206 725 2342 781 quae
2375 711 2466 766 vel
2491 711 2646 778 fecit,
2678 712 2770 768 vel
2801 712 3069 768 facturus
3099 718 3206 783 est,
3233 713 3407 784 juxta
3436 714 3582 771 illud

1925 797 2031 868 qui
2055 797 2198 868 fecit
2229 815 2362 870 quae
2381 801 2600 870 futura
2620 807 2759 856 sunt
2794 803 2932 874 (Isa.
2965 818 3097 871 XLV,
3120 807 3206 870 ti,
3235 818 3345 858 sec.
3366 803 3578 874 LXX).

1926 886 2036 952 Qui
2055 885 2214 942 enim
2247 903 2458 943 omnes
2489 893 2794 946 creaturas
2815 890 2982 947 initio
3012 890 3352 947 condidisse
3401 893 3586 948 credi-

1925 979 2040 1040 tur,
2075 975 2222 1046 quid
2251 981 2338 1032 est
2363 977 2531 1049 quod
2565 977 2832 1034 facturus
2871 984 3016 1050 erat,
3054 979 3170 1035 nisi
3203 979 3581 1052 gubernatio,

1873 1081 1876 1085 ’
1925 1063 2338 1137 multiplicatio
2395 1081 2465 1120 ac
2523 1065 2834 1138 dispositio
2873 1083 3074 1123 rerum
3113 1084 3268 1140 quas
3315 1069 3583 1125 fecerat?

1931 1151 2093 1208 [Inde
2115 1158 2172 1208 et
2201 1152 2261 1208 in
2297 1155 2616 1224 Evangelio
2641 1155 2774 1228 ipsa
2802 1155 3032 1213 Veritas
3053 1155 3316 1228 loquitur
3341 1157 3578 1213 dicens:

1925 1243 2112 1298 Pater
2149 1257 2310 1298 meus
2341 1259 2526 1314 usque
2552 1246 2726 1300 modo
2759 1253 3065 1314 operatur,
3098 1251 3153 1301 et
3193 1261 3296 1316 ego
3345 1262 3578 1316 operor,

1923 1329 2048 1386 sive
2073 1330 2220 1400 fecit
2267 1347 2400 1403 quae
2448 1333 2668 1402 futura
2711 1342 2851 1389 sunt
2882 1335 3076 1406 (Joan.
3108 1351 3165 1403 v,
3201 1337 3310 1404 t7),
3336 1335 3478 1408 quia
3519 1335 3580 1390 in

1921 1421 2295 1492 praescientia
2326 1437 2436 1476 sua
2465 1438 2600 1494 quae
2630 1422 2752 1480 falli
2801 1423 3141 1495 mutarique
3181 1423 3406 1495 nequit,
3436 1439 3582 1496 prae-

1921 1510 2264 1583 destinavit,
2295 1513 2444 1584 quid
2475 1512 2803 1568 forinsecus
2829 1513 3026 1585 operis
3056 1513 3397 1579 etl’ecturus,
3417 1518 3474 1568 et
3503 1513 3580 1569 ad

1918 1615 2104 1671 quem
2133 1599 2318 1656 ﬁnem
2347 1617 2502 1673 opus
2535 1601 2702 1674 quod
2729 1602 2948 1658 faceret
2967 1605 3122 1658 esset
3146 1601 3577 1674 perducturus:

1922 1704 2059 1760 quae
2089 1690 2360 1760 operatio
2391 1689 2506 1745 nisi
2530 1689 2686 1745 illius
2715 1691 3028 1763 dispositio
3051 1691 3079 1746 ?
3111 1691 3285 1756 Quod
3316 1695 3579 1746 tantum-

123 1783 365 1846 tamus,
419 1777 654 1835 dicente
706 1780 995 1837 veraciter
1027 1782 1102 1837 de
1151 1798 1221 1839 eo
1277 1783 1580 1856 Scriptura
1614 1801 1626 1838 :
1660 1785 1811 1852 Quia
1844 1798 1883 1852 Β
1920 1774 2060 1832 dem
2109 1777 2282 1844 valet.
2327 1793 2436 1833 nec
2494 1777 2658 1834 aliud
2708 1795 2958 1851 prorsus
3007 1783 3164 1834 recte
3212 1777 3579 1851 intelligitur,

120 1869 394 1941 attingit
423 1886 462 1927 a
489 1871 611 1941 ﬁne
637 1886 821 1942 usque
851 1871 932 1927 ad
965 1873 1142 1942 ﬁnem
1165 1873 1430 1944 fortiter,
1463 1879 1519 1931 et
1549 1875 1810 1945 disponit

122 1960 342 2016 omnia
394 1961 666 2016 suaviter
701 1959 870 2032 (Sap.
901 1977 1022 2024 Vlll,
1065 1961 1108 2032 t)
1136 1980 1148 2028 ;
1180 1961 1403 2036 quibus
1459 1961 1655 2018 verbis
1685 1961 1813 2018 unis

122 2063 311 2104 versa
340 2048 446 2104 Dei
469 2048 761 2122 sapientia
786 2050 1124 2122 praeveniri,
1155 2050 1388 2120 attingi,
1409 2055 1587 2123 atque
1613 2051 1812 2125 dispo-

123 2135 185 2191 ni
221 2135 499 2192 breviter
529 2136 1103 2210 immutabiliterque
1131 2138 1451 2204 deﬁnitur;
1493 2155 1810 2212 nunquam

121 2227 295 2284 enim
359 2225 677 2298 attingeret
729 2231 910 2301 atque
959 2229 1327 2302 disponeret,
1366 2227 1485 2286 nisi
1521 2229 1810 2303 praeveni-

123 2320 214 2373 ret
248 2334 261 2373 :
302 2333 630 2390 nunquam
659 2334 803 2374 vero
849 2319 1225 2391 praeveniret,
1265 2317 1382 2374 nisi
1421 2319 1810 2376 essentialiter

119 2420 192 2461 ac
219 2407 598 2480 sempiterne
629 2407 1193 2482 omnipotenterque
1224 2407 1555 2465 exsisteret.

192 2495 460 2551 Constat
482 2511 625 2564 ergo
643 2495 790 2552 nihil
819 2512 950 2552 esse
980 2496 1098 2551 nisi
1130 2498 1470 2552 Creatorem
1495 2500 1551 2552 et
1579 2501 1807 2553 creatu-

117 2598 283 2650 ram,
338 2585 684 2639 Creatorem
733 2599 771 2640 a
807 2583 996 2652 nullo,
1030 2587 1368 2640 creaturam
1418 2599 1455 2640 a
1507 2586 1801 2641 Creatore.

117 2669 482 2728 Creatorem
513 2671 640 2728 sine
663 2671 854 2740 initio,
883 2672 1280 2729 mutabilitate
1307 2677 1362 2728 et
1383 2672 1504 2728 ﬁne
1529 2691 1542 2742 ;
1575 2677 1805 2730 creatu-

115 2773 254 2816 ram
277 2775 429 2816 cum
445 2759 610 2816 initio
633 2765 688 2816 et
705 2760 1118 2828 mutabilitate,
1134 2761 1476 2834 partimque
1495 2777 1633 2817 cum
1647 2761 1799 2818 ﬁne:

112 2848 450 2904 rationalis
479 2848 638 2904 enim
673 2853 945 2906 creatura
993 2849 1350 2920 angelorum
1397 2854 1453 2905 et
1483 2849 1803 2906 hominum

117 2937 330 3010 ccepit,
365 2953 480 2993 nec
509 2937 727 2993 desinit
751 2955 764 3006 ;
791 2942 1005 2994 caetera
1049 2953 1194 2994 vero
1245 2937 1456 2994 usibus
1483 2937 1804 2995 hominum

115 3025 280 3082 facta
313 3029 507 3098 atque
533 3024 838 3092 attributa,
851 3025 1075 3098 partim
1103 3026 1407 3093 desinunt,
1439 3027 1657 3098 partim
1677 3041 1804 3098 per-

115 3117 414 3180 manent;
444 3128 556 3169 nec
583 3117 781 3168 tamen
803 3113 1016 3169 eadem
1039 3115 1466 3187 permansione
1491 3113 1804 3172 aeternitati

117 3205 531 3276 coaequantur
559 3201 857 3272 Auctoris,
888 3201 963 3257 de
991 3202 1216 3275 quibus
1248 3219 1412 3258 nunc
1431 3202 1684 3273 longum
1714 3208 1803 3260 est

116 3291 464 3365 disputare.
485 3293 636 3346 Cum
665 3307 810 3362 ergo
835 3295 1068 3348 constet
1095 3291 1245 3346 nihil
1271 3290 1438 3348 aliud
1463 3308 1593 3348 esse
1614 3309 1801 3364 quam

116 3380 473 3438 Creatorem
505 3384 562 3435 et
587 3385 948 3449 creaturam,
968 3380 1370 3454 eamdemque
1391 3395 1514 3436 non
1537 3397 1570 3435 a
1597 3383 1803 3455 seipsa

119 3471 224 3526 sed
259 3472 612 3527 aCreatore
660 3469 986 3525 exsistendi
1034 3469 1363 3542 sumpsisse
1413 3469 1799 3543 principium,

117 3559 525 3616 nihilominus
581 3559 659 3616 ad
705 3560 1042 3616 Creatorem
1094 3559 1380 3632 pertinuit
1406 3560 1799 3633 disposuisse,

120 3649 526 3718 ordinavisse,
556 3649 892 3704 destinasse
919 3665 990 3704 ac
1022 3649 1480 3722 praedestinasse
1519 3650 1684 3722 quod
1715 3650 1800 3706 fe-

121 3741 321 3806 cerat;
356 3737 885 3810 quemadmodum
915 3737 1144 3794 dictum
1175 3743 1286 3807 est,
1318 3737 1486 3810 quod
1535 3741 1800 3810 attingat

122 3841 158 3882 a
185 3827 312 3895 ﬁne
339 3843 530 3899 usque
557 3829 640 3884 ad
672 3830 854 3898 ﬁnem
881 3829 1151 3899 fortiter,
1182 3833 1238 3884 et
1267 3829 1549 3898 disponat
1597 3829 1801 3885 omnia

121 3919 439 3974 suaviter:
464 3934 502 3974 δ.
529 3917 650 3974 ﬁne
679 3917 956 3974 videlicet
981 3917 1291 3974 invisibilis
1315 3922 1495 3990 atque
1525 3917 1801 3991 incorpo-

122 4018 238 4060 reas
269 4012 587 4074 creaturae,
621 4023 814 4080 usque
847 4006 923 4062 ad
956 4006 1139 4062 ﬁnem
1179 4006 1434 4062 visibilis
1465 4016 1800 4079 corporea»-

123 4107 239 4164 que
271 4099 606 4162 creaturae;
639 4095 699 4150 id
726 4099 833 4156 est,
867 4094 946 4150 ab
975 4112 1045 4150 eo
1071 4095 1239 4167 quod
1273 4095 1560 4151 creaturis
1611 4096 1802 4151 omni~

123 4178 238 4236 bus
266 4199 588 4240 summum
642 4188 736 4239 est
763 4199 956 4256 usque
997 4184 1077 4240 ad
1105 4183 1168 4238 id
1198 4185 1361 4256 quod
1412 4184 1474 4240 in
1515 4183 1801 4240 creaturis

124 4273 414 4328 omnibus
444 4271 723 4328 inﬁmum
757 4277 888 4341 est;
921 4271 1088 4345 quod
1115 4272 1164 4328 si
1195 4276 1466 4343 negatur,
1500 4278 1605 4329 aut
1653 4273 1801 4328 invi-

125 4357 238 4414 dus
271 4361 469 4434 (quod
499 4360 677 4428 absit)
695 4365 800 4418 aut
827 4360 1128 4434 impotens
1147 4363 1299 4418 Deus
1317 4361 1622 4418 asseritur.
1648 4361 1800 4428 Quia

127 4445 171 4500 si
198 4463 322 4504 non
375 4449 700 4517 ordinavit,
733 4449 1050 4523 disposuit,
1085 4451 1477 4524 dispensavit,
1537 4450 1799 4506 destina-

1832 3152 1874 3206 C

1919 1881 2108 1936 quam
2139 1865 2188 1920 si
2214 1866 2466 1933 dicatur,
2495 1867 2813 1923 destinatio
2847 1885 2859 1922 :
2903 1884 2972 1922 ac
3021 1867 3464 1939 prtedestinatio
3494 1868 3577 1922 bi-

1919 1953 2134 2008 fariam
2187 1953 2495 2026 dividitur,
2520 1955 2583 2010 in
2631 1955 2796 2011 bona
2836 1954 3109 2012 videlicet
3151 1959 3208 2011 et
3237 1955 3430 2020 mala;
3473 1955 3579 2010 sed

1917 2039 2082 2098 bona
2107 2059 2242 2114 quae
2283 2059 2408 2099 non
2436 2050 2575 2100 sunt
2598 2044 2712 2100 nisi
2738 2049 2979 2100 auctore
3017 2042 3182 2100 bono
3211 2047 3267 2099 et
3311 2059 3573 2112 summo,

1918 2131 1977 2186 id
2001 2137 2089 2187 est
2112 2133 2234 2188 Deo
2271 2149 2284 2201 ;
2318 2133 2481 2188 mala
2511 2133 2876 2204 nullatenus,
2917 2149 2990 2189 ea
3017 2147 3150 2206 quae
3182 2148 3304 2188 non
3335 2136 3578 2189 auctore

1917 2223 2058 2289 Deo,
2095 2220 2201 2276 sed
2232 2221 2538 2278 voluntate
2569 2226 2854 2279 creaturae
2911 2221 3219 2278 rationalis
3250 2237 3286 2277 a
3317 2237 3426 2277 suo
3473 2237 3578 2277 au-

1919 2313 2078 2365 ctore
2132 2310 2388 2383 deﬂexa,
2433 2315 2614 2384 atque
2659 2311 2799 2368 inde
2851 2311 3147 2366 deteriora
3203 2309 3578 2384 culpabiliter

1915 2415 2129 2456 aversa
2157 2399 2325 2456 ﬁunt.

1989 2489 2239 2546 Proinde
2265 2489 2568 2545 bonorum
2600 2490 2875 2546 omnium
2899 2494 3108 2546 auctor
3127 2494 3214 2544 est
3234 2489 3418 2558 Deus;
3451 2503 3576 2544 ma-

1911 2578 2110 2634 lorum
2161 2583 2383 2647 autem,
2415 2578 2476 2635 id
2527 2582 2616 2636 est
2661 2579 2938 2636 vitiorum
2978 2583 3158 2652 atque
3187 2583 3574 2652 peccatorum

1914 2672 2126 2724 auctor
2157 2671 2310 2724 Deus
2339 2684 2463 2724 non
2508 2672 2619 2736 est,
2649 2667 2754 2724 sed
2802 2668 3107 2742 praescitor
3129 2665 3577 2740 providentissi-

1913 2774 2072 2829 mus,
2105 2757 2481 2814 examinator
2511 2758 3011 2831 sapientissimus,
3021 2757 3208 2829 judex
3239 2755 3577 2830 potentissi-

1913 2863 2050 2903 mus
2083 2851 2264 2920 atque
2288 2847 2702 2918 justissimus;
2735 2863 2946 2904 eorum
2985 2862 3128 2917 ergo
3159 2846 3480 2908 malorum,
3511 2843 3574 2900 id

1911 2941 2000 2992 est
2029 2936 2507 3004 tribulationum,
2525 2935 2940 3001 aﬂlictionum,
2955 2940 3135 3008 atque
3158 2935 3574 2992 inﬁrmitatum

1911 3042 2020 3082 seu
2047 3025 2458 3098 quarumlibet
2481 3041 2807 3098 poenarum
2833 3041 2986 3097 quas
3003 3023 3096 3080 vel
3116 3025 3177 3080 in
3206 3025 3320 3080 hac
3337 3023 3574 3080 interim

1911 3114 2052 3178 vita,
2082 3117 2139 3170 et
2173 3113 2350 3184 justis
2370 3117 2425 3168 et
2445 3111 2682 3183 injustis
2705 3111 2936 3169 mixtim
2952 3111 3192 3182 ingerit:
3211 3111 3326 3168 illic
3349 3117 3573 3184 autem,

1910 3203 1973 3260 id
2003 3207 2090 3258 est
2118 3203 2180 3258 in
2203 3201 2648 3272 gehenna,solis
2676 3201 2875 3276 impiis
2913 3202 3116 3258 divina
3144 3201 3394 3276 aequitas
3413 3201 3574 3274 juste

1909 3291 2246 3364 meritoque
2277 3290 2569 3346 retribuit.
2601 3293 2822 3346 Auctor
2845 3289 3062 3346 dicitur
3109 3292 3288 3356 Deus,
3339 3289 3572 3346 dicente

1909 3379 2207 3454 propheta
2241 3397 2254 3436 :
2287 3379 2386 3436 Sic
2415 3385 2498 3436 est
2527 3381 2755 3436 malum
2787 3381 2852 3435 in
2881 3380 3140 3447 civitate,
3174 3379 3335 3451 quod
3379 3379 3572 3436 Domi-

1909 3484 2022 3524 nus
2044 3485 2163 3525 non
2214 3469 2363 3540 fecit
2385 3468 2586 3540 (Amos
2617 3485 2698 3537 tu,
2715 3470 2792 3540 6);
2813 3473 2868 3525 et
2894 3469 3110 3524 iterum
3131 3468 3260 3542 ipse
3283 3468 3572 3524 Dominus

1909 3573 2019 3632 per
2067 3557 2282 3614 Isaiam
2329 3557 2636 3614 inducitur
2682 3557 2926 3614 dicens:
2959 3557 3213 3614 Faciens
3246 3557 3484 3628 bonum,
3516 3562 3572 3614 et

1911 3661 2124 3703 creans
2152 3647 2410 3717 malum;
2425 3647 2702 3717 formans
2727 3647 2917 3702 lucem
2947 3651 3003 3701 et
3027 3661 3239 3702 creans
3269 3645 3571 3702 tenebras:

1909 3751 2016 3806 ego
2044 3735 2336 3792 Dominus
2363 3736 2596 3806 faciens
2627 3737 2829 3792 omnia
2861 3736 2986 3792 hac
3008 3735 3149 3802 (Isa.
3180 3750 3311 3800 XLV,
3330 3735 3406 3805 7).
3426 3735 3571 3788 Item

1909 3824 2073 3880 idem
2120 3825 2182 3880 in
2233 3825 2556 3896 Evangelio
2604 3825 2906 3881 dicturum
2938 3840 3000 3879 se
3029 3823 3229 3897 impiis
3257 3823 3318 3878 in
3345 3822 3573 3894 judicio

1909 3917 2179 3970 testatur.
2214 3915 2324 3978 Ite,
2358 3913 2661 3988 inquiens,
2681 3915 2744 3970 in
2777 3914 2968 3984 ignem
3002 3917 3315 3982 a’ternum,
3339 3911 3444 3983 qui
3469 3923 3573 3981 pa-

1909 4009 2080 4060 ratus
2111 4009 2196 4060 est
2225 4003 2465 4060 diabolo
2495 4009 2548 4059 et
2581 4002 2814 4073 angelis
2846 4004 2974 4071 ejus
3005 4001 3246 4072 (Matth.
3277 4015 3414 4071 xxv,
3454 4000 3568 4072 41).

1911 4091 2067 4156 Quid
2095 4097 2183 4148 est
2210 4091 2379 4165 quod
2408 4091 2490 4148 ait
2512 4096 2792 4162 paratus,
2824 4089 2940 4145 nisi
2970 4093 3203 4146 creatus
3247 4093 3427 4161 atque
3473 4087 3574 4145 de-

1911 4181 2164 4236 stinatus
2182 4182 2210 4236 ?
2239 4186 2425 4254 Aquo
2451 4185 2652 4237 autem
2675 4183 2930 4246 creatus,
2955 4176 3070 4234 nisi
3102 4177 3181 4234 ab
3210 4177 3311 4234 illo
3341 4177 3445 4250 qui
3465 4193 3574 4250 per

1908 4269 2270 4341 prophetam
2314 4270 2546 4326 dixerat
2594 4285 2724 4324 sese
2771 4283 3002 4325 creasse
3042 4269 3272 4324 malum
3315 4272 3371 4324 et
3419 4268 3574 4324 tene-

1913 4359 2050 4416 bras
2067 4361 2094 4414 ?
2115 4358 2202 4414 Ab
2232 4357 2364 4432 ipso
2386 4358 2798 4416 indubitanter
2817 4358 2996 4414 etiam
3013 4357 3344 4414 destinatus
3371 4356 3574 4430 impiis

1911 4449 2146 4520 dicitur,
2179 4453 2431 4506 testante
2461 4449 2614 4505 Isaia
2647 4448 2945 4522 propheta
2978 4465 2992 4504 :
3027 4443 3261 4504 Parata
3300 4450 3386 4504 est
3414 4446 3571 4503 enim

124 4535 226 4606 vit,
253 4504 864 4613 sive—praedestinavit
883 4504 1051 4612 quod
1075 4504 1800 4610 fecilt,_eolligiiurﬁutinul-
1826 4504 1870 4560 θ
1911 4504 2152 4597 ita»;
2179 4504 2698 4610 a-regeiTophet‘h
2741 4504 2966 4608 parata
3009 4543 3066 4593 et
3113 4536 3376 4593 dilatata
3427 4535 3567 4600 (Isa.

125 4621 358 4683 latenus
393 4629 642 4684 facturte
677 4645 802 4684 sum
832 4645 1042 4685 curam
1087 4629 1386 4685 habuerit.
1428 4629 1647 4687 Habuit
1698 4645 1802 4685 au-

129 4713 243 4768 tem
280 4730 500 4773 curam
551 4721 963 4773 creaturarum
1015 4733 1170 4790 quas
1217 4717 1374 4787 fecit,
1407 4719 1550 4790 quia
1594 4718 1670 4774 de
1727 4733 1798 4774 eo

129 4813 308 4860 verax
336 4803 646 4876 Scriptura
697 4803 1016 4861 conﬁtetur
1043 4805 1303 4862 dicendo
1337 4823 1350 4862 :
1383 4805 1500 4863 Cui
1525 4822 1677 4863 cura
1713 4812 1798 4863 est

128 4887 200 4944 tle
224 4893 502 4949 omnibus
527 4893 690 4965 (Sap.
717 4910 816 4964 xu,
849 4895 934 4966 t3)
961 4912 974 4961 ;
1002 4898 1059 4950 et
1081 4895 1158 4951 ad
1179 4911 1364 4968 quem
1395 4897 1690 4968 Propheta
1717 4895 1800 4951 lo-

129 4977 325 5047 quitur
355 4999 370 5039 :
408 4982 806 5040 Ordinatione
831 4988 937 5040 tua
972 4990 1318 5054 perseverat
1342 4983 1485 5052 dies,
1513 4985 1797 5056 quoniam

129 5071 322 5127 omnia
342 5073 618 5129 serviunt
647 5071 757 5128 tibi
775 5064 897 5142 (Ps.
931 5087 1131 5142 cxvul,
1161 5073 1275 5143 9t);
1303 5075 1366 5128 Et
1395 5073 1487 5128 cui
1517 5073 1580 5129 in
1605 5074 1796 5146 preci-

132 5150 240 5210 bus
267 5165 511 5218 orantes
531 5160 792 5218 dicimus
827 5179 838 5216 :
883 5163 1064 5230 Deus,
1097 5164 1269 5233 cujus
1298 5163 1680 5232 providentia
1730 5165 1794 5220 in

131 5245 224 5298 sui
250 5249 637 5320 dispositione
666 5267 788 5308 non
829 5253 1098 5322 fallitur.
1129 5255 1196 5308 Et
1223 5252 1328 5325 qui
1379 5251 1438 5308 in
1473 5253 1796 5324 Evangelio

135 5326 428 5405 loquitur:
461 5342 680 5397 Nonne
725 5342 844 5396 duo
893 5356 1162 5411 passeres
1219 5356 1350 5397 asse
1397 5347 1678 5412 veneunt,
1738 5350 1793 5400 et

136 5433 281 5479 unus
315 5443 388 5486 ea:
417 5431 542 5485 illis
576 5447 694 5486 non
741 5432 902 5486 cadit
934 5447 1116 5500 super
1145 5437 1371 5486 terram
1425 5433 1554 5486 sine
1610 5433 1795 5489 Patre

143 5520 319 5569 vestro
342 5523 366 5572 ί)
397 5519 640 5589 (Matth.
679 5538 731 5580 κ,
767 5525 880 5585 29).
923 5524 983 5574 Et
1012 5537 1250 5576 rursum
1277 5539 1288 5574 :
1321 5522 1390 5574 Si
1414 5537 1552 5590 ergo
1582 5521 1788 5589 fenum

141 5605 286 5664 ’I’W‘Il
311 5606 481 5664 hodie
514 5612 571 5663 in
605 5626 752 5680 agre
786 5618 887 5671 est,
925 5616 976 5662 et
1009 5626 1143 5665 cras
1175 5611 1236 5664 in
1270 5612 1572 5664 etibamI-m
1608 5612 1783 5664 mitti—

145 5689 257 5755 ίαν,
293 5698 436 5754 Deus
490 5699 575 5755 sic
627 5701 821 5767 vestit,
868 5704 1095 5770 quanto
1139 5701 1335 5769 magis
1381 5715 1481 5755 vos
1531 5699 1792 5754 minima:

143 5772 273 5838 ﬁdei
290 5779 317 5834 ?
353 5785 570 5844 Matth.
613 5803 690 5853 v1,
725 5787 812 5856 30)
847 5791 901 5844 et
941 5790 1174 5851 caetera,
1202 5785 1424 5861 quibus
1473 5785 1785 5844 abundare

1909 4646 2050 4698 xxx,
2084 4629 2194 4701 33),
2225 4629 2331 4684 ubi
2361 4633 2417 4686 et
2446 4629 2814 4685 creationem
2844 4630 2901 4682 et
2927 4625 3388 4682 destinationem
3418 4623 3572 4694 ignis

1911 4719 2202 4790 gehennae
2233 4735 2270 4774 a
2298 4719 2420 4773 Deo
2449 4716 2670 4773 factam
2701 4719 2883 4788 atque
2912 4711 3253 4770 ordinatam
3302 4715 3570 4784 patenter

1907 4807 2162 4864 intimat.
2203 4805 2470 4874 Topheth
2513 4804 2674 4861 enim
2723 4803 3066 4873 gehennam
3112 4800 3273 4864 dicit,
3317 4799 3394 4856 ab
3441 4799 3575 4856 heri

1907 4900 2113 4954 autem
2141 4894 2220 4952 ab
2249 4894 2437 4966 initio,
2456 4907 2494 4950 a
2523 4906 2661 4964 rege
2682 4905 2824 4946 vero
2852 4888 3244 4946 nihilominus
3272 4887 3350 4945 ab
3380 4887 3570 4944 omni-

1907 4983 2136 5058 potenti
2159 4983 2302 5052 Deo,
2323 4982 2477 5039 sicut
2505 4984 2746 5038 sanctus
2768 4979 3165 5051 Hieronymus
3195 4977 3458 5052 exponit,
3481 4977 3568 5033 in-

1906 5073 2208 5145 telligitur.
2227 5074 2377 5128 Cum
2397 5070 2578 5141 igitur
2593 5070 2814 5126 horum
2831 5065 3134 5124 malorum
3158 5069 3314 5123 Deus
3333 5067 3568 5142 absque

1905 5161 2378 5220 contradictione
2435 5159 2671 5217 dicatur
2728 5162 2962 5226 auctor,
3025 5157 3335 5214 ordinator
3389 5161 3568 5231 atque

1905 5249 2247 5324 dispositor,
2271 5248 2439 5323 quid,
2459 5261 2669 5322 quaeso
2701 5249 2776 5315 te,
2799 5245 2970 5304 obest
2996 5245 3226 5302 veritati
3259 5243 3304 5301 si
3335 5244 3569 5301 dicatur

1903 5339 2080 5396 etiam
2113 5337 2445 5394 destinator
2461 5351 2531 5392 ac
2557 5335 3042 5408 praedestinator:
3064 5347 3204 5389 cum
3223 5331 3372 5388 nihil
3403 5331 3566 5388 aliud

1903 5429 2203 5484 destinare
2235 5429 2291 5482 et
2319 5424 2770 5498 prtedestinare,
2803 5438 2992 5494 quam
3023 5421 3300 5476 ordinare
3331 5424 3386 5476 et
3417 5435 3565 5493 prte-

1903 5518 2203 5581 ordinarc,
2236 5516 2554 5587 disponere
2587 5513 2679 5567 vel
2709 5517 2847 5567 ante
2887 5510 3230 5580 disponere,
3265 5525 3370 5564 seu
3402 5508 3563 5566 aliud

1899 5606 2046 5680 quid
2093 5604 2307 5671 simile,
2364 5621 2397 5658 a
2442 5603 2602 5657 sanis
2653 5601 2951 5655 mentibus
2994 5598 3390 5664 intelligatur;
3424 5598 3562 5654 hinc

1898 5696 2268 5768 Augustinus
2298 5695 2357 5750 in
2389 5693 2540 5750 libro
2569 5691 2766 5766 primo
2796 5689 2870 5746 de
2903 5690 3109 5746 Libero
3141 5689 3416 5746 Arbitrio.

1975 5784 2342 5856 Augustinus
2360 5783 2456 5850 (de
2475 5782 2596 5839 Lib.
2613 5780 2844 5837 Arbitr.
2859 5822 2872 5847 ,
2890 5779 2951 5835 in
2972 5780 3196 5852 princ.)
3219 5795 3230 5834 :
3251 5775 3374 5853 [Dic
3393 5779 3559 5844 mihi,
