3974 6450
342 386 361 437 1
373 385 477 437 023

1435 381 1489 435 S.
1537 376 1905 435 PRUDENTII
1943 371 2321 428 TBECENSIS
2363 374 2672 431 EPISCOPI

340 520 550 578 quaeso
578 509 653 567 ιο,
679 508 876 559 utrum
902 505 1054 557 Deus
1082 519 1207 559 non
1238 503 1313 559 sit
1342 506 1550 559 auctor
1575 500 1759 558 mali?
1792 500 1996 555 Dicam
2024 498 2072 551 Α
2110 493 2471 566 supplicium
2504 496 2879 552 nominatur:
2906 494 2950 550 si
2976 498 3178 550 autem
3199 494 3420 566 injusta
3441 500 3529 551 est
3556 511 3760 568 poena,

340 596 389 650 si
428 595 681 668 planum
726 593 931 648 feceris
979 593 1053 647 de
1085 609 1208 664 quo
1240 593 1400 648 male
1448 609 1724 665 quaeras;
1757 588 1999 644 duobus

339 682 502 739 enim
540 681 736 738 modis
761 680 1066 753 appellare
1099 680 1326 736 malum
1358 680 1623 737 solemus
1659 696 1672 735 :
1706 693 1828 734 uno
1858 690 1998 732 eum

339 768 499 828 male
530 786 833 844 quemque
866 770 1075 825 fecisse
1105 769 1385 840 dicimus,
1413 769 1529 826 alio
1561 785 1701 824 cum
1730 765 1873 823 mali
1900 764 2002 821 ali-

339 860 487 934 quid
535 874 667 915 esse
712 874 1090 933 perpessum.
1125 862 1204 914 De
1234 864 1489 932 utroque
1516 858 1664 915 scire
1693 855 1894 930 cupio.
1926 856 2001 911 At

341 950 392 1005 si
418 951 606 1005 Deum
637 948 870 1004 bonum
900 964 1030 1004 esse
1054 947 1213 1004 nosti
1251 947 1347 1006 vel
1371 948 1564 1004 credis
1596 948 1810 1019 (neque
1836 944 1998 1000 enim

340 1039 508 1095 aliter
555 1038 645 1093 fas
693 1042 827 1105 est),
867 1036 1025 1093 male
1070 1051 1193 1092 non
1241 1035 1399 1093 facit.
1429 1039 1656 1093 Rursus
1707 1036 1758 1089 si
1812 1036 1999 1089 Deum

331 1126 566 1198 justum
614 1125 872 1181 fatemur
919 1128 1088 1197 (nam
1136 1130 1193 1182 et
1216 1125 1333 1182 hoc
1380 1139 1603 1194 negare
1642 1121 2000 1191 sacrilegum

339 1218 468 1283 est),
502 1216 566 1270 ut
595 1213 771 1269 bonis
801 1213 1072 1285 praemia,
1104 1212 1185 1268 ita
1213 1211 1514 1284 supplicia
1545 1211 1716 1266 malis
1747 1208 1951 1266 tribuit
1983 1225 1996 1264 :

338 1320 474 1377 quae
506 1303 711 1375 utique
733 1302 1031 1375 supplicia
1068 1300 1430 1373 patientibus
1456 1299 1619 1356 mala
1644 1304 1814 1367 sunt;
1847 1313 1999 1370 qua-

339 1392 614 1448 mobrem
646 1390 694 1446 si
724 1406 905 1446 nemo
931 1391 1148 1461 injuste
1173 1405 1389 1461 poenas
1409 1388 1538 1458 luit,
1560 1387 1727 1461 quod
1756 1403 1999 1443 necesse

342 1485 430 1535 est
459 1479 798 1544 credamus,
837 1478 1337 1550 quandoquidem
1376 1478 1579 1533 divina
1627 1475 2000 1549 providentia

343 1567 458 1622 hoc
487 1568 840 1621 universum
871 1566 995 1633 regi
1024 1566 1355 1631 credimus;
1386 1565 1540 1620 illius
1562 1566 1739 1639 primi
1768 1564 2000 1634 generis

342 1653 644 1709 malorum
673 1653 840 1709 nullo
862 1652 1068 1720 modo,
1091 1653 1272 1723 hujus
1294 1658 1494 1710 autem
1519 1652 1769 1709 secundi
1795 1657 2003 1708 auctor

342 1747 431 1797 est
460 1741 661 1812 Deus.]

2107 582 2397 653 quoniam
2424 600 2672 656 pcenam
2703 601 2832 640 esse
2876 600 3055 640 nemo
3085 583 3354 654 ambigit,
3386 584 3608 657 injusto
3654 584 3763 641 ali-

2105 687 2228 744 quo
2258 672 2608 730 dominante
2634 673 2865 731 homini
2885 673 3172 746 imposita
3192 679 3297 728 est.
3318 677 3496 732 Porro
3519 673 3664 747 quia
3687 673 3765 730 de

2105 761 2540 834 omnipotentia
2573 764 2675 820 Dei
2704 767 2763 820 et
2773 763 3005 835 justitia
3033 762 3308 819 dubitare
3333 763 3628 820 dementis
3653 768 3763 832 est,

2100 849 2263 921 justa
2292 850 2420 908 haec
2448 868 2631 925 poena
2662 858 2767 922 est,
2796 858 2854 909 et
2894 868 3005 926 pro
3049 855 3296 925 peccato
3339 854 3618 926 penditur
3660 852 3767 909 ali-

2105 954 2249 1011 quo.
2283 942 2411 996 Non
2440 941 2601 997 enim
2628 942 2954 1015 quisquam
2984 941 3064 1012 inj
3076 946 3242 997 ustus
3288 940 3633 999 dominator
3661 946 3770 999 aut

2107 1027 2415 1100 subripere
2454 1029 2764 1086 hominem
2810 1030 3021 1103 potuit,
3061 1029 3224 1086 velut
3268 1030 3582 1100 ignorante
3619 1034 3766 1099 Deo,

2106 1122 2211 1173 aut
2258 1121 2612 1191 extorquere
2661 1120 2868 1188 invito,
2919 1122 3211 1192 tanquam
3269 1119 3628 1183 invalidiori,
3671 1118 3769 1175 vel

2106 1208 2384 1265 terrendo
2439 1208 2534 1265 vel
2590 1208 2994 1276 conﬂigendo,
3050 1212 3114 1264 ut
3165 1209 3474 1265 hominem
3536 1209 3771 1281 injusta

2106 1312 2287 1369 paena
2331 1298 2641 1354 cruciaret.
2692 1299 3064 1372 Relinquitur
3118 1314 3261 1368 ergo
3307 1304 3373 1354 ut
3423 1299 3551 1355 haec
3601 1299 3772 1370 iusta.

2106 1401 2288 1458 poena
2318 1387 2392 1443 de
2422 1388 2812 1444 damnatione
2843 1387 3107 1444 hominis
3138 1388 3354 1444 veniat.
3397 1389 3516 1444 Nec
3540 1388 3771 1444 miran-

2106 1474 2255 1530 dum
2280 1480 2370 1531 est
2396 1476 2561 1548 quod
2590 1476 2679 1532 vel
2708 1475 3048 1545 ignorando
3076 1492 3200 1532 non
3231 1477 3456 1533 habeat
3508 1475 3771 1532 liberum

2106 1563 2419 1620 arbitrium
2476 1565 2803 1621 voluntatis
2865 1564 2945 1621 ad
2996 1564 3341 1635 eligendum
3399 1565 3546 1639 quid
3610 1572 3773 1621 recte

2107 1651 2305 1719 faciat,
2353 1652 2447 1709 vel
2495 1653 2808 1709 resistente
2856 1653 3082 1709 carnali
3130 1653 3584 1722 consuetudine,
3628 1670 3774 1726 quas

2106 1741 2390 1798 violentia
2420 1742 2687 1798 mortalis
2734 1742 3131 1798 successionis
3179 1743 3640 1816 quodammodo
3663 1758 3775 1799 na-

412 1832 454 1901 -ι-
484 1831 656 1894 Quod
701 1834 899 1886 autem
942 1829 1243 1901 ordinare,
1274 1830 1370 1886 vel
1415 1829 1842 1903 praeordinare,
1891 1846 2001 1902 pro
2032 1847 2070 1901 Β
2108 1829 2375 1886 turaliter
2421 1831 2687 1898 inolevit,
2712 1830 2911 1887 videat
2938 1830 3088 1903 quid
3111 1836 3267 1887 recte
3292 1831 3641 1888 faciendum
3672 1831 3771 1898 sit,

342 1935 414 1974 eo
461 1919 627 1991 quod
658 1925 744 1975 est
796 1918 1115 1984 destinare,
1141 1918 1235 1974 vel
1265 1919 1689 1992 prtedestinare
1719 1925 1999 1992 ponatur,

340 2008 491 2065 liber
538 2014 792 2064 Actuum
838 2007 1248 2082 apostolorum
1274 2009 1517 2072 indicat,
1550 2007 1780 2064 dicente
1824 2008 2001 2065 beato

344 2100 502 2153 Luca
548 2097 920 2167 evangelista
968 2097 1253 2169 scriptore
1298 2103 1553 2153 Actuum
1595 2098 1997 2153 eorumdem:

338 2187 420 2242 Et
450 2187 837 2243 crediderunt
866 2192 1153 2258 quotquot
1184 2192 1358 2242 erant
1396 2188 1798 2257 μικτοῖσάίηωὶ
1823 2187 1887 2242 in
1919 2187 2002 2242 vi-

343 2280 464 2330 tam
492 2280 777 2331 aeternam
813 2276 970 2341 (Act.
1003 2292 1124 2338 xui,
1158 2278 1266 2346 38).
1296 2274 1469 2341 Quod
1498 2275 1645 2330 nihil
1674 2275 1888 2331 rectius
1918 2275 2001 2329 in-

342 2362 640 2432 telligitur,
668 2380 853 2435 quam
895 2363 1280 2436 praedestinat
1307 2364 1368 2419 in
1396 2364 1575 2419 vitam
1606 2371 1912 2431 aeternam,
1947 2368 2004 2420 et

341 2451 508 2523 quod
542 2452 885 2519 destinatio,
915 2452 1003 2507 vel
1037 2453 1506 2524 przedestinatio,
1537 2453 1639 2508 Dei
1686 2453 2001 2526 dispositio

340 2539 560 2596 debeat
582 2539 825 2610 intelligi
858 2546 1101 2596 sanctus
1123 2540 1369 2595 antistes
1394 2540 1734 2610 Fulgentius
1759 2541 1818 2596 in
1850 2540 2002 2596 libro

341 2628 417 2684 de
447 2629 971 2685 Prasdestinatione
1000 2629 1079 2685 ad
1109 2629 1433 2686 Monimum
1464 2629 1750 2686 declarat.

413 2717 754 2787 Fulgentius
809 2719 902 2789 (de
945 2718 1256 2782 Praedest.,
1281 2733 1413 2787 cap.
1442 2720 1634 2790 xxvr):
1664 2722 1725 2774 tn
1781 2718 2001 2775 sanctis

342 2805 538 2875 igitur.
568 2805 866 2877 inquiens,
898 2806 1270 2878 perfecturus
1301 2812 1392 2862 est
1422 2807 1731 2876 Dominus,
1750 2808 1916 2880 quod
1940 2812 2004 2864 ut

343 2901 546 2949 essent
573 2894 718 2950 boni
750 2894 931 2963 gratis
960 2893 1158 2963 dedit;
1195 2895 1362 2967 quod
1392 2902 1596 2952 autem
1626 2896 1909 2953 daturum
1939 2914 2001 2952 se

343 2982 764 3054 praescivit,.in
816 2987 1035 3039 aeterna
1080 2983 1366 3040 bonitatis
1415 2984 1805 3057 dispositione
1853 3001 2001 3058 prte-

343 3070 684 3128 destinavit.
721 3075 859 3145 ipsa
889 3078 977 3128 est
1024 3073 1185 3129 enim
1215 3073 1661 3147 praedestinatio
1688 3074 1811 3144 Dei,
1844 3092 2001 3131 sem-

340 3160 574 3233 piterna
598 3160 818 3218 scilicet
838 3161 1150 3234 dispositio
1178 3162 1359 3218 futuri
1387 3162 1584 3237 operis
1613 3165 1758 3235 Dei.]

411 3249 452 3318 -ξ-
483 3249 625 3314 Quae
677 3249 1122 3321 praeordinatio,
1156 3250 1491 3323 dispositio,
1538 3252 1877 3322 destinatio,
1906 3252 2001 3309 vel

340 3335 786 3408 praedestinatio
827 3337 925 3393 Dei
976 3338 1327 3410 certissima,
1360 3339 1777 3411 scientissime,
1805 3340 2000 3397 omni-

340 3425 781 3496 potentissima,
813 3426 1046 3482 nullum
1077 3426 1154 3482 ad
1186 3432 1501 3499 peccatum
1529 3429 1735 3499 adigit,
1767 3429 2000 3486 nullum

342 3512 570 3580 incitat,
599 3513 830 3568 nullum
881 3516 1038 3584 cogit
1070 3532 1081 3569 :
1119 3516 1225 3570 sed
1278 3515 1607 3573 voluntarie
1644 3518 1704 3573 in
1749 3518 2005 3575 erimina

341 3599 634 3667 labentes,
669 3606 849 3672 atque
881 3601 941 3656 in
971 3602 1054 3656 eis
1085 3603 1550 3660 obstinatissime
1584 3606 2000 3678 perdurantes,

336 3688 500 3759 juste
541 3688 914 3773 punit,juste
964 3690 1361 3758 condemnat;
1402 3695 2000 3766 nequaquam.enim

337 3778 630 3848 justitiam
662 3783 943 3846 servaret,
975 3778 1090 3834 nisi
1123 3795 1158 3834 a
1189 3795 1250 3835 se
1302 3779 1641 3838 voluntaria
1671 3782 2001 3840 defectione

344 3882 588 3922 aversos
619 3882 688 3922 ac
722 3867 1088 3938 recedentes,
1120 3884 1317 3940 neque
1346 3868 1470 3926 ulla
1502 3871 1893 3928 conversione
1923 3872 2001 3928 ad

341 3970 405 4009 se
434 3954 751 4011 redeuntes
782 3957 1290 4028 praevaricatores,
1324 3958 1547 4015 meritis
1596 3959 1791 4032 pcenis
1837 3961 2003 4017 addi-

342 4048 516 4099 ceret.
561 4044 712 4109 Quia
758 4047 1181 4115 autemjustus
1226 4051 1334 4114 est,
1361 4047 1652 4117 justitiam
1698 4054 1914 4117 servat,
1945 4055 2004 4107 et

341 4132 552 4188 tandiu
584 4132 954 4190 inexhausta:
983 4134 1271 4192 bonitatis
1317 4152 1443 4191 suae
1492 4138 1776 4209 patientia
1804 4139 1999 4196 malos

341 4219 573 4290 tolerat,
624 4222 979 4277 muneribus
1028 4222 1235 4293 donat,
1287 4224 1550 4296 praemiis
1596 4225 1844 4296 invitat;
1890 4244 2001 4285 nec

342 4313 545 4364 tamen
594 4309 713 4365 ullo
762 4315 940 4366 tantae
982 4311 1368 4382 benignitatis
1416 4315 1812 4373 medicamine
1854 4318 2000 4374 mol-

338 4396 584 4460 liuntur,
616 4399 763 4470 quin
811 4400 1011 4471 potius
1066 4400 1462 4459 ohduratione
1517 4404 1908 4475 irrevocabili,
1943 4411 1998 4463 et

340 4486 766 4555 ingratitudine
797 4488 1065 4544 horribili
1094 4490 1156 4545 in
1187 4490 1308 4546 suis
1342 4491 1690 4549 voluntariis
1718 4495 1995 4568 iniquita-

341 4574 502 4630 tibus
533 4584 939 4647 perseverant,
963 4578 1222 4649 aequitati
1242 4580 1373 4649 ejus
1399 4582 1752 4637 omnimodo
1777 4584 1997 4654 dignis-

341 4664 489 4718 sime
521 4664 825 4736 competit,
857 4672 918 4720 ut
947 4682 1103 4737 quos
1134 4666 1355 4722 invicta
1384 4667 1620 4725 bonitas
1651 4670 1994 4727 nullatenus

336 4753 705 4808 revocaverit
750 4768 786 4809 a
830 4754 1071 4823 scelere,
1114 4759 1338 4810 aeterna
1383 4757 1635 4828 aequitas
1688 4758 1901 4830 puniat
1937 4760 1996 4816 in

340 4842 667 4897 tormentis.

409 4932 574 4986 Hanc
586 4932 606 5002 j
620 4930 1005 4997 ustissimain,
1022 4932 1395 5006 proindeque
1416 4934 1998 5008 irreprehensibilcm

338 5019 816 5075 facinorosorum
864 5022 1181 5077 hominum
1231 5021 1683 5080 damnationem
1717 5028 1901 5082 Deum
1944 5033 1999 5083 et

339 5109 669 5178 praascisse,
727 5115 783 5163 et
837 5111 1294 5182 przedestinasse
1351 5130 1387 5168 a
1441 5114 1661 5169 sanctis
1729 5116 1999 5171 Patribus

338 5195 589 5251 fideliter
619 5197 866 5265 dictum,
900 5202 1185 5257 veraciter
1209 5202 1625 5274 praedicatum,
1660 5211 1713 5260 et
1742 5205 1999 5262 dicimus

337 5288 395 5340 et
424 5283 702 5342 fatemur.
730 5287 877 5342 Hinc
907 5290 1274 5359 Augustinus
1302 5292 1364 5346 in
1389 5291 1542 5347 libro
1575 5308 1662 5363 ιιι,
1685 5293 1760 5349 de
1792 5294 2000 5352 Libero

336 5374 592 5431 Arbitrio
646 5389 804 5446 (cap.
834 5383 995 5444 svnt)
1032 5395 1045 5432 ε
1079 5379 1269 5448 [Nunc
1324 5387 1547 5449 autem,
1591 5384 1738 5455 quia
1778 5385 1861 5440 ita
1913 5392 2002 5442 est

338 5477 463 5518 non
510 5468 597 5521 est
640 5464 860 5532 bonus,
887 5481 998 5521 nec
1043 5465 1224 5522 habet
1267 5468 1327 5523 in
1356 5475 1649 5541 potestate
1693 5476 1760 5528 ut
1799 5473 2000 5531 bonus

340 5551 433 5621 sit,
487 5554 609 5609 sive
653 5571 775 5610 non
838 5555 1096 5612 videndo
1149 5558 1344 5629 qualis
1392 5576 1523 5616 esse
1580 5561 1819 5633 debeat,
1879 5564 1998 5622 sive

339 5639 619 5704 videndo,
655 5647 712 5697 et
740 5660 861 5698 non
895 5644 1149 5700 valendo
1180 5663 1307 5701 esse
1338 5648 1580 5718 qualem
1619 5650 1839 5707 debere
1869 5668 1997 5710 esse

343 5742 403 5777 se
428 5726 606 5797 videt,
638 5746 884 5801 poenam
915 5734 1090 5788 istam
1123 5750 1254 5790 esse
1298 5737 1434 5807 quis
1485 5736 1758 5795 dubitet?
1791 5743 1997 5797 Omnis

344 5816 544 5867 autem
589 5832 789 5887 poena,
842 5819 889 5874 si
924 5820 1090 5890 justa
1137 5826 1249 5892 est,
1294 5825 1526 5894 peccati
1571 5841 1752 5897 poena
1805 5835 1893 5886 est
1944 5837 2001 5887 et

2107 1924 2165 1974 et
2193 1918 2351 1984 velit,
2393 1935 2503 1975 nec
2534 1919 2722 1991 possit
2748 1918 3036 1991 implere;
3069 1919 3170 1975 illa
3213 1925 3301 1976 est
3347 1920 3509 1976 enim
3538 1920 3774 1993 peccati

2106 2023 2289 2079 paena
2313 2007 2647 2079 justissima
2667 2012 2733 2064 ut
2758 2008 2991 2063 amittat
3020 2006 3438 2081 unusquisque
3464 2024 3587 2081 quo
3608 2008 3771 2064 bene

2106 2098 2189 2152 uti
2208 2096 2564 2162 noluit,cum
2590 2097 2716 2152 sine
2741 2096 2860 2153 ulla
2885 2103 3088 2169 posset
3116 2096 3543 2165 dilﬁcultate,si
3569 2098 3769 2165 vellet;

2105 2185 2167 2241 id
2195 2190 2284 2241 est
2313 2192 2515 2242 autem
2560 2190 2623 2242 ut
2646 2186 2749 2259 qui
2782 2186 2974 2242 sciens
3002 2191 3159 2242 recte
3184 2202 3308 2242 non
3339 2186 3497 2258 facit,
3529 2187 3768 2244 amittat

2107 2276 2254 2330 scire
2302 2275 2450 2348 quid
2494 2280 2721 2331 rectum
2769 2276 2887 2330 sit:
2935 2280 2990 2331 et
3036 2276 3142 2349 qui
3189 2281 3345 2332 recte
3391 2276 3583 2333 facere
3628 2293 3774 2332 cum

2107 2368 2332 2436 posset,
2364 2363 2577 2433 noluit,
2606 2364 2838 2420 amittat
2864 2380 3064 2437 posse,
3094 2380 3232 2419 cum
3264 2364 3421 2420 velit.
3455 2367 3605 2421 Nam
3631 2370 3778 2420 sunt

2108 2468 2317 2508 revera
2365 2453 2531 2508 omni
2575 2452 2849 2525 peccanti
2899 2453 3117 2509 animae
3165 2453 3289 2509 duo
3335 2452 3447 2509 ista
3487 2452 3771 2526 paenalia,

2108 2542 2447 2612 ignorantia
2493 2549 2551 2597 et
2579 2541 2897 2597 difﬁcultas
2929 2542 3391 2613 :exignorantia
3418 2542 3779 2599 dehonestat

2108 2645 2293 2701 error,
2326 2646 2398 2686 ex
2427 2630 2777 2687 difﬁcultate
2805 2630 3105 2687 cruciatus
3132 2630 3383 2703 afﬂigit;
3415 2631 3521 2687 sed
3553 2647 3774 2705 appro-

2107 2718 2255 2775 bare
2276 2718 2431 2775 falsa
2459 2736 2570 2791 pro
2610 2719 2784 2783 veris,
2819 2726 2884 2775 ut
2912 2725 3066 2777 erret
3091 2720 3331 2789 invitus,
3363 2724 3420 2777 et
3464 2720 3775 2777 resistente

2108 2815 2289 2879 atque
2316 2812 2633 2880 torquente
2653 2807 2860 2864 dolore
2885 2808 3145 2865 carnalis
3173 2809 3414 2879 vinculi,
3440 2825 3559 2866 non
3590 2826 3775 2883 posse

2110 2912 2147 2950 a
2172 2895 2507 2952 libidinosis
2555 2896 2840 2968 operibus
2871 2908 3223 2969 temperare,
3258 2914 3380 2954 non
3430 2902 3518 2955 est
3554 2904 3777 2957 natura.

2110 2983 2363 3041 instituti
2390 2983 2675 3053 hominis,
2707 2985 2816 3042 sed
2842 3001 3024 3058 poena
3052 2985 3368 3059 damnati]

2286 3058 2314 3098 ‘
2773 3113 2999 3166 CAPUT
3036 3114 3099 3167 ll.

2109 3236 2482 3305 Argumenta
2513 3236 2880 3292 necessitatis
2924 3236 3235 3306 colligitur
3271 3236 3425 3294 duas
3463 3237 3775 3307 prtedesti-

2538 3324 2808 3380 nationes
2835 3325 2974 3393 ﬁeri
2997 3340 3116 3381 non
3147 3340 3337 3394 posse.

2180 3451 2265 3504 Tu
2293 3464 2432 3504 vero
2465 3454 2642 3504 tanta;
2674 3449 3010 3505 auctoritati
3063 3450 3445 3523 impudenter
3492 3451 3773 3519 obvians,

2110 3536 2378 3594 secunda
2406 3537 2662 3594 fetorum
2696 3543 2935 3594 tuorum
2965 3538 3344 3595 exhalatione
3384 3541 3624 3597 conaris
3656 3543 3776 3598 tuis

2110 3626 2736 3696 argumentationibus
2792 3627 3049 3684 obruere
3110 3628 3441 3696 veritatem,
3498 3633 3557 3686 et
3610 3630 3776 3687 dicta

2107 3714 2241 3770 luce
2299 3714 2519 3771 clarius
2574 3715 2843 3788 patentia
2901 3716 3209 3772 nebulosis
3278 3717 3775 3775 conclusionibus

2107 3803 2445 3862 obfuscare.
2503 3808 2655 3861 Nam
2699 3820 2887 3875 agens
2934 3805 3228 3862 adversus
3266 3807 3771 3872 Gottescalchum.

2109 3896 2175 3949 ut
2219 3892 2301 3949 ita
2342 3892 2618 3959 dixerim,
2677 3893 2960 3949 inﬁciaris
3012 3893 3166 3951 duas
3205 3911 3334 3951 esse
3378 3896 3773 3968 praedestina-

2108 3983 2325 4052 tiones,
2353 3999 2491 4054 quze
2523 3998 2559 4039 τι
2589 3983 2860 4039 Patribus
2889 3984 2949 4039 in
2980 4000 3172 4041 unum
3222 3986 3587 4043 vocabulum
3619 3988 3775 4043 redi-

2109 4075 2351 4143 guntur,
2398 4074 2462 4127 ut
2516 4071 2795 4127 dicantur
2850 4072 3296 4145 praedestinatio
3353 4076 3655 4132 bonorum
3717 4080 3775 4133 et

2109 4158 2559 4233 praedestinatio
2607 4159 2930 4217 malorum.
2961 4163 3212 4219 Sanctus
3270 4163 3430 4220 enim
3480 4164 3767 4227 lsidorus,

2110 4247 2476 4320 Hispalensis
2507 4247 2827 4322 episcopus
2859 4252 3047 4319 (Sent.
3093 4267 3224 4322 cap.
3256 4256 3418 4319 xxvr)
3448 4271 3459 4308 :
3495 4252 3770 4323 [Gemina

2109 4343 2216 4407 est,
2268 4336 2480 4410 inquit,
2530 4338 3025 4410 praedestinatioJ
3083 4342 3276 4407 Quam
3331 4346 3395 4398 tu
3449 4342 3769 4399 occasione

2108 4426 2479 4483 necessitatis
2504 4428 2739 4494 evertis,
2765 4445 2904 4485 cum
2936 4429 3136 4486 nullus
3157 4430 3630 4488 orthodoxorum
3660 4447 3767 4489 ne-

2108 4516 2382 4572 cessitate
2424 4516 2967 4588 prtedestinationis
3015 4534 3389 4592 quemquam
3430 4520 3507 4575 ad
3537 4519 3766 4593 aliquid

2107 4605 2201 4659 vel
2220 4604 2454 4661 bonum
2494 4604 2583 4660 vel
2612 4605 2843 4662 malum
2873 4606 3174 4678 compelli,
3208 4607 3303 4664 vel
3334 4609 3651 4665 crediderit
3673 4610 3769 4666 vel

2106 4693 2535 4766 praedicaverit.
2567 4696 2633 4749 Et
2659 4695 2738 4750 ob
2770 4695 2831 4750 id
2860 4695 2954 4751 vel
2986 4695 3159 4764 duas,
3195 4697 3287 4754 vel
3315 4698 3620 4768 geminam
3640 4714 3767 4755 non

2106 4798 2239 4837 esse
2286 4782 2876 4853 praedestinationem
2906 4783 3194 4855 afﬁrmas,
3221 4786 3614 4860 adhibitoque
3641 4803 3768 4845 non

2106 4871 2449 4926 necessario
2470 4875 2849 4941 argumento,
2868 4872 3144 4944 disputas
3166 4875 3555 4948 multiplicius
3576 4892 3770 4949 quam

2106 4976 2347 5016 necesse
2377 4964 2469 5015 est
2497 4959 2571 5015 de
2601 4959 2808 5016 divina
2853 4962 3130 5032 essentia,
3163 4980 3355 5036 eoque
3390 4970 3505 5019 tuae
3553 4966 3768 5037 dispu-

2107 5049 2345 5106 tationis
2395 5047 2783 5103 intentionem
2830 5049 3130 5121 perducis,
3163 5056 3229 5105 ut
3277 5056 3544 5119 astruas;
3578 5053 3671 5109 Ita
3705 5059 3765 5111 in

2106 5141 2226 5194 Deo
2252 5138 2795 5207 prwdesttnattonis
2820 5139 2973 5194 sicut
3004 5141 3315 5195 estentiam
3349 5140 3558 5197 debere
3586 5143 3764 5200 intel—

2110 5230 2239 5300 ligi,
2267 5243 2341 5284 ne
2361 5228 2607 5296 cli/ferre
2636 5229 2700 5283 in
2723 5230 2844 5284 Deo
2874 5234 3079 5285 utrum
3110 5233 3383 5294 essentia,
3410 5245 3490 5286 an
3533 5235 3765 5301 sapien-

2109 5320 2215 5388 tia,
2234 5333 2315 5375 an
2338 5318 2607 5388 justitia,
2635 5332 2737 5373 seu
2756 5323 3040 5389 potestas,
3069 5334 3141 5375 ac
3174 5321 3413 5389 veritas,
3432 5322 3760 5392 aeternitas,

2108 5409 2408 5478 voluntas,
2440 5408 2707 5476 operatio
2748 5409 2870 5464 sive
2911 5406 3363 5478 praedestinatio
3411 5425 3761 5480 nuncupen-

2108 5504 2230 5566 tur,
2264 5495 2486 5552 Deinde
2515 5495 2698 5552 infers
2725 5513 2738 5552 :

2677 5637 2917 5677 JOANNES
2966 5637 3192 5679 SCOTUS.

2179 5749 2323 5816 Cap.
2349 5748 2480 5812 2,n.
2510 5750 2556 5813 t,
2583 5750 2722 5801 sect.
2755 5746 2827 5817 6.)
2852 5751 2890 5798 Θ
2918 5746 2989 5802 Si
3009 5748 3257 5816 impium
3281 5754 3363 5803 est
3393 5747 3543 5803 duas
3575 5763 3758 5803 essen-

2109 5835 2221 5889 tias
2242 5834 2305 5887 in
2321 5835 2441 5888 Deo
2457 5834 2676 5901 doceri,
2693 5836 2784 5890 vel
2799 5835 2950 5891 duas
2970 5836 3317 5904 sapientias,
3329 5837 3629 5902 scientias,
3646 5837 3756 5892 vir-

3624 375 3761 428 1024
3826 418 3835 422 -
