3974 6374
150 286 168 336 l
179 282 285 337 025

1072 272 1163 332 DE
1202 268 1864 335 PRAEDES’I‘INATIONE
1905 270 2181 332 CONTRA
2217 280 2263 333 J.
2310 278 2601 336 SCOTUM.

3437 284 3572 337 1026

146 409 299 471 tates
318 409 650 473 ceteraque
678 402 877 456 omnia
901 416 1034 472 qua:
1057 400 1131 456 de
1163 406 1274 457 Deo
1291 400 1602 463 dicuntur,
1626 399 1807 469 gemi—
1843 399 1891 452 Α
1923 398 2034 454 sibi
2064 404 2152 455 est
2180 402 2457 471 essentia,
2497 404 2624 475 ipse
2661 403 2958 473 voluntas,
3002 402 3265 476 loquitur
3294 420 3401 477 per
3448 407 3589 460 Pro-

24 548 38 591 ;
144 494 305 560 nari,
345 494 439 549 vel
468 491 793 560 triplicari,
828 490 921 545 vel
960 504 1317 561 quacunque
1342 489 1672 557 multiplici
1691 502 1811 556 spe-
1844 482 1857 491 “

145 583 231 639 cie
258 580 582 646 cumulari,
623 580 963 652 quicunque
985 578 1137 635 duas
1167 580 1230 633 in
1273 578 1392 632 Deo
1418 577 1809 646 praedestina-

143 672 331 727 tiones
353 683 617 726 asserere
654 668 1053 731 convincitur,
1082 672 1255 722 reatu
1290 667 1612 735 impietatis
1661 665 1813 735 liga-

144 765 275 815 tur:
316 773 440 815 una
460 763 545 815 est
575 758 731 814 enim
762 756 971 812 divina
999 755 1473 826 prazdestinatio,
1505 756 1659 809 sicut
1686 769 1811 809 una

142 852 228 905 est
253 848 463 904 divina
483 847 771 917 operatio,
803 845 1010 901 divina
1034 845 1355 914 sapientia,
1410 844 1619 899 divina
1649 843 1813 898 subs-

147 938 364 1008 tantia,
412 937 621 993 divina
651 936 952 991 voluntas.

815 1066 1138 1105 CORREOTIO.

212 1144 256 1211 -ι-
284 1145 352 1197 1n
398 1139 623 1213 quibus
663 1144 778 1195 tuas
827 1138 1249 1211 disputationis
1281 1137 1473 1191 verbis
1504 1136 1722 1208 impios
1756 1140 1806 1190 te

144 1230 526 1287 denotavisse
556 1224 904 1303 quicunque
952 1228 1226 1284 catholici
1270 1233 1450 1299 atque
1495 1224 1812 1282 orthodoxi

142 1319 604 1392 prmdestinatos
637 1316 717 1373 ad
762 1317 1065 1373 interitum
1102 1316 1193 1371 vel
1224 1316 1531 1387 scripsere,
1565 1314 1654 1369 vel
1685 1329 1813 1369 scn—

144 1408 317 1472 tiunt,
335 1408 672 1481 impudenti
703 1406 1006 1480 superbia,
1037 1406 1420 1478 superbaque
1439 1403 1812 1477 impudentia

143 1497 590 1553 demonstrasti.
617 1496 838 1551 Deinde
866 1494 1244 1568 blasphemia
1267 1492 1652 1550 intolerabilis
1674 1508 1811 1566 ape-

148 1586 320 1656 ritur,
351 1602 490 1641 cum
513 1584 734 1641 asseris
756 1584 902 1640 nihil
932 1583 1094 1639 aliud
1126 1599 1257 1639 esse
1290 1582 1388 1638 Dei
1418 1581 1808 1655 praedestina-

142 1674 393 1741 tionem,
417 1689 604 1747 quam
637 1673 1062 1742 substantiam,
1085 1678 1367 1729 naturam
1391 1678 1571 1744 atque
1601 1670 1813 1726 volun-

141 1853 209 1911 lis
238 1852 573 1927 astipulari,
599 1868 724 1910 non
741 1852 1113 1922 auctoritate,
1145 1868 1269 1924 qua
1296 1856 1517 1908 nostrae
1541 1850 1681 1906 tidei
1711 1866 1814 1906 ve-

140 1943 283 1999 ritas
315 1942 610 1999 solidatur
625 1946 806 2015 atque
838 1941 1197 2008 defenditur,
1216 1945 1485 1996 astruere
1513 1938 1810 1995 maluisti:

142 2048 281 2089 cum
314 2036 370 2088 te
410 2032 469 2087 in
498 2035 733 2087 tantum
777 2035 881 2086 tua
908 2030 1265 2102 perversitas
1292 2028 1528 2085 obfudit
1559 2027 1816 2084 tenebris

144 2121 379 2188 erroris,
416 2125 478 2177 ut
525 2136 634 2176 nec
667 2119 921 2187 videres,
960 2135 1070 2175 nec
1103 2118 1448 2174 consuleres
1479 2117 1810 2173 veritatem.

145 2214 338 2282 Negas
372 2210 534 2267 enim
565 2208 991 2281 geminari,vel
1019 2207 1323 2281 triplicari,
1344 2206 1432 2263 vel
1449 2222 1814 2280 quacunque

44 2350 49 2359 .
144 2299 458 2373 multiplici
490 2298 687 2371 specie
742 2297 1059 2365 cumulari,
1113 2313 1183 2353 ac
1213 2312 1321 2369 per
1362 2296 1479 2352 hoc
1508 2295 1815 2368 pluraliter

144 2388 703 2461 praedestinationes
732 2386 868 2455 dici,
898 2386 1050 2442 sicut
1101 2386 1413 2452 essentias,
1463 2384 1811 2457 sapientius,

146 2478 449 2540 scientias,
501 2478 770 2547 virtutes,
818 2476 1175 2543 voluntates,
1226 2474 1626 2548 operationes.
1682 2475 1815 2531 Una

145 2573 247 2635 est,
278 2566 582 2640 inquiens,
625 2565 1099 2636 praedestinatio,
1131 2565 1284 2621 sicut
1318 2579 1445 2619 una
1492 2570 1575 2620 est
1605 2563 1814 2619 divina

144 2659 432 2726 operatio,
465 2656 675 2713 divina
702 2655 1020 2725 sapientia,
1044 2655 1251 2711 divina
1274 2654 1636 2723 substantia,
1672 2654 1815 2709 divi.

146 2760 223 2802 na
244 2747 552 2813 voluntas,
574 2749 632 2801 et
660 2743 1067 2817 subsequeris.

717 2874 957 2915 JOANNES
1010 2874 1236 2915 SCOTUS.

212 2948 387 3021 (Cap.
417 2951 472 3019 2,
512 2963 684 3003 num.
716 2950 772 3017 2,
806 2950 949 3002 sect.
999 2948 1078 3017 6.)
1108 2952 1147 2999 Θ
1182 2947 1421 3003 Clamat
1471 2948 1628 3003 enim
1658 2946 1815 3002 Scri-

146 3042 372 3105 ptura:
404 3039 620 3105 Magna
662 3048 850 3107 opera
898 3034 1154 3102 Domini,
1186 3035 1486 3107 exquisita
1509 3035 1570 3090 in
1598 3050 1813 3090 omnes

147 3124 488 3184 voluntates
519 3123 652 3195 ejus
679 3124 869 3189 (Psal.
925 3139 1019 3191 cx,
1058 3123 1133 3194 2).

214 3217 253 3285 -ἱ-
288 3218 357 3271 Et
390 3212 667 3268 inferius.

215 3303 388 3375 (Cap.
412 3306 469 3359 2.
502 3318 670 3357 num.
700 3305 753 3370 3,
788 3305 926 3358 sect.
961 3301 1035 3372 6.)
1059 3306 1099 3353 Θ
1128 3302 1265 3357 Νοη
1296 3300 1473 3368 dixit,
1507 3303 1568 3357 in
1612 3317 1812 3357 omnes

151 3395 523 3450 necessitates
551 3392 701 3461 ejus,
734 3390 839 3445 sed
870 3389 929 3445 in
962 3405 1176 3445 omnes
1198 3389 1535 3445 voluntates
1566 3390 1717 3461 ejus.

816 3528 1139 3569 CORRECTIO.

217 3607 258 3674 +
289 3604 457 3675 Erige
509 3618 672 3659 nunc
726 3603 941 3659 mentis
972 3602 1237 3667 oculum,
1274 3603 1320 3658 si
1369 3608 1572 3660 tamen
1621 3603 1811 3674 adest,

55 3714 63 3740 ι
154 3691 227 3748 ad
273 3693 556 3749 intuitum
617 3692 909 3762 veritatis;
944 3693 991 3748 si
1040 3699 1240 3748 autem
1275 3693 1463 3759 abest,
1496 3692 1813 3750 humiliare

154 3780 416 3851 ﬁdeliter,
446 3788 654 3855 petens
712 3783 790 3838 ab
843 3799 934 3847 ea,
968 3788 1033 3838 ut
1062 3800 1201 3839 eum
1228 3783 1334 3839 tibi
1373 3782 1461 3838 vel
1495 3784 1809 3845 mundare,

157 3870 243 3926 vel
280 3871 644 3942 illuminare,
672 3872 768 3928 vel
798 3878 953 3927 certe
1000 3872 1249 3928 reddere
1281 3872 1579 3943 dignetur.
1609 3872 1815 3927 Dixisti

157 3959 522 4017 voluntatem
581 3961 703 4033 Dei,
735 3960 887 4017 sicut
940 3961 1290 4031 essentiam,
1332 3976 1444 4016 nec
1496 3960 1811 4031 geminari,

158 4063 263 4105 nec
315 4048 702 4121 multiplicari
744 4066 943 4123 posse,
1001 4049 1065 4105 id
1108 4053 1198 4105 est
1225 4049 1561 4123 pluralitate
1591 4065 1812 4118 carere,

159 4136 319 4207 quod
364 4144 569 4195 tamen
599 4138 779 4211 tipsa,
818 4154 1007 4212 quam
1055 4138 1438 4209 subjunxisti,
1465 4139 1818 4211 prophetica

162 4228 448 4284 sententia
489 4226 793 4284 refellitur.
826 4231 975 4286 Cum
1007 4228 1243 4291 dicitur,
1276 4229 1339 4283 in
1368 4242 1566 4285 omnes
1607 4228 1817 4284 volun-

64 4316 66 4327 ’
162 4319 304 4372 tates
357 4319 511 4387 ejus,
545 4332 681 4373 ecce
739 4318 1080 4373 voluntates
1138 4316 1239 4371 Dei
1295 4315 1715 4389 multipliciter,
1746 4333 1816 4372 ac

160 4417 261 4474 per
285 4404 401 4463 hoc
432 4406 745 4479 pluraliter
787 4406 1086 4480 prolatas;
1123 4410 1183 4461 tu
1225 4405 1353 4478 ipse
1401 4405 1725 4478 protulisti:
1760 4411 1816 4462 et

162 4494 356 4549 tamen
403 4494 661 4565 impium
699 4511 830 4552 esse
884 4493 1107 4562 dixisti,
1164 4494 1211 4550 si
1239 4495 1374 4567 quis
1420 4493 1811 4562 voluntatem,

162 4595 290 4652 qua:
341 4584 401 4641 in
453 4585 577 4641 Deo
626 4588 733 4653 est,
783 4583 1209 4657 multipliciter,
1233 4583 1296 4641 id
1347 4588 1434 4639 est
1485 4582 1813 4655 pluraliter,

163 4670 459 4740 proferret.
491 4676 716 4746 Nempe
744 4689 887 4730 cum
923 4673 1247 4740 Pbarisuso,
1292 4688 1474 4745 quem
1515 4672 1816 4743 evangeli-

164 4772 261 4815 cus
280 4777 479 4819 sermo
503 4763 833 4834 jactantem
855 4777 966 4819 sua
995 4763 1205 4818 merita
1232 4761 1617 4835 reprehendit
1646 4763 1812 4829 (Luc.

163 4860 313 4918 mn,
343 4852 400 4907 lt
431 4859 489 4909 et
519 4854 627 4922 l2),
654 4851 733 4907 ad
762 4850 1212 4907 inﬂatissimam
1242 4856 1408 4907 tuam
1439 4850 1816 4907 scientiolam

164 4936 392 4995 oculum
449 4939 1001 5008 nebulosissimum,
1035 4944 1333 5012 quantum
1378 4940 1440 4995 in
1497 4945 1553 4997 te
1605 4939 1816 5003 fuerat,

167 5033 504 5097 arroganter
532 5028 954 5085 ostentandam
978 5027 1286 5101 aperuisti,
1319 5044 1459 5084 cum
1487 5027 1815 5100 publicano

166 5116 439 5175 veraciter
467 5117 773 5174 humiliari
806 5121 1222 5185 contemnens,
1254 5132 1291 5173 a
1314 5116 1579 5173 veritatis
1607 5132 1816 5189 aspec-

168 5201 229 5257 tu
250 5201 696 5278 intelligentiam
724 5206 1045 5263 detorsisti.
1082 5206 1255 5273 Quod
1286 5205 1333 5269 si
1364 5205 1528 5263 aliud
1555 5220 1688 5261 esse
1726 5205 1818 5261 di-

168 5291 313 5348 xeris
353 5294 412 5352 in
462 5298 584 5353 Deo
631 5294 1027 5363 voluntatem,
1059 5299 1240 5368 atque
1279 5294 1442 5351 aliud
1486 5293 1820 5351 voluntates

169 5374 283 5450 Dei,
311 5386 367 5439 et
402 5384 465 5441 in
492 5385 611 5441 hoc
638 5388 871 5458 quanta
914 5384 1218 5456 impietate
1264 5381 1582 5440 insanieris
1613 5386 1819 5439 aucto-

169 5464 326 5526 ritate
352 5472 683 5544 detegeris;
714 5473 1000 5548 quamvis
1050 5472 1212 5529 enim
1244 5475 1301 5529 et
1330 5471 1593 5528 sciamus
1635 5476 1693 5529 et
1735 5470 1818 5529 fa-

173 5554 390 5615 mamur
424 5561 487 5617 in
519 5564 639 5619 Deo
667 5561 816 5618 nihil
862 5560 1029 5623 aliud
1068 5560 1215 5617 velle
1240 5576 1428 5633 quam
1459 5576 1611 5625 esse,
1639 5558 1815 5615 nihil-

172 5655 282 5712 que
308 5647 462 5706 aliud
487 5668 622 5708 esse
647 5667 838 5725 quam
871 5649 1017 5708 velle
1041 5666 1054 5706 :
1086 5649 1361 5706 voluntas
1390 5648 1615 5722 quippe
1655 5648 1839 5725 illius‘

175 5734 419 5796 essentia
446 5744 554 5811 est,
579 5744 637 5798 et
655 5740 916 5798 essentia
955 5737 1257 5809 voluntas;
1303 5742 1509 5796 tamen
1533 5737 1684 5810 ipse,
1710 5738 1817 5809 qni

1922 488 2163 558 phetam
2190 507 2202 543 :
2234 492 2490 558 Sanctis,
2519 494 2626 563 qui
2653 498 2792 547 sunt
2824 493 2885 546 in
2913 497 3078 548 terra
3123 494 3270 561 ejus,
3300 509 3337 546 η
3360 494 3587 561 iri/ica-

1921 579 2003 632 vit
2032 593 2229 636 omnes
2260 582 2597 637 voluntates
2626 596 2785 637 meas
2811 583 2874 637 in
2906 582 2986 637 eis
3020 582 3211 649 (Psal.
3236 599 3334 649 xv,
3360 583 3433 652 3).
3459 585 3588 638 Non

1920 666 2079 723 enim
2112 668 2274 725 aliud
2304 671 2435 744 ipse
2474 676 2583 741 est,
2612 676 2669 726 et
2694 671 2857 726 aliud
2888 670 3226 727 voluntates
3259 672 3410 743 ejus,
3443 672 3590 744 quia

1922 757 1968 811 si
1998 757 2162 813 aliud
2206 765 2365 831 sunt,
2393 765 2557 817 extra
2587 775 2728 816 eum
2762 764 2937 817 sunt:
2973 760 3021 815 si
3052 766 3219 817 extra
3258 777 3399 817 eum
3425 764 3585 829 sunt,

1919 845 2042 917 jam
2066 863 2191 903 non
2212 847 2342 922 ipse
2374 854 2466 906 est
2485 849 2764 905 voluntas
2793 865 2923 906 sua.
2960 852 3056 906 Est
3094 855 3296 906 autem
3326 851 3454 923 ipse
3486 866 3588 906 vo-

1919 935 2118 992 luntas
2140 954 2249 995 sua
2274 957 2286 1006 ;
2312 956 2425 995 sua
2456 956 2598 1009 ergo
2630 940 2785 995 intra
2812 940 3014 1012 ipsum
3050 940 3389 997 voluntates
3437 957 3583 997 suae.

1995 1025 2231 1082 Falsum
2252 1034 2341 1083 est
2368 1028 2547 1097 igitur
2574 1029 2738 1100 quod
2763 1027 2964 1084 dixisti
2984 1028 3358 1085 voluntatem
3382 1029 3443 1085 in
3468 1032 3586 1085 Deo

1920 1128 2044 1169 non
2072 1116 2471 1187 multiplicari,
2496 1116 2555 1171 id
2581 1122 2670 1171 est
2699 1133 2819 1172 non
2852 1116 2966 1172 dici
3001 1117 3322 1189 pluraliter,
3356 1134 3496 1173 cum
3526 1117 3588 1173 id

1919 1204 2087 1276 quod
2118 1204 2567 1278 multiplicatur,
2608 1205 2915 1277 pluraliter
2943 1205 3137 1262 efferri
3188 1222 3430 1263 necesse
3490 1207 3582 1263 sit.

1922 1291 2076 1348 Licet
2095 1292 2255 1348 enim
2286 1294 2543 1349 essentia
2576 1293 2674 1348 Dei
2704 1293 3173 1350 indubitabiliter
3210 1295 3466 1367 simplex
3492 1296 3586 1361 sit,

1920 1396 2117 1453 neque
2145 1381 2270 1437 ulla
2298 1382 3201 1454 multiplicitatevelgeminetur,
3221 1383 3314 1438 vel
3332 1383 3589 1456 triplice-

1921 1474 2035 1536 tur,
2068 1470 2163 1525 vel
2203 1470 2662 1543 multiplicetur:
2710 1470 2997 1543 quaedam
3047 1476 3248 1527 tamen
3286 1478 3585 1544 suntque:

1920 1558 1983 1613 in
2014 1562 2130 1614 Deo
2158 1558 2250 1614 vel
2297 1559 2373 1615 de
2408 1563 2525 1615 Deo
2554 1559 2948 1616 essentialiter
3001 1559 3426 1632 praedicantur,
3449 1577 3586 1633 quae

1923 1648 2051 1703 sine
2101 1648 2570 1705 contradictione
2614 1648 2673 1703 in
2722 1648 2939 1704 divinis
2979 1649 3237 1721 eloquiis
3283 1648 3591 1722 pluraliter

32 1769 39 1778 ‘
142 1768 347 1833 tatem,
376 1736 576 1819 et-hoc
608 1764 722 1819 tuis
767 1762 971 1826 feneis,
1012 1736 1079 1819 ut
1101 1762 1182 1818 ita
1207 1736 1493 1830 dixerim,
1512 1760 1812 1817 ratiuncu-
1844 1753 1886 1809 Β
1923 1736 2157 1833 Ρνοιξιίθι
2174 1738 2805 1833 ξ’θρθιςξιωῑιξΐ-Οἱςξωΐ
2827 1738 3052 1833 quippe
3073 1738 3351 1833 voluntas
3376 1740 3473 1833 Dei
3495 1756 3588 1833 es-

1924 1826 2115 1881 sentia
2134 1827 2285 1897 ejus,
2313 1827 2596 1881 dicuntur
2628 1826 2811 1881 etiam
2831 1826 3170 1882 voluntates
3191 1828 3320 1898 ejus
3342 1827 3589 1899 plurali-

1924 1920 2029 1981 ter,
2052 1931 2162 1970 nec
2186 1921 2389 1971 tamen
2419 1915 2688 1970 essentiaa
2710 1916 2840 1986 ejus
2861 1913 3170 1987 pluraliter
3190 1916 3586 1987 proferentur,

1924 2002 2029 2058 sed
2051 2007 2330 2059 manente
2350 2002 2924 2059 incommutabiliter
2943 2007 3297 2075 remotaque
3319 2004 3397 2059 ab
3421 2005 3590 2060 omni

1923 2092 2373 2165 multiplicitatis
2418 2094 2752 2164 capacitatc
2796 2092 3056 2147 essentia
3099 2092 3282 2155 illius,
3313 2092 3589 2149 voluntas

1922 2181 2051 2252 ejus
2071 2180 2379 2254 pluraliter
2395 2181 2671 2249 effertur;
2706 2195 2829 2237 non
2853 2185 2916 2236 ut
2935 2181 3072 2254 ipsa
3101 2182 3362 2238 essentia
3391 2182 3590 2238 multi-

1920 2271 2190 2344 plicetur,
2214 2270 2319 2326 sed
2350 2274 2415 2325 ut
2449 2269 2775 2325 voluntatis
2804 2270 2935 2341 ejus
2965 2270 3211 2326 effectus
3255 2286 3367 2343 pro
3391 2271 3588 2327 distri-

1920 2360 2241 2416 butionum
2280 2359 2411 2430 ejus
2468 2359 2873 2429 congruentiis
2916 2363 3095 2433 atque
3144 2359 3590 2418 diversitatibus

1921 2448 2279 2521 multiplices
2331 2447 2729 2503 declarentur.
2765 2448 3069 2504 Reclamat
3125 2455 3328 2505 autem
3372 2449 3588 2506 adver-

1922 2555 2024 2594 sus
2048 2543 2101 2593 te
2134 2538 2439 2609 Scriptura
2470 2542 2700 2604 sancta,
2733 2553 2871 2610 qua:
2894 2538 2956 2593 in
2986 2537 3140 2594 libro
3175 2538 3491 2611 Sapientiae
3512 2540 3588 2594 de

1924 2627 2143 2699 Spiritu
2179 2627 2298 2696 Dei,
2330 2626 2435 2699 qui
2494 2626 2701 2698 utique
2733 2629 2887 2683 Deus
2930 2633 3020 2683 est
3063 2628 3145 2683 ita
3173 2626 3324 2683 inter
3373 2632 3591 2684 caetera

1922 2715 2200 2789 potentiae
2228 2715 2385 2770 illius
2414 2714 2738 2787 praeconia:
2756 2717 2876 2772 Per
2898 2731 2992 2773 me
3018 2716 3589 2790 Spiritus,inquiens

1920 2806 2339 2877 intelligentiae
2376 2810 2642 2873 sanctus,
2675 2805 2911 2872 unicus,
2960 2806 3302 2876 multiplex,
3352 2807 3590 2862 subtilis

1924 2895 2089 2964 (Sap.
2123 2910 2227 2965 vn,
2257 2896 2352 2961 22)
2378 2911 2392 2961 ;
2419 2893 2617 2965 itaque
2649 2893 2960 2965 quomodo
2992 2894 3205 2950 unicus
3239 2893 3399 2950 idem
3429 2894 3591 2951 dica—

1922 2988 2017 3037 tur
2071 2986 2130 3037 et
2165 2979 2500 3052 multiplex,
2546 2986 2657 3037 etc.
2683 2985 2711 3035 ?
2740 2981 2866 3036 Noli
2911 2982 3135 3052 garrire
3188 2986 3398 3037 contra
3443 2982 3592 3037 veri-

1845 3104 1887 3157 C
1925 3075 2127 3126 tatem.
2161 3069 2701 3125 Prcedestinationis
2746 3070 2926 3124 etiam
2988 3069 3374 3139 vocabulum,
3423 3069 3592 3143 quod

1923 3158 2024 3214 Dei
2078 3157 2384 3213 subtantia
2441 3162 2549 3223 est,
2610 3173 2938 3229 coaequans
2996 3157 3199 3214 dixisti
3248 3157 3592 3214 nullatenus

1925 3247 2329 3321 multiplicari.
2402 3247 2784 3303 Beatissimus
2850 3248 3188 3318 Gregorius,
3247 3247 3591 3320 apostolicae

1924 3336 2085 3392 sedis
2104 3337 2436 3406 antistes,et
2452 3336 2973 3408 quemadmodum
2992 3338 3283 3393 veraciter
3301 3337 3593 3393 asseruis-

1923 3427 1986 3498 ti,
2026 3425 2455 3482 veracissimus
2490 3426 2930 3497 Scripturarnm
2962 3425 3593 3499 explanator,tuarum

1922 3516 2381 3573 conclusionnm
2438 3515 2875 3589 disputationes
2927 3522 3063 3571 ante
3121 3515 3591 3589 ﬂoccipendens,

1920 3606 2013 3662 vel
2040 3606 2241 3679 potius
2271 3605 2575 3661 damnans
2594 3621 2781 3678 quam
2814 3604 3044 3675 legens,
3067 3605 3377 3678 pluralier
3405 3621 3593 3661 enun-

1923 3696 2069 3751 tiare
2106 3710 2228 3750 non
2280 3695 2521 3763 metuit;
2584 3710 2727 3749 nam
2769 3694 2831 3748 in
2871 3694 3023 3749 libro
3057 3711 3191 3749 xxix
3249 3693 3592 3749 admirandi

1922 3788 2102 3856 atque
2135 3783 2536 3855 amplectendi
2565 3785 2763 3855 operis
2793 3784 3039 3855 quodin
3077 3782 3236 3837 beati
3261 3782 3371 3838 Job
3393 3782 3596 3854 expla-

1923 3873 2228 3929 nationem
2306 3872 2799 3944 eloquentissima
2861 3872 3156 3927 suavitate
3230 3871 3589 3943 composuit,

1921 3961 2076 4017 inter
2137 3964 2375 4029 caetera,
2418 3961 2734 4029 Gregorius
2785 3959 2910 4029 (lib.
2962 3976 3104 4015 xxix
3149 3962 3213 4015 in
3264 3960 3397 4026 Job,
3452 3975 3591 4027 cap.
3634 4022 3647 4036 _

1925 4050 2065 4122 ult.)
2089 4068 2102 4105 :
2128 4048 2433 4111 Ordinem,
2457 4049 2669 4121 inquit,
2700 4049 2831 4104 (ξαεΙί
2861 4066 3040 4105 nosse
3068 4056 3155 4105 est
3186 4065 3591 4122 supernarum

1925 4138 2391 4210 dispositionum
2420 4137 2684 4194 occultas
2710 4138 3259 4210 prcedestinationes
3298 4138 3518 4195 videre.

1996 4230 2039 4298 ιι-
2069 4230 2152 4283 Αο
2202 4226 2421 4283 deinde
2453 4244 2608 4300 quas
2637 4228 3195 4300 przrdestinationes
3231 4228 3462 4292 dixerit,
3492 4245 3591 4285 co-

1926 4317 2099 4389 piosa
2118 4316 2538 4390 explanatione
2568 4319 2881 4390 perdocuit
2904 4336 2917 4384 ;
2942 4320 3059 4389 egit
3088 4319 3247 4374 enim
3270 4317 3591 4374 atlluentiu»,

1929 4423 2052 4462 suae
2083 4405 2401 4462 dulcedine
2434 4422 2614 4478 super
2644 4406 2946 4463 bonorum
2980 4408 3239 4477 gratuita
3282 4407 3590 4476 electione,

1928 4494 2351 4568 malorumque
2399 4495 2738 4567 justissima
2790 4496 3237 4569 reprobatione.
3292 4496 3465 4562 Quod
3528 4502 3593 4552 ut

1926 4584 2145 4641 clarius
2174 4586 2478 4651 enitescat,
2508 4590 2693 4642 totam
2714 4585 2986 4655 ejusdem
3016 4585 3133 4641 loci
3162 4587 3592 4641 continentiam

1925 4689 2362 4746 proponamus.

1996 4762 2313 4833 Gregorius
2338 4762 2465 4829 (lib.
2497 4779 2622 4829 xxx,
2656 4778 2705 4818 c.
2730 4764 2821 4834 32)
2847 4780 2859 4818 :
2894 4764 3088 4834 [Pater
3117 4762 3343 4834 quippe
3388 4761 3451 4817 in
3481 4777 3591 4818 suo

1925 4855 2193 4923 tempore
2223 4850 2561 4905 Luciferum
2591 4849 2893 4922 produxit,
2922 4851 3088 4922 quia,
3123 4850 3275 4905 sicut
3304 4849 3591 4923 scriptum

1924 4941 2048 4991 est:
2082 4938 2231 4993 Cum
2263 4939 2423 4993 venit
2446 4938 2765 5007 plenitudo
2794 4939 3097 5007 temporis,
3130 4938 3289 4994 misit
3310 4940 3466 4995 Deus
3493 4939 3591 4994 Fi-

1927 5024 2074 5080 lium
2097 5040 2273 5082 suum
2303 5031 2515 5083 natum
2540 5041 2615 5083 ea:
2644 5027 2915 5097 muliere,
2944 5027 3181 5096 factum
3211 5027 3321 5082 sub
3355 5029 3501 5098 lege,
3525 5034 3589 5081 ut

1925 5129 2018 5169 eos
2048 5115 2154 5186 qui
2176 5114 2285 5170 sub
2307 5115 2435 5185 lege
2462 5121 2637 5171 erant
2655 5115 2972 5173 redimeret
3004 5117 3161 5188 (Gal.
3186 5134 3266 5181 iv,
3296 5119 3352 5183 4,
3381 5118 3456 5187 5);
3484 5114 3591 5187 qui

1926 5207 2104 5259 natus
2134 5219 2208 5259 ex
2232 5203 2482 5274 virgine,
2510 5204 2673 5261 velut
2704 5204 2931 5262 Lucifer
2959 5207 3112 5263 inter
3138 5207 3415 5263 tenebras
3448 5221 3590 5260 nos-

1926 5296 2031 5349 trae
2062 5291 2253 5348 noctis
2298 5292 2600 5365 apparuit,
2630 5293 2796 5366 quia,
2828 5295 3039 5365 fugata
3067 5288 3428 5351 obscuritate
3458 5306 3593 5364 pec-

1927 5380 2061 5449 cati,
2095 5386 2386 5437 aeternum
2434 5381 2611 5438 nobis
2660 5398 2840 5439 mane
2887 5382 3201 5439 nuntiavit.
3253 5380 3589 5438 Luciferum

1925 5486 2069 5527 vero
2099 5485 2163 5527 se
2196 5470 2471 5539 innotuit,
2500 5471 2646 5545 quia
2673 5470 2939 5528 diluculo
2988 5487 3060 5527 ex
3088 5474 3283 5527 morte
3313 5468 3588 5539 surrexit,

1927 5562 1986 5615 et
2012 5558 2245 5627 fulgore
2288 5560 2379 5614 sui
2421 5559 2667 5616 luminis
2714 5560 3094 5616 mortalitatis
3122 5564 3343 5615 nostrae
3375 5562 3590 5613 tetram

1927 5648 2244 5718 caliginem
2265 5652 2498 5721 pressit.
2540 5651 2644 5707 Cui
2672 5650 2826 5706 bene
2858 5666 2964 5723 per
3009 5654 3298 5707 Joannem
3331 5649 3586 5705 dicitur:

1926 5737 2121 5795 Stella
2183 5736 2503 5807 splendida
2560 5746 2613 5796 εἰ
2671 5736 2975 5798 matutina
3025 5739 3235 5811 (Apoc.
3286 5756 3416 5810 xxu,
3482 5740 3585 5810 to).
