3974 6380
150 271 277 330 1029

1088 269 1173 322 DE
1214 268 1874 327 ΡηιεῡιςετιΝΑτιοΝκ
1913 267 2195 329 CONTRA
2236 272 2284 325 J.
2330 273 2625 329 SCOTUM.

3439 281 3574 335 £030

142 400 317 466 atque
349 409 450 450 ore
480 393 733 455 locutos,
766 398 825 448 ut
873 392 1156 450 eumdem
1189 394 1472 463 Spiritum
1520 398 1801 448 sanctum
1836 397 1885 451 Α
1920 392 2006 446 vel
2039 394 2466 453 chameleontis
2486 396 2736 463 colores,
2776 401 2930 452 certe
2959 414 3275 470 nunquam
3302 400 3573 471 effugies,

143 484 449 553 utriusque
505 483 791 543 adfuisse,
850 487 905 537 et
938 500 1040 548 per
1076 488 1393 554 utrumque
1446 482 1804 537 unanimiter

142 573 428 633 locutum,
462 574 709 631 minime
738 571 986 627 dubitet.
1043 571 1303 627 lsidorus
1353 576 1541 639 (Sent.
1589 574 1689 627 tib.
1739 586 1802 639 ιι,

142 677 272 731 cap.
302 663 356 733 6)
383 679 395 720 :
430 661 705 732 [Gemina
728 666 816 718 est
836 659 1301 732 praedestinatio,
1330 660 1456 716 sive
1476 660 1803 715 electorum

142 751 223 811 ad
247 750 541 824 requiem,
586 750 713 808 sive
763 751 1162 822 reproborum
1197 750 1278 807 ad
1317 756 1574 808 mortem
1605 767 1621 806 ε
1650 754 1807 807 utra-

141 857 258 913 que
286 840 491 898 divino
522 840 780 910 agitatur
801 842 932 903 (aL,
960 839 1174 911 agitur]
1204 839 1450 909 judicio,
1486 844 1549 896 ut
1568 854 1806 911 semper

145 929 359 987 electos
397 946 661 1002 superna
690 935 745 987 et
769 930 1050 986 interiora
1075 929 1245 1002 sequi
1284 928 1484 996 faciat,
1539 944 1804 1000 semper-

143 1036 258 1092 que
284 1020 599 1092 reprobus,
632 1032 697 1075 ut
726 1020 949 1075 inﬁmis
980 1023 1038 1073 et
1063 1018 1455 1073 exterioribus
1507 1017 1803 1073 delectem

144 1113 253 1179 tur,
280 1108 617 1166 deserendo
641 1108 965 1174 permittat.
1000 1107 1163 1162 Sicut
1209 1107 1448 1174 ignorat
1474 1108 1659 1163 homo
1691 1110 1803 1161 ter»

138 1197 371 1255 minam
400 1197 553 1255 lucis
583 1201 640 1253 et
671 1196 1073 1259 tenebrarum,
1103 1196 1198 1251 vel
1220 1196 1531 1267 utriusque
1558 1195 1641 1252 rei
1666 1195 1805 1267 quis

140 1287 273 1344 ﬁnis
306 1287 400 1357 sit,
433 1288 513 1344 ita
542 1286 779 1359 plenius
810 1286 998 1342 nescit
1049 1286 1185 1358 quis
1219 1290 1357 1340 ante
1385 1301 1564 1340 suum
1594 1284 1801 1356 ﬁnem,

137 1374 267 1433 luce
293 1376 536 1448 justitiaa
561 1375 988 1447 prteveniatur,
1020 1374 1110 1430 vel
1138 1374 1275 1447 quis
1308 1379 1694 1446 peccatorum
1726 1377 1803 1429 te-

136 1466 340 1523 nebris
370 1482 563 1537 usque
614 1465 677 1521 in
704 1481 885 1520 suum
936 1465 1258 1521 terminum
1290 1464 1665 1530 obscuretur,
1699 1474 1806 1520 aut

132 1557 266 1628 quis
295 1559 434 1627 post
458 1554 702 1626 lapsum
733 1554 1117 1610 tenebrarum
1148 1570 1482 1609 conversus
1532 1557 1805 1622 resurgat

135 1645 458 1703 adlucem.
516 1648 739 1700 Cuncta
770 1645 897 1699 haec
958 1646 1078 1699 Deo
1110 1648 1331 1714 patent,
1390 1642 1621 1697 homini
1664 1658 1804 1698 vero

1914 496 2229 553 nunquam
2257 485 2551 541 evadendi
2582 486 2783 542 locum
2805 486 3053 558 capies?
3106 491 3223 543 Aut
3250 505 3457 544 verum
3488 496 3576 549 est

1916 572 2076 627 enim
2105 574 2272 643 quod
2302 575 2554 641 negasti,
2584 579 2640 631 et
2669 575 2891 631 falsum
2921 582 3008 631 est
3035 579 3201 648 quod
3261 580 3575 649 Gregorius

1911 665 1972 715 et
1992 661 2257 719 isidorus
2288 663 2603 731 dixerunt;
2633 668 2739 720 aut
2759 665 2927 737 (quia
2954 665 3069 721 hoc
3089 666 3341 738 impium
3370 672 3463 724 est
3481 668 3576 724 vel

1912 749 2156 807 credere
2178 752 2533 825 quempiam
2558 752 2651 809 vel
2676 753 2915 825 sentire)
2941 754 2990 809 si
3035 770 3242 810 verum
3270 760 3361 812 est
3407 755 3576 829 quod

1913 841 2234 907 Gregorius
2266 845 2325 897 et
2354 841 2613 897 Isidorus
2635 841 3028 913 protulerunt,
3046 842 3375 916 litterisque
3404 860 3576 902 vene,

1913 928 2205 983 rabilibus
2231 930 2694 999 mandaverunt,
2728 929 2947 986 falsum
2970 936 3062 986 est
3085 932 3253 1004 quod
3277 936 3341 989 tu
3393 949 3574 991 cases.

1913 1017 2179 1073 tissimus
2202 1016 2534 1079 aﬂirmasti.
2562 1018 2832 1083 Quicum
2859 1018 2918 1075 in
2954 1020 3067 1075 hoc
3103 1037 3226 1076 non
3251 1022 3449 1077 solum
3469 1021 3573 1077 de-

1913 1107 2481 1179 prehensus,verum
2494 1107 2673 1163 etiam
2687 1109 2995 1164 convictus
3008 1109 3253 1165 minime
3266 1111 3574 1181 dubiteris,

1912 1196 1988 1251 de
2012 1197 2239 1251 caeteris
2288 1213 2426 1268 quae
2469 1196 2647 1253 simili
2704 1198 2944 1253 insania
2978 1198 3130 1254 rictu
3157 1199 3437 1271 pestifero
3468 1216 3574 1256 vo-

1917 1285 2138 1355 muisti,
2166 1286 2415 1357 juvante
2442 1285 2696 1341 Domino
2715 1286 2843 1357 jam
2867 1286 3054 1342 facilis
3082 1288 3191 1343 erit
3213 1304 3535 1358 aggressus
3558 1307 3572 1347 :

1913 1373 2205 1447 quoniam
2228 1375 2323 1430 cui
2350 1376 2413 1431 in
2443 1375 2747 1447 prioribus
2779 1377 3077 1432 mendacii
3105 1378 3415 1434 character
3441 1379 3575 1434 inn.

1913 1463 2078 1531 ritur,
2102 1464 2164 1520 in
2194 1464 2589 1537 sequentibus
2616 1465 2766 1520 ﬁdes
2793 1466 3028 1538 penitus
3059 1467 3406 1537 abrogatur.

1986 1556 2178 1621 Negas
2222 1553 2491 1609 similiter
2541 1554 2952 1625 operationem
3002 1556 3063 1610 in
3119 1558 3235 1611 Deo
3272 1555 3578 1628 pluraliter

1912 1644 2127 1709 etl‘erri,
2155 1642 2218 1697 id
2245 1648 2333 1698 est
2359 1642 2740 1715 multiplicari
2762 1644 2851 1699 vel
2883 1645 3197 1713 geminari,
3232 1645 3325 1700 vel
3366 1651 3580 1702 cmtera

133 1734 336 1792 latent.
367 1733 655 1797 Quamvis
684 1733 989 1803 justorum
1021 1732 1397 1787 conversatio
1428 1731 1487 1787 in
1538 1732 1652 1787 hac
1680 1732 1804 1787 vita
1837 1750 1876 1804 Β
1912 1733 2310 1803 hujusmodi:
2344 1738 2400 1790 et
2443 1734 2597 1805 quid
2644 1738 2732 1789 est
2787 1735 2954 1806 quod
3000 1752 3213 1791 omnes
3264 1738 3577 1810 Scriptum

134 1821 467 1895 probabilis
497 1821 590 1889 sit,
624 1821 916 1877 incertum
949 1825 1151 1877 tamen
1183 1821 1533 1877 hominibus
1564 1836 1693 1876 esse
1724 1820 1802 1874 ad

134 1928 319 1985 quem
349 1911 469 1969 sint
508 1911 692 1967 tinem
726 1910 1125 1980 praedestinati
1158 1930 1171 1976 ;
1238 1910 1347 1965 sed
1375 1910 1582 1965 omnia
1615 1925 1803 1965 reser-

138 2000 263 2060 vari
294 1999 496 2058 futuro
521 1999 806 2056 examini.
840 2000 982 2056 Mira
1019 1999 1334 2070 dispositio
1386 2005 1470 2054 est
1530 2014 1804 2069 supernae

138 2089 596 2157 distributionis,
629 2105 735 2160 per
763 2105 951 2160 quam
982 2088 1077 2143 hic
1122 2088 1324 2158 justus
1352 2087 1610 2159 amplius
1628 2087 1803 2158 justi-

140 2178 373 2245 ﬁcatur,
406 2178 629 2250 impius
669 2177 931 2250 amplius
963 2176 1304 2232 sordidatur
1332 2177 1359 2233 ‘?
1389 2176 1573 2233 Malus
1590 2176 1669 2232 ad
1694 2176 1803 2232 bo-

140 2283 288 2323 num
320 2266 649 2339 aliquando
675 2267 1053 2333 convertitur,
1085 2266 1282 2321 bonus
1324 2267 1402 2321 ad
1430 2265 1660 2321 malum
1702 2265 1804 2320 ali-

139 2356 389 2428 quando
419 2355 756 2413 reﬂectitur.
812 2355 944 2411 Vult
978 2355 1114 2427 quis
1144 2371 1276 2411 esse
1326 2354 1544 2424 bonus,
1577 2357 1634 2409 et
1680 2370 1803 2410 non

140 2446 331 2513 valet;
362 2445 489 2503 vult
518 2445 668 2502 alter
688 2460 817 2500 esse
846 2444 1044 2501 malus
1071 2448 1129 2499 et
1153 2460 1276 2500 non
1309 2444 1667 2515 permittitur
1712 2444 1803 2499 in-

139 2536 330 2594 terire.
354 2538 543 2593 Datur
566 2534 619 2591 ei
650 2534 755 2606 qui
784 2533 908 2591 vult
934 2549 1067 2590 esse
1090 2534 1287 2589 bonus
1310 2552 1322 2600 ;
1348 2533 1498 2589 alius
1520 2548 1630 2589 nec
1655 2533 1802 2601 vult,

137 2638 245 2681 nec
275 2623 458 2681 datur
481 2622 535 2679 ei
564 2628 629 2681 ut
660 2622 732 2678 sit
757 2622 974 2678 bonus.
1013 2626 1124 2678 Iste
1155 2622 1420 2677 nascitur
1440 2621 1503 2677 in
1528 2637 1725 2677 errore
1747 2626 1804 2677 et

137 2713 413 2779 moritur,
442 2711 537 2771 ille
553 2712 611 2770 iu
634 2712 797 2769 bono
822 2729 945 2785 quo
969 2712 1150 2785 cmpit
1174 2728 1367 2785 usque
1386 2712 1448 2767 in
1471 2712 1655 2769 ﬁnem
1676 2727 1805 2783 per-

138 2801 336 2861 durat.
370 2801 616 2859 Tandiu
634 2802 742 2858 iste
766 2806 884 2858 stat
936 2818 1257 2875 quousque
1307 2801 1516 2869 cadat;
1548 2801 1645 2857 ille
1698 2800 1803 2857 diu

140 2889 296 2951 male
323 2889 579 2947 vivendo
603 2890 663 2946 in
695 2891 812 2946 iine
876 2890 1143 2946 salvetur
1192 2895 1626 2962 respectusque
1665 2904 1803 2944 con-

138 2981 404 3039 vertitur.
424 2980 557 3035 Vult
580 2979 869 3051 prodesse
889 2980 951 3035 in
973 2980 1139 3036 bono
1154 2980 1353 3050 justus
1368 2988 1480 3034 nec
1500 2978 1801 3050 praevalet,

1914 1822 2313 1893 Operationes,
2344 1822 2442 1876 vel
2468 1838 2655 1895 opera
2682 1822 2885 1879 divina
2913 1824 3239 1881 decantant
3265 1828 3294 1882 ‘2
3348 1826 3581 1882 Clamat

1912 1927 2021 1966 vas
2045 1910 2367 1980 electionis,
2397 1910 2609 1966 doctor
2638 1910 2907 1979 gentium
2943 1912 3005 1967 in
3036 1912 3154 1969 ﬁde
3203 1918 3257 1969 et
3287 1914 3528 1969 veritate
3562 1930 3574 1967 :

1912 2000 2243 2054 Divisiones
2323 2000 2665 2069 gratiarum
2723 2005 2883 2066 sunt,
2944 2001 3098 2056 idem
3147 2007 3344 2058 autem
3399 2004 3577 2072 spiri-

1912 2095 2008 2144 tus
2058 2107 2072 2155 ;
2124 2094 2183 2145 et
2232 2088 2549 2144 divisiones
2600 2089 3113 2147 ministrationum
3197 2098 3360 2160 sunt,
3421 2093 3577 2148 idem

1913 2184 2110 2234 autem
2142 2179 2471 2247 Dominus;
2492 2184 2549 2233 et
2577 2178 2895 2234 divisiones
2940 2181 3361 2248 operationum
3412 2186 3576 2248 sunt,

1914 2267 2069 2322 idem
2096 2282 2233 2322 vero
2258 2268 2414 2322 Deus
2445 2266 2499 2337 (1
2522 2267 2661 2322 Cor.
2695 2282 2795 2335 xu,
2819 2268 3052 2339 4-6).At
3080 2284 3156 2325 ne
3179 2285 3345 2325 more
3375 2269 3577 2326 furen-

1913 2356 2063 2412 tium
2095 2355 2260 2411 aliud
2280 2355 2597 2423 clamares,
2617 2355 2914 2426 adjungit,
2945 2359 3051 2429 qui
3069 2366 3359 2427 Operatur
3379 2361 3579 2416 omnia

1911 2446 1975 2500 in
2004 2444 2278 2500 omnibus
2327 2444 2523 2515 (Ibid.,
2576 2460 2727 2503 vers.
2788 2446 2864 2515 6).
2918 2449 3288 2503 Enumeratis
3333 2463 3580 2521 quoque

1911 2534 2266 2590 earumdem
2292 2534 2714 2606 operationum
2743 2534 3284 2603 distributionibus,
3314 2539 3438 2595 haec
3476 2553 3581 2594 au-

1912 2629 2048 2694 tem,
2098 2623 2310 2696 inquit,
2361 2624 2560 2679 omnia
2626 2631 2915 2693 operatur
2996 2642 3155 2682 unus
3210 2632 3392 2698 atque
3425 2627 3578 2683 idem

1910 2713 2199 2781 Spiritus,
2229 2713 2502 2768 dividens
2527 2713 2783 2783 singulis
2818 2719 3002 2783 prout
3025 2716 3153 2770 vutt
3185 2716 3387 2786 (Ibid.,
3425 2730 3576 2772 vers.

1915 2803 2019 2874 ll).
2046 2801 2219 2868 Quod
2246 2801 2299 2857 si
2325 2801 2491 2859 aliud
2520 2802 2933 2875 operationem
2968 2805 3090 2875 Dei,
3114 2812 3172 2860 et
3197 2804 3360 2861 aliud
3389 2820 3579 2877 opera

1911 2907 2041 2948 esse
2059 2891 2463 2958 contenderis,
2487 2891 2707 2946 videris
2735 2893 3049 2963 quomodo
3072 2898 3197 2950 tam
3223 2894 3422 2963 gravis
3445 2911 3581 2951 auc-

1911 2980 2182 3047 toritatis,
2212 2978 2420 3035 litteris
2442 2979 2717 3035 videlicet
2735 2980 2975 3047 divinis,
2998 2998 3140 3038 earu
3150 2999 3331 3055 mque
3360 2984 3585 3040 ﬁdelis-

140 3068 261 3127 vult
290 3084 510 3127 nocere
541 3066 738 3124 malus
793 3075 850 3124 et
900 3068 1073 3125 valet.
1106 3069 1219 3123 Iste
1250 3067 1372 3157 vult
1416 3071 1534 3157 Deo
1565 3083 1800 3157 vacare,
1844 3101 1885 3157 ο
1914 3068 2082 3157 simis
2098 3068 2546 3157 tractatoribus,
2573 3084 2837 3139 quorum
2861 3068 2996 3125 libri
3020 3071 3377 3127 earumdem
3406 3089 3582 3128 voca-

142 3164 193 3215 et
218 3157 447 3216 smculo
497 3157 843 3228 impeditur,
892 3157 988 3212 ille
1018 3157 1271 3227 negotiis
1296 3156 1593 3228 implicari
1614 3155 1801 3228 cupit,

142 3263 248 3305 nec
271 3246 529 3322 perﬁcit.
564 3245 914 3301 nominatur
936 3245 1133 3301 malus
1161 3245 1347 3315 bono,
1379 3244 1577 3300 bonus
1637 3244 1805 3300 dam~

144 3342 319 3393 natur
343 3352 457 3409 pro
487 3336 710 3408 impio;
766 3335 989 3407 impius
1018 3334 1350 3391 honoratur
1377 3350 1487 3403 pro
1521 3334 1705 3404 justo.
1740 3335 1807 3388 Et

144 3425 201 3482 in
230 3426 347 3483 hac
378 3428 546 3482 tanta
568 3425 933 3480 obscuritate
958 3439 1083 3479 non
1114 3423 1271 3479 valet
1294 3424 1480 3478 homo
1535 3422 1805 3478 divinam

145 3515 504 3587 perscrutari
533 3514 1013 3587 dispositionem,
1059 3518 1117 3568 et
1163 3512 1464 3569 occultum
1497 3511 1807 3584 praedesti-

145 3604 402 3661 nationis
422 3604 795 3677 perpendere
825 3602 1145 3673 ordinem.]

215 3695 255 3763 +
284 3693 462 3759 Quod
506 3692 667 3748 enim
710 3692 921 3748 beatus
976 3691 1290 3759 Gregorius
1340 3691 1811 3764 praedestinatio-

148 3796 251 3838 nes
275 3780 604 3854 pluraliter,
622 3782 738 3837 hoc
770 3785 1012 3836 sanctus
1037 3780 1301 3836 Isidorus
1330 3782 1634 3849 geminam
1662 3795 1812 3852 pree-

150 3870 606 3928 destinationem
634 3870 910 3938 vocavit;
949 3870 1262 3943 quoniam,
1297 3871 1448 3925 sicut
1504 3869 1813 3941 utriusque

151 3960 304 4018 dicta
335 3965 647 4028 testantur,
700 3959 1071 4015 intellexerat
1095 3975 1235 4015 eum
1266 3976 1405 4014 cum
1458 3959 1685 4015 caeteris
1712 3974 1813 4013 ca-

155 4049 381 4106 tholicis
409 4048 828 4106 tractatoribus
859 4049 1114 4105 sensisse
1140 4049 1598 4120 praedestinatos
1636 4064 1815 4119 quos-

152 4135 291 4194 dam
320 4137 401 4195 ad
428 4137 702 4207 gloriam,
736 4137 1040 4209 quosdam
1089 4137 1169 4192 ad
1201 4137 1633 4205 ignominiam;
1683 4135 1816 4191 illos

155 4226 227 4281 ad
244 4243 521 4296 regnum,
544 4225 691 4282 istos
714 4226 793 4282 ad
815 4230 1212 4295 tormentum;
1236 4225 1367 4281 illos
1389 4226 1468 4282 ad
1493 4224 1814 4282 beatitudi-

153 4329 286 4372 nem
318 4332 741 4389 supernorum,
776 4316 919 4371 istos
945 4315 1025 4371 ad
1056 4315 1419 4387 supplicium
1462 4315 1814 4371 inferorum.

152 4406 454 4478 Perpende
481 4421 645 4462 nunc
680 4405 901 4478 quibus
924 4404 1324 4475 contradicas,
1348 4420 1623 4477 quosque
1647 4408 1818 4460 reatu

155 4487 473 4567 impietatis
502 4494 823 4564 notaveris,
855 4495 961 4567 qui
1002 4498 1145 4551 ante
1172 4498 1305 4551 tuas
1333 4494 1566 4551 nseuias
1597 4492 1816 4550 contri-

156 4588 363 4641 verunt
389 4599 582 4657 quam
611 4583 961 4641 nascereris.
994 4589 1075 4639 Ac
1103 4598 1211 4656 per
1238 4583 1354 4639 hoc
1372 4582 1815 4639 constituamus

157 4673 209 4728 te
234 4677 291 4728 et
322 4672 572 4730 beatum
607 4670 977 4743 Gregorium,
1034 4671 1205 4727 illum
1263 4670 1818 4743 prmdestinaﬁones

158 4759 461 4832 pluraliter
489 4762 853 4829 efferentem,
894 4765 950 4817 te
980 4759 1287 4833 pluraliter
1312 4760 1508 4817 eﬁ‘erﬂ
1559 4760 1818 4832 impium

158 4848 545 4919 judicantem.
606 4851 749 4915 Quis
801 4855 857 4906 te
885 4851 1016 4919 jam
1059 4848 1321 4906 audiat?
1366 4850 1511 4916 Quis
1534 4866 1659 4907 non
1688 4850 1822 4905 hor-

162 4945 299 5008 reat,
327 4958 515 5015 quem
542 4942 607 4997 in
636 4944 870 4997 tantum
900 4939 1163 4995 vesaniae
1185 4940 1534 5012 prorupisse
1586 4939 1818 5007 viderit,

160 5032 223 5086 ut
263 5030 482 5104 impios
532 5033 712 5086 tantae
766 5028 1135 5085 auctoritatis
1205 5027 1368 5084 viros
1428 5028 1667 5097 dixisse,
1738 5032 1819 5098 et,

159 5119 317 5189 quod
342 5124 431 5176 est
455 5117 898 5191 blasphemius,
929 5116 1263 5187 scripsisse,
1320 5115 1660 5172 nullatenus
1689 5131 1820 5172 eru-

160 5203 354 5264 bueris
381 5208 410 5265 ?
439 5208 583 5275 Quis
608 5207 773 5264 enim
804 5210 858 5263 te
880 5206 1088 5262 audiat
1115 5204 1521 5278 pluralitatem
1550 5204 1814 5277 praedes-

164 5294 458 5354 tinationis
478 5301 830 5370 negantem,
879 5296 987 5368 qui
1018 5297 1217 5351 tantos
1242 5297 1439 5350 Patres
1488 5293 1583 5349 vel
1612 5292 1820 5364 legerit

163 5383 255 5440 vel
280 5386 535 5444 audierit
556 5384 866 5460 pluraliter
886 5384 1195 5439 efferentes
1219 5383 1247 5439 ?
1277 5383 1418 5448 Quis
1454 5382 1569 5439 tuis
1615 5381 1821 5453 dispu~

165 5474 500 5533 tatiunculis
530 5491 742 5532 aurem
772 5474 1081 5538 adhibeat,
1107 5476 1173 5528 ut
1195 5472 1375 5528 tantis
1399 5470 1668 5528 Patribus
1697 5470 1818 5526 dic-

170 5564 358 5623 torum
395 5567 875 5639 scriptorumque
920 5563 1228 5620 veracium
1278 5562 1464 5618 ﬁdem
1515 5561 1818 5631 deroget?

167 5654 379 5727 etquis
406 5656 511 5713 tibi
530 5656 863 5725 veritatem,
917 5653 1033 5709 illis
1086 5652 1473 5709 mendacium
1524 5650 1820 5723 deputet?

170 5740 392 5801 Vertere
416 5745 479 5803 ni
500 5744 805 5819 quaslibet
826 5742 922 5801 vel
944 5741 1204 5800 fabulosi
1225 5739 1556 5801 Promethei
1566 5739 1816 5807 turmas,

1916 3156 2201 3212 bulorum
2252 3156 2697 3229 pluralitatibus
2773 3158 2969 3214 referti
3022 3175 3154 3216 esse
3227 3166 3580 3229 noscuntur,

1914 3246 2119 3301 valeas
2141 3247 2459 3302 contraire.
2482 3248 2700 3312 Quaero
2730 3251 2930 3303 tamen
2961 3249 3072 3304 abs
3126 3254 3181 3305 te
3232 3250 3489 3313 interim,
3520 3256 3587 3308 ut

1914 3335 1991 3389 de
2021 3335 2248 3390 czeteris
2281 3335 2509 3401 sileam,
2555 3335 2705 3409 quid
2736 3338 2929 3405 magis
2972 3339 3072 3394 Dei
3123 3340 3391 3395 essentise
3449 3356 3585 3397 con-

1917 3428 2112 3494 gruat,
2144 3424 2410 3497 potentia
2436 3440 2514 3481 an
2544 3426 2813 3498 operatio
2842 3427 2872 3482 τ
2929 3427 3062 3482 Mihi
3089 3429 3317 3501 quippe
3352 3430 3586 3487 videtur

1917 3515 2152 3570 nullum
2181 3514 2419 3586 operari
2445 3530 2625 3587 posse
2655 3515 2886 3588 absque
2921 3518 3187 3589 potentia
3227 3535 3239 3574 :
3274 3534 3397 3591 quo
3423 3519 3587 3575 enim

1919 3608 2096 3675 pacto
2118 3602 2412 3660 dicendus
2444 3608 2533 3660 est
2570 3604 2805 3676 operari
2824 3604 2933 3677 qui
2959 3621 3083 3661 non
3103 3607 3348 3679 possit?
3379 3609 3587 3664 Poten-

1921 3696 2069 3751 tiam
2101 3694 2385 3750 excellere
2416 3710 2538 3749 non
2570 3694 2820 3765 negabis
2848 3696 2876 3752 ‘I
2922 3699 3127 3768 itaque
3158 3697 3425 3768 potentia
3452 3714 3585 3753 ma-

1923 3780 2012 3849 gis
2043 3780 2143 3834 Dei
2169 3780 2439 3835 essentiee
2464 3779 2742 3848 congruit
2765 3796 2954 3852 quam
2982 3782 3273 3852 operatio,
3292 3781 3586 3853 quoniam

1920 3868 2189 3940 operatio
2240 3866 2520 3939 potentiae
2561 3872 2652 3923 est
2678 3866 2942 3934 effectus,
2998 3872 3056 3922 et
3083 3873 3285 3923 tamen
3332 3885 3473 3924 cum
3502 3872 3613 3925 es-‘

1923 3956 2115 4012 sentia
2144 3956 2243 4012 Dei
2271 3955 2675 4027 pluralitatcm
2702 3955 2960 4023 abdicet,
2990 3957 3286 4027 potentias
3311 3958 3442 4029 ejus
3462 3957 3590 4030 plu-

1921 4045 2123 4101 raliter
2151 4045 2488 4100 enuntiatas
2519 4044 2795 4113 legimus,
2820 4044 3052 4101 dicente
3082 4047 3373 4118 Propheta
3402 4064 3415 4102 :
3447 4047 3589 4114 Quis

1928 4137 2205 4206 loquetur
2231 4137 2527 4202 potentias
2555 4134 2817 4203 Domini,
2859 4135 3101 4191 auditas
3149 4136 3334 4205 faciet
3390 4152 3590 4194 omnes

1927 4223 2135 4281 laudes
2164 4226 2334 4292 ejus?
2369 4225 2553 4293 (Psal.
2586 4237 2682 4289 cv,
2714 4224 2793 4295 2.)
2833 4223 2892 4280 Si
2921 4239 3064 4293 ergo
3115 4225 3380 4298 potentia
3422 4227 3524 4282 Dei
3555 4242 3592 4283 a

1924 4311 2263 4386 pluralitate
2292 4311 2388 4367 vel
2416 4311 2851 4385 multiplicitate
2904 4328 3030 4369 non
3081 4315 3437 4383 excluditur,
3485 4331 3593 4371 cur

1925 4402 2213 4474 operatio,
2245 4416 2380 4473 qua
2403 4417 2633 4474 sequax
2652 4402 2782 4472 ejus
2803 4417 2928 4458 non
2953 4403 3281 4475 dubitatur,
3329 4420 3366 4460 a
3390 4405 3592 4461 multi-

1927 4490 2189 4564 plicitate
2221 4490 2598 4549 excludenda
2622 4491 2927 4563 judicatur
2955 4492 2983 4547 ‘l
3010 4492 3185 4557 Quod
3210 4493 3258 4549 si
3278 4493 3433 4549 inter
3453 4510 3593 4566 ope-

1925 4582 2225 4638 rationem
2267 4580 2367 4637 Dei
2407 4585 2463 4635 et
2508 4596 2695 4652 opera
2747 4581 2893 4653 quid
2942 4580 3437 4652 distinguendum
3461 4583 3588 4650 erit,

1929 4669 2079 4725 mihi
2106 4668 2343 4724 interim
2368 4667 2516 4723 nihil
2537 4667 2699 4723 aliud
2720 4668 2980 4724 occurrit
2998 4684 3318 4741 quousque
3341 4668 3592 4739 diligen-

1927 4759 2045 4815 tius
2074 4756 2422 4829 exquiratur
2446 4771 2633 4827 quam
2690 4757 3104 4828 operationem
3133 4772 3267 4811 esse
3315 4757 3461 4812 dum
3502 4757 3589 4824 ﬁt,

1928 4863 2085 4920 opus
2116 4862 2254 4902 vero
2278 4844 2450 4917 quod
2480 4844 2565 4900 ﬁt.
2599 4844 2772 4909 Quod
2798 4845 2847 4899 si
2875 4845 2957 4900 ita
2976 4850 3083 4908 est,
3106 4845 3243 4917 quis
3261 4844 3496 4902 dubitet
3514 4846 3614 4903 ad'

1934 4940 2122 4992 Deum
2148 4939 2404 5008 utraque
2434 4932 2729 5005 pertinere
2756 4934 2785 4987 ‘t

1991 5023 2358 5094 Augustinus
2378 5038 2390 5077 :
2406 5022 2578 5093 [Cum
2590 5020 2860 5094 operatio
2874 5020 3060 5077 Patris
3076 5022 3439 5094 dicitur,non
3458 5040 3594 5082 eam

1926 5113 2055 5169 sine
2094 5113 2234 5168 Filio
2258 5117 2314 5169 et
2353 5111 2572 5183 Spiritu
2606 5115 2814 5167 sancto
2852 5110 3213 5182 intelligatur
3235 5115 3508 5187 operari;
3538 5118 3596 5171 et

1931 5219 2072 5259 eum
2113 5202 2418 5273 generatio
2450 5200 2597 5270 Filii,
2629 5215 2752 5256 non
2774 5201 2903 5258 sine
2934 5205 3103 5260 Patre
3130 5207 3188 5261 et
3210 5204 3428 5277 Spiritu
3461 5218 3599 5259 san-

1930 5295 2056 5361 cto;
2082 5296 2138 5347 et
2166 5307 2306 5347 cum
2326 5290 2595 5364 operatio
2619 5290 2870 5362 Spiritus
2891 5294 3101 5363 sancti,
3128 5309 3252 5349 non
3282 5294 3409 5348 sine
3426 5293 3597 5348 Patre

1930 5384 1990 5437 et
2012 5381 2178 5446 Filio,
2196 5381 2340 5437 satis
2356 5383 2568 5436 notum
2590 5383 2681 5435 est
2697 5384 2855 5436 recte
2885 5380 3396 5447 credentibus,vel
3417 5379 3598 5436 etiam

1930 5475 1997 5526 ut
2026 5473 2281 5543 possunt
2309 5468 2797 5539 intelligentibus.
2832 5472 2895 5524 Et
2920 5468 3072 5525 illud
3094 5469 3230 5526 ideo
3250 5469 3485 5529 dictum
3509 5473 3599 5526 est

1933 5560 2010 5616 de
2040 5562 2230 5623 Patre,
2266 5561 2389 5629 ipse
2411 5560 2565 5629 facit
2594 5574 2778 5628 opera
2808 5560 3007 5625 (Joan.
3038 5575 3158 5624 xiv,
3178 5551 3301 5632 :10),
3332 5559 3499 5633 quod
3521 5559 3599 5616 ab

1928 5648 2028 5706 illo
2061 5649 2134 5705 sit
2162 5649 2332 5720 origo
2361 5648 2544 5705 etiam
2570 5663 2824 5721 operum
2872 5663 2908 5705 a
2959 5663 3085 5721 quo
3133 5634 3225 5705 est
3251 5650 3601 5707 exsistentia

1929 5739 2385 5812 eooperantinm
2414 5752 2812 5812 personarum
2841 5756 2855 5794 :
2889 5736 3037 5811 quia
3064 5740 3122 5797 et
3155 5736 3337 5796 Filius
3384 5739 3462 5799 de
3489 5739 3592 5798 illo
