3974 6374
419 275 548 329 1031

1511 270 1567 324 S.
1609 262 1979 323 PRUDENTII
2016 259 2395 317 TRECENSIS
2436 258 2746 318 EPISCOPI

3706 258 3866 316 i032

414 399 594 451 natus
614 398 724 460 est,
756 398 813 449 et
841 393 1087 466 Spiritus
1123 395 1367 447 sanctus
1398 390 1809 462 principaliter
1864 387 1938 443 de
1970 386 2071 441 illo
2100 389 2148 442 A
2185 383 2337 439 sicut
2366 384 2497 452 ejus
2528 384 2791 441 essentia
2818 390 2999 457 atque
3027 381 3328 452 voluntas,
3378 381 3725 437 necessario
3758 399 3869 438 se-

414 483 703 555 procedit,
731 482 806 536 de
836 499 959 553 quo
1008 487 1189 535 natus
1243 485 1334 534 est
1365 479 1559 537 Filius.
1592 484 1810 533 etcum
1841 494 1962 550 quo
1992 476 2072 530 illi

416 570 755 627 communis
782 574 868 625 est
896 569 1057 624 idem
1093 569 1362 641 Spiritus.
1398 570 1467 623 Et
1496 567 1642 622 illud
1670 564 1836 639 quod
1866 565 1947 619 ait
1966 563 2078 617 Do-

416 660 619 716 minus
652 676 664 713 :
699 660 768 715 Si
795 673 976 728 opera
1006 674 1126 714 non
1166 658 1436 727 fecissem
1467 658 1531 712 in
1587 657 1689 724 eis,
1737 670 1868 726 quae
1906 667 2076 710 nemo

418 748 589 804 aliud
610 747 755 816 fecit
779 748 976 815 (Joan.
1002 763 1102 814 xv,
1133 748 1247 811 ‘24),
1266 760 1390 800 non
1414 744 1491 800 ad
1523 745 1757 799 Patrem
1781 741 1875 798 vel
1905 740 2080 813 Spiri-

417 842 546 892 tum
583 836 875 906 retulisse,
906 835 1073 908 quod
1118 835 1172 890 ei
1222 850 1345 890 non
1396 834 1515 888 sint
1541 833 1602 888 in
1649 832 1763 887 illis
1791 829 2078 903 operibus

417 924 740 997 coaperati,
765 923 872 978 sed
896 923 974 979 ad
1004 923 1303 988 homines,
1326 937 1363 977 a
1383 921 1607 993 quibus
1636 920 1915 990 leguntur
1929 917 2080 973 mul-

418 1017 477 1069 ta
528 1013 682 1068 facta
729 1011 1041 1077 miracula,
1074 1015 1131 1066 et
1180 1016 1384 1067 tamen
1431 1026 1467 1065 a
1514 1009 1701 1078 nullo,
1732 1024 1870 1080 quae
1903 1007 2077 1063 Filius

415 1102 571 1157 fecit.
602 1104 666 1156 Et
695 1102 858 1173 quod
892 1102 973 1156 ait
1001 1100 1321 1173 Apostolus
1343 1099 1417 1154 de
1434 1098 1653 1171 Spiritu
1683 1102 1921 1153 sancto:
1949 1097 2080 1153 0m-

417 1193 522 1245 nia
553 1195 749 1246 autem
784 1191 909 1245 hazc
934 1194 1224 1258 operatur
1248 1204 1403 1243 unus
1432 1193 1611 1256 atque
1635 1187 1789 1241 idem
1817 1185 2078 1254 Spiritus

418 1278 477 1348 (Ι
501 1278 640 1334 Cor.
671 1294 771 1343 xu,
809 1278 913 1347 tt),
948 1292 1071 1331 non
1103 1275 1238 1331 ideo
1268 1275 1515 1338 dictum,
1535 1273 1682 1346 quia
1709 1288 1831 1328 non
1862 1273 1917 1328 ei
1946 1288 2080 1327 coo-

416 1371 662 1439 peratur
696 1370 861 1421 Pater
891 1369 948 1421 et
982 1365 1175 1427 Filius,
1203 1365 1308 1419 sed
1364 1363 1511 1435 quia
1539 1363 1598 1417 in
1649 1362 1741 1416 his
1794 1358 2079 1431 operibus

418 1471 543 1510 non
577 1460 716 1510 sunt
754 1454 944 1515 multi,
979 1454 1081 1508 sed
1116 1469 1271 1508 unus
1301 1452 1575 1524 Spiritus,
1608 1455 1665 1506 et
1692 1450 1754 1504 in
1785 1447 2079 1503 universis

419 1544 545 1598 suis
571 1543 1027 1616 operationibus
1057 1557 1179 1597 non
1210 1547 1299 1597 est
1326 1557 1362 1595 a
1392 1556 1453 1595 se
1482 1540 1612 1612 ipso
1642 1539 1930 1594 diversus.
1967 1539 2080 1591 Nec

417 1636 625 1688 tamen
655 1633 931 1697 inaniter,
954 1630 1057 1687 sed
1089 1629 1520 1686 rationabiliter
1548 1633 1607 1684 et
1633 1626 1921 1682 veraciter
1942 1624 2083 1680 dici-

2184 472 2388 542 quitur
2418 479 2477 527 ut
2510 478 2725 531 caetera
2750 491 2885 547 quae
2917 490 2953 529 a
2986 473 3082 528 Dei
3116 471 3424 527 voluntate
3457 471 3701 543 prodire
3725 487 3864 527 non

2184 560 2557 631 dubitantur,
2585 562 2748 619 velut
2779 562 2878 618 Dei
2907 560 3166 616 essentia
3210 559 3637 632 praedicantur,
3672 560 3869 615 Verbi

2185 648 2398 717 gratia,
2424 649 2730 720 cogitatio,
2763 650 2934 717 visio,
2972 646 3272 721 praevisio,
3298 646 3542 717 creatio,
3578 646 3869 721 disposi-

2182 734 2286 807 tio,
2319 736 2710 809 dispensatio,
2731 737 2998 807 statutio,
3017 735 3304 805 decretio,
3325 735 3583 808 paratio,
3613 750 3869 809 prwpa-

2184 824 2359 896 ratio,
2387 824 2703 896 judicium,
2736 824 3004 895 aﬂlictio,
3036 823 3355 896 correptio,
3381 823 3734 893 inﬁrmatio,
3767 824 3871 880 in-

2184 913 2469 981 terfectio,
2511 914 2756 987 occisio,
2808 914 3090 989 perditio,
3134 913 3511 985 disperditio,
3569 913 3865 969 inclusio.

2183 1000 2523 1069 obduratio,
2557 1002 3213 1070 induratio,derelictio,
3239 1001 3520 1069 desertio,
3541 1001 3868 1071 uoluntas,

2187 1090 2480 1160 seductio,
2513 1091 2573 1146 in
2626 1107 2889 1147 errorem
2931 1090 3223 1162 inductio,
3278 1090 3575 1163 deceptio,
3625 1090 3866 1159 morbi,

2186 1179 2401 1246 fames,
2416 1179 2788 1251 pestilentiae,
2803 1184 3216 1253 tempestates,
3241 1178 3580 1249 naufragia,
3594 1179 3867 1248 insidiae,

2187 1272 2244 1323 et
2274 1267 2392 1324 alia
2417 1268 2750 1341 complura,
2776 1285 2913 1342 qua:
2943 1269 3004 1325 in
3049 1267 3281 1324 divinis
3325 1267 3581 1341 eloquiis
3633 1267 3865 1336 indita,

2186 1360 2244 1412 et
2272 1360 2513 1413 Patrum
2543 1358 2755 1414 litteris
2780 1357 3204 1430 usitatissima,
3224 1356 3617 1430 prudentium
3644 1357 3868 1414 nullus

2188 1445 2442 1516 ignorat.
2488 1449 2629 1512 Quae
2666 1448 2971 1504 voluntate
3016 1446 3116 1503 Dei
3165 1445 3644 1503 indubitabiliter
3682 1446 3867 1504 bona

2189 1550 2427 1606 semper
2456 1542 2513 1591 et
2529 1536 2694 1607 justa
2720 1536 2848 1593 ﬁeri
2877 1536 3156 1610 quisquis
3189 1541 3391 1605 negat,
3414 1535 3648 1606 justitia
3670 1541 3732 1593 et
3754 1537 3869 1608 ju-

2188 1624 2345 1680 dicio
2368 1626 2705 1681 Conditoris
2731 1626 2912 1681 nimis
2933 1626 3115 1698 impie
3137 1624 3515 1681 contradicit.
3540 1626 3683 1691 Quae
3705 1625 3867 1698 quia.

417 1724 515 1777 tur
544 1725 777 1777 Patrem
808 1721 1051 1784 dixisse,
1084 1736 1208 1775 non
1263 1719 1471 1775 Filium
1502 1722 1559 1774 et
1585 1716 1868 1789 Spiritum
1910 1731 2080 1769 sanc-
2109 1740 2152 1792 Β
2189 1729 2351 1769 nunc
2409 1715 2697 1787 exemplis
2753 1714 3005 1785 longum
3054 1720 3142 1771 est
3189 1713 3553 1787 approbare,
3609 1714 3865 1771 interim

420 1814 546 1866 tum
571 1828 583 1864 :
618 1812 704 1865 Tu
735 1826 791 1866 es
816 1811 1011 1866 Filius
1032 1825 1194 1864 meus
1226 1809 1498 1871 dilectus,
1517 1808 1580 1862 in
1600 1821 1715 1876 quo
1744 1804 2084 1874 complacui

421 1900 663 1967 (Matth.
687 1917 831 1969 xvu,
853 1901 925 1970 5).
954 1900 1066 1956 Sed
1099 1900 1213 1954 hoc
1246 1897 1607 1953 miraculum
1626 1896 1701 1951 de
1723 1894 1873 1950 ccelo
1904 1910 2081 1950 sona-

418 1988 554 2044 bilis
582 1988 770 2059 verbi,
804 1988 1085 2060 quamvis
1117 1988 1195 2042 ad
1226 2002 1553 2059 personam
1611 1985 1794 2040 Patris
1824 1988 2082 2039 tantum-

418 2077 605 2133 modo
630 2078 945 2151 pertinere,
962 2080 1315 2149 cooperatos
1332 2090 1461 2131 esse
1486 2074 1695 2130 Filium
1724 2076 1781 2128 et
1799 2072 2083 2144 Spiritum

421 2170 696 2221 sanctum
729 2182 851 2221 non
884 2181 1205 2235 negamus.
1241 2168 1441 2236 Neque
1468 2162 1629 2218 enim
1655 2161 1799 2235 quia
1828 2165 1969 2216 tunc
2000 2160 2082 2215 Fi-

417 2253 533 2309 lius
563 2269 806 2310 carnem
838 2259 1084 2326 portans
1115 2269 1254 2308 cum
1282 2250 1631 2307 hominibus
1678 2248 2082 2305 conversaba-

360 2408 365 2412 ι
420 2346 515 2398 tur
541 2343 602 2397 in
636 2347 810 2410 terra,
842 2342 979 2398 ideo
1003 2358 1125 2398 non
1147 2347 1272 2397 erat
1288 2340 1468 2397 etiam
1498 2339 1559 2395 in
1592 2339 1728 2395 sinu
1746 2338 1931 2394 Patris
1955 2342 2083 2393 tan-

419 2448 607 2505 quam
641 2431 1013 2501 unigenitum
1044 2430 1325 2499 Verbum,
1353 2427 1605 2501 quando
1648 2426 1751 2482 illa
1798 2425 1874 2482 de
1919 2425 2082 2482 nube

418 2538 530 2576 vox
560 2520 719 2576 facta
749 2525 869 2587 est;
904 2524 1009 2575 aut
1037 2519 1337 2591 sapienter
1379 2521 1436 2572 et
1480 2514 1862 2589 spiritualiter
1919 2514 2082 2570 credi

420 2613 621 2681 potest
650 2608 837 2664 Deum
866 2611 1095 2662 Patrem
1128 2605 1541 2678 operationem
1572 2603 1897 2660 verborum
1941 2618 2081 2658 suo-

419 2711 552 2750 rum
582 2695 928 2749 sonantium
946 2698 1125 2765 atque
1149 2691 1588 2748 transeuntium
1605 2706 1643 2746 a
1662 2706 1773 2746 sua
1788 2689 2085 2763 sapientia

422 2784 636 2855 suique
682 2783 932 2855 Spiritus
979 2781 1399 2854 cooperatione
1454 2795 1791 2853 separasse.
1855 2778 2079 2835 Eodem

420 2871 604 2925 modo
637 2886 773 2925 cum
833 2870 1158 2925 rectissime
1206 2869 1482 2924 dicamus
1511 2882 1637 2923 non
1687 2869 1941 2932 Patrem,
1971 2878 2084 2920 nec

422 2958 704 3031 Spiritum
738 2963 1034 3024 sanctum,
1070 2957 1177 3013 sed
1213 2956 1442 3021 Filium,
1466 2970 1647 3025 super
1672 2968 1841 3011 mare
1881 2951 2084 3009 ambu-

2190 1803 2574 1873 ditferantur;
2612 1809 2678 1860 ut
2708 1805 2756 1860 si
2786 1805 2987 1861 denuo
3034 1803 3130 1860 vel
3158 1804 3357 1877 hydra
3408 1808 3590 1877 caput
3625 1803 3864 1871 levare,

2189 1893 2280 1948 vel
2311 1899 2547 1950 excetra
2577 1895 2711 1950 nisa
2739 1895 2913 1951 fuerit
2964 1894 3221 1961 sibilare,
3260 1893 3548 1965 largiente
3594 1893 3865 1951 Domino

2187 1982 2368 2038 latius
2390 1989 2570 2056 atque
2593 1983 2973 2039 commodius
3003 1982 3403 2056 proferantur.
3433 1985 3629 2038 Unum
3648 1987 3865 2040 tamen

2189 2071 2263 2127 de
2292 2071 2600 2128 voluntate
2632 2072 2733 2127 Dei
2763 2088 2835 2128 ex
2867 2073 3090 2128 sanctis
3128 2072 3445 2143 Augustini
3494 2071 3667 2127 dictis
3692 2071 3865 2128 testi-

2187 2161 2464 2218 monium
2507 2162 2936 2235 interporuisse
2984 2161 3264 2230 sufﬁciat,
3291 2161 3367 2218 de
3417 2175 3543 2234 qua
3582 2160 3648 2217 in
3693 2160 3860 2218 libro

2191 2249 2572 2305 Enchiridion
2604 2250 2705 2307 tali
2732 2250 3235 2306 sermocinatione
3263 2249 3562 2307 disseruit.

2259 2340 2625 2409 Augustinus
2651 2340 2925 2410 (Enchir.
2958 2355 3010 2396 c.
3047 2339 3206 2411 100):
3240 2340 3399 2409 [Haec
3453 2343 3592 2395 sunt
3624 2353 3861 2411 magna

2188 2443 2369 2496 opera
2402 2429 2654 2493 Domini,
2686 2428 2986 2500 exquisita
3008 2428 3068 2483 in
3102 2442 3301 2484 omnes
3351 2428 3689 2485 voluntates
3720 2430 3857 2498 ejus

2187 2517 2379 2588 (Psal.
2414 2533 2506 2587 cx,
2538 2518 2617 2588 2),
2658 2522 2715 2573 et
2760 2521 2883 2573 tam
2917 2516 3222 2591 sapienter
3250 2516 3569 2590 exquisita,
3599 2520 3668 2574 ut
3708 2532 3861 2574 cum

2188 2604 2461 2675 angelica
2507 2610 2565 2661 et
2606 2605 2880 2661 humana
2928 2610 3205 2662 creatura
3255 2610 3588 2678 peccasset,
3644 2604 3708 2661 id
3764 2610 3862 2661 est

2188 2709 2311 2749 non
2336 2694 2503 2766 quod
2527 2693 2645 2761 ille,
2676 2694 2782 2750 sed
2810 2694 2978 2766 quod
3003 2694 3191 2751 voluit
3223 2694 3357 2767 ipsa
3382 2695 3639 2766 fecisset,
3664 2694 3863 2752 etiam

2187 2796 2294 2853 per
2323 2780 2603 2837 eamdem
2632 2787 2921 2837 creaturas
2950 2781 3343 2847 voluntatem,
3371 2800 3495 2856 qua
3514 2782 3744 2840 factum
3763 2787 3865 2841 est

2188 2869 2358 2941 quod
2389 2873 2630 2927 Creator
2658 2870 2872 2941 noluit,
2915 2870 3191 2943 impleret
3241 2872 3370 2945 ipse
3431 2871 3592 2945 quod
3624 2872 3858 2942 voluit;

2185 2960 2344 3015 bene
2391 2964 2567 3014 uten‘s
2608 2965 2665 3015 et
2712 2959 2891 3015 malis
2927 2964 3220 3033 tanquam
3254 2976 3491 3019 summe
3518 2961 3739 3030 bonus,
3771 2961 3857 3019 ad

419 3050 571 3104 [asse
599 3048 841 3117 (Matth.
872 3063 995 3117 x1v,
1027 3052 1117 3113 25,
1141 3048 1254 3118 26),
1287 3045 1459 3117 cujus
1765 3057 1906 3141 caro
1955 3045 2081 3097 erat
2108 3086 2151 3141 ο
2188 3063 2398 3103 eorum
2437 3047 2896 3104 damnationem
2926 3065 3083 3121 quos
3108 3050 3267 3121 juste
3296 3050 3747 3123 praedestinavit
3771 3051 3862 3107 ad

417 3138 537 3205 illa,
572 3142 629 3193 et
680 3137 898 3210 plantae
945 3136 1227 3193 ﬂuctibus
1278 3131 1823 3203 innitentes;illud
1878 3136 2081 3188 tamen

416 3244 572 3300 opus
601 3227 746 3283 tanti
776 3226 1047 3283 miraculi
1078 3230 1331 3295 Patrem,
1363 3229 1421 3279 et
1470 3222 1755 3295 Spiritum
1803 3223 2079 3278 sanetum

417 3322 772 3389 cooperatos
800 3332 933 3372 esse
962 3314 1099 3387 quis
1129 3314 1409 3371 abnuat?
1442 3314 1533 3370 Sic
1562 3312 1723 3369 enim
1773 3316 1833 3367 et
1882 3310 2081 3366 solum

376 3404 631 3460 _Filium
679 3404 988 3460 verissime
1036 3403 1294 3459 dicimus
1342 3402 1543 3475 ipsam
1588 3400 1924 3474 suscepisse
1956 3415 2082 3455 car-

417 3509 581 3561 nem,
605 3507 730 3547 non
760 3495 1013 3561 Patrem,
1031 3496 1135 3547 aut
1160 3490 1443 3564 Spiritum
1474 3493 1775 3555 sanctum,
1792 3494 1851 3545 et
1878 3493 2081 3545 tamen

417 3581 575 3638 hanc
603 3579 1081 3637 incarnationem
1110 3579 1189 3636 ad
1219 3579 1417 3635 solum
1444 3578 1652 3634 Filium
1680 3579 2081 3652 pertinentem

415 3668 691 3743 quisquis
730 3673 907 3740 negat
935 3672 1327 3741 cooperatum
1358 3668 1615 3737 Patrem,
1639 3673 1741 3723 aut
1772 3666 2078 3739 Spiritum,

414 3775 538 3815 non
568 3764 725 3815 recte
757 3758 933 3831 sapit.
969 3762 1114 3813 Item
1143 3756 1399 3812 dicimus
1429 3772 1541 3811 nec
1572 3759 1825 3825 Patrem,
1852 3770 1965 3811 nec
1998 3754 2083 3809 Fi-

414 3848 583 3915 lium,
618 3846 723 3903 sed
755 3846 953 3903 solum
982 3846 1265 3920 Spiritum
1297 3850 1577 3901 sanctum
1611 3849 1667 3900 et
1695 3845 1759 3900 in
1789 3843 2076 3900 columba

412 3939 607 4007 specie
631 3941 689 3991 et
717 3938 781 3993 in
823 3938 1047 4007 tinguis
1078 3936 1238 3991 velut
1264 3936 1449 4006 igneis
1480 3934 1857 4006 apparuisse,
1899 3936 1954 3988 et
1987 3948 2079 3986 se-

414 4025 600 4091 disse,
634 4025 1054 4097 pronuntiasse
1100 4024 1238 4094 illis,
1279 4024 1340 4078 in
1387 4039 1544 4095 quos
1573 4026 1837 4092 venerat,
1871 4020 2075 4076 multis

416 4116 473 4168 et
501 4112 682 4167 variis
710 4111 930 4180 linguis
960 4110 1268 4179 magnalia
1299 4111 1401 4165 Dei
1429 4112 1580 4181 (Act.
1608 4126 1666 4175 ιι,
1689 4115 1743 4176 2,
1769 4110 1852 4181 3);
1886 4125 1923 4166 a
1951 4124 2075 4181 quo

414 4203 618 4255 tamen
646 4198 959 4265 miraculo,
992 4198 1071 4253 ad
1103 4198 1298 4254 solum
1328 4198 1608 4270 Spiritum
1639 4202 1915 4255 sanctum
1944 4212 2077 4271 per-

415 4288 657 4354 tinente,
692 4287 1177 4359 cooperationem
1230 4286 1416 4343 Patris
1462 4291 1518 4343 et
1569 4286 1743 4343 Verbi
1784 4283 2078 4357 unigeniti

416 4391 696 4449 separare
726 4391 849 4432 non
890 4392 1237 4448 possumus.
1274 4380 1359 4432 Ita
1405 4375 1785 4445 singulorum
1827 4389 2074 4447 quoque

416 4465 476 4521 in
524 4465 801 4521 Trinitate
863 4480 1049 4537 Opera
1094 4464 1344 4520 Trinitas
1400 4468 1702 4537 operatur,
1748 4463 2074 4536 unicuique

413 4554 686 4627 operanti
743 4552 1206 4626 cooperantibus
1259 4552 1522 4621 duobus,
1570 4551 1957 4608 conveniente
2014 4551 2076 4606 in

412 4645 603 4701 tribus
634 4644 852 4715 agendi
874 4642 1217 4706 concordia,
1252 4659 1375 4699 non
1406 4642 1468 4697 in
1499 4658 1622 4698 uno
1651 4641 1963 4698 deﬁciente
1996 4640 2078 4696 ef-

410 4734 623 4792 ﬁcacia
654 4733 1003 4807 peragendi.
1025 4735 1167 4799 Quae
1198 4749 1338 4789 cum
1360 4733 1441 4789 ita
1464 4733 1600 4800 sint,
1620 4732 1762 4789 hinc
1791 4737 1883 4789 est
1910 4733 2079 4805 quod

411 4827 701 4882 Dominus
730 4828 904 4881 Jesus
935 4825 997 4880 in
1029 4824 1249 4897 Spiritu
1279 4827 1489 4879 sancto
1538 4823 1851 4879 daemones
1906 4822 2080 4893 ejecit

416 4915 655 4980 (Matth.
685 4930 787 4983 xu,
820 4916 930 4986 28),
965 4929 1162 4985 neque
1187 4912 1349 4968 enim
1393 4916 1451 4968 et
1491 4910 1653 4966 solus
1682 4912 1799 4966 hoc
1827 4911 2078 4983 implere

412 5017 537 5057 non
563 5006 818 5074 poterat,
836 5006 1017 5074 atque
1037 5001 1184 5057 illud
1213 5000 1582 5072 adjutorium
1614 5006 1905 5073 tanquam
1935 4999 2078 5056 huic

414 5090 581 5161 operi
637 5105 762 5145 non
820 5089 1123 5144 sufﬁciens
1180 5088 1555 5159 assumebat,
1616 5088 1725 5144 sed
1791 5088 2075 5161 Spiritum

414 5176 678 5232 divisum
727 5176 789 5231 in
848 5176 1235 5248 semetipsum
1293 5192 1365 5232 eo
1426 5176 1646 5249 Spiritu
1702 5175 2076 5247 congruebat

412 5266 648 5339 expelli,
678 5282 865 5339 quem
894 5267 1061 5321 Pater
1090 5269 1148 5320 et
1190 5264 1367 5321 Filius
1410 5280 1533 5321 non
1571 5265 1741 5321 divisi
1771 5265 1833 5320 in
1880 5280 2072 5320 seme-

413 5356 583 5429 tipsis
626 5355 1026 5412 communiter
1069 5353 1317 5410 habent.
1370 5354 1462 5411 Sic
1505 5358 1561 5410 et
1611 5358 1879 5426 peccata,
1928 5352 2075 5426 quia

413 5448 628 5516 praeter
674 5444 1001 5501 Ecclesiam
1043 5459 1167 5499 non
1207 5443 1607 5511 dimittuntur,
1638 5444 1701 5499 in
1744 5460 1816 5499 eo
1855 5443 2075 5516 Spiritu

415 5533 629 5589 dimitti
652 5534 987 5605 oportebat,
1021 5548 1144 5605 quo
1176 5532 1238 5588 in
1268 5549 1458 5588 unum
1513 5533 1771 5589 Ecclesia
1828 5548 2076 5602 congre-

419 5621 636 5688 gatur.]

490 5707 532 5769 1-
561 5708 694 5762 Jam
718 5725 857 5764 vero
879 5711 949 5774 si,
982 5710 1316 5765 secundum
1345 5714 1421 5776 te,
1454 5711 1723 5779 operatio
1749 5715 1837 5766 est
1859 5710 1922 5765 in
1952 5713 2071 5767 Deo

2104 4440 2205 4543 Di

2189 3152 2457 3210 pcenam,
2490 3143 2547 3193 et
2585 3136 2663 3194 ad
2702 3153 2913 3193 eorum
2940 3137 3195 3194 salutem
3226 3155 3381 3211 quos
3411 3139 3672 3211 benigne
3700 3154 3861 3212 pra;—

2190 3224 2513 3281 destinavit
2542 3225 2617 3280 ad
2674 3225 2954 3294 gratiam.
3009 3227 3315 3292 Quantum
3358 3228 3519 3283 enim
3558 3226 3637 3283 ad
3681 3226 3860 3300 ipsos

2191 3313 2419 3381 attinet,
2449 3314 2616 3386 quod
2642 3315 2796 3369 Deus
2826 3314 3019 3370 noluit
3048 3314 3353 3383 fecerunt;
3376 3320 3679 3389 quantum
3706 3331 3859 3373 vero

2189 3401 2268 3458 ad
2298 3403 2806 3475 omnipotentiam
2834 3404 2955 3471 Dei,
2988 3404 3157 3459 nullo
3187 3404 3373 3460 modo
3403 3404 3467 3460 id
3485 3404 3722 3462 efﬁcere
3749 3421 3861 3462 va-

2187 3491 2447 3548 luerunt.
2476 3496 2594 3549 Hoc
2624 3494 2854 3567 quippe
2883 3494 3016 3566 ipso
3044 3494 3211 3567 quod
3242 3500 3451 3551 contra
3481 3494 3861 3553 voluntatem

2188 3581 2290 3637 Dei
2324 3581 2608 3649 fecerunt,
2641 3581 2716 3637 de
2741 3583 2888 3656 ipsis
2919 3582 3076 3639 facta
3102 3588 3194 3640 est
3220 3584 3499 3641 voluntas
3538 3585 3692 3656 ejus.
3714 3587 3856 3642 Pro-

2188 3674 2391 3741 pterea
2420 3686 2687 3743 namque
2740 3687 2965 3743 magna
3013 3688 3197 3743 opera
3245 3674 3503 3740 Domini,
3547 3674 3852 3745 exquisita

2185 3764 2324 3813 sunt
2352 3760 2413 3814 in
2445 3775 2643 3817 omnes
2666 3762 3003 3817 voluntates
3034 3764 3183 3832 ejus,
3206 3766 3270 3818 ut
3299 3762 3454 3818 miro
3470 3768 3526 3818 et
3556 3762 3856 3819 ineﬁ‘abili

2187 3848 2372 3904 modo
2424 3864 2547 3905 non
2600 3848 2707 3906 ﬁat
2763 3856 2980 3923 praeter
3039 3851 3169 3923 ejus
3226 3850 3625 3919 voluntatem,
3683 3851 3856 3925 quod

2186 3939 2367 3994 etiam
2397 3943 2608 3995 contra
2655 3940 2787 4011 ejus
2817 3940 2885 3996 ﬁt
2913 3940 3305 3997 voluntatem.
3335 3941 3489 4007 Quia
3529 3955 3654 3997 non
3681 3940 3856 3997 ﬁeret

2187 4027 2236 4082 si
2279 4042 2404 4083 non
2453 4027 2673 4084 sineret
2705 4048 2718 4084 :
2755 4045 2865 4085 nec
2895 4029 3103 4102 utique
3151 4028 3364 4085 nolens
3421 4028 3583 4097 sinit,
3614 4028 3723 4085 sed
3750 4045 3853 4086 vo-

2184 4115 2348 4183 lens;
2378 4132 2489 4173 nec
2520 4118 2673 4173 sinet
2698 4118 2900 4175 bonus
2930 4118 3060 4175 ﬁeri
3113 4117 3292 4182 male,
3320 4118 3435 4175 nisi
3465 4117 3850 4192 omnipotens

2186 4209 2243 4262 et
2272 4205 2348 4261 de
2376 4205 2538 4262 malo
2568 4206 2763 4263 facere
2792 4211 3000 4280 posset
3026 4207 3204 4265 bene.

2260 4294 2428 4365 (Cap.
2485 4296 2627 4367 101.)
2682 4295 3023 4370 Aliquando
3080 4302 3283 4354 autem
3340 4296 3505 4354 bona
3540 4295 3848 4354 voluntate

2186 4382 2371 4440 homo
2396 4382 2524 4440 vult
2554 4382 2784 4456 aliquid
2814 4385 2980 4458 quod
3009 4388 3164 4441 Deus
3186 4400 3310 4441 non
3333 4383 3481 4451 vult,
3503 4384 3687 4440 etiam
3715 4384 3849 4457 ipsa

2211 4473 2319 4539 aL,
2352 4472 2507 4545 ipso]
2560 4473 2725 4529 bona
2754 4474 2946 4529 multo
2975 4472 3237 4546 amplius
3291 4472 3602 4545 multoque
3627 4473 3848 4530 certius

2186 4560 2516 4628 voluntate;
2537 4577 2683 4617 nam
2703 4561 2861 4617 illius
2884 4562 3049 4618 mala
3076 4561 3354 4618 voluntas
3375 4577 3507 4618 esse
3528 4577 3848 4636 nunquam

2185 4652 2398 4722 potest.
2461 4652 2774 4721 Tanquam
2827 4650 2876 4705 si
2939 4649 3141 4706 bonus
3188 4649 3350 4705 ﬁlius
3419 4654 3658 4723 patrem
3711 4650 3851 4708 velit

2184 4737 2403 4805 vivere,
2436 4753 2620 4810 quem
2650 4739 2806 4792 Deus
2834 4737 3002 4795 bona
3047 4737 3353 4794 voluntate
3381 4738 3512 4794 vult
3558 4739 3733 4796 mori.
3775 4740 3849 4796 Et

2184 4843 2411 4893 rursus,
2444 4826 2574 4881 ﬁeri
2628 4830 2824 4898 potest
2848 4832 2913 4883 ut
2966 4827 3081 4883 hoc
3112 4827 3248 4882 velit
3296 4827 3481 4883 homo
3536 4827 3847 4886 voluntate

2183 4912 2367 4981 mala,
2396 4912 2560 4984 quod
2593 4915 2746 4968 Deus
2776 4912 2904 4969 vult
2929 4913 3129 4969 bona:
3164 4911 3326 4968 velut
3355 4912 3403 4966 si
3430 4912 3628 4967 malus
3684 4914 3845 4972 ﬁlius

2184 5000 2322 5057 velit
2353 5000 2507 5057 mori
2540 5007 2805 5073 patrem;
2838 5001 2979 5058 velit
3008 5001 3123 5057 hoc
3152 5000 3332 5056 etiam
3389 5000 3563 5056 Deus.
3619 5004 3845 5078 Nempe

2182 5090 2278 5147 ille
2308 5089 2474 5162 quod
2502 5105 2627 5146 non
2656 5089 2784 5146 vult
2805 5093 2979 5157 Deus,
3003 5089 3116 5145 iste
3138 5104 3278 5145 vero
3303 5087 3366 5144 id
3393 5088 3518 5143 vult
3537 5090 3707 5161 quod
3722 5093 3846 5151 vult

2184 5183 2240 5235 et
2268 5180 2442 5245 Deus,
2475 5182 2531 5234 et
2562 5183 2766 5235 tamen
2790 5177 2891 5233 Dei
2927 5177 3106 5234 bonae
3135 5176 3429 5234 voluntati
3461 5177 3656 5250 pietas
3684 5179 3843 5237 illius

2183 5266 2384 5340 potius
2435 5270 2746 5337 consonat,
2797 5266 3077 5339 quamvis
3129 5265 3295 5323 aliud
3330 5264 3609 5338 volentis,
3652 5284 3841 5341 quam

2183 5356 2366 5427 hujus
2381 5354 2541 5412 idem
2563 5355 2817 5413 volentis
2832 5355 3129 5429 impietas.
3145 5358 3400 5413 Tantum
3417 5356 3663 5413 interest
3694 5358 3841 5430 quid

2188 5444 2339 5502 velle
2362 5444 2777 5518 homini,quid
2800 5446 2920 5502 Deo
2945 5449 3323 5515 congruat,et
3349 5444 3428 5502 ad
3455 5461 3640 5517 quem
3657 5445 3839 5504 ﬁnem

2191 5549 2365 5588 suam
2393 5532 2653 5606 quisque
2683 5535 2900 5591 referat
2933 5534 3323 5602 voluntatem,
3355 5538 3417 5589 ut
3474 5537 3579 5590 aut
3632 5550 3839 5607 appro-

2184 5622 2355 5678 betur
2385 5627 2487 5678 aut
2516 5624 2910 5697 improbetur,
2943 5628 3087 5682 Nam
3120 5625 3195 5677 De
3208 5641 3276 5680 us
3301 5622 3602 5695 quasdam
3632 5624 3837 5681 volun-

2185 5715 2333 5767 tates
2382 5726 2525 5768 suas
2556 5714 2761 5786 utique
2791 5715 2985 5772 bonas
3033 5713 3115 5770 ita
3151 5712 3361 5785 implet
3401 5728 3509 5785 per
3538 5712 3834 5773 malorum
