3974 6380
134 275 272 330 1033

1062 272 1153 325 DE
1195 263 1873 326 PREDESTINATIONE
1913 266 2205 325 CONTRA
2235 270 2286 324 J.
2325 270 2631 328 SCOTUM.

3424 283 3561 339 1034

127 395 450 451 hominum
472 393 808 449 voluntates
828 393 1040 453 malas,
1060 394 1210 449 sicut
1225 409 1333 466 per
1345 396 1373 446 J
1381 392 1590 448 udaeos
1610 386 1789 444 male-
1816 387 1867 442 Α
1903 391 2063 447 enim
2092 408 2303 450 eorum
2333 395 2492 452 unde
2523 411 2649 452 non
2669 399 2824 453 Deus
2845 413 2953 470 per
2974 400 3355 470 Unigenitum
3381 421 3562 461 suum

128 485 302 541 volos
341 484 507 539 bona
553 483 858 538 voluntate
897 483 1082 540 Patris
1116 484 1379 539 Christus
1427 481 1660 538 occisus
1701 482 1794 533 est

128 589 242 646 pro
286 573 484 642 nobis,
529 571 697 646 quod
746 575 979 628 tantum
1022 573 1253 629 bonum
1299 572 1525 628 factum
1572 572 1681 639 est,
1730 572 1796 624 ut

129 662 442 735 apostolus
463 665 668 717 Petrus
698 662 947 734 quando
989 661 1047 717 id
1088 661 1215 717 ﬁeri
1244 661 1508 729 nolebat,
1541 660 1792 714 Satanas

130 751 208 807 ab
239 751 373 823 ipso
400 750 503 823 qui
524 749 740 806 occidit
771 755 1034 817 venerat,
1067 750 1360 806 diceretur
1391 748 1634 819 (Matth.
1671 763 1792 813 xvx,

129 841 222 910 23)
254 857 267 894 :
303 841 496 905 Quam
543 839 721 894 bona:
762 839 1143 911 apparebant
1179 838 1517 894 voluntates
1554 836 1795 909 piorum

130 928 424 997 ﬁdelium,
457 929 558 1002 qui
590 928 880 984 nolebant
911 928 1253 1001 apostolum
1276 927 1532 984 Paulum
1562 926 1796 981 Jerusa-

131 1017 251 1073 lem
284 1033 553 1090 pergere,
598 1033 674 1072 ne
706 1016 822 1072 illic
860 1022 1162 1089 pateretur
1189 1015 1351 1072 mala
1378 1032 1515 1088 quae
1547 1013 1795 1084 Agabus

133 1107 432 1180 propheta
459 1106 818 1179 praedixerat
844 1106 995 1177 (Act.
1020 1123 1135 1173 xxx,
1172 1107 1260 1177 12)
1285 1124 1298 1173 ;
1325 1108 1382 1160 et
1409 1109 1613 1160 tamen
1642 1105 1797 1158 Deus

131 1195 264 1250 haec
280 1195 451 1251 illum
467 1195 593 1267 pati
609 1194 846 1250 volebat
862 1210 972 1267 pro
989 1193 1407 1250 annuntianda
1426 1193 1546 1248 ﬁde
1564 1190 1795 1258 Christi,

132 1299 420 1340 exercens
460 1287 789 1356 martyrem
839 1283 1068 1340 Christi.
1120 1286 1320 1355 Neque
1362 1281 1540 1337 istam
1569 1280 1798 1336 bonam

134 1373 505 1429 voluntatem
534 1389 709 1428 suam
751 1371 1020 1444 implevit
1048 1388 1156 1444 per
1198 1370 1672 1428 Christianorum
1701 1384 1800 1424 vo-

129 1462 398 1518 luntates
428 1461 648 1525 bonas,
684 1460 790 1518 sed
819 1477 925 1533 per
961 1460 1309 1516 Judeeorum
1355 1459 1572 1524 malas,
1623 1461 1681 1514 et
1721 1456 1800 1513 ad

132 1567 274 1608 eum
294 1551 494 1624 potius
514 1551 911 1624 pertinebant.
932 1550 1037 1622 qui
1053 1549 1340 1606 nolebant
1353 1549 1519 1622 quod
1537 1547 1798 1617 volebat,

133 1657 325 1714 quam
343 1640 425 1696 illi
442 1656 550 1713 per
563 1656 719 1712 quos
731 1640 997 1695 volentes
1013 1639 1239 1695 factum
1257 1642 1344 1694 est
1355 1638 1522 1711 quod
1533 1635 1798 1703 volebat;

1903 479 2225 538 Dominum
2272 487 2545 540 nostrum
2584 501 2692 558 per
2730 502 2942 543 omnes
2974 493 3179 558 gentes
3209 491 3406 548 salvos
3434 493 3565 549 ﬁeri

1900 566 2178 626 homines
2203 570 2362 642 velit,
2395 577 2452 629 et
2475 573 2612 630 ideo
2640 573 2820 632 faciat
2843 575 2987 648 quia
3006 578 3391 650 omnipotens
3413 581 3564 639 velle

1902 657 2158 714 inaniter
2180 675 2304 716 non
2329 667 2524 734 potest
2561 663 2972 738 quodcunque
3001 666 3251 725 voluerit
3281 669 3308 724 ‘I
3337 670 3565 730 Praece-

1903 751 2073 818 perat
2097 748 2258 804 enim
2277 751 2692 822 Apostolus,ut
2709 759 2991 810 oraretur
2999 772 3116 826 pro
3139 758 3409 816 omnibus
3432 761 3562 832 [al.,

1903 851 2015 907 pro
2055 837 2325 912 singulis]
2378 839 2737 910 hominibus,
2783 846 2838 898 et
2880 843 3214 916 specialiter
3250 847 3568 906 addiderat

1895 939 2016 993 pro
2041 927 2280 997 regibus
2317 934 2372 984 et
2410 931 2482 986 iis
2517 932 2622 1002 qui
2649 932 2711 986 in
2740 932 3110 990 sublimitate
3137 942 3276 992 sunt
3307 937 3380 1008 (Ι.
3416 939 3563 995 Tim.

1904 1029 1964 1079 ιι,
2000 1013 2047 1068 1.
2077 1018 2132 1080 2)
2168 1033 2180 1067 :
2209 1016 2315 1088 qui
2342 1017 2541 1086 putari
2567 1023 2850 1090 poterunt
2868 1020 3027 1078 fastu
3050 1027 3108 1078 et
3137 1024 3424 1097 superbia
3453 1043 3570 1081 sae-

1905 1101 2093 1158 culari
2147 1120 2184 1159 a
2232 1104 2374 1160 ﬁdei
2432 1106 2778 1163 Christiana:
2831 1108 3164 1168 humilitate
3221 1113 3567 1172 abhorrere.

1905 1190 2157 1247 Proinde
2187 1191 2394 1248 dicens
2424 1211 2436 1249 :
2469 1196 2600 1251 Hoc
2624 1198 2782 1253 enim
2823 1200 3039 1255 bonum
3078 1207 3162 1256 est
3200 1217 3404 1260 coram
3433 1205 3570 1261 Sal-

1908 1285 2112 1336 vatore
2131 1287 2334 1337 nostro
2354 1284 2473 1338 Deo
2499 1284 2670 1353 (Ibid.
2693 1301 2846 1340 vers.
2877 1288 2955 1358 4),
2982 1287 3045 1343 id
3065 1293 3153 1345 est
3172 1293 3237 1346 ut
3255 1289 3439 1348 etiam
3459 1307 3571 1364 pro

1907 1367 2127 1424 talibus
2147 1375 2368 1436 oretur,
2391 1373 2591 1428 statim
2611 1377 2678 1428 ut
2696 1373 3176 1446 desperationem
3198 1377 3444 1443 tolleret,
3469 1380 3573 1436 ad-

1908 1455 2099 1514 didit:
2135 1458 2250 1525 Qui
2289 1475 2484 1517 omnes
2520 1461 2785 1520 homines
2824 1465 2954 1520 vult
2997 1468 3194 1523 salvos
3220 1469 3377 1536 ﬁeri,
3428 1475 3484 1526 et
3509 1471 3573 1525 in

1910 1548 2278 1616 agnitionem
2305 1551 2577 1607 veritatis
2599 1553 2800 1609 venire
2823 1554 3017 1626 (Ibid)
3037 1558 3155 1611 Hoc
3175 1557 3402 1630 quippe
3418 1559 3576 1615 Deus

1908 1635 2142 1692 bonum
2165 1637 2478 1708 judicavit,
2517 1644 2580 1696 ut
2604 1641 2978 1699 orationibus
3013 1643 3337 1702 humilium
3361 1647 3576 1719 digna.-

134 1731 281 1803 quia
311 1729 578 1802 idipsum
610 1729 881 1802 quidem,
913 1730 1019 1784 sed
1049 1729 1177 1801 ipse
1221 1745 1330 1802 per
1360 1744 1463 1784 eos
1502 1726 1689 1794 bona,
1720 1724 1802 1781 illi
1830 1743 1877 1797 Β
1910 1729 2073 1781 retur
2101 1726 2358 1784 salutem
2401 1735 2691 1801 priestare
2740 1731 3115 1803 sublimium,
3155 1735 3324 1808 quod
3368 1737 3577 1810 utique

135 1825 342 1876 autem
371 1818 535 1875 mala
561 1819 868 1874 voluntate
891 1818 1178 1874 fecerunt.

205 1909 384 1979 (Cap.
423 1909 562 1979 102).
595 1907 710 1965 Sed
746 1908 1137 1980 quanteelibet
1183 1907 1301 1963 sint
1331 1906 1675 1962 voluntates
1707 1903 1803 1960 vel

136 1997 491 2068 angelorum
505 1995 597 2053 vel
607 1995 1047 2061 hominum,vel
1058 1995 1363 2052 bonorum
1377 1993 1465 2050 vel
1478 1993 1802 2062 malorum,

137 2087 230 2144 vel
255 2086 405 2143 illud
425 2087 592 2159 quod
618 2087 790 2148 Deus,
824 2084 916 2142 vel
937 2085 1103 2140 aliud
1131 2085 1394 2140 volentes
1415 2098 1601 2155 quam
1625 2083 1801 2149 Deus,

138 2175 571 2250 omnipotentis
594 2175 876 2231 voluntas
907 2175 1008 2230 Dei
1039 2189 1277 2246 semper
1301 2173 1524 2229 invicta
1544 2176 1648 2232 est.
1665 2186 1802 2243 quae

138 2267 303 2323 mala
329 2282 458 2323 esse
487 2280 804 2337 nunquam
826 2263 1150 2336 potest,qui
1171 2263 1352 2319 etiam
1379 2279 1518 2318 cum
1544 2260 1709 2316 mala
1727 2260 1803 2316 ir-

138 2359 333 2427 rogat,
347 2355 512 2427 justa
530 2359 637 2419 est,
652 2357 709 2408 et
727 2353 994 2426 profecto
1013 2369 1152 2426 quae
1176 2349 1305 2425 [al.,
1329 2351 1492 2424 quia]
1510 2350 1676 2422 justa
1695 2353 1803 2419 est,

138 2445 303 2502 mala
322 2459 449 2501 non
469 2446 738 2500 est.Deus
759 2442 937 2514 igitur
956 2441 1342 2515 omnipotens
1364 2439 1485 2496 sive
1505 2455 1612 2512 per
1634 2439 1804 2495 mise-

137 2535 462 2592 ricordiam
494 2534 666 2605 cujus
691 2532 816 2588 vult
839 2532 1214 2602 misereatur,
1243 2531 1366 2586 sive
1385 2546 1493 2603 per
1508 2528 1806 2601 judicium

138 2642 325 2698 quem
349 2624 478 2680 vult
498 2623 891 2694 obduret,nec
911 2621 1116 2694 inique
1135 2621 1364 2694 aliquid
1383 2621 1543 2690 facit,
1557 2635 1669 2675 nec
1689 2618 1807 2674 nisi

138 2714 350 2771 volens
386 2713 727 2786 quidquam
758 2711 982 2776 facit,et
1014 2710 1221 2768 omnia
1249 2725 1633 2784 quaecunque
1660 2708 1806 2776 vult,

140 2805 299 2860 facit.

210 2896 296 2950 Ac
332 2908 441 2966 per
468 2892 583 2948 hoc
613 2908 754 2947 cum
801 2891 1110 2959 audimus,
1162 2893 1220 2946 et
1263 2890 1326 2946 in
1371 2889 1553 2946 sacris
1600 2888 1806 2946 litteris

142 2983 425 3054 legimus,
473 2981 640 3053 quod
686 2979 826 3036 velit
863 2996 1077 3036 omnes
1119 2979 1404 3036 homines
1427 2978 1627 3036 salvos
1658 2977 1808 3045 ﬁeri,

145 3072 429 3146 quamvis
458 3073 688 3125 certum
718 3071 791 3123 sit
814 3068 991 3123 nobis
1013 3083 1137 3124 non
1157 3084 1370 3123 omnes
1389 3068 1669 3124 homines
1700 3065 1811 3122 sal-
1840 3103 1881 3158 Ο

146 3178 252 3218 vos
282 3159 435 3225 ﬁeri,
471 3173 596 3213 non
623 3161 825 3212 tamen
858 3156 994 3212 ideo
1024 3156 1318 3212 debemus
1359 3155 1809 3228 omnipotentis-

149 3251 314 3306 simaa
349 3247 452 3303 Dei
477 3245 767 3303 voluntati
797 3245 1023 3317 aliquid
1055 3245 1368 3316 derogare,
1397 3246 1504 3300 sed
1528 3246 1608 3299 ila
1637 3243 1809 3300 intel-

147 3341 326 3411 ligere
357 3338 524 3412 quod
556 3337 857 3409 scriptum.
871 3340 959 3392 est
990 3355 1002 3391 :
1034 3335 1148 3404 Qui
1176 3352 1372 3391 omnes
1396 3335 1659 3391 homines
1681 3335 1811 3391 vult

149 3432 344 3488 salvos
371 3429 524 3498 ﬁeri,
555 3431 870 3499 tamquam
901 3425 1216 3489 diceretur,
1247 3425 1482 3481 nullum
1501 3424 1810 3480 hominem

149 3517 270 3574 ﬁeri
295 3516 556 3582 salvum,
587 3514 703 3570 nisi
723 3529 908 3586 quem
939 3514 1177 3568 salvum
1206 3513 1334 3568 fieri
1363 3513 1491 3586 ipse
1524 3511 1809 3580 voluerit;

153 3622 271 3663 non
309 3605 477 3679 quod
502 3603 706 3660 nullus
739 3603 805 3659 ﬁt
828 3603 1168 3670 hominum,
1205 3602 1322 3658 nisi
1359 3617 1541 3675 quem
1576 3600 1812 3657 salvum

152 3696 276 3753 ﬁeri
297 3695 458 3765 velit,
491 3693 598 3750 sed
618 3693 762 3766 quia
783 3693 986 3748 nullus
1016 3693 1116 3748 ﬁet
1136 3693 1270 3764 [al.,
1293 3691 1398 3747 sed
1417 3691 1583 3764 quod
1610 3690 1811 3747 nullus

154 3785 295 3855 ﬁat],
323 3784 442 3840 nisi
470 3799 653 3857 quem
684 3781 860 3849 velit;
893 3786 948 3836 et
990 3781 1128 3837 ideo
1171 3781 1245 3836 sit
1285 3780 1595 3851 rogandus
1623 3784 1689 3836 ut
1715 3797 1814 3835 ve-

155 3870 234 3940 lit,
283 3873 430 3947 quia
466 3887 710 3928 necesse
741 3874 830 3928 est
868 3870 997 3926 ﬁeri
1037 3871 1086 3926 si
1125 3869 1399 3926 voluerit.
1454 3873 1534 3925 De
1582 3868 1813 3926 orando

157 3961 376 4035 quippe
401 3964 523 4018 Deo
554 3960 775 4031 agebat
801 3959 1143 4032 Apostolus,
1178 3964 1241 4015 ut
1265 3960 1379 4015 hoc
1424 3958 1666 4016 diceret.
1721 3958 1813 4015 Sic

159 4051 313 4107 enim
340 4050 729 4120 intelligimus
757 4049 818 4106 id
856 4049 1022 4122 quod
1053 4049 1115 4104 in
1159 4047 1480 4118 Evangelia
1526 4047 1815 4120 scriptum

160 4144 242 4195 est
272 4158 284 4196 :
320 4141 437 4208 Qui
463 4141 774 4196 illuminat
820 4153 1050 4195 omnem
1098 4137 1393 4193 hominem
1432 4137 1633 4208 (Joan.
1664 4153 1704 4203 ι,
1735 4136 1814 4207 9).

163 4231 282 4285 Non
311 4230 457 4302 quia
485 4227 687 4285 nullus
717 4232 806 4284 est
831 4227 1174 4292 hominum,
1218 4225 1322 4298 qui
1368 4241 1494 4282 non
1523 4225 1817 4281 illumine-

161 4319 272 4383 tur,
316 4317 428 4374 sed
450 4318 599 4390 quia
626 4316 740 4372 nisi
769 4315 848 4372 ab
877 4316 1012 4388 ipso
1040 4313 1241 4370 nullus
1283 4313 1670 4370 illuminatur.
1703 4317 1819 4369 Aut

1908 1815 2038 1886 jam
2066 1816 2345 1873 videmus
2380 1818 2715 1892 impletum.
2769 1824 2886 1879 Isto
2933 1822 3253 1880 locutionis
3293 1828 3480 1884 modo
3523 1831 3582 1884 et

1913 1904 2204 1960 Dominus
2227 1922 2371 1962 usus
2399 1914 2492 1964 est
2517 1909 2578 1963 in
2607 1909 2951 1980 Evangelio,
2982 1912 3086 1968 ubi
3108 1913 3189 1969 ait
3217 1913 3576 1973 Pharisaeis:

1912 1995 2235 2050 Decimatis
2266 1998 2572 2053 mentham
2602 2005 2657 2055 et
2683 2005 2907 2070 rutam,
2934 2006 2990 2056 et
3021 2017 3192 2058 omne
3235 2004 3367 2060 olus
3405 2006 3578 2076 (Luc,

1915 2099 1994 2150 ιι,
2025 2084 2139 2155 42).
2166 2087 2368 2157 Neque
2388 2086 2550 2142 enim
2572 2087 2859 2143 Pharismi
2878 2093 2935 2144 et
2952 2106 3355 2164 quaecumque
3384 2093 3584 2151 aliena

1913 2176 1972 2227 et
1999 2172 2275 2228 omnium
2300 2189 2409 2246 per
2427 2189 2640 2230 omnes
2661 2181 2845 2233 terras
2865 2177 3343 2249 alienigenarum
3374 2182 3583 2240 omnia.

1914 2261 2078 2318 olera
2105 2262 2510 2320 decimabant.
2548 2266 2707 2322 Sicut
2735 2282 2878 2336 ergo
2907 2268 3004 2325 hic
3027 2285 3201 2327 omne
3219 2273 3371 2340 olus,
3399 2288 3583 2330 omne

1917 2350 2149 2406 olerum
2180 2366 2392 2422 genus,
2414 2353 2499 2410 ita
2529 2358 2586 2410 et
2609 2354 2726 2410 illic
2747 2372 2946 2414 omnes
2963 2358 3251 2426 homines,
3275 2375 3457 2418 omne
3477 2362 3584 2419 ho-

1916 2439 2152 2495 minum
2201 2455 2392 2510 genus
2439 2441 2767 2513 intelligere
2813 2461 3142 2518 possumus
3175 2465 3188 2503 :
3222 2452 3280 2506 et
3315 2465 3586 2522 quocun-

1916 2545 2035 2601 que
2065 2529 2181 2585 alio
2211 2531 2396 2588 modo
2425 2532 2671 2604 intelligi
2688 2541 2906 2607 potest,
2932 2536 3081 2592 dum
3109 2542 3312 2596 tamen
3343 2541 3585 2597 credere

1917 2633 2041 2674 non
2063 2634 2356 2690 cogamur
2378 2621 2605 2694 aliquid
2625 2624 3100 2697 omnipotentem
3118 2628 3308 2684 Deum
3323 2629 3586 2686 voluisse

1915 2707 2067 2775 ﬁeri,
2100 2708 2447 2783 factumque
2476 2727 2600 2768 non
2629 2729 2760 2770 esse
2793 2733 2806 2770 :
2835 2715 2940 2788 qui
2965 2716 3091 2772 sine
3121 2717 3258 2774 ullis
3286 2719 3586 2790 ambigui-

1920 2798 2139 2855 tatibus
2169 2800 2218 2855 si
2247 2802 2312 2856 in
2342 2803 2490 2858 creto
2519 2809 2577 2859 et
2598 2820 2662 2859 in
2694 2811 2880 2876 terra,
2911 2805 3065 2862 sicut
3090 2810 3149 2864 et
3176 2807 3408 2865 Veritas
3449 2825 3589 2866 can-

1918 2891 2023 2957 tat,
2054 2891 2256 2946 omnia
2286 2907 2655 2964 quascunque
2680 2896 2874 2951 voluit
2894 2896 3039 2965 fecit
3070 2896 3254 2968 (Psal.
3287 2914 3436 2962 cxm,
3475 2900 3585 2970 il),

1917 2978 2184 3050 profecto
2212 2978 2408 3036 facere
2438 2981 2628 3037 noluit
2657 2983 3066 3057 quodcunque
3094 3001 3218 3041 non
3244 2986 3399 3044 fecit.

1989 3068 2154 3139 (Cap.
2192 3069 2331 3139 104.)
2364 3071 2740 3142 Quapropter
2770 3073 2949 3128 etiam
2981 3075 3248 3145 primum
3269 3077 3580 3134 hominem

1920 3157 2074 3211 Deus
2098 3157 2160 3211 in
2189 3172 2262 3212 ea
2289 3157 2480 3214 salute
2509 3159 2571 3213 in
2605 3175 2728 3230 qua
2776 3160 3054 3217 conditus
3099 3168 3244 3230 erat,
3277 3165 3584 3222 custodire

1917 3244 2222 3316 voluisset,
2246 3262 2507 3320 eumque
2529 3253 2872 3320 opportuno
2900 3255 3168 3323 tempore
3189 3258 3327 3324 post
3351 3255 3585 3326 genitos

1917 3333 2074 3390 ﬁlios
2095 3333 2222 3391 sine
2249 3335 2702 3407 interpositione
2737 3339 2944 3394 mortis
2974 3340 3055 3395 ad
3091 3341 3341 3400 meliora
3367 3345 3586 3416 perdu-

1920 3439 2074 3489 cere,
2113 3424 2220 3480 ubi
2242 3426 2373 3496 jam
2398 3441 2522 3482 non
2555 3426 2754 3483 solum
2791 3434 3108 3501 peccatum
3145 3447 3272 3489 non
3308 3436 3585 3493 commit-

1919 3515 2062 3579 tere,
2095 3513 2201 3570 sed
2229 3530 2340 3570 nec
2365 3514 2736 3572 voluntatem
2765 3522 2967 3589 posset
3003 3518 3226 3576 habere
3268 3521 3584 3594 peccandi,

1923 3601 1974 3657 si
2030 3602 2111 3658 ad
2162 3605 2647 3675 permanendum
2704 3605 2830 3662 sine
2883 3613 3150 3680 peccato,
3204 3610 3357 3668 sicut
3390 3610 3586 3668 factus

1921 3696 2066 3759 erat,
2096 3699 2451 3765 perpetuam
2478 3694 2852 3751 voluntatem
2882 3696 3232 3754 habiturum
3258 3715 3387 3756 esse
3406 3716 3589 3772 praes-

1921 3779 2114 3835 cisset.
2146 3781 2296 3845 Quia
2319 3797 2460 3837 vero
2482 3797 2621 3836 eum
2643 3783 2804 3839 male
2827 3800 3082 3840 usurum
3107 3785 3296 3842 libero
3317 3787 3584 3853 arbitrio,

1921 3869 2037 3925 hoc
2059 3872 2148 3925 est
2176 3874 2563 3943 peccaturum
2585 3887 2717 3926 esse
2738 3873 3114 3944 prcesciebat,
3138 3874 3217 3930 ad
3246 3875 3363 3931 hoc
3383 3875 3584 3948 potius

1920 3960 2286 4032 praeparavit
2311 3959 2682 4016 voluntatem
2714 3978 2911 4030 suam,
2937 3967 3003 4018 ut
3027 3963 3184 4019 bene
3211 3963 3341 4036 ipse
3369 3965 3590 4022 faceret

1923 4049 2105 4105 etiam
2133 4047 2208 4104 de
2237 4048 2396 4105 male
2433 4049 2707 4116 faciente,
2761 4066 2830 4106 ac
2877 4052 2962 4106 sic
3008 4052 3270 4108 hominis
3309 4053 3589 4111 voluntas

1924 4137 2087 4194 mala
2106 4138 2211 4209 [al.
2243 4137 2550 4194 voluntate
2579 4138 2762 4212 mala]
2790 4155 2913 4196 non
2944 4147 3353 4212 evacuaretur,
3379 4144 3485 4201 sed
3503 4144 3593 4200 ni-

1924 4226 2252 4283 hilominus
2279 4227 2628 4300 impleretur
2652 4231 3079 4302 omnipotentis
3103 4231 3288 4290 bona.

1998 4317 2170 4390 (Cap.
2207 4321 2352 4384 105).
2397 4318 2488 4374 Sic
2518 4320 2679 4376 enim
2719 4321 3037 4393 oportebat
3074 4323 3242 4395 prius
3279 4304 3594 4380 heminem

162 4411 308 4462 certe
334 4407 420 4464 sic
445 4405 674 4462 dictum
706 4406 927 4476 est,qui
956 4419 1153 4460 omnes
1177 4404 1442 4460 homines
1464 4404 1594 4459 vult
1618 4405 1815 4460 salvos
1845 4468 1886 4483 ἢ
1927 4405 2079 4468 ﬁeri,
2112 4410 2177 4462 ut
2206 4413 2263 4461 et
2287 4405 2439 4463 bene
2466 4407 2615 4464 velle
2637 4414 2840 4481 posset
2866 4415 2921 4465 et
2949 4411 3108 4466 male
3136 4430 3150 4480 ;
3183 4428 3293 4468 nec
3315 4413 3522 4483 gratis,
3545 4413 3596 4467 si

159 4495 323 4566 ﬁeri;
350 4511 480 4553 non
505 4494 672 4568 quod
701 4494 902 4550 nullus
927 4493 1244 4549 hominum
1283 4496 1439 4550 esset
1476 4509 1661 4566 quem
1704 4491 1817 4550 sal-
1845 4468 1889 4523 D
1927 4495 2119 4564 benea;
2150 4510 2261 4550 nec
2291 4495 2560 4568 impune,
2594 4496 2642 4551 si
2671 4498 2830 4553 male
2863 4515 2874 4552 :
2909 4504 3120 4569 postea
3148 4515 3291 4555 vero
3335 4501 3421 4556 sic
3466 4500 3596 4566 erit,

162 4599 301 4640 vum
337 4586 493 4643 ﬁerit
521 4585 668 4641 nolit
697 4585 828 4656 [al.,
854 4583 1062 4654 nollet]
1090 4583 1196 4657 qui
1223 4584 1467 4640 virtutes
1493 4583 1816 4641 miraculo-

164 4687 293 4729 rum
340 4674 536 4731 t'acere
583 4673 774 4730 noluit
821 4672 987 4746 apud
1029 4687 1153 4740 eos,
1194 4687 1350 4745 quos
1397 4672 1540 4728 dicit
1582 4677 1820 4730 acturos

169 4759 341 4820 fuisse
370 4763 786 4837 paenitentiam
821 4762 870 4817 si
900 4761 1134 4818 fecisset
1159 4779 1173 4818 :
1209 4761 1318 4818 sed
1335 4765 1401 4817 ut
1419 4778 1618 4819 omnes
1640 4762 1826 4820 homi-

170 4866 284 4921 nes,
313 4869 494 4911 omne
534 4868 724 4924 genus
753 4852 1073 4908 hominum
1101 4852 1232 4924 [al.,
1267 4851 1626 4924 humanum]
1658 4851 1823 4910 intel-

171 4937 439 5010 ligamus,
461 4958 572 5016 per
599 4956 995 5014 quascunque
1029 4938 1394 4996 ditferentias
1415 4940 1822 5009 distributum,

173 5033 657 5105 reges,privatos,
683 5031 938 5100 nobiles,
951 5028 1268 5099 ignobiles,
1283 5029 1593 5098 sublimes,
1624 5030 1824 5086 humi-

173 5115 274 5184 les,
301 5120 535 5190 doctos,
568 5120 866 5188 indoctos,
889 5117 1103 5188 integri
1136 5118 1424 5191 corporis,
1455 5118 1704 5188 debiles,
1735 5119 1826 5174 in-

177 5208 464 5278 geniosos,
518 5208 910 5277 tardicordes,
955 5207 1174 5273 fatuos,
1223 5207 1458 5277 divites,
1507 5224 1825 5281 pauperes,

178 5297 516 5362 mediocres,
558 5315 779 5364 mares,
812 5297 1090 5368 feminas,
1112 5296 1396 5370 infantes,
1421 5313 1665 5371 pueros,
1691 5298 1832 5354 ado-

178 5381 474 5462 lescentes,
499 5390 780 5462 juvenes,
811 5387 1096 5457 seniores,
1124 5403 1320 5454 senes,
1363 5388 1426 5443 in
1454 5387 1675 5458 linguis
1703 5403 1831 5444 om-

180 5472 364 5539 nibus,
395 5479 458 5535 in
484 5477 760 5535 moribus
784 5475 1090 5539 omnibus,
1116 5475 1176 5532 in
1200 5475 1431 5532 artibus
1458 5475 1832 5539 omnibus,in

184 5565 647 5631 professionibus
665 5565 1038 5632 omnibus,in
1057 5568 1434 5623 voluntatum
1453 5567 1831 5622 etconscien-

188 5650 390 5713 tiaram
417 5659 696 5716 varietate
719 5655 1101 5713 inumerabili
1124 5655 1496 5725 constitutos,
1519 5660 1576 5712 et
1608 5656 1657 5712 si
1686 5656 1833 5729 quid

189 5737 342 5798 aliud
383 5746 858 5804 differentiarum
904 5748 996 5801 est
1037 5745 1098 5800 in
1140 5745 1515 5803 hominibus.
1545 5745 1700 5812 Quid
1742 5751 1836 5802 est

641 5845 888 5901 Ρλτιιοι..
929 5842 1096 5898 CXV.

1928 4589 1994 4640 ut
2030 4584 2187 4641 male
2217 4584 2362 4640 velle
2391 4600 2515 4641 non
2555 4584 2763 4657 possit,
2806 4601 2916 4641 nec
2963 4585 3100 4642 ideo
3142 4586 3332 4642 libero
3373 4587 3600 4644 carebit

1929 4671 2195 4728 arbitrio.
2217 4671 2395 4728 Multo
2421 4673 2645 4744 quippe
2670 4671 2915 4728 liberius
2942 4673 3050 4727 erit
3070 4672 3407 4743 arbitrium,
3429 4673 3600 4744 quod

1931 4761 2180 4817 omnino
2205 4775 2330 4816 non
2359 4761 2575 4832 poterit
2614 4761 2836 4816 servire
2884 4765 3151 4832 peccato.
3198 4765 3398 4834 Neque
3435 4761 3599 4818 enim

1933 4847 2240 4922 culpanda
2269 4853 2356 4903 est
2382 4848 2682 4914 voluntas,
2717 4854 2821 4905 aut
2850 4847 3126 4904 voluntas
3173 4863 3300 4904 non
3344 4853 3455 4917 est,
3498 4853 3603 4907 aut

1931 4938 2120 4994 libera
2145 4936 2404 4992 dicenda
2431 4952 2556 4992 non
2581 4940 2688 5002 est,
2713 4952 2839 5008 qua
2859 4935 3021 4991 beati
3040 4951 3169 4992 esse
3192 4937 3276 4993 sic
3295 4937 3598 5009 volumus,

1934 5032 2000 5084 ut
2028 5042 2157 5082 esse
2181 5025 2384 5082 miseri
2404 5041 2528 5081 non
2556 5023 2754 5080 solum
2774 5023 3058 5093 nolimus,
3078 5025 3183 5082 sed
3210 5042 3604 5101 nequaquam

1935 5132 2182 5190 prorsus
2210 5115 2360 5170 velle
2391 5115 2718 5187 possimus.
2767 5113 2926 5171 Sicut
2971 5130 3114 5186 ergo
3161 5117 3367 5174 anima
3395 5121 3607 5174 nostra

1937 5206 2118 5262 etiam
2139 5219 2301 5260 nunc
2327 5203 2484 5259 nolle
2505 5202 2932 5271 infelicitatem,
2954 5203 3035 5260 ita
3055 5204 3214 5261 nolle
3229 5205 3606 5277 iniquitatem

1939 5309 2177 5367 semper
2222 5292 2506 5349 habitura
2549 5296 2656 5348 est.
2705 5291 2820 5349 Sed
2866 5292 3016 5349 ordo
3063 5292 3608 5365 praetermittendus

1937 5400 2058 5442 non
2092 5383 2220 5446 fuit,
2264 5382 2327 5439 in
2356 5398 2480 5456 quo
2524 5382 2678 5436 Deus
2708 5381 2898 5438 voluit
2926 5381 3240 5438 ostendere
3278 5396 3467 5453 quam
3496 5379 3610 5436 bo-

1939 5490 2090 5530 num
2121 5472 2196 5528 sit
2228 5472 2447 5528 animae
2490 5469 2766 5526 rationali
2815 5471 2945 5540 [al.,
2995 5468 3224 5525 animal
3270 5468 3609 5541 rationale],

1940 5563 2108 5636 quod
2154 5561 2333 5618 etiam
2384 5576 2635 5633 peccare
2682 5559 2890 5632 possit,
2941 5559 3224 5630 quamvis
3273 5559 3346 5615 sit
3388 5559 3607 5615 melius

1942 5653 2108 5727 quod
2137 5667 2386 5725 peccare
2408 5665 2530 5706 non
2553 5648 2743 5722 possit
2773 5666 2786 5704 :
2820 5648 2971 5705 sicut
2997 5647 3198 5705 minor
3228 5647 3340 5706 fuit
3361 5649 3612 5707 immor-

1944 5742 2159 5811 talitas,
2179 5741 2285 5798 sed
2314 5746 2516 5798 tamen
2545 5738 2655 5796 fuit
2677 5738 2739 5795 in
2765 5753 2890 5812 qua
2907 5741 3114 5811 posset
3135 5738 3316 5796 etiam
3340 5735 3448 5813 [al.
3468 5740 3612 5797 add.

3084 5841 3151 5893 33
