3974 6378
185 286 326 342 ιοτι

1129 289 1215 343 DE
1257 284 1937 344 PRi‘EDESTlNATlONE
1974 285 2252 340 CONTRA
2291 285 2340 340 εἰ.
2387 289 2681 344 SCOTUM.

3485 293 3622 352 ιθθι

175 412 463 466 tamenin
482 413 1472 483 seipseunusatqueirlemtesteum
1491 414 1843 469 silonmium
1874 414 1922 465 Α
1951 409 2134 463 Patris
2186 409 2360 464 Filius
2414 416 2522 478 est,
2577 412 2830 485 Spiritus
2883 418 3127 470 sanctus
3176 415 3368 471 Patris
3407 421 3465 474 et
3492 401 3646 476 Fili-il

174 509 550 555 natura-rum
592 517 774 557 causa
819 503 1074 571 simple):
1110 508 1165 558 et
1205 503 1843 574 multile:quodest

175 607 317 659 ergo
346 592 458 644 Ι)ιό
477 607 617 661 esse,
640 593 748 646 huc
770 598 851 646 es!
877 593 1177 660 cz’sapere:
1200 595 1426 664 etquod
1443 601 1523 648 pst
1542 594 1594 648 ei
1613 607 1845 660 sapere,

177 680 288 734 hoc
323 688 410 735 est
458 682 627 742 seire,
682 689 734 735 et
784 682 942 751 quod
971 688 1050 735 est
1080 684 1248 751 sr‘ire,
1282 684 1390 737 hoe
1411 691 1493 736 es!
1523 684 1842 737 destinare.

868 787 1008 823 tTORll
1022 788 1197 824 ΗΓΠΟ.

244 859 280 924 1‘
317 861 463 913 Ecee
496 859 727 930 absque
757 858 963 913 nubilo
999 860 1321 914 dubietatis
1351 861 1596 916 relative
1653 876 1850 913 essen-

185 949 406 1002 tialiter
437 949 658 1002 asseris
682 955 889 1002 contra
912 950 1182 1003 omnium
1215 950 1550 1021 Opiniones,
1579 952 1681 1021 qui
1714 966 1852 1004 acu-

178 1042 229 1090 te
263 1044 450 1107 atque
496 1037 821 1109 prudenter
873 1038 947 1092 de
997 1038 1214 1092 talibus
1244 1044 1668 1094 tractaverunt.
1703 1040 1851 1092 Cum

178 1126 342 1181 enim
401 1132 630 1181 constet
689 1127 1129 1190 categoriarum
1187 1129 1417 1200 species
1451 1129 1660 1184 decem
1695 1145 1852 1208 esse,

178 1215 657 1287 earumdemque
721 1218 998 1286 primam,
1056 1218 1273 1282 usiam.
1309 1219 1573 1289 reliquas
1606 1234 1849 1286 novem,

179 1306 542 1370 arridentia,
580 1306 639 1360 id
666 1311 751 1360 est
775 1325 907 1376 qua".
944 1307 1221 1361 um'iilunt
1256 1309 1309 1361 in
1358 1308 1697 1362 substantia
1733 1324 1856 1360 cer-

181 1403 432 1466 tumque
468 1397 536 1450 sit
572 1397 914 1450 relationem
935 1398 1262 1450 secundum
1287 1398 1583 1455 :uwidens.
1620 1414 1738 1450 non
1769 1413 1853 1450 se-

180 1485 452 1539 cundum
479 1487 666 1539 usiain
695 1486 1026 1556 prmdimri.
1050 1504 1169 1556 qua
1201 1488 1385 1539 fronte
1407 1487 1683 1540 arridens
1709 1486 1854 1538 sub-

181 1575 470 1628 stuntiain
490 1593 822 1645 nunrupes,
868 1592 1254 1646 lll*l"]'il.'i(1llfilll
1283 1578 1475 1630 video.
1504 1581 1644 1630 Nam
1679 1576 1853 1630 desti-

178 1682 324 1720 nare
355 1673 411 1720 et
448 1666 893 1736 pl‘tf‘tlt‘silllul't'.
929 1668 1081 1720 sicut
1146 1668 1355 1724 tiu-eraiu
1394 1683 1618 1720 creare.
1649 1667 1853 1738 dispo-

1953 500 2202 570 Spiritus
2235 506 2366 556 est:
2407 502 2692 558 Dominus
2747 519 2891 560 vero
2944 504 3101 561 servi
3151 506 3438 563 Dominus
3486 511 3622 566 est:

1953 590 2211 652 Creator,
2247 596 2545 661 operator,
2581 591 2914 648 destinator
2941 599 3236 650 caeaturae
3266 595 3394 652 sine
3427 595 3616 652 dubio

1953 684 2201 744 creator,
2235 685 2513 751 operator
2544 686 2599 736 et
2620 681 2949 738 destinator
2979 688 3098 739 est:
3129 685 3442 741 conﬁcitur
3477 701 3622 757 ergo

1954 768 2295 823 nullatenus
2318 769 2779 827 (liestinationem
2807 772 2882 828 de
2916 776 3033 828 Deo
3057 773 3448 830 essentialiter
3471 791 3622 848 prae-

1954 856 2137 911 dicari
2194 859 2570 930 Quapropter
2617 877 2758 917 cum
2793 861 2920 934 ipse
2969 861 3360 919 essentialiter
3386 879 3624 938 semper

1955 943 2148 1013 fuerit,
2185 951 2384 1001 tamen
2419 963 2733 1020 nunquam
2768 955 2944 1007 antea
2967 951 3258 1008 Dominus
3283 951 3621 1025 appellatus

1958 1041 2257 1105 estquam
2305 1037 2430 1107 ipse
2471 1037 2688 1094 faceret
2733 1042 2906 1112 cujus
2966 1043 3255 1097 Dominus
3305 1042 3618 1098 diceretur.

1963 1124 2236 1179 Similiter
2259 1141 2396 1180 cum
2430 1142 2666 1199 semper
2691 1128 2971 1186 habuerit
3000 1130 3061 1186 in
3093 1137 3317 1187 tBiei‘llO
3344 1131 3620 1187 volunta-

1960 1213 2030 1267 tis
2061 1230 2183 1266 sum
2233 1215 2486 1270 concilio
2542 1217 2708 1288 quid,
2772 1219 3022 1290 quando
3049 1226 3104 1275 et
3162 1220 3495 1292 quomodo,
3529 1219 3625 1276 vel

1960 1301 2059 1355 ubi
2087 1302 2322 1369 faceret,
2347 1304 2870 1380 destinaretatque
2897 1307 3260 1380 disponeret,
3301 1324 3421 1365 non
3454 1309 3626 1381 prius

1963 1392 2170 1459 factor,
2243 1393 2569 1448 destinator
2635 1401 2815 1467 atque
2902 1397 3232 1470 dispositor
3282 1398 3480 1453 dictus
3517 1402 3624 1466 est,

1960 1497 2147 1552 quam
2176 1481 2368 1535 facere
2398 1482 2723 1540 destinaret
2753 1490 2933 1557 atque
2970 1487 3336 1559 disponeret.
3372 1488 3630 1552 Quam'o-

1961 1569 2132 1624 brem
2148 1571 2310 1625 nullo
2330 1571 2513 1627 modo
2528 1573 2928 1630 substantiam
2942 1576 2992 1646 ej
3004 1593 3072 1631 us
3085 1575 3629 1642 demonstrat,cum

1959 1658 2173 1713 dicitur
2199 1659 2412 1728 facere,
2445 1662 2704 1733 operari,
2762 1663 3062 1720 destinare
3095 1669 3276 1737 atque
3309 1665 3630 1738 disponere

178 1771 342 1823 nere,
408 1755 777 1827 dispensare.
830 1757 1127 1818 ordinare,
1164 1758 1603 1812 administrate
1642 1758 1853 1819 guber-
1885 1777 1922 1828 Β
1963 1747 2069 1800 Sed
2103 1749 2383 1802 Effectum
2439 1750 3046 1824 omnipotentissimae
3092 1753 3418 1810 voluntatis
3449 1753 3626 1824 illius,

177 1863 338 1904 nare.
373 1846 668 1914 judicare,
692 1847 1004 1912 damnare,
1032 1852 1086 1900 et
1116 1855 1330 1902 (natura
1357 1847 1576 1901 simi-lia
1607 1847 1852 1901 relative

178 1935 293 1988 dici
351 1935 584 1988 nullus.
641 1936 740 2005 qui
795 1936 1008 1988 horum
1064 1935 1505 2006 aliquantulum
1543 1940 1854 1990 assecutus

179 2031 265 2078 est
295 2024 599 2096 peritiam.
629 2040 874 2095 prorsus
911 2027 1165 2079 iLrnorat.
1196 2025 1366 2089 Quod
1401 2024 1562 2079 enim
1593 2025 1858 2079 destina-

180 2116 294 2181 tur,
310 2113 478 2168 aliud
499 2130 740 2167 necesse
756 2119 842 2166 est
863 2113 930 2166 sit
947 2114 1274 2169 destinatis.
1293 2113 1852 2168 aliuddestinatum.

179 2207 256 2254 Ac
276 2201 521 2272 perhoc
542 2217 661 2254 non
679 2201 1145 2256 substantialiter
1178 2202 1255 2255 ita
1286 2201 1502 2255 dicitur
1532 2201 1856 2269 destinare,

178 2290 335 2346 sicut
351 2291 732 2345 dicituresse:
751 2306 881 2345 esse
894 2292 1119 2362 quippe
1134 2291 1859 2355 substentiam,(:lestinare

179 2381 474 2447 veroeius
494 2379 793 2448 accidens,
819 2379 876 2433 id
903 2386 989 2434 est
1012 2380 1362 2436 relationem
1399 2381 1718 2449 significat.
1753 2381 1863 2437 lta.

178 2483 296 2541 que
326 2484 472 2524 cum
503 2467 720 2524 dicitur
747 2467 956 2535 homo,
993 2469 1333 2525 substantia
1388 2475 1495 2537 est,
1545 2485 1680 2524 cum
1715 2485 1858 2525 vero

179 2557 403 2614 dicitur
418 2558 770 2624 destinator,
789 2559 835 2627 ej
851 2577 917 2614 us
933 2559 1300 2625 accidens,id
1320 2564 1406 2614 est
1420 2559 1626 2615 relatio
1641 2559 1859 2631 priedi-

180 2653 391 2716 catur;
429 2655 484 2704 et
511 2650 643 2705 usia
675 2649 928 2722 quidem
960 2666 1151 2704 unum
1200 2649 1428 2721 aliquid
1463 2649 1862 2704 eesentialiter

177 2736 580 2807 demonstrat,
607 2740 888 2793 accidens
924 2754 1068 2793 vero
1099 2739 1254 2793 illius
1279 2740 1406 2808 jam
1463 2739 1641 2811 plura
1690 2755 1859 2793 com-

176 2826 476 2897 plectitur.
517 2828 778 2883 Dicendo
807 2829 1048 2892 etenim,
1083 2829 1290 2898 homo,
1325 2828 1646 2883 nihilaliud
1665 2845 1854 2898 quam

174 2914 494 2972 hominem
517 2919 878 2989 pronuntio;
910 2924 970 2973 at
998 2935 1137 2973 cum
1180 2919 1387 2973 dixero
1420 2919 1768 2984 destinator,
1803 2935 1863 2987 et

173 3004 491 3060 hominem
510 3010 565 3060 et
582 3007 711 3074 ejus
729 3007 1006 3060 accidens
1029 3007 1248 3076 pariter
1271 3007 1534 3061 enuntio.
1557 3009 1704 3060 Nam
1729 3005 1861 3061 des-

1962 1835 2024 1890 in
2045 1853 2168 1908 qua
2194 1853 2432 1909 semper
2461 1837 2567 1894 fuit
2598 1840 2748 1896 ratio
2784 1859 2795 1896 :
2825 1857 3084 1916 quaeque
3139 1843 3446 1914 voluisset,
3501 1843 3630 1915 ipse

1965 1924 2110 1978 nulli
2157 1931 2262 1980 aut
2303 1926 2723 1999 temporalitati
2755 1934 2861 1985 aut
2889 1929 3274 1987 mutabilitati
3304 1930 3628 1999 obnoxius,

1970 2013 2325 2086 temporolia
2347 2020 2403 2072 et
2423 2016 2756 2086 mutabilia,
2777 2020 3184 2093 temporaliter
3197 2024 3255 2077 et
3269 2019 3635 2077 mutabiliter

1965 2103 2091 2157 sine
2149 2103 2355 2159 labore
2410 2109 2468 2159 et
2524 2105 2869 2176 fatigatione
2915 2108 3328 2182 quietissimus
3375 2107 3633 2166 destina-

1967 2197 2426 2265 ret,operaretur
2445 2199 2501 2250 et
2530 2194 2768 2254 faceret.
2818 2199 3034 2255 Verum
3063 2199 3380 2270 Augustini
3422 2197 3633 2256 deﬁni-

1966 2283 2274 2356 tio,_quam
2291 2299 2516 2356 ponere
2533 2285 2793 2358 voluisti,
2811 2302 2935 2344 non
2959 2288 3146 2346 habet
3157 2288 3635 2362 praedestinatio-

1965 2388 2106 2427 nem
2154 2373 2252 2429 Dei
2310 2389 2441 2428 esse
2497 2374 2916 2447 substantiam,
2970 2378 3080 2434 sed
3123 2378 3634 2452 prazparationem‘

1966 2478 2037 2518 ac
2057 2461 2518 2536 dispositionem
2565 2465 2842 2523 omnium
2897 2483 3036 2542 quae
3081 2472 3209 2526 erat
3257 2467 3386 2542 ipse
3440 2467 3632 2528 factu-

1966 2568 2088 2606 l'llS.

2043 2644 2218 2697 Porro
2250 2641 2610 2715 sapientiam
2664 2647 2720 2700 et
2763 2645 3076 2702 scientiam
3107 2646 3182 2703 de
3232 2649 3352 2704 Deo
3392 2661 3624 2704 esssen-

1967 2729 2179 2785 tialiter
2204 2731 2521 2802 prtedicari
2545 2733 2680 2806 quis
2701 2735 2931 2792 nesciat
2959 2735 2988 2790 ‘I
3011 2739 3137 2792 Non
3169 2736 3332 2792 enim
3386 2735 3632 2794 relative

1966 2818 2247 2875 dicuntur
2280 2839 2292 2875 :
2319 2821 2415 2875 Est
2437 2822 2664 2894 quippe
2679 2823 2922 2895 sapiens
2951 2825 3142 2892 Pater,
3163 2825 3406 2898 sapiens
3428 2823 3630 2894 Filius,

1967 2908 2209 2980 sapiens
2241 2909 2493 2980 Spiritus
2526 2916 2778 2967 sanctus
2811 2931 2824 2979 ;
2858 2913 3052 2969 sciens
3096 2914 3292 2980 Pater,
3317 2913 3512 2971 sciens
3542 2913 3632 2970 Fi-

1963 2997 2101 3062 lius,
2135 2997 2328 3052 sciens
2363 2998 2611 3070 Spiritus
2643 3005 2892 3057 sanctus
2922 3020 2936 3070 ;
2966 3003 3091 3059 imo
3121 3003 3415 3076 sapientia
3434 3003 3630 3072 Pater,

174 3094 398 3150 tinator
419 3109 662 3149 necesse
696 3099 782 3149 est
803 3093 1027 3166 aliquid
1062 3095 1334 3154 destinet.
1367 3095 1551 3149 homo
1603 3111 1746 3149 vero
1774 3094 1852 3149 ad
1885 3131 1927 3185 ο
1966 3086 2260 3158 Sapientia
2293 3086 2490 3153 Filius.
2516 3087 2808 3158 sapientia
2839 3089 3091 3162 Spiritus
3119 3097 3367 3148 Sanctus
3401 3091 3634 3147 :Scien'

175 3183 317 3238 nihil
333 3181 502 3237 aliud
520 3182 772 3238 relatum
791 3182 1136 3254 simpliciter
1168 3183 1505 3238 substantia
1527 3183 1843 3238 indicatur.

239 3274 514 3346 Apparet
554 3272 734 3341 igitur
771 3272 1232 3338 accidentaliter,
1287 3288 1408 3327 non
1464 3272 1852 3327 essentialiter

173 3361 645 3418 destinationem
705 3361 820 3416 dici
873 3377 1012 3415 cum
1060 3376 1182 3415 non
1225 3361 1298 3416 de
1330 3361 1624 3431 subjecto,
1655 3361 1845 3416 sedin

176 3449 449 3519 subjecto
480 3449 843 3522 praedicetur
877 3468 888 3503 :
928 3450 981 3504 Si
1018 3450 1176 3503 enim
1236 3449 1576 3504 substantia
1636 3449 1852 3505 dicitur

177 3537 250 3593 ab
277 3555 349 3594 eo
381 3539 552 3612 quod
605 3540 806 3595 omnis
847 3555 939 3593 res
972 3539 1048 3593 ad
1085 3540 1350 3611 seipsam
1379 3540 1684 3605 subsistat,
1723 3556 1850 3594 cor-

179 3644 288 3699 pus
333 3632 563 3703 quippe
611 3631 883 3685 subsistit
931 3635 986 3684 et
1033 3630 1167 3684 ideo
1199 3630 1536 3685 s.;bstantia
1564 3634 1649 3684 est
1685 3630 1852 3685 nimi-

179 3733 310 3773 rum
340 3720 696 3785 accidentia,
733 3736 863 3790 qute
897 3719 954 3773 in
986 3719 1344 3773 subsistente
1369 3725 1546 3790 atque
1581 3719 1851 3789 subjecto

182 3813 335 3878 sunt,
371 3808 723 3865 substantize
752 3825 870 3864 non
906 3813 1062 3874 sunt,
1123 3809 1264 3880 quia
1314 3823 1436 3863 non
1491 3808 1849 3882 subsistunt,

183 3896 284 3950 sed
337 3902 651 3953 mutantur
683 3916 695 3966 ;
727 3897 877 3953 sicut
905 3897 1112 3963 homo,
1148 3897 1240 3952 vel
1271 3913 1480 3968 equus,
1539 3897 1630 3951 vel
1670 3896 1844 3968 lapis,

182 3985 389 4042 eadem
419 4003 550 4042 esse
582 4003 827 4042 necesse
855 3991 942 4042 est
973 4005 984 4040 :
1011 3986 1243 4041 bonum
1296 3991 1521 4048 autem,
1577 3985 1671 4040 vel
1727 4001 1851 4041 ma-

181 4071 321 4141 lum,
372 4077 471 4132 vel
517 4077 870 4148 sapientem,
903 4075 996 4131 vel
1029 4075 1326 4141 hebetem,
1360 4075 1455 4129 vel
1503 4074 1846 4146 pulchrum,

187 4162 269 4217 vel
298 4164 636 4222 deformem
666 4181 788 4220 non
823 4180 1060 4236 semper
1091 4164 1253 4218 idem
1283 4163 1521 4226 dicitur,
1557 4163 1850 4235 quoniam

181 4254 671 4326 quandocumque
694 4258 750 4308 et
780 4253 1337 4325 quomodocumque
1366 4251 1654 4307 mutabile
1689 4267 1848 4306 eom-

182 4341 498 4410 probatur;
535 4343 788 4414 proinde
828 4359 967 4398 cum
996 4357 1233 4414 semper
1261 4341 1449 4412 possit
1475 4357 1606 4396 esse
1636 4341 1842 4406 homo,

185 4443 573 4504 nequaquam
605 4431 874 4503 sequitur
902 4446 1142 4502 semper
1190 4430 1263 4485 sit
1292 4429 1647 4484 destinator.
1673 4427 1843 4484 Verbi

186 4518 410 4584 gratia:
444 4521 694 4593 quando
748 4519 897 4575 nihil
952 4519 1135 4575 habet
1175 4520 1342 4591 quod
1401 4519 1673 4584 destinet,
1722 4533 1846 4574 non

185 4613 334 4664 recte
360 4610 694 4667 destinator
723 4610 1061 4683 appellatur
1095 4628 1106 4678 ;
1159 4609 1375 4664 dicitur
1406 4613 1607 4665 autem
1639 4609 1844 4677 homo,

189 4696 418 4757 etiamsi
443 4700 593 4756 nihil
623 4699 909 4756 destinas.
952 4700 1122 4764 Quod
1150 4716 1291 4754 cum
1321 4698 1394 4754 de
1428 4699 1718 4755 creaturis
1749 4714 1844 4754 ra-

192 4783 570 4846 tionabilibus
586 4790 720 4862 jure
751 4790 984 4857 dicitur,
1018 4790 1092 4845 de
1142 4792 1281 4856 Deo,
1315 4790 1410 4845 cui
1441 4789 1552 4844 soli
1586 4788 1734 4844 nihil
1758 4805 1852 4843 ac-

192 4874 342 4948 cidit,
373 4879 564 4936 multo
593 4880 760 4936 aliter
804 4879 1169 4953 praedicatur
1196 4898 1208 4935 :
1233 4879 1532 4952 quidquid
1585 4879 1746 4934 enim
1778 4877 1854 4933 de

194 4961 304 5022 Deo
323 4968 397 5024 ab
414 4970 661 5026 homine
682 4969 1048 5039 dicatur,aut
1067 4969 1404 5024 secundum
1427 4968 1852 5034 substantiam,

198 5058 294 5110 aut
343 5059 680 5115 secundum
727 5059 1102 5128 relationem,
1142 5057 1238 5114 vel
1278 5057 1542 5130 proprie,
1571 5056 1665 5112 vel
1694 5062 1855 5112 tran-

195 5139 330 5200 slate
355 5147 470 5204 dici
503 5163 749 5204 necesse
766 5151 872 5203 est.
899 5150 1052 5203 Deus
1070 5146 1296 5219 quippe
1321 5160 1605 5216 magnus,
1628 5144 1851 5207 bonus,

197 5235 599 5310 omnipotens,
635 5237 904 5311 sapiens,
925 5238 1145 5309 justus,
1191 5235 1616 5308 sempiternus,
1657 5247 1860 5313 essen_

196 5317 395 5380 tialiter
421 5327 726 5384 dicuntur.
759 5328 1024 5394 Creator,
1058 5325 1350 5392 conditor,
1384 5324 1592 5392 factor,
1647 5339 1859 5396 opera_

197 5408 303 5500 tor,
333 5413 676 5489 dispositor,
708 5415 1060 5481 destinator,
1088 5413 1418 5480 ordinator,
1467 5413 1857 5500 gubernator,

195 5493 366 5564 iudex
408 5506 654 5563 relative
687 5505 1096 5579 proferuntur,
1149 5520 1286 5576 quae
1334 5507 1538 5558 tamen
1561 5501 1770 5558 relatio
1796 5493 1857 5557 in

200 5582 306 5643 Deo
360 5597 579 5664 partim
636 5595 716 5652 ad
766 5613 849 5664 se,
878 5595 1097 5668 partim
1144 5593 1217 5650 ad
1253 5599 1559 5648 creaturas
1587 5591 1860 5648 refertur.

202 5672 354 5736 Pater
402 5686 582 5749 enim,
637 5688 693 5741 et
736 5684 943 5754 Filius,
975 5690 1030 5740 et
1061 5682 1314 5756 Spiritus
1341 5686 1600 5737 sanctus
1623 5681 1702 5737 ad
1730 5696 1862 5737 sese

201 5764 388 5841 utique
419 5777 785 5835 referuntur:
819 5775 992 5833 Pater
1021 5774 1182 5831 enim
1206 5773 1328 5830 Filii
1354 5775 1522 5831 Pater
1558 5776 1666 5844 est,
1688 5771 1866 5828 Filius

1874 4487 1919 4542 D

1963 3176 2042 3231 tia
2069 3179 2236 3232 Pater
2263 3175 2510 3232 scientia
2539 3176 2738 3245 Filius,
2765 3179 3014 3237 scientia
3046 3181 3299 3252 Spiritus
3355 3183 3622 3252 sanctus,

1962 3265 2113 3320 sicut
2131 3267 2284 3319 Deus
2300 3268 2487 3332 Pater,
2502 3267 2658 3321 Deus
2679 3266 2875 3336 Filius,
2898 3271 3051 3324 Deus
3072 3268 3322 3342 Spiritus
3348 3272 3630 3326 sanctus:

1959 3358 2016 3408 et
2069 3360 2270 3408 tamen
2321 3370 2443 3409 non
2501 3361 2618 3409 tres
2671 3357 2992 3428 sapientes,
3041 3363 3144 3414 aut
3186 3361 3303 3414 tres
3352 3357 3628 3424 scientes,

1959 3441 2053 3496 vel
2105 3445 2222 3498 tres
2280 3443 2608 3514 sapientiae,
2651 3444 2772 3500 sive
2821 3449 2938 3501 tres
2987 3445 3269 3516 scientiae,
3319 3445 3472 3504 sicut
3517 3457 3634 3503 nee

1962 3535 2078 3586 tres
2107 3530 2188 3586 dii
2222 3549 2235 3597 ;
2265 3531 2370 3586 sed
2403 3547 2560 3586 unus
2619 3533 2884 3605 sapiens,
2937 3549 3096 3590 unus
3127 3535 3346 3606 sciens,
3377 3535 3475 3592 vel
3504 3547 3631 3593 una

1960 3621 2274 3692 sapientia,
2321 3636 2442 3676 una
2471 3621 2738 3691 scientia,
2769 3623 2925 3681 sicut
2956 3640 3115 3681 unus
3172 3627 3347 3682 Deus.
3408 3625 3634 3699 Sapere

1959 3709 2209 3781 quidem
2229 3715 2285 3765 et
2307 3711 2454 3766 scire
2477 3711 2558 3766 illi
2580 3716 2668 3768 est
2689 3712 3082 3770 essentialiter
3112 3714 3279 3787 quod
3300 3730 3433 3771 esse
3457 3731 3472 3770 :
3504 3724 3632 3771 non

1961 3799 2122 3854 enim
2153 3799 2231 3855 ad
2253 3799 2481 3875 aliquid
2501 3800 2771 3871 refertur,
2791 3807 2851 3858 at
2891 3801 3191 3860 destinare
3225 3807 3407 3876 atque
3433 3802 3630 3875 dispo.

1960 3903 2100 3944 nere
2128 3889 2420 3960 quoniam
2451 3889 2530 3946 ad
2560 3890 2792 3963 aliquid
2812 3890 3435 3961 refertur,nullatenus
3457 3891 3533 3950 de
3555 3903 3630 3952 eo

1960 3978 2352 4034 essentialiter
2381 3979 2763 4050 praedicatur.
2799 3981 2950 4038 Cum
2981 3981 3408 4051 igiturconstet
3435 3985 3632 4039 trans-

1957 4067 2136 4123 lative
2163 4067 2754 4140 praedestinationem
2799 4069 2862 4125 in
2919 4073 3038 4126 Deo
3084 4070 3355 4144 proferri,
3440 4072 3631 4146 liquet

1956 4157 2223 4229 profecto
2245 4172 2370 4212 non
2419 4158 2839 4231 essentialiter,
2875 4160 2984 4216 sed
3027 4160 3270 4218 relative
3327 4159 3626 4235 depromi.

1956 4250 2106 4302 Nam
2161 4246 2207 4300 si
2279 4248 2672 4305 essentialiter
2719 4249 2793 4306 de
2848 4250 2968 4307 Deo
3017 4251 3313 4308 diceretur
3367 4252 3630 4327 praedes-

1955 4335 2143 4392 tinare
2194 4335 2345 4392 sicut
2364 4353 2518 4400 esse,
2569 4354 2781 4410 sapere
2827 4346 2884 4396 et
2913 4340 3082 4403 scire,
3139 4358 3517 4416 consequens
3542 4357 3630 4398 es-

1957 4429 2043 4481 set
2075 4429 2137 4482 ut
2166 4425 2295 4497 ejus
2326 4427 2771 4498 preedestinatio
2787 4445 2909 4486 non
2937 4429 3017 4488 ad
3042 4430 3269 4504 aliquid
3288 4432 3626 4500 referretur,

1959 4515 2111 4572 sicut
2138 4531 2250 4571 nec
2280 4520 2562 4585 essentia,
2596 4518 2976 4588 magnitudo,
3023 4519 3286 4586 bonitas,
3335 4520 3625 4593 potentia,

1959 4605 2276 4677 sapientia,
2311 4606 2581 4674 scientia,
2604 4606 2836 4678 justitia
2865 4606 3022 4663 illius
3076 4608 3155 4665 ad
3209 4608 3442 4682 aliquid
3480 4608 3630 4664 refe-

1959 4698 2173 4749 runtur
2208 4712 2220 4760 ;
2251 4694 2631 4765 magnitudo,
2658 4695 2923 4767 bonitas,
2971 4696 3256 4768 potentia,
3311 4695 3627 4768 sapientia,

1961 4783 2228 4851 scientia,
2255 4783 2484 4853 justitia
2514 4799 2654 4840 cum
2681 4784 2756 4839 de
2795 4787 2912 4840 Deo
2943 4785 3244 4851 dicuntur,
3282 4785 3388 4858 qui
3417 4799 3628 4841 essen-

1962 4873 2179 4929 tialiter
2207 4872 2338 4945 ipse
2370 4873 2443 4928 sit
2461 4873 2761 4930 indicatur
2792 4874 3283 4945 :praadestinatio
3308 4889 3432 4931 non
3478 4873 3630 4948 quid

1961 4963 2091 5034 ipse
2139 4962 2231 5032 sit,
2307 4962 2418 5018 sed
2470 4962 2616 5034 quid
2689 4963 2849 5030 velit,
2907 4961 3197 5035 disponat
3238 4969 3296 5022 et
3345 4969 3628 5038 operetur

1962 5051 2250 5108 enuntiat.
2287 5051 2632 5108 Substantia
2661 5052 2763 5108 Dei
2784 5067 3104 5126 nunquam
3132 5053 3443 5127 pluraliter
3463 5054 3632 5112 offen-

1962 5146 2077 5198 tur.
2139 5141 2696 5200 Praedestinationes
2753 5143 2905 5216 ejus,
2948 5143 3101 5200 sicut
3182 5145 3627 5219 dispositiones,

1965 5231 2465 5303 dispensationes,
2543 5231 2970 5299 ordinationes,
3057 5236 3456 5308 operationes,
3507 5233 3630 5291 dis-

1966 5320 2319 5377 tributiones
2351 5321 2502 5392 ejus,
2560 5321 2872 5394 pluraliter
2901 5324 3201 5381 enuntiari
3253 5328 3309 5381 et
3355 5323 3633 5383 ostende-

1967 5426 2124 5476 mus,
2148 5413 2204 5465 et
2225 5410 2328 5466 ubi
2349 5411 2743 5468 commodum
2768 5412 2962 5482 fuerit,
2989 5412 3228 5470 favente
3249 5411 3506 5468 Domino
3530 5428 3633 5470 os-

1968 5500 2307 5558 tendemus.
2330 5500 2443 5557 Sed
2473 5501 2764 5574 quoniam
2793 5500 2868 5558 de
2893 5501 2988 5558 his
3017 5501 3080 5557 in
3117 5517 3406 5574 processu
3432 5503 3635 5576 operis

1970 5590 2179 5662 hujus,
2238 5589 2508 5647 adhibito
2555 5589 2871 5661 Augustini
2925 5590 3150 5656 favore,
3181 5591 3277 5648 vel
3308 5591 3633 5666 copiosius,

1970 5678 2067 5738 vel
2175 5679 2563 5748 fastidiosius,
2676 5696 2783 5737 seu
2867 5686 3022 5737 certe
3125 5680 3397 5739 fallacius
3485 5682 3640 5756 agis,

1978 5786 2117 5830 cum
2192 5771 2272 5830 ad
2340 5771 2500 5830 idem
2580 5772 2858 5830 locorum
2934 5776 3177 5830 ventum
3226 5773 3402 5833 fuerit
3452 5774 3644 5847 ipsius
