3974 6436
363 347 385 401 1
399 348 504 403 039

1398 350 1453 403 S.
1498 347 1872 403 PRUDENTII
1911 345 2291 407 TRECENSIS
2330 350 2646 409 EPISCOPI

3648 350 3813 405 £040

354 468 541 527 Patris
562 469 875 539 Augustini
907 469 1267 538 testimonio,
1293 475 1592 527 annuente
1618 468 1854 526 Domini
1877 470 2015 525 Jesu
2047 469 2097 524 Α
2129 472 2484 544 probamus,
2508 474 2569 530 id
2618 476 2710 529 est
2734 471 2984 545 peccati,
3016 471 3223 526 mortis
3255 474 3436 544 atque
3483 471 3739 528 miseriae
3780 488 3804 528 :

357 558 571 615 Christi
601 557 810 629 gratia,
840 556 1262 615 confutaberis.

1004 663 1230 721 CAPUT
1270 666 1361 721 IlI.

357 771 446 828 De
474 786 537 827 eo
572 770 729 841 quod
756 768 908 825 duas
928 770 1488 839 prwdestinationes
1518 772 1677 828 ratio
1720 787 1840 827 non
1871 772 2014 843 sinit

1113 874 1250 915 €888.

420 961 643 1020 Deinde
674 962 850 1019 tantis
876 964 1045 1020 tertio
1095 965 1429 1021 vanitatum
1488 970 1729 1022 tuarum
1779 964 2010 1021 ludicro

348 1055 774 1123 argumentum
827 1053 1341 1125 superﬂuitatibus
1386 1070 1479 1109 res
1529 1070 1653 1111 non
1697 1070 2009 1110 neccessa-

343 1141 461 1197 rias
512 1139 938 1212 replicantibus
992 1146 1204 1213 scates,
1263 1148 1329 1199 ut
1383 1143 1607 1216 pudeat
1649 1142 1876 1211 audire,
1908 1159 2009 1200 ne-

341 1229 489 1285 dum
545 1228 764 1300 legere,
814 1230 1143 1302 quemlibet
1216 1233 1632 1301 honestorum,
1690 1232 1801 1305 qui
1856 1232 2006 1288 dum

338 1317 722 1391 multiloquio
776 1318 1047 1388 insudas,
1091 1336 1336 1393 prorsus
1380 1320 1635 1378 evadere
1688 1320 2006 1394 nequivisti

337 1406 508 1480 quod
540 1405 753 1463 dicitur
784 1424 797 1463 :
826 1408 899 1463 In
926 1410 1307 1481 multiloquio
1346 1425 1466 1465 non
1517 1410 1760 1481 effugies
1800 1425 2006 1480 pecca-

339 1500 465 1552 tum
490 1497 693 1567 (Prov.
725 1513 785 1564 x,
824 1497 932 1567 l9).
966 1497 1065 1553 Ais
1114 1498 1296 1567 enim,
1328 1498 1681 1571 multiloque
1722 1499 1938 1572 repetis
1967 1515 2004 1556 a

335 1584 441 1641 Dei
470 1584 774 1641 voluntate
804 1589 985 1658 atque
1015 1587 1296 1654 essentia,
1352 1587 1721 1660 perindeque
1747 1587 2003 1660 praedes-

333 1672 642 1740 tinatione,
669 1689 915 1730 omnem
954 1675 1169 1731 abesse
1214 1676 1656 1732 necessitatem.
1716 1675 1859 1742 Quis
1887 1676 2001 1731 hoc

331 1762 619 1833 ignoret?
653 1763 795 1829 Quis
825 1765 1051 1820 nesciat
1080 1767 1268 1821 Deum
1325 1764 1472 1820 nulli
1501 1765 1839 1836 subjectum
1872 1780 2001 1820 esse

329 1853 528 1909 noxiae
553 1852 915 1909 necessitati.
945 1854 1201 1910 Proinde
1245 1854 1527 1927 quamvis
1582 1854 1790 1910 omnia
1839 1870 2000 1926 qure-

332 1959 577 2016 cunque
604 1945 761 1998 Deus
792 1943 997 2011 voluit,
1024 1943 1322 2016 disposuit
1337 1961 1406 2000 ac
1430 1944 1769 2012 destinavit,
1795 1960 1999 2001 neces-

329 2048 394 2088 se
425 2036 514 2088 est
543 2035 609 2088 ut
635 2031 717 2088 ita
764 2048 876 2088 nec
908 2032 1075 2089 aliter
1105 2033 1355 2089 omnino
1387 2032 1571 2102 ﬁant;
1606 2033 1754 2090 nulli
1792 2038 1995 2090 tamen

325 2120 677 2177 violentiam
747 2121 827 2178 ad
878 2122 1172 2179 utrumvis
1224 2123 1353 2193 ejus
1411 2122 1997 2196 praedestinationem

326 2208 543 2265 inferre
587 2208 718 2280 jam
770 2213 826 2265 et
880 2208 1144 2266 diximus
1192 2215 1250 2267 et
1287 2210 1565 2268 fatemur.
1611 2215 1692 2268 Ac
1735 2228 1843 2285 per
1881 2212 1998 2267 hoc

326 2314 470 2354 cum
501 2298 807 2355 neminem
830 2298 971 2354 huic
1024 2300 1335 2356 assertioni
1388 2300 1586 2357 favere
1617 2305 1722 2357 aut
1748 2299 1996 2371 legerim

325 2390 432 2443 aut
504 2386 822 2454 audierim,
898 2386 1098 2443 videre
1151 2404 1388 2462 nequeo
1462 2388 1866 2462 quamobrem
1919 2388 1997 2445 de

322 2475 678 2531 necessitate
724 2475 1271 2549 praedestinationis
1330 2478 1618 2550 tantisper
1651 2478 1994 2550 disputave-

321 2564 425 2635 ris,
458 2564 572 2620 nisi
596 2565 742 2638 quia
769 2581 895 2621 non
924 2564 1158 2621 habens
1187 2566 1336 2639 quid
1388 2567 1507 2621 veri
1559 2567 1805 2634 diceres,
1835 2584 1995 2640 quee-

325 2654 452 2709 sisti
477 2670 600 2726 quo
650 2654 933 2722 insanire,
966 2653 1128 2710 unde
1155 2655 1744 2727 praedestinationcm
1776 2656 1991 2728 impio-

323 2758 463 2798 rum
483 2758 519 2797 a
551 2742 835 2798 Patribus
869 2742 1088 2815 saepius
1120 2743 1483 2800 inculcatam
1513 2743 1784 2800 funditus
1814 2744 1991 2801 abro—

330 2846 529 2901 gares.
561 2831 703 2887 Post
723 2829 911 2886 multa
937 2834 1098 2886 enim
1134 2850 1146 2886 :

913 2951 1150 2992 JOANNES
1192 2953 1416 2993 SCOTUS.

392 3026 540 3098 (Cap
573 3040 658 3095 ιιι,
689 3039 857 3080 num.
883 3029 935 3091 1,
971 3029 1112 3081 sect.
1157 3026 1234 3097 3.)
1282 3030 1321 3079 Θ
1350 3028 1489 3082 Νοη
1521 3033 1603 3083 est
1637 3028 1845 3097 igitur,
1879 3028 1989 3095 ais,

323 3115 437 3171 illa
458 3114 910 3185 praedestinatio
937 3130 1069 3186 qua:
1086 3132 1185 3186 cog
1197 3117 1242 3170 it
1266 3116 1603 3171 inenitabili
1623 3118 1990 3184 necessitate,

324 3206 531 3273 vitam,
555 3204 886 3274 justitiam,
923 3204 1376 3274 beatitudinem,
1419 3220 1528 3261 nec
1553 3205 1665 3261 illa
1723 3222 1853 3277 qua;
1904 3223 1995 3262 co-

318 3299 483 3365 geret
509 3292 939 3361 prazdictorum
993 3292 1280 3349 bonorum
1342 3296 1671 3360 contraria,
1714 3296 1993 3351 videlicet

313 3386 587 3447 mortem,
608 3386 946 3449 peccatum.
976 3382 1302 3449 miseriam,
1362 3398 1495 3452 qua?
1534 3384 1713 3449 ratio,
1764 3382 1991 3455 inquis,

314 3470 775 3539 enthymematis
795 3476 1149 3539 argumento
1172 3472 1575 3539 concluditur,
1589 3473 1748 3543 quod
1766 3488 1997 3542 semper

316 3563 402 3614 est
436 3572 474 3614 a
500 3558 829 3622 contrario,
863 3559 1036 3626 cujus
1063 3560 1395 3627 propositio
1423 3561 1565 3615 talis
1597 3567 1680 3616 est
1710 3578 1732 3618 .'
1771 3563 1907 3617 Non
1938 3568 1995 3618 et

317 3645 477 3701 Deus
504 3659 736 3700 summa
758 3645 1013 3700 essentia
1041 3646 1138 3712 sit,
1170 3652 1223 3701 et
1254 3662 1457 3703 eorum
1493 3654 1730 3705 tantum
1760 3666 1892 3721 qua:
1919 3650 1994 3705 ab

318 3749 384 3791 eo
414 3738 554 3790 sunt
581 3748 763 3789 causa
794 3749 914 3789 non
944 3734 1042 3804 sit,
1100 3740 1181 3790 est
1212 3741 1409 3791 autem
1442 3738 1597 3791 Deus
1642 3753 1875 3794 summa
1906 3754 1993 3795 es-

317 3827 531 3891 sentia,
564 3830 647 3881 est
690 3824 882 3895 igitur
919 3840 1123 3880 eorum
1174 3830 1409 3882 tantum
1463 3842 1595 3897 qua?
1648 3826 1723 3883 ab
1754 3844 1818 3884 eo
1853 3836 1993 3885 sunt

319 3930 523 3971 causa.
563 3915 907 3980 Peccatum,
936 3930 1119 3983 mors,
1150 3916 1415 3983 miseria,
1470 3933 1506 3971 a
1538 3922 1652 3972 Deo
1682 3934 1802 3973 non
1828 3927 1989 3987 sunt,

318 4020 523 4060 eorum
554 4003 746 4074 igitur
774 4018 958 4059 causa
988 4005 1145 4061 Deus
1163 4020 1282 4060 non
1308 4010 1413 4061 est.
1441 4006 1599 4062 Idem
1626 4022 1854 4077 quoque
1873 4010 1994 4078 syl-

322 4093 603 4163 logismus
626 4092 737 4148 hoc
764 4092 937 4148 modo
955 4095 1357 4149 connectitur:
1384 4095 1519 4149 Non
1536 4101 1590 4150 et
1614 4096 1769 4151 Deus
1791 4112 1990 4153 eorum

317 4195 453 4254 quae
481 4185 622 4235 sunt
648 4195 833 4236 causa
855 4182 950 4247 sit,
983 4187 1036 4237 et
1060 4197 1263 4237 eorum
1292 4198 1423 4252 qua:
1454 4184 1611 4239 nihil
1632 4190 1773 4239 sunt
1805 4201 1990 4243 causa

319 4270 398 4324 sit
423 4284 444 4322 .·
468 4274 549 4323 est
583 4274 781 4324 autem
808 4269 965 4324 Leus
992 4285 1195 4325 eorum
1214 4286 1397 4326 causa
1420 4288 1551 4343 qua:
1580 4279 1719 4329 sunt
1750 4288 1773 4329 .'
1799 4274 1991 4345 igitur

317 4372 440 4415 non
464 4361 545 4412 est
580 4371 763 4412 causa
790 4372 992 4413 eorum
1009 4373 1140 4427 qua:
1162 4374 1281 4414 non
1298 4366 1457 4416 sunt.
1490 4362 1812 4418 Peccatum
1836 4366 1988 4433 ejus-

319 4460 433 4518 que
465 4445 726 4514 e/fectus,
764 4461 921 4501 mors
958 4448 1229 4516 profecto
1288 4450 1388 4504 cui
1414 4450 1704 4520 adhwret,
1743 4453 1989 4509 miseria

316 4550 439 4590 non
471 4540 611 4591 sunt
639 4552 652 4601 ;
684 4549 887 4591 eorum
910 4536 1098 4605 igitur
1128 4552 1234 4593 nec
1249 4538 1426 4605 Deus,
1452 4555 1560 4595 nec
1584 4542 1712 4609 ejus
1729 4542 1989 4610 praedes-
2022 4528 2064 4582 D

318 4625 506 4690 natio,
548 4638 681 4695 quae
701 4629 785 4680 est
805 4624 965 4695 quod
992 4624 1117 4695 ipse
1141 4630 1245 4694 est,
1275 4641 1458 4684 causa
1478 4643 1598 4684 esse
1630 4644 1750 4685 non
1771 4636 1983 4700 potest.

1004 4748 1329 4789 CORRECTIO.

386 4821 423 4887 Ἰ-
478 4819 667 4877 Mirari
728 4820 869 4876 satis
942 4838 1179 4894 nequeo
1260 4838 1450 4894 quare
1524 4828 1983 4898 praesumpseris

313 4909 513 4965 dicere
573 4910 739 4982 quod
792 4910 993 4966 nullus
1047 4915 1257 4966 auctor
1333 4916 1687 4971 tractatorve
1752 4916 1980 4973 divino-

310 5013 450 5054 rum
478 4998 855 5070 eloquiorum
878 4999 1636 5057 dixit.Praedestinationem
1666 5003 1815 5060 dicis
1842 5021 1978 5062 esse

311 5086 525 5153 Deum,
599 5086 715 5143 hoc
781 5088 1132 5159 prophetica
1174 5093 1231 5144 et
1285 5089 1617 5162 apostolica
1675 5093 1978 5167 Scriptura

311 5189 631 5246 nunquam
686 5174 874 5231 dixit:
930 5181 1277 5234 tractatores
1328 5180 1460 5250 ejus
1514 5196 1832 5255 nunquam
1883 5184 1974 5241 di-

308 5264 436 5321 xise
498 5263 878 5337 reperiuntur
913 5284 925 5321 :
959 5281 1086 5338 qua
1137 5267 1328 5325 fronte
1386 5286 1574 5326 ausus
1631 5287 1696 5328 es
1748 5273 1973 5345 ﬁngere

306 5353 476 5429 quod
533 5354 847 5428 Scripturae
899 5357 1250 5413 auctoritate
1298 5373 1568 5432 nequeas
1611 5361 1912 5420 afﬁrmare
1945 5365 1974 5420 ‘I

304 5442 444 5500 Jam
486 5460 629 5501 vero
700 5444 868 5517 quod
915 5444 1064 5501 dicis
1117 5447 1624 5518 praedestinationi
1674 5452 1774 5507 Dei
1844 5453 1974 5509 nul-

303 5529 430 5589 lam
483 5531 685 5588 inesse
730 5532 851 5588 vim
904 5550 1029 5605 qua
1076 5535 1213 5606 quis
1269 5540 1520 5606 cogatur
1566 5539 1645 5595 ad
1718 5540 1969 5614 aliquid,

305 5624 364 5673 et
384 5635 497 5673 nos
527 5622 785 5677 dicimus
815 5626 871 5678 et
892 5624 1243 5694 probamus.
1277 5626 1555 5683 Similiter
1580 5631 1749 5702 quod
1770 5632 1967 5702 addis,

307 5704 499 5759 Deum
554 5714 609 5763 et
655 5709 1241 5781 prredestinationem
1293 5716 1424 5785 ejus
1463 5733 1587 5773 non
1645 5735 1778 5775 esse
1827 5737 1969 5778 cau-

305 5804 442 5846 sam
487 5806 696 5852 eorum
746 5813 883 5868 quae
902 5814 1026 5855 non
1057 5801 1192 5868 sint,
1224 5807 1281 5857 et
1308 5802 1425 5859 hoc
1444 5805 1837 5864 nihilominus
1865 5825 1969 5882 ap-

2127 566 2184 617 et
2207 564 2433 635 peccati
2462 562 2709 636 quidem
2738 563 2914 625 Deus,
2948 560 3101 616 sicut
3130 575 3253 616 non
3291 564 3477 632 actor,
3532 560 3616 617 ita
3667 575 3799 617 nec

2126 666 2311 709 causa
2332 658 2438 710 est.

2194 743 2391 799 Mortis
2413 748 2636 811 autem,
2670 757 2824 814 quae,
2864 744 2927 795 ut
2954 739 3066 805 ais,
3103 739 3350 796 effectus
3406 740 3633 812 peccati
3690 745 3804 797 est

2123 832 2302 902 atque
2327 831 2604 897 miseriae,
2630 845 2815 886 causa
2831 844 2953 884 non
2980 833 3105 895 est;
3138 832 3347 883 auctor
3369 832 3573 884 tamen
3601 832 3801 900 atque

2119 916 2415 988 irrogator
2444 918 2831 991 tI-quissimus
2873 921 2978 973 est.
3046 920 3195 973 Nam
3252 915 3482 987 mortis,
3534 932 3670 989 quae
3716 914 3805 972 ﬁt

2120 1022 2260 1063 cum
2285 1007 2504 1064 deserit
2533 1008 2737 1064 anima
2752 1022 2981 1075 veram,
3032 1021 3340 1062 summam
3372 1008 3429 1061 et
3476 1006 3796 1079 sempiter-

2117 1111 2261 1152 nam
2291 1097 2497 1157 vitam.
2522 1103 2575 1152 et
2605 1096 2851 1153 vertitur
2879 1095 3195 1151 libidinose
3222 1093 3303 1150 ad
3329 1092 3541 1151 inﬁma
3570 1099 3626 1151 et
3678 1110 3796 1151 ca-

2117 1184 2296 1256 duca,
2323 1203 2434 1243 nec
2465 1202 2670 1247 causa.
2700 1202 2808 1241 nec
2836 1189 3045 1240 auctor
3077 1189 3165 1240 est
3189 1186 3368 1255 Deus,
3416 1183 3491 1239 de
3528 1201 3652 1257 qua
3692 1184 3801 1240 di-

2117 1274 2267 1330 citur
2295 1277 2438 1347 quia
2466 1283 2715 1331 mortem
2742 1276 2902 1331 Deus
2928 1290 3045 1329 non
3069 1274 3217 1343 fecit
3248 1274 3413 1343 (Sap.
3441 1289 3479 1340 1,
3508 1274 3793 1346 t3),quo-

2113 1362 2280 1418 niam
2309 1378 2445 1418 eam
2466 1366 2706 1418 Creator
2736 1378 2859 1417 non
2882 1360 3167 1423 condidit,
3218 1360 3324 1415 sed
3352 1359 3794 1418 malevolentia

2112 1450 2209 1507 vel
2232 1451 2451 1522 angeli,
2488 1451 2577 1506 vel
2626 1450 3031 1524 superbientis
3062 1448 3325 1505 hominis
3373 1448 3678 1506 adinvenit
3702 1450 3792 1506 si-

2111 1539 2294 1612 bique
2327 1540 2731 1613 superbiendo
2786 1539 3092 1595 conscivit.
3152 1540 3302 1593 Mors
3343 1552 3482 1594 vero
3532 1554 3671 1611 quas
3709 1538 3792 1595 ﬁt

2111 1644 2252 1684 cum
2282 1629 2487 1684 anima
2515 1628 2767 1684 discedit
2799 1644 2836 1684 a
2864 1644 3135 1701 corpore,
3190 1633 3335 1684 teste
3377 1627 3696 1701 Scriptura,
3739 1644 3789 1685 a

2112 1721 2231 1775 Deo
2257 1724 2363 1786 est,
2393 1720 2626 1774 dicente
2657 1718 2735 1774 ad
2765 1717 2994 1790 primos
3020 1719 3206 1773 nostri
3229 1718 3465 1789 generis
3492 1716 3782 1774 homines

2032 1821 2076 1875 Β
2109 1812 2290 1880 atque
2320 1808 2741 1863 interininante
2772 1808 2891 1862 Deo
2920 1823 2932 1861 :
2959 1808 3058 1863 Ea:
3086 1808 3251 1863 omni
3278 1808 3441 1878 ligno
3472 1806 3632 1878 quod
3686 1812 3787 1864 est

2107 1898 2170 1953 in
2196 1896 2493 1954 Paradiso
2522 1896 2694 1965 edite,
2724 1896 2797 1951 de
2828 1896 2989 1965 ligno
3019 1901 3217 1951 autem
3246 1896 3506 1951 scientias
3533 1896 3673 1952 boni
3715 1900 3784 1952 et

2107 1985 2261 2041 mali
2286 1999 2359 2040 ne
2379 1985 2699 2040 comedatis
2724 2000 2745 2039 .·
2778 1998 3133 2055 quacunque
3162 1990 3359 2040 autem
3381 1985 3477 2040 die
3506 1983 3780 2041 comede-

2106 2076 2240 2131 ritis
2272 2090 2347 2131 ea:
2374 2090 2457 2142 eo,
2484 2082 2671 2131 morte
2696 2076 3034 2131 moriemini
3051 2074 3219 2141 (Gen.
3240 2090 3300 2144 ιι,
3328 2075 3435 2145 16).
3460 2077 3524 2129 In
3545 2072 3777 2146 quibus

2106 2165 2306 2222 verbis
2337 2173 2594 2220 mortem
2622 2164 2841 2220 animae
2858 2164 3400 2237 praedixittantum,
3432 2180 3556 2220 non
3586 2162 3779 2220 etiam
3855 2161 3867 2168 ⁷

2104 2253 2411 2325 irrogavit.
2445 2256 2528 2309 Ac
2560 2270 2667 2326 per
2695 2254 2811 2309 hoc
2841 2268 2952 2308 nec
2983 2269 3187 2321 causa,
3221 2268 3332 2309 nec
3372 2256 3580 2309 auctor
3632 2252 3775 2323 ejus

2106 2359 2237 2399 esse
2263 2342 2655 2399 convincitur.
2690 2342 2913 2398 Deinde
2937 2346 3310 2415 praesumpto
3330 2341 3598 2397 inhibitis
3619 2340 3778 2411 ligni

2105 2430 2548 2500 edulio,iterum
2578 2430 2864 2486 Dominus
2892 2434 3027 2503 post
3045 2430 3383 2503 piissimam
3407 2434 3586 2502 atque
3618 2428 3775 2485 inas-

2105 2519 2468 2576 stimabilem
2496 2519 2981 2590 redargutionem
3016 2525 3072 2575 et
3095 2519 3467 2592 patientiam.
3501 2533 3625 2590 qua
3662 2532 3777 2575 eos

2104 2608 2182 2665 ad
2204 2608 2617 2681 paenitentiam
2648 2607 3108 2664 misericorditer
3126 2608 3438 2675 invitabat,
3460 2623 3647 2680 quam
3676 2606 3768 2663 illi

2104 2698 2437 2753 econtrario
2464 2697 2946 2752 obstinacissime
2976 2696 3366 2768 repellebant,
3392 2711 3775 2768 causamque

2101 2784 2508 2857 prolapsionis
2530 2784 2789 2856 propriae
2810 2784 2872 2838 in
2886 2787 3074 2839 Deum
3105 2784 3535 2855 superbissime
3557 2788 3773 2840 contu-

2102 2874 2483 2945 macissimeq
2497 2890 2567 2928 ue
2598 2872 2954 2937 referebant,
2985 2872 3312 2928 inevitabili
3336 2874 3565 2945 judicio
3627 2888 3773 2929 sen-

2102 2963 2349 3020 tentiam
2380 2963 2786 3018 damnationis
2815 2962 3194 3035 deprompsit
3231 2963 3437 3019 dicens
3474 2963 3536 3019 in
3568 2963 3775 3020 Adam

2102 3054 2327 3126 quiden
2353 3052 2476 3108 ita:
2534 3053 2686 3119 (tuta
2730 3052 2931 3122 fecisti
2964 3052 3093 3117 hoc,
3126 3058 3182 3107 et
3229 3053 3518 3108 audivisti
3568 3067 3773 3109 vocem

2104 3144 2311 3199 uxoris
2334 3148 2452 3198 tua:
2480 3144 2617 3211 plus
2650 3158 2827 3213 quam
2840 3142 3315 3199 me:Maledicta
3346 3151 3512 3199 terra
3542 3144 3606 3197 in
3635 3157 3777 3212 ope-

2104 3250 2171 3289 re
2196 3241 2337 3303 tuo;
2368 3250 2501 3289 cum
2523 3238 2803 3301 operatus
2820 3233 3016 3302 fueris
3048 3247 3198 3303 eam,
3231 3249 3351 3288 non
3402 3233 3566 3289 dabit
3594 3234 3776 3302 fruc-

2107 3329 2201 3379 tus
2229 3338 2385 3391 suos,
2414 3322 2517 3378 sed
2542 3322 2747 3391 spinas
2773 3327 2829 3377 ct
2853 3321 3107 3376 tribulos
3136 3322 3499 3392 germinabit
3531 3322 3658 3377 tibi.
3688 3323 3769 3379 In

2105 3413 2323 3468 sudore
2352 3413 2555 3467 vultus
2588 3412 2678 3466 tui
2729 3411 2993 3467 comedes
3046 3426 3265 3480 panem
3302 3416 3471 3467 tuum
3530 3413 3770 3468 cunctis

2104 3500 2310 3555 diebus
2342 3501 2475 3555 vitze
2497 3505 2635 3567 tuae,
2667 3499 2853 3555 donec
2878 3499 3220 3555 revertaris.
3254 3500 3320 3554 In
3352 3501 3536 3555 Evam
3567 3514 3711 3555 vero
3748 3518 3763 3570 ;

2103 3589 2522 3659 Multiplicabo
2549 3604 2849 3643 zaruuanas
2890 3595 3023 3645 tuas
3053 3595 3107 3644 et
3136 3596 3454 3657 conceptus
3491 3595 3619 3643 tuos
3652 3605 3665 3643 ε
3700 3590 3768 3644 in

2104 3679 2311 3733 dolore
2331 3692 2535 3747 partes
2580 3678 2759 3746 ﬁlios,
2805 3683 2861 3733 et
2885 3677 2993 3733 sub
3037 3678 3157 3733 viri
3173 3682 3469 3746 potestate
3515 3678 3652 3745 eris,
3710 3684 3770 3734 et

2103 3768 2227 3835 ipse
2251 3765 2661 3823 dominabitur
2692 3766 2801 3820 tibi
2827 3766 2996 3832 (Gen.
3027 3782 3106 3834 ιιι,
3137 3770 3198 3820 17
3231 3769 3384 3839 seq.)

2175 3854 2362 3924 Hujus
2394 3858 2600 3909 mortis
2633 3858 2814 3927 atque
2846 3854 3095 3909 miserita
3147 3857 3322 3920 Deus,
3380 3870 3521 3910 cum
3577 3870 3766 3913 causa

2103 3959 2225 3998 non
2256 3943 2346 4007 sit,
2380 3948 2588 3998 auctor
2621 3949 2841 4011 tamen,
2866 3944 2927 3998 id
2954 3948 3045 3998 est
3069 3944 3436 4015 justissimus
3469 3944 3763 4013 irrogator

2103 4032 2427 4087 certissime
2451 4031 2728 4098 creditur,
2760 4033 3282 4104 quemadmodum
3314 4032 3513 4088 verbis
3533 4048 3759 4105 praece-

2100 4121 2381 4176 dentibus
2410 4119 2768 4188 declaratur,
2793 4121 3016 4193 quibus
3048 4122 3099 4175 si
3124 4122 3430 4193 quispiam
3462 4122 3758 4179 contraire

2098 4210 2371 4278 voluerit,
2401 4216 2547 4282 puto
2575 4210 2719 4281 quia
2744 4228 2842 4266 me
2866 4215 3094 4267 tacente
3133 4211 3455 4283 impietatis
3486 4227 3623 4267 reus
3649 4211 3757 4267 ad-

2098 4300 2346 4355 dicetur.
2380 4301 2528 4354 Mors
2559 4300 2827 4371 corporis
2856 4300 3143 4355 discessio
3173 4306 3261 4356 est
3301 4301 3518 4357 animae
3548 4317 3585 4357 a
3626 4317 3756 4357 cor-

2098 4406 2277 4463 pore;
2305 4388 2442 4445 ideo
2472 4390 2653 4459 hujus
2693 4396 2901 4446 auctor
2930 4390 3148 4447 dicitur
3207 4392 3386 4461 Deus,
3441 4391 3751 4463 quoniam,

2096 4481 2228 4553 ipso
2280 4479 2563 4553 puniente
2603 4496 2673 4535 ac
2705 4480 2961 4545 volente,
2990 4480 3355 4537 abstrahitur
3399 4497 3436 4538 a
3484 4496 3751 4554 corpore,

2097 4570 2290 4625 donec
2319 4568 2455 4641 ipso
2473 4569 2701 4625 volente
2726 4584 2795 4625 ac
2815 4568 3125 4640 judicante
3148 4569 3598 4639 resurgentibus
3631 4585 3755 4626 om-

2094 4658 2295 4725 nibus,
2331 4673 2444 4713 suo
2496 4673 2751 4730 quicque
2800 4657 3036 4729 corpori
3073 4656 3168 4713 vel
3194 4657 3357 4714 mala
3382 4674 3493 4731 pro
3530 4657 3750 4715 meritis

2093 4751 2408 4820 receptura
2436 4746 2531 4802 vel
2561 4746 2726 4801 bona
2778 4745 3137 4802 restituatur.
3187 4746 3431 4803 Justum
3469 4752 3562 4804 est
3592 4746 3749 4804 enim

2091 4841 2158 4894 ut
2188 4851 2312 4909 quo
2368 4840 2610 4891 auctore
2669 4839 2921 4901 creatur,
2972 4834 3149 4891 datur
3192 4840 3372 4908 atque
3415 4836 3747 4893 immittitur

2091 4922 2352 4996 corpori,
2384 4923 2517 4995 ipso
2548 4926 2811 4989 auctore,
2842 4923 2987 4995 quia
3031 4924 3381 4995 promeruit,
3429 4925 3745 4982 abstraha-

2088 5018 2302 5080 tur;et
2327 5011 2499 5081 cujus
2547 5010 2811 5084 primum
2866 5011 3134 5068 bonitate
3187 5012 3415 5068 donata
3462 5016 3569 5081 est,
3620 5013 3747 5084 ejus

2083 5099 2477 5175 postmodum
2502 5099 2732 5171 justitia
2760 5099 3169 5167 subtrahatur,
3198 5104 3265 5156 ut
3290 5099 3459 5172 quod
3482 5100 3745 5172 benigni-

2083 5195 2173 5247 tas
2228 5188 2496 5257 contulit,
2556 5190 2809 5261 aequitas
2858 5189 3083 5245 demat.
3141 5191 3280 5256 Quae
3323 5205 3463 5247 cum
3512 5206 3743 5264 corpori

2081 5278 2381 5347 inseritur,
2438 5277 2623 5334 vitam
2690 5277 2911 5349 tribuit,
2985 5295 3125 5335 cum
3170 5278 3442 5336 aufertur
3486 5280 3736 5348 adimit;

2080 5372 2139 5424 et
2156 5369 2286 5425 haec
2314 5368 2448 5441 ipsa
2476 5366 2804 5440 ademptio,
2846 5368 2937 5424 vel
2987 5368 3234 5438 ablatio,
3269 5368 3363 5425 vel
3395 5369 3735 5436 subtractio,

2079 5458 2289 5514 mortis
2340 5456 2636 5514 vocabulo
2667 5462 3079 5532 nuncupatur,
3112 5459 3282 5533 quod
3322 5474 3476 5516 cum
3504 5459 3736 5516 nonnisi

2080 5546 2199 5603 Deo
2221 5546 2422 5618 judice
2452 5547 2578 5616 ﬁat,
2614 5548 2748 5620 quis
2772 5564 2994 5619 negare
3046 5549 3273 5607 audeat
3311 5550 3503 5605 Deum
3534 5549 3731 5607 mortis

2078 5636 2261 5709 hujus
2283 5653 2412 5693 esse
2440 5641 2746 5694 auctorem
2769 5638 2797 5693 ‘l

2152 5726 2242 5782 Sic
2273 5727 2451 5783 etiam
2478 5727 2553 5783 de
2574 5728 2816 5784 miseria
2841 5729 3221 5785 sentiendum
3245 5746 3259 5784 :
3285 5746 3420 5802 quae
3441 5745 3582 5786 cum
3599 5729 3727 5786 bea-

2080 5814 2352 5872 titudinis
2378 5815 2595 5873 dicitur
2618 5817 2970 5889 indigentia,
3007 5833 3131 5875 non
3158 5820 3280 5876 Deo
3301 5818 3532 5876 auctori
3555 5817 3725 5892 depu-
