3974 6374
156 262 322 315 1041

1151 258 1241 311 DE
1278 245 1947 312 PREDESTINATIONE
1987 246 2265 307 CONTRA
2303 252 2352 310 J.
2398 256 2708 315 SCOTUM.

3521 259 3656 315 1042

146 385 373 452 tatur,
416 381 530 437 sed
560 385 849 438 creaturae
875 379 1324 453 rationali,quae
1351 377 1688 436 voluntaria
1711 388 1877 431 aver—
1904 372 1952 427 Α
1990 373 2339 443 puniuntur,
2369 380 2474 436 sed
2504 382 2619 438 hoc
2644 382 2725 438 ita
2745 381 2887 449 dixi,
2911 380 3392 454 quemamodum
3422 379 3654 439 dictum

153 473 365 528 sione
443 487 480 528 a
534 487 693 527 verte
723 470 1106 526 beatitudinis
1163 486 1403 526 summo
1451 470 1638 536 bono,
1696 468 1876 537 atque

152 560 560 618 adhaesione
581 559 918 615 damnabili
939 559 1000 615 in
1022 559 1233 615 inﬁmo
1254 558 1563 628 bono,sibi
1582 573 1720 614 eam
1742 569 1879 611 con-

152 650 461 707 traxisse
504 648 849 705 nullatenus
888 647 1235 718 ambigitur.
1257 649 1407 705 Cum
1448 664 1591 704 vero
1637 644 1877 702 miseria

153 738 467 813 poenalis
486 737 670 809 hujus
688 736 825 793 vitae
843 737 1238 803 conversatio,
1262 736 1354 792 vel
1375 734 1797 809 subsequentis
1817 733 1877 789 in

159 828 492 900 gehenna
518 825 828 882 retributio
856 825 1092 894 dicitur,
1111 826 1247 899 quis
1271 828 1459 882 Deum
1480 829 1787 882 auctorem
1812 821 1877 878 il-

156 917 295 974 lius
336 916 604 984 nesciat,
638 917 811 988 cujus
841 920 1021 989 atque
1046 915 1275 987 judicio
1302 914 1643 989 dispensari
1671 912 1878 970 omnia

160 1022 306 1064 non
361 1005 735 1078 ignoratur?
764 1004 822 1060 Si
858 1005 1041 1075 enim,
1064 1003 1298 1061 dicente
1337 995 1672 1078 Scriptura,
1701 1001 1877 1057 Nihil

162 1098 311 1153 sine
370 1109 572 1152 causa
614 1094 685 1162 ﬁt
727 1109 910 1163 super
957 1099 1182 1150 terram
1229 1094 1383 1165 (Job.
1418 1110 1475 1165 v,
1507 1093 1581 1164 6),
1608 1090 1875 1165 profecto

160 1184 384 1258 liquet
412 1183 567 1256 quia
598 1182 752 1238 sicut
774 1182 1086 1249 bona,Deo
1115 1187 1381 1246 auctore,
1400 1184 1697 1250 constant,
1716 1180 1794 1235 ita
1816 1180 1871 1233 et

162 1272 354 1330 mala
372 1276 571 1345 atque
591 1270 844 1327 miseriae
867 1271 959 1327 vel
982 1271 1062 1328 ad
1077 1271 1497 1345 probationem
1520 1266 1877 1341 piorum,vel

164 1363 251 1420 ad
286 1361 806 1436 reprobationem
826 1360 1155 1433 impiorum
1170 1360 1285 1430 ,vel
1301 1360 1396 1416 hic
1413 1359 1508 1414 vel
1533 1359 1649 1415 illic
1670 1372 1875 1430 poena-

160 1453 311 1509 liter
341 1450 604 1509 inﬂictae
630 1466 753 1506 non
785 1450 922 1519 alio,
953 1466 1140 1523 quam
1170 1455 1412 1506 auctore
1441 1451 1559 1505 Dco
1586 1447 1873 1503 nimirum

1986 468 2075 520 est
2106 482 2119 520 :
2157 467 2304 523 Deus
2328 476 2576 527 mortem
2626 487 2747 528 non
2775 472 2920 542 fecit
2955 471 3118 541 (Sap.
3149 486 3185 527 ι.
3212 470 3322 540 13,)
3341 486 3480 526 cum
3511 470 3655 526 alibi

1987 554 2279 629 scriptum
2330 558 2445 614 sit:
2480 561 2645 617 Mors
2700 566 2756 617 et
2814 561 2939 616 vita
2991 574 3029 616 α
3085 561 3341 616 Domino
3385 561 3508 616 Deo
3565 564 3653 616 cst

1986 645 2153 715 (Sap.
2181 664 2299 717 xw,
2330 649 2438 720 l3).
2460 650 2748 707 Malorum
2770 665 2913 720 ergo
2942 665 3147 721 paena,
3170 666 3307 722 quae
3333 665 3371 706 a
3394 652 3515 706 Deo
3539 653 3647 712 est,

1984 732 2216 790 malum
2248 740 2340 790 est
2375 737 2623 810 quidem
2662 738 2856 802 malis,
2893 737 2997 792 sed
3026 737 3087 793 in
3114 736 3292 793 bonis
3320 736 3425 793 Dei
3452 736 3649 811 operi-

1984 821 2102 878 bus
2151 828 2258 892 est,
2289 827 2578 898 quoniam
2620 827 2855 898 justum
2900 830 2989 882 est
3029 829 3097 882 ut
3124 825 3269 882 mali
3297 826 3647 898 puniantur,

1986 915 2043 967 et
2069 912 2276 985 utique
2304 913 2537 970 bonum
2569 920 2657 971 est
2685 931 2865 972 omne
2896 915 3063 988 quod
3086 915 3320 986 justum
3350 918 3485 979 est.)

2056 1004 2099 1071 -ι-
2130 1004 2246 1060 Sed
2275 1020 2307 1060 e
2339 1006 2580 1074 sanctis,
2607 1005 3001 1077 Hieronymus
3021 1005 3083 1060 in
3115 1002 3649 1077 Explanationibus

1982 1092 2555 1166 prophetarum,qui
2587 1093 2681 1149 vel
2711 1095 2974 1149 maxime
3002 1093 3185 1165 hujus
3204 1091 3522 1149 locutionis
3553 1107 3649 1163 ge-

1982 1196 2125 1237 nere
2157 1181 2315 1254 pleni
2346 1186 2503 1253 sunt,
2524 1183 2753 1239 eisdem
2772 1183 3207 1255 vestigiis,quia
3236 1182 3451 1239 eodem
3479 1181 3648 1254 spiri-

1984 1274 2047 1327 tu
2100 1271 2388 1341 graditur,
2419 1272 2525 1344 qui
2569 1271 2901 1345 explanans
2942 1275 3157 1328 Jonam
3202 1272 3537 1344 prophetan
3563 1272 3645 1342 (in

1984 1376 2118 1430 cap.
2145 1364 2187 1427 I)
2220 1377 2232 1415 :
2267 1360 2418 1433 [Hic,
2444 1361 2658 1434 inquit,
2691 1361 2981 1417 malitiam
2998 1377 3109 1433 pro
3130 1360 3450 1417 afﬂictione
3471 1364 3528 1415 et
3552 1375 3647 1415 ca-

1980 1449 2247 1506 lamitate
2277 1450 2547 1522 accipere
2572 1449 3229 1515 debemus,secundum
3259 1448 3408 1505 illud
3429 1448 3644 1518 :Sufﬁ-

157 1540 541 1614 justissimo
561 1538 1007 1595 ﬁericredenda
1033 1537 1622 1594 suntzconsideratis
1646 1535 1872 1609 quippe
1983 1541 2061 1596 cit
2106 1539 2226 1595 diei
2271 1540 2508 1595 malitia
2563 1554 2676 1595 sua
2703 1539 2945 1610 (Matth.
2979 1555 3054 1606 v1,
3088 1540 3211 1609 34);
3246 1542 3302 1594 et
3355 1537 3419 1593 in
3462 1541 3647 1593 Amos

159 1645 585 1705 quaecunque
616 1626 930 1701 poenaliter
959 1626 1331 1698 ingeruntur,
1360 1625 1555 1682 nullas
1585 1625 1705 1681 fere
1732 1623 1870 1680 abs-
1980 1630 2275 1703 propheta
2300 1646 2311 1684 :
2334 1630 2401 1686 Si
2427 1636 2511 1687 est
2530 1631 2768 1686 malitia
2787 1630 2851 1685 in
2884 1631 3125 1686 civitate
3152 1644 3331 1700 quam
3354 1628 3646 1685 Dominus

160 1736 294 1794 que
319 1717 632 1774 creaturis
658 1716 753 1772 Dei
772 1732 987 1789 pmnas
1004 1722 1185 1788 atque
1211 1716 1483 1771 miserias
1506 1714 1869 1770 invenimus.
1902 1724 1943 1779 Β
1979 1735 2100 1775 non
2140 1720 2353 1789 fecerit
2384 1719 2608 1789 (Amos.
2640 1734 2722 1788 ιιι,
2754 1718 2809 1791 6)
2840 1736 2852 1773 ε
2885 1718 3027 1775 etin
3052 1718 3204 1774 Isaia
3236 1736 3250 1773 ε
3285 1717 3416 1787 Ego
3451 1717 3648 1774 Domi,

163 1812 238 1865 Et
255 1809 453 1881 quia,
478 1806 734 1861 docente
754 1805 933 1861 beato
962 1804 1467 1875 Gregorio,omne
1494 1803 1790 1874 judicium
1810 1802 1872 1857 in
1981 1825 2094 1864 nus
2134 1810 2238 1881 qui
2266 1809 2429 1877 facio
2464 1824 2674 1879 pacem
2696 1813 2751 1864 ει
2780 1823 2913 1865 creo
2950 1809 3117 1864 mala
3150 1808 3289 1877 (Ῑεα,
3312 1821 3438 1870 ην,
3469 1812 3546 1865 7),
3581 1806 3647 1862 Ῑη

159 1896 557 1954 hominibus
610 1910 719 1968 per
773 1894 1022 1964 angelos
1061 1898 1385 1960 exercetur,
1418 1898 1580 1965 patet
1607 1890 1873 1965 profecto
1982 1898 2098 1953 alio
2126 1914 2269 1953 vero
2290 1896 2424 1953 loco
2450 1896 2679 1953 malitia
2707 1896 3008 1952 contraria
3050 1894 3255 1950 virtuti
3278 1894 3644 1963 intelligitur,

164 1984 655 2061 quidquid,Deo
676 1983 1222 2056 judice,poenaliter
1233 1983 1583 2039 hominibus
1603 1980 1872 2050 infertur,

164 2090 602 2149 nequaquam
623 2073 737 2129 nisi
768 2090 873 2146 per
900 2077 1203 2129 creaturas
1228 2073 1357 2143 ejus
1388 2071 1533 2127 ﬁeri.
1550 2070 1729 2126 Verbi
1747 2084 1876 2139 gra-

169 2166 413 2233 tia,aut
445 2179 586 2220 aere
622 2166 925 2235 corrupto,
958 2166 1061 2217 aut
1103 2166 1418 2217 ventorum
1456 2158 1873 2232 inaequalitati-

169 2254 454 2323 bus,aut
482 2253 627 2310 solis
658 2252 960 2309 caloribus
989 2251 1210 2320 nimiis,
1231 2258 1335 2307 aut
1355 2251 1700 2324 pluviarum
1730 2248 1876 2305 etfu-

173 2344 479 2400 sionibus
495 2342 791 2414 adversis,
814 2357 921 2398 seu
946 2342 1412 2415 quibuscunque
1444 2339 1574 2395 aliis
1605 2336 1877 2394 animad-

170 2431 503 2490 versionis
550 2446 826 2503 supernae
859 2430 1200 2500 generibus,
1225 2429 1299 2485 de
1321 2428 1544 2502 quibus
1576 2427 1878 2500 Propheta

169 2527 485 2580 testatur:
509 2521 695 2591 Misit,
722 2520 1025 2593 inquiens,
1052 2519 1219 2575 haud
1248 2518 1504 2575 dubium
1527 2517 1673 2589 quin
1698 2516 1873 2583 Deus,

168 2612 238 2667 in
291 2626 402 2668 eos
452 2611 614 2667 iram
652 2610 1093 2681 indignationis
1121 2623 1267 2675 suae,
1302 2608 1795 2679 indignationem,
1820 2610 1873 2661 et

171 2702 370 2771 iram,
400 2706 466 2757 et
513 2700 989 2766 tribulationem,
1018 2700 1462 2755 immisssionem
1486 2712 1603 2767 per
1630 2696 1878 2767 angelos

176 2792 411 2860 malos,
439 2792 555 2845 etc.
588 2790 776 2856 (Psat.
802 2804 1018 2856 Lxxvu,
1047 2790 1163 2857 49).
1199 2787 1304 2843 Ubi
1331 2786 1613 2860 quamvis
1645 2800 1754 2858 per
1778 2800 1882 2840 an-

181 2878 361 2949 gelos
396 2877 604 2934 malos
632 2876 1075 2933 immissionem
1100 2878 1355 2932 missam
1382 2874 1881 2945 dixerit,legimus

183 2973 408 3026 tamen
464 2967 648 3022 etiam
691 2982 798 3039 per
850 2966 1046 3022 bonos
1088 2965 1337 3037 angelos
1375 2965 1727 3031 identidem,
1761 2963 1881 3018 Deo

1979 1988 2151 2058 juxta
2171 1986 2338 2059 quod
2359 1986 2419 2041 in
2439 1985 2556 2042 hoc
2585 1985 2799 2042 eodem
2821 1985 3117 2058 propheta
3142 1998 3325 2055 supra
3354 1982 3643 2053 legimus:

1982 2077 2269 2132 Ascendit
2299 2076 2531 2131 clamor
2548 2075 2798 2130 malitiae
2819 2076 2945 2143 ejus
2972 2073 3054 2129 ad
3081 2087 3173 2128 me
3202 2073 3390 2143 (Jome
3408 2088 3449 2139 1,
3475 2071 3574 2143 2).]

2056 2164 2091 2231 ’ξ’
2120 2163 2347 2228 Quibus
2376 2163 2662 2219 omnibus
2689 2166 2961 2235 patenter
2990 2160 3289 2217 indicatur
3317 2162 3506 2215 Deum
3536 2175 3648 2215 nec

1985 2258 2290 2311 auctorem
2340 2268 2451 2309 nec
2503 2268 2754 2308 causam
2807 2267 2939 2308 esse
2995 2249 3229 2324 peccati
3272 2268 3286 2317 ;
3345 2249 3651 2309 malorum

1984 2361 2149 2414 vero,
2180 2344 2241 2400 id
2272 2348 2360 2400 est
2387 2358 2709 2417 poenarum
2734 2340 3144 2415 quarumlibet
3173 2345 3355 2414 atque
3377 2338 3649 2397 afﬂictio-

1985 2451 2155 2504 num,
2180 2437 2485 2489 auctorem
2524 2431 2773 2505 quidem
2816 2430 3068 2487 ﬁdeliter
3115 2429 3429 2504 praedicari
3459 2446 3473 2480 :
3508 2443 3651 2484 cau-

1987 2541 2119 2581 sam
2160 2538 2304 2579 vero
2353 2538 2564 2579 eorum
2614 2525 2959 2595 peccatores
3021 2534 3354 2592 eorumque
3403 2521 3655 2592 peccata

1985 2615 2331 2672 nullatenus
2361 2613 2645 2670 dubitari.

2060 2704 2441 2775 Progrederis
2465 2702 2606 2759 inde
2632 2702 2711 2759 ad
2741 2701 2879 2772 alia,
2903 2705 2961 2757 et
2987 2700 3168 2757 veluti
3198 2699 3398 2773 prima
3418 2697 3493 2755 de
3512 2698 3656 2753 hos-

1988 2801 2045 2854 te
2085 2794 2513 2866 congressione
2550 2793 2737 2849 victor
2786 2791 3032 2849 effectus
3089 2788 3546 2861 gloriabundus,
3578 2786 3660 2843 ad

1991 2886 2108 2944 alia
2136 2882 2503 2941 revincenda
2544 2881 2910 2938 furibundus
2957 2879 3256 2955 procedis,
3290 2876 3492 2935 multis
3521 2876 3660 2933 hos-

1990 2979 2111 3032 tem
2160 2973 2442 3030 conviciis
2498 2972 2901 3044 impetens,et
2944 2970 3278 3027 maledictis
3324 2968 3659 3034 incessens,

182 3058 471 3122 vindice,
497 3054 724 3110 actitari
754 3071 766 3109 :
791 3053 1316 3126 quemadmodum
1354 3053 1519 3126 apud
1553 3052 1881 3110 Sodomam
1914 3072 1957 3127 ο
1992 3064 2095 3138 qui
2126 3081 2152 3117 ε

2028 3064 2095 3137 ui
2126 3064 2173 3118 si
2204 3079 2275 3119 ea
2305 3062 2525 3131 legeret
2564 3060 2799 3133 sibique
2846 3059 3101 3115 facultas
3150 3060 3515 3130 suppeteret,
3546 3055 3663 3111 for-

185 3146 548 3211 actitatum,
598 3146 655 3197 et
697 3141 747 3197 ei
776 3141 1064 3198 ﬁnitimas
1099 3142 1386 3209 civitates,
1418 3143 1623 3212 ignem
1652 3140 1883 3197 caelitus

185 3236 457 3307 pluente
494 3231 749 3287 Domino
781 3232 924 3287 Gen.
952 3248 1074 3299 11x,
1105 3234 1219 3299 24),
1252 3246 1433 3287 verax
1465 3234 1671 3286 narrat
1693 3229 1881 3285 histo-

186 3324 280 3381 ria
308 3341 323 3378 :
349 3336 522 3395 quos
551 3320 763 3376 beatos
784 3320 969 3375 fuisse
990 3319 1238 3392 angelos
1258 3318 1462 3375 nullus
1483 3318 1590 3392 qui
1604 3318 1882 3375 eamdem

186 3412 529 3470 historiam
559 3409 813 3466 ﬁdeliter
837 3408 995 3480 legit,
1030 3410 1288 3481 ignorat.

264 3504 428 3558 Cum
483 3499 666 3570 igitur
692 3498 785 3555 vel
810 3499 872 3554 in
902 3499 1017 3554 hoc
1045 3496 1265 3554 saeculo
1299 3496 1394 3553 vel
1439 3497 1563 3567 igni
1594 3497 1884 3568 gehennae

192 3589 423 3646 debitae
476 3587 897 3661 peccatoribus
924 3602 1122 3661 paenae
1154 3601 1261 3659 per
1297 3591 1602 3642 creaturas
1627 3586 1729 3642 Dei
1756 3585 1885 3642 ﬁeri

195 3679 462 3735 minime
502 3677 869 3746 nesciantur,
902 3677 1042 3749 quis
1082 3691 1290 3732 earum
1343 3681 1651 3732 auctorem
1691 3676 1884 3731 Deum

191 3768 616 3840 justissimum
648 3767 870 3823 audeat
917 3764 1155 3822 difﬁteri
1185 3766 1213 3820 ?
1246 3766 1514 3832 Quarum
1542 3765 1590 3820 si
1631 3780 1883 3821 causam

195 3860 450 3930 quaeris,
484 3862 832 3930 peccatores
860 3871 892 3912 e
923 3855 1177 3926 vestigio
1208 3860 1552 3923 occurrunt,
1576 3854 1681 3927 qui
1706 3853 1881 3910 malis

199 3946 331 4002 suis
362 3945 661 4020 operibus
691 3948 879 4002 Deum
910 3961 1148 4001 summe
1190 3944 1424 4001 bonum
1453 3948 1510 4000 et
1539 3944 1774 4015 justum
1804 3943 1884 4000 ad

201 4032 332 4091 haec
364 4034 484 4091 sibi
511 4033 722 4089 merito
743 4032 1131 4089 retribuenda
1152 4032 1602 4088 concitaverunt
1628 4049 1641 4086 :
1670 4047 1883 4105 quam-

201 4123 293 4178 vis
321 4123 401 4179 de
436 4122 647 4180 anima
672 4127 729 4178 et
753 4121 982 4192 angelis
1028 4120 1398 4194 apostaticis,
1420 4120 1645 4194 quibus
1684 4120 1881 4194 pcenis

204 4216 565 4281 urgeantur,
592 4212 931 4267 necessario
988 4214 1316 4283 quaeratur,
1341 4226 1501 4283 quae,
1534 4210 1593 4265 id
1649 4214 1737 4265 est
1759 4225 1885 4283 poe-

202 4313 320 4371 nae,
338 4300 464 4357 sive
486 4306 807 4365 tormenta,
831 4315 1198 4372 quocunque
1228 4298 1346 4355 alio
1375 4298 1757 4356 commodius
1782 4313 1883 4354 vo-

1991 3152 2171 3210 tassis
2190 3155 2295 3209 aut
2319 3149 2555 3205 mitiora
2583 3152 2688 3205 aut
2707 3163 2978 3217 congrua
3000 3146 3414 3219 responderet.
3430 3144 3661 3210 Quibus

1992 3240 2258 3305 omissis,
2288 3236 2580 3312 quoniam
2607 3252 2680 3293 ea
2712 3240 2946 3292 tantum
2968 3234 3032 3291 in
3056 3233 3280 3307 quibus
3306 3247 3344 3289 a
3365 3230 3664 3288 catholica

1992 3330 2234 3387 veritate
2266 3327 2546 3384 dissentis
2567 3324 2949 3382 discutienda
2966 3326 3351 3396 et,quantum
3377 3320 3664 3377 divinitus

1994 3418 2186 3491 adjuti
2232 3431 2583 3490 possumus,
2614 3413 2934 3470 refutanda
2981 3410 3382 3484 suscepimus,
3405 3409 3490 3466 eis
3529 3413 3663 3465 tan-

1992 3507 2310 3566 tummodo
2361 3503 2814 3561 considerandis
2862 3508 3045 3574 atque
3094 3499 3477 3557 advertendis
3509 3497 3664 3570 stylo

1991 3596 2446 3671 imperavimus.
2479 3594 2580 3649 Ais
2608 3593 2684 3649 de
2715 3591 3003 3649 charitate
3044 3589 3211 3663 quod
3252 3605 3375 3646 una
3404 3588 3499 3659 sit,
3528 3587 3665 3644 licet

1992 3688 2117 3744 duo
2142 3686 2257 3741 sint
2277 3685 2407 3756 ejus
2437 3686 2759 3756 praecepta,
2782 3680 2935 3737 idem
2970 3684 3028 3737 et
3070 3695 3183 3736 nos
3212 3677 3489 3745 dicimus,
3524 3675 3665 3733 asti-

1991 3775 2238 3850 pulante
2278 3773 2459 3829 beato
2504 3770 2806 3843 Gregorio,
2838 3769 2984 3843 quia
3012 3768 3165 3824 sicut
3208 3782 3334 3823 una
3361 3770 3450 3821 est
3474 3763 3664 3820 chari-

1993 3870 2088 3922 tas
2118 3868 2176 3920 et
2204 3863 2327 3919 duo
2359 3864 2681 3935 praecepta,
2704 3861 2787 3916 ita
2809 3875 2968 3915 unus
2994 3857 3245 3930 Spiritus
3270 3858 3327 3913 et
3355 3854 3478 3910 duo
3494 3852 3658 3909 data.

1990 3954 2144 4010 Dicis
2190 3951 2542 4009 charitatem
2600 3964 2734 4005 esse
2788 3949 3000 4019 Deum,
3039 3950 3094 4002 et
3144 3960 3258 4001 nos
3304 3942 3657 4011 annuimus,

1991 4042 2266 4101 instructi
2309 4057 2345 4097 a
2374 4038 2724 4097 beatissimo
2773 4035 3069 4092 ilominici
3109 4032 3369 4109 pectoris
3409 4030 3657 4100 recubo,

1991 4133 2094 4208 qui
2151 4132 2277 4187 ait:
2313 4132 2468 4187 Deus
2518 4128 2787 4185 Charitas
2845 4132 2967 4193 est;
3003 4125 3059 4197 (Ι
3094 4123 3271 4180 Joan.
3313 4138 3389 4191 IV,
3432 4121 3506 4194 8).
3543 4118 3659 4177 Sed

1990 4222 2158 4296 quod
2227 4220 2321 4277 his
2387 4218 2674 4275 omnibus
2733 4216 2812 4273 ad
2876 4214 3342 4272 destructionem
3400 4210 3657 4282 geminae

1989 4308 2530 4386 preedestinationis
2585 4306 2769 4363 uteris
2822 4304 3261 4378 improbamus.
3293 4301 3444 4358 Dicit
3492 4299 3657 4356 enim

207 4388 429 4479 (⁵⁸1⁵ῷο
479 4389 887 4479 “mimum
913 4404 1037 4444 non
1083 4387 1315 4479 Ψοίνθο,
1356 4387 1519 4443 mala
1552 4391 1876 4479 -νοθδῑξωιὸ
1909 4420 1954 4479 ο
1993 4400 2298 4473 Scriptura
2330 4416 2343 4454 :
2378 4401 2529 4454 Deus
2582 4396 2849 4454 charitas
2879 4400 2962 4452 est
2997 4412 3010 4462 ;
3047 4393 3155 4451 sed
3198 4406 3518 4464 nunquam
3561 4388 3655 4445 di-

205 4476 377 4548 quod
430 4493 593 4546 vere,
621 4476 685 4533 id
732 4481 820 4533 est
874 4475 1240 4543 naturaliter,
1271 4476 1390 4533 sint
1445 4476 1631 4541 mala,
1653 4476 1879 4550 quippe

209 4578 348 4621 cum
369 4568 470 4624 Dei
491 4571 781 4623 creaturae
804 4565 922 4622 sint
944 4582 957 4620 :
985 4565 1132 4622 vidit
1155 4567 1310 4622 enim
1332 4567 1489 4623 Deus
1510 4572 1729 4623 cuncta
1748 4580 1881 4638 qua:

204 4654 459 4724 fecerat,
487 4662 545 4714 et
575 4662 750 4713 erant
785 4655 963 4713 valde
1006 4654 1159 4712 bona
1189 4654 1360 4723 (Gen.
1386 4672 1424 4725 ι,
1448 4658 1533 4726 31)
1558 4673 1571 4725 ;
1606 4655 1712 4712 sed
1736 4654 1881 4729 quia

211 4745 582 4815 patientibus
608 4746 908 4802 contraria
935 4744 1146 4817 procul
1164 4744 1351 4801 dubio
1366 4744 1537 4811 ﬁunt,
1561 4745 1639 4816 ab
1668 4761 1877 4803 eorum

213 4833 499 4892 nimirum
535 4850 720 4890 sensu
747 4833 894 4890 mali
924 4832 1222 4890 vocabulo
1258 4834 1641 4891 denotantur.

283 4924 449 4981 Unde
506 4924 722 4980 beatus
793 4922 1154 4996 Augustinus
1218 4924 1369 4979 inter
1431 4924 1878 4981 retractandum

213 5006 396 5067 libros
424 5030 593 5083 suos,
621 5029 761 5069 cum
790 5018 1037 5069 ventum
1067 5015 1223 5067 esset
1250 5011 1328 5067 ad
1350 5012 1478 5083 ejus
1506 5013 1643 5069 libri
1665 5018 1879 5071 retrac«

219 5099 524 5176 tationem,
557 5102 733 5173 cujus
779 5100 1014 5157 titulum
1060 5115 1192 5155 esse
1233 5099 1418 5158 voluit
1453 5102 1527 5157 de
1575 5102 1879 5173 octoginta

220 5186 405 5245 tribus
436 5189 898 5265 quaestionibus,
926 5189 1005 5246 ait
1035 5190 1388 5259 (Retractat.
1422 5192 1463 5246 ι.
1500 5206 1536 5257 ι,
1570 5206 1703 5262 cap.
1734 5194 1827 5264 26)
1861 5210 1873 5249 :

222 5272 447 5345 {Utrum
504 5284 659 5336 Deus
716 5278 865 5335 mali
917 5281 1128 5335 auctor
1176 5292 1300 5333 non
1357 5279 1448 5335 sit.
1507 5279 1614 5337 Ubi
1669 5279 1877 5338 viden-

225 5361 367 5422 dum
423 5376 529 5433 est,
577 5385 652 5426 ne
709 5367 867 5424 male
920 5366 1301 5438 intelligatur,
1328 5368 1497 5441 quod
1550 5369 1674 5425 dixi
1707 5388 1720 5426 :
1750 5369 1880 5429 Mali

227 5458 426 5511 auctor
466 5474 591 5515 non
645 5463 754 5525 est,
786 5456 932 5529 quia
980 5457 1256 5512 omnium
1307 5473 1444 5529 quae
1502 5464 1640 5515 sunt
1672 5464 1882 5517 auctor

231 5546 328 5611 est,
391 5547 665 5623 quia.in
730 5550 1029 5619 quantum
1102 5551 1262 5611 sunt,
1316 5545 1372 5601 in
1442 5551 1671 5605 tantum
1720 5550 1884 5608 bona

233 5635 490 5692 suntzet
514 5653 592 5694 ne
645 5637 786 5693 hinc
842 5639 1084 5708 putetur
1140 5651 1264 5691 non
1307 5636 1387 5693 ab
1434 5636 1530 5694 illo
1583 5655 1712 5695 esse
1754 5656 1882 5713 poe-

235 5727 373 5775 nam
419 5724 741 5796 malorum,
792 5739 931 5803 quae
982 5723 1189 5799 utique
1240 5724 1472 5784 malum
1522 5732 1615 5785 est
1650 5727 1743 5785 his
1779 5733 1885 5804 qui

1989 4491 2067 4548 cit
2120 4493 2275 4547 Deus
2327 4485 2775 4562 prtedestinatio
2825 4488 2931 4540 est.
2973 4482 3128 4551 Quid
3180 4480 3441 4555 amplius
3494 4494 3656 4552 quaa-

1986 4581 2134 4637 ritur
2162 4582 2190 4636 ?
2220 4581 2370 4635 Nam
2428 4577 2534 4633 etsi
2580 4576 2728 4632 nihil
2772 4573 2949 4630 nobis
3005 4571 3171 4629 aliud
3223 4569 3303 4627 ad
3349 4572 3469 4624 tua;
3514 4581 3652 4639 per-

1988 4667 2277 4726 versitatis
2333 4665 2804 4722 confutationem
2863 4660 3296 4734 suppeditaret,
3351 4656 3468 4711 hoc
3523 4657 3654 4709 tan-

1989 4762 2115 4815 tum
2170 4755 2469 4811 sufﬁceret
2513 4752 2678 4826 quod
2736 4750 2906 4808 nulla
2958 4749 3019 4804 id
3068 4744 3440 4821 prophetica,
3477 4754 3653 4797 even-

1988 4849 2178 4920 gelica
2209 4846 2299 4901 vel
2330 4842 2661 4918 apostolica
2693 4841 2998 4913 Scriptura
3030 4842 3293 4895 testatur.
3325 4838 3481 4905 Lego
3510 4832 3653 4889 cha-

1984 4939 2218 4995 ritatem
2271 4932 2526 5004 Domini,
2554 4948 2678 4989 non
2716 4930 2852 5001 lego
2901 4924 3492 5002 prtedestinationem
3541 4925 3651 4980 Do-

1985 5026 2136 5085 mini
2182 5044 2196 5082 :
2253 5039 2379 5081 non
2460 5023 2576 5079 hoc
2645 5019 2953 5094 prophetas
3023 5014 3451 5091 praedixerunt,
3524 5026 3650 5069 non

1987 5112 2367 5184 evangelista;
2415 5110 2943 5175 annuntiaverunt,
2967 5122 3092 5164 non
3141 5103 3395 5180 apostoli
3437 5100 3652 5177 praedi-

1988 5202 2293 5257 caverunt.
2343 5196 2547 5253 Nullus
2594 5197 2841 5251 Patrum
2870 5191 3322 5259 venerabilium,
3354 5205 3464 5264 per
3491 5205 3648 5261 quos

1986 5286 2163 5347 nobis
2191 5286 2420 5343 eaedem
2454 5282 2842 5359 propheticus.
2878 5280 3238 5353 evangelica
3267 5283 3450 5350 atque
3477 5289 3651 5347 apos-

1988 5377 2179 5434 tolicae
2213 5375 2530 5447 Scripturae
2559 5371 2811 5429 diversis
2840 5370 2989 5428 locis
3018 5374 3078 5426 et
3104 5365 3477 5439 temporibus
3505 5362 3652 5420 ﬁde-

1989 5465 2122 5522 liter
2150 5481 2219 5521 ac
2241 5463 2557 5521 salubriter
2584 5461 2859 5518 enodatae
2891 5462 3052 5527 sunt,
3083 5456 3297 5512 dixisse
3339 5451 3651 5525 reperitur.

1992 5556 2124 5610 Non
2168 5552 2346 5623 igitur
2384 5550 2758 5607 admittimus
2813 5547 2979 5620 quod
3031 5561 3153 5602 non
3202 5544 3265 5599 in
3322 5540 3508 5598 sacris
3562 5538 3656 5596 lit-

1994 5642 2136 5699 teris
2184 5642 2549 5708 invenimus,
2580 5638 2914 5714 prtesertim
2944 5652 3086 5692 cum
3116 5633 3180 5690 id
3208 5633 3326 5689 tuis
3347 5629 3660 5688 ratiocina-

1992 5731 2275 5791 tiunculis
2331 5729 2611 5809 afﬁngas,
2664 5726 3006 5801 divinorum
3070 5721 3449 5795 eloquiorum
3509 5716 3665 5777 testi-
