3974 6402
399 244 536 302 ιω

1484 243 1543 298 S.
1582 235 1960 297 PRUDENTI!
1997 233 2380 294 TRECENSIS
2418 234 2757 295 EPISCOPI.

3706 233 3877 293 1044

390 367 620 425 maniis
676 381 1006 423 asseveres.
1034 368 1103 421 Et
1151 366 1296 439 quia
1348 366 1499 423 nihil
1544 368 1710 421 extra
1756 359 2059 433 recipitur,
2091 360 2141 415 Α
2171 360 2378 417 Merito
2398 362 2563 434 apud
2587 359 2996 419 Samaritanos
3011 357 3269 415 biduum
3290 358 3629 425 fecitJesus,
3644 363 3728 413 ut
3747 375 3874 415 eos

391 450 698 527 quidquid
725 465 765 506 a
790 454 850 507 te
876 454 1044 507 extra
1070 449 1308 518 dicitur,
1334 451 1548 507 merito
1572 447 1949 522 reprobatur.

463 540 779 610 Quamvis,
802 541 959 597 sicut
978 555 1164 613 supra
1180 545 1581 598 monstratum
1600 542 2062 608 est,sanctorum

394 634 643 691 Patrum
671 628 1112 687 venerabilibus
1129 629 1387 702 scriptis,
1400 635 1457 687 et
1482 629 1737 701 geminis
1758 626 2063 700 praedesti-

394 720 660 781 nationis
688 720 909 777 veritas
929 719 1320 792 approbatur,
1339 725 1397 777 et
1426 725 1567 791 tuae,
1586 719 1649 775 id
1680 722 1767 774 est
1779 715 2059 774 solitariae

396 808 963 886 predestinationis,
992 807 1223 865 falsitas
1272 809 1646 881 improbetur
1676 825 1690 864 :
1719 806 1856 879 quis
1898 804 2060 861 enim

397 905 454 959 te
481 899 833 967 barbarum,
852 900 911 954 et
938 896 1120 953 nullis
1149 897 1564 956 ecclesiastica:
1589 895 1894 967 dignitatis
1924 910 2058 964 gra-

392 990 577 1047 dibus
625 988 981 1060 insignitum
1031 1003 1145 1044 nec
1199 1003 1475 1062 unquam
1499 1005 1537 1044 a
1560 986 1867 1045 catholicis
1920 983 2059 1040 insi-

394 1078 750 1152 gniendum,
786 1077 1084 1135 adversus
1113 1079 1401 1134 Romanis
1430 1077 1598 1133 urbis
1628 1082 1688 1133 et
1715 1073 2059 1148 apostolicae

391 1168 558 1227 sedis
590 1167 917 1226 antistitem
959 1167 1331 1238 Gregorium,
1356 1170 1417 1223 ct
1436 1167 1566 1238 ejus
1588 1166 1742 1222 sicut
1768 1163 2057 1220 doctrinae

392 1253 636 1319 etfuiei.
655 1253 740 1311 ita
768 1250 1081 1322 dignitatis
1108 1256 1289 1325 atque
1316 1251 1497 1309 oﬂicii
1530 1252 1783 1318 socium,
1812 1249 2058 1305 beatum

394 1337 670 1398 videlicet
685 1337 986 1397 lsidorum
1003 1337 1382 1410 episcopum,
1402 1336 1607 1394 audiat
1637 1334 2055 1390 oblatrantem.

395 1425 617 1483 Verum
641 1422 696 1481 si
722 1421 883 1485 beati
927 1421 1140 1480 lsidori
1184 1420 1376 1478 solius
1419 1419 1926 1477 contemnendam
1955 1417 2062 1472 du-

393 1507 555 1571 xeris
601 1506 1038 1577 auctoritatem,
1075 1505 1213 1580 quis
1243 1510 1299 1567 te
1330 1505 1562 1573 audiat,
1591 1505 1727 1578 quis
1753 1507 2058 1577 sequatur,

392 1591 515 1661 nisi
549 1595 752 1659 mente
783 1594 1001 1669 captus
1030 1590 1058 1647 ?
1084 1607 1225 1648 cum
1253 1606 1394 1648 eum
1439 1591 1691 1663 ejusque
1726 1588 2062 1646 doctrinam

2169 450 2457 507 charitate
2486 452 2752 508 ﬁrmaret
2785 467 2796 504 :
2828 448 3067 504 Binario
3096 462 3242 516 ergo
3273 447 3384 503 isto
3410 464 3670 505 numero
3705 464 3871 504 cum

2168 538 2399 611 aliquid
2418 540 2566 596 boni
2586 536 3245 610 signiﬁcatur,maxime
3266 536 3547 609 bipertita
3567 536 3872 594 Charitas

2170 629 2667 689 commendatur].
2700 627 2734 693 is
2758 625 3052 694 ldem,lib.
3068 641 3127 681 iv
3149 625 3223 681 de
3245 628 3555 682 Consensu
3576 640 3873 694 evange

2168 715 2441 775 listarum
2467 735 2479 772 :
2508 719 2679 788 [Eum
2708 716 2813 788 qui
2858 714 3031 770 Filius
3056 714 3156 769 Dei
3182 729 3422 786 semper
3448 719 3557 775 est,
3588 718 3871 786 propter

2168 820 2280 861 nos
2311 804 2503 861 ﬁlium
2544 804 2810 862 hominis
2856 802 3177 871 factum,ut
3229 802 3597 875 sempiterna
3646 802 3868 858 virtus

2169 895 2298 964 ejus
2345 899 2403 949 et
2448 895 2731 950 divinitas
2768 899 2988 949 nostrae
3040 892 3377 948 inﬁrmitati
3402 898 3460 948 et
3484 891 3869 949 mortalitati

2169 989 2639 1057 contemperata,
2666 984 2741 1038 de
2790 986 2993 1038 nostro
3036 981 3214 1037 nobis
3245 982 3306 1037 in
3339 998 3403 1037 se
3450 987 3634 1055 atque
3665 980 3763 1037 ad
3794 996 3869 1036 se

2167 1073 2384 1129 faceret
2426 1073 2756 1139 viam,cum
2790 1087 3018 1140 magna
3064 1071 3192 1143 spei
3235 1070 3437 1127 laetitia
3477 1070 3747 1127 ﬁdeliter
3774 1074 3870 1126 te-

2166 1168 2326 1233 neat,
2360 1179 2433 1219 ne
2491 1166 2697 1236 peccet
2726 1179 2763 1218 a
2792 1178 2930 1232 rege
2972 1161 3205 1218 Christo
3255 1164 3538 1231 regatur:
3574 1160 3629 1217 si
3688 1159 3866 1217 forte

2168 1252 2524 1324 peccaverit.
2548 1252 2626 1308 ab
2648 1251 2863 1307 eodem
2892 1250 3198 1307 sacerdote
3228 1250 3519 1322 expietur,
3548 1254 3743 1321 atque
3772 1249 3868 1306 ita

2169 1342 2229 1397 in
2256 1342 2489 1397 actione
2510 1342 2683 1398 bonae
2705 1339 3176 1397 conversationis
3198 1345 3257 1396 et
3278 1339 3411 1395 vitis
3439 1338 3676 1396 nutritis
3704 1355 3867 1411 pen-

2167 1431 2262 1487 nis
2293 1431 2549 1499 geminas
2582 1430 3251 1501 dﬂectionis,tanquam
3278 1427 3519 1485 duabus
3547 1427 3661 1484 alis
3694 1428 3863 1485 vali-

2169 1518 2264 1575 dis
2289 1523 2528 1575 evectus
2560 1534 2596 1575 a
2632 1518 2823 1589 terris,
2849 1518 2925 1575 ab
2956 1517 3170 1573 eodem
3200 1517 3334 1589 ipso
3368 1516 3600 1573 Christo
3655 1516 3864 1574 verbo

2171 1606 2583 1669 illuminetur.]
2609 1607 2644 1672 *ξ’
2667 1607 2852 1675 idem,
2875 1606 2937 1663 in
2954 1606 3109 1662 libro
3125 1604 3595 1661 Adnotationum
3612 1604 3677 1661 in
3696 1605 3858 1661 Job:

395 1682 460 1747 in
510 1696 697 1747 causa
741 1678 889 1747 ﬁdei
938 1679 1246 1757 catholicis
1299 1680 1583 1736 omnibus
1630 1681 2040 1749 congruenter:

2185 1696 2486 1768 :Expansis
2516 1696 2730 1767 pennis
2762 1694 3092 1751 immobilis
3135 1682 3193 1750 et
3233 1693 3560 1765 respiciens
3595 1694 3679 1751 ad
3711 1711 3862 1750 aus-

396 1774 567 1839 tante
608 1769 947 1831 annositate
995 1772 1339 1843 temporum
1368 1772 1427 1825 et
1451 1768 1832 1842 probabilem
1861 1765 2064 1822 videat

397 1863 457 1919 et
495 1863 870 1933 susceptam,
907 1857 1174 1915 maxime
1206 1873 1345 1917 cum
1375 1860 1434 1915 et
1469 1857 1772 1931 hodieque
1804 1859 1937 1924 Leo,
1966 1871 2064 1910 ve-

395 1947 680 2017 nerabilis
696 1946 1039 2022 apostolicm
1057 1946 1215 2005 sedis
1238 1946 1698 2016 antistes,missa
1719 1951 1859 2003 ante
1886 1946 2064 2001 trien-

398 2040 567 2105 nium
596 2037 675 2107 ad
704 2037 1023 2112 episcopos
1064 2036 1512 2103 Britannorum,
1542 2037 1646 2109 qui
1678 2035 1879 2092 Galliae
1919 2033 2064 2090 infe-

608 2132 811 2202 partes
838 2127 1129 2196 incolunt,
1157 2142 1340 2200 super
1368 2126 1743 2202 quibusdam
1788 2125 2065 2200 quaestio-

395 2217 582 2285 nibus
616 2232 745 2283 sum
776 2216 1188 2292 responsionis
1228 2216 1503 2289 epistola,
1530 2216 1762 2273 censuit
1790 2221 1855 2275 ut
1886 2215 2065 2288 quid-

395 2304 551 2380 quid
576 2305 640 2362 in
662 2304 920 2367 dubium
962 2305 1287 2378 deveniret,
1319 2310 1499 2379 atque
1548 2305 1611 2363 in
1656 2305 1842 2363 sacris
1890 2319 2067 2361 cano-

395 2392 581 2457 nibus
618 2393 873 2452 minime
918 2394 1175 2453 inveniri
1227 2398 1455 2468 posset,
1500 2395 1579 2451 ad
1636 2394 2068 2453 catholicorum

394 2486 641 2549 Petrum
686 2483 1000 2547 volumina
1047 2483 1543 2557 confugiendum,
1576 2489 1633 2540 et
1680 2485 1743 2539 in
1779 2484 1865 2540 eis
1898 2481 2071 2555 quid-

399 2572 549 2647 quid
591 2576 751 2630 esset
802 2571 1077 2644 ambigui
1122 2571 1556 2645 requirendum
1598 2577 1777 2645 atque
1820 2586 2072 2645 sequen-

396 2661 550 2724 dum
581 2679 597 2719 :
628 2678 785 2739 quos
826 2677 968 2718 cum
1012 2660 1374 2719 nominatim
1417 2663 1792 2735 exprimeret,
1821 2661 2071 2716 beatum

400 2748 701 2813 Isidorum
742 2766 886 2809 cum
916 2749 1146 2815 caeteris
1181 2749 1401 2807 eodem
1439 2750 1670 2809 honore
1698 2755 1754 2806 et
1783 2749 2070 2819 dignitate

402 2838 625 2915 parite:
651 2837 983 2901 adnotavit.
1013 2838 1201 2910 Hujus
1226 2838 1522 2912 quoniam
1553 2838 1824 2895 doctrina
1845 2839 1906 2894 in
1928 2854 2069 2894 cau-

404 2945 475 2989 sa
511 2927 657 2989 ﬁdei
698 2928 778 2987 ab
819 2926 1156 3002 apostolica
1204 2926 1343 2984 sede
1392 2928 1733 3001 approbata
1791 2930 2068 3002 cernitur,

2170 1790 2351 1855 u'um,
2380 1785 2692 1857 explicatis
2737 1784 2817 1841 ab
2862 1784 3026 1840 omni
3056 1783 3511 1856 impedimendo
3566 1783 3861 1841 saaculari

2172 1874 2489 1930 virtutibus
2535 1873 2792 1943 geminae
2839 1871 3196 1939 dilectionis,
3226 1887 3591 1944 permanens
3632 1872 3861 1931 incon-

2170 1978 2383 2019 cussus
2412 1962 2474 2017 in
2503 1962 2621 2017 ﬁde
2651 1978 2663 2015 :
2696 1976 2821 2016 non
2850 1966 3052 2017 tamen
3087 1960 3147 2017 in
3179 1961 3295 2017 hoc
3339 1960 3472 2033 ipso
3498 1959 3573 2017 de
3600 1976 3669 2017 se
3712 1961 3859 2033 ipso

2171 2065 2569 2123 praesumens,
2604 2049 2713 2105 sed
2741 2065 2993 2121 sperans
3024 2049 3086 2104 in
3114 2049 3305 2104 Deum
3326 2054 3384 2104 et
3412 2047 3648 2109 nullum
3676 2065 3857 2105 revo-

2170 2155 2319 2196 cans
2349 2139 2413 2195 in
2443 2138 2833 2195 tentationem
2875 2136 3005 2211 [al.,
3041 2138 3104 2195 in
3140 2137 3310 2194 illum
3339 2152 3630 2197 revocans
3654 2138 3855 2195 inten-

2174 2229 2443 2300 tionem],
2477 2244 2514 2285 a
2541 2244 2665 2300 quo
2704 2228 2831 2301 ipse
2858 2227 3168 2283 charitatis
3197 2226 3378 2284 arbor
3401 2227 3758 2300 inspiratur,
3790 2231 3856 2283 ut

2175 2318 2581 2374 fortitudinem
2634 2333 2810 2374 suam
2862 2316 2942 2373 ad
2987 2317 3192 2389 ipsum
3244 2315 3545 2374 custodiat
3591 2316 3850 2373 dicens:

2175 2410 2389 2465 Nonne
2416 2411 2538 2465 Dec
2578 2409 2844 2478 subjecta
2876 2409 2990 2463 erit
3021 2408 3225 2463 anima
3262 2421 3413 2475 mea,
3435 2406 3511 2463 ab
3533 2408 3662 2476 ipso
3686 2408 3851 2465 enim

2175 2495 2446 2551 salutare
2472 2508 2687 2548 meum.
2722 2493 2957 2549 Etenim
2989 2493 3111 2561 ipse
3136 2493 3293 2548 Deus
3324 2507 3486 2549 meus
3517 2498 3573 2548 et
3613 2493 3856 2549 saluta-

2176 2583 2260 2640 ris
2306 2598 2489 2651 meus,
2520 2588 2828 2650 susceptor
2880 2596 3063 2649 meus,
3089 2597 3208 2638 non
3256 2581 3534 2638 movebar
3579 2582 3851 2651 amplius

2175 2673 2371 2741 (Psal.
2400 2688 2515 2740 LXI,
2541 2670 2588 2741 1,
2618 2672 2690 2741 2).
2719 2671 2736 2741 j

2251 2760 2286 2825 ῒ
2317 2763 2429 2816 Leo
2460 2760 2521 2817 in
2553 2775 2828 2815 sermone
2851 2759 2924 2814 de
2949 2759 3181 2830 jejunio
3208 2760 3435 2817 mensis
3462 2759 3701 2833 septimi
3723 2760 3850 2833 :[Et

2179 2864 2320 2907 cum
2350 2849 2489 2905 inde
2534 2848 2770 2903 dicatur
2798 2867 2810 2903 :
2839 2851 3065 2919 Diliges
3108 2851 3428 2907 Dominum
3451 2851 3641 2906 Deum
3669 2856 3846 2906 tuum

2180 2953 2256 2997 ex
2282 2944 2401 2994 toto
2420 2939 2600 2995 corde
2630 2944 2752 3006 tuo,
2778 2945 2835 2994 et
2860 2940 3072 3009 diliges
3106 2943 3453 3009 proximum
3485 2945 3654 2996 tuum
3689 2942 3848 2999 sicut

398 3021 701 3121 quidquid
730 3020 1178 3121 contra‘garrire
1198 3020 1441 3121 molitus
1464 3037 1553 3093 es,
1575 3020 1869 3092 etfetatur,
1891 3024 2070 3079 nullis
2093 3063 2144 3121 Β
2182 3029 2433 3096 tei'psmn
2467 3028 2703 3097 (Matth.
2725 3044 2861 3093 λιιι,
2884 3033 2951 3085 37
2962 3038 3010 3095 )2
3042 3028 3273 3084 Christo
3304 3027 3558 3084 Domino
3586 3028 3842 3095 dicente,

397 3110 465 3177 in
489 3112 802 3185 posterum
826 3108 1052 3167 viribus
1075 3107 1468 3169 fulciendum.

469 3218 747 3274 Atnmen
804 3214 976 3290 quod
1025 3216 1335 3287 geminam
1382 3216 1736 3275 charitatem
1782 3219 2072 3291 quemad-

397 3304 659 3363 modum
704 3303 1016 3375 geminam
1052 3304 1648 3377 praedestinationem
1678 3322 1885 3378 negas,
1918 3308 2074 3378 ejus-

400 3407 525 3467 que
566 3395 894 3449 assertores
943 3391 1110 3449 velut
1158 3392 1471 3453 haereticos
1528 3393 1807 3460 damnas,
1854 3395 2071 3452 videris

402 3480 536 3554 ipse
562 3479 712 3553 quid
739 3479 955 3549 egeris.
983 3483 1133 3537 Nam
1173 3482 1377 3539 Patres
1402 3481 1724 3539 orthodoxi
1765 3484 2073 3553 geminam

404 3566 760 3627 sharitatem
798 3566 896 3625 vel
942 3566 1330 3627 dilectionem
1382 3584 1829 3643 nonnunquam
1854 3574 1917 3628 in
1950 3574 2074 3630 suis

403 3655 715 3732 opusculis
743 3655 1019 3731 posuisse
1063 3657 1466 3728 reperiuntur,
1488 3674 1751 3730 quorum
1784 3662 1944 3718 Beda
1974 3678 2073 3719 ve-

402 3744 691 3805 nerabilis
720 3744 1034 3819 presbyter
1060 3745 1124 3803 in
1143 3745 1529 3820 Expositione
1550 3746 1921 3809 tabernaculi
1943 3754 2071 3822 (lib.

403 3849 471 3904 ιι,
501 3846 636 3902 cap.
666 3830 774 3904 ll),
802 3830 971 3904 quod
1000 3833 1216 3901 Moses,
1244 3830 1493 3903 j'ubente
1532 3833 1808 3903 Domino,
1841 3840 2074 3898 statuis-

405 3936 471 3979 se
498 3919 716 3992 legitur
745 3936 760 3975 :
793 3919 922 3992 [Vel
943 3923 1117 3988 certe,
1148 3920 1363 3993 inquit,
1388 3920 1635 3994 forcipe,
1657 3921 1884 3995 duplici
1914 3927 2073 3985 vide-

404 4009 542 4069 licet
587 4008 974 4078 ferramento,
1006 4008 1347 4066 sacerdotes
1396 4009 1596 4080 ignem
1629 4010 1832 4069 altaris
1871 4030 2072 4075 emen-

406 4097 575 4168 dant,
616 4113 757 4154 cum
809 4097 873 4153 in
916 4097 1205 4155 omnibus
1236 4112 1372 4171 quae
1402 4097 1621 4155 docent
1648 4101 2071 4173 praedicatores

404 4186 622 4257 sancti,
652 4186 934 4244 virtutem
985 4186 1163 4244 nobis
1206 4188 1461 4258 geminae
1511 4188 1815 4247 charitatis
1868 4193 2069 4250 infun-

407 4276 574 4345 dere,
604 4278 665 4334 et
691 4275 875 4345 hujus
931 4275 1124 4345 gratia
1164 4291 1277 4331 nos
1330 4277 1539 4334 ardere
1585 4279 1766 4336 simul
1792 4286 1847 4337 et
1872 4282 2070 4340 lucere

408 4364 809 4441 principium.)

478 4418 808 4524 {Eli};
832 4453 1050 4512 eodem
1079 4454 1240 4513 Beda
1269 4456 1400 4523 (tib.
1439 4472 1521 4528 in,
1559 4474 1690 4531 cap.
1723 4462 1779 4532 4)
1807 4461 1976 4532 :[Non
2007 4464 2071 4520 in
2096 4418 2144 4474 Β

406 4561 534 4604 una
559 4548 731 4620 parte
759 4543 1272 4616 superhameralis
1292 4546 1600 4617 aurum,in
1622 4546 1807 4605 altera
1829 4550 2072 4622 hyacin-

406 4635 566 4708 thus,
587 4634 653 4692 in
679 4633 798 4697 alia
826 4649 1067 4693 rursum
1086 4634 1187 4695 alii
1212 4638 1393 4707 atque
1424 4635 1523 4693 alii
1550 4637 1781 4694 colores
1808 4639 2065 4699 fuerunt.

408 4724 753 4784 Sodomitas
775 4722 1007 4782 colores
1028 4723 1234 4797 utique
1253 4739 1360 4797 per
1371 4726 1581 4782 omnia
1600 4743 1741 4784 cum
1764 4744 1917 4785 auro
1937 4730 2070 4803 ipso

403 4813 570 4872 more
591 4812 1025 4887 contexti,quia
1051 4812 1421 4873 nimirumin
1451 4815 1683 4873 actione
1714 4817 2069 4876 sacerdotali

404 4919 724 4977 nunquam
750 4903 959 4975 aliqua
1007 4918 1375 4975 magnarum
1417 4903 1705 4969 virtutum
1733 4906 1827 4963 vel
1857 4908 1935 4963 ad
1964 4909 2070 4965 ho-

398 5007 541 5049 rem
578 4991 758 5050 debet
798 4992 1128 5061 intermitti,
1157 4993 1264 5052 sed
1295 5009 1533 5066 semper
1572 5011 1720 5051 auro
1759 4998 2067 5069 sapientiai

402 5077 907 5151 lucidus,semper
934 5080 1261 5153 hyacintho
1286 5081 1413 5154 spei
1443 5082 1506 5139 in
1528 5099 1790 5155 superna
1815 5092 2065 5153 erectus,

397 5184 647 5242 smper
665 5167 869 5238 regnis
888 5167 1144 5225 scelestis
1165 5185 1436 5243 purpura
1466 5172 1755 5229 adversus
1784 5174 2067 5233 vitiorum

400 5258 564 5319 bella
588 5257 1049 5330 negauimus,
1082 5273 1321 5332 semper
1369 5277 1555 5319 cocco
1613 5262 1705 5319 bis
1750 5264 1934 5321 tincto
1964 5281 2066 5335 ge-

398 5349 588 5406 mina:
976 5347 1320 5418 ﬂammeus,
1360 5366 1603 5424 semper
1631 5358 1850 5410 retorta
1879 5356 2066 5427 bysso

404 5437 709 5509 caligatis
738 5436 940 5493 carnis
966 5436 1247 5496 sacerdos
1276 5437 1395 5496 sive
1419 5438 1630 5497 doctor
1666 5442 1936 5499 fidelium
1967 5443 2069 5499 de-

400 5523 663 5581 hetesse
690 5524 971 5597 nitidus.]

472 5612 515 5675 τ
534 5614 976 5683 Augustinusin
986 5631 1267 5673 sermone
1278 5616 1354 5674 de
1368 5615 1660 5687 languido
1675 5619 1918 5690 triginta
1930 5624 2066 5679 octo

406 5710 604 5756 annos
637 5700 1054 5765 inﬁrmitatem
1066 5706 1334 5765 habente
1358 5707 1705 5778 (Tract.xvu
1730 5712 1793 5765 in
1817 5710 2053 5780 «Μαίης

2181 3116 2606 3188 cognoscimus
2633 3117 2924 3188 quoniam
2948 3119 3009 3172 in
3041 3119 3131 3174 his
3152 3117 3379 3173 duobus
3395 3118 3697 3177 mandatis
3720 3119 3846 3177 tela

2180 3209 2281 3265 lea:
2304 3208 2522 3276 pendet
2554 3213 2609 3264 et
2631 3210 2941 3277 prophetae
2984 3208 3185 3276 (ΗΜΛ,
3218 3224 3378 3265 vers.
3399 3209 3486 3281 40)
3514 3227 3530 3277 ;
3559 3213 3845 3281 tantaque

2179 3305 2269 3354 est
2302 3298 2415 3353 sud
2443 3298 2624 3369 hujus
2653 3298 2908 3367 geminae
2943 3297 3247 3354 charitatis
3297 3299 3492 3355 edicto
3533 3298 3843 3370 utriusque

2179 3386 2401 3459 copula
2425 3389 2877 3449 Testamenti,ut
2903 3387 3032 3443 sine
3062 3387 3314 3445 istarum
3337 3388 3711 3444 connexione
3732 3387 3844 3443 vir-

2182 3482 2375 3532 tutum
2416 3492 2528 3532 nec
2584 3493 2687 3532 rex
2718 3477 3069 3549 quempiam
3112 3477 3444 3533 inveniatur
3485 3476 3839 3549 justiﬁcasse

2179 3582 2289 3623 nec
2320 3564 2554 3638 gratia]
2581 3565 2616 3631 ·Ι-
2640 3565 2898 3637 ideoque
2926 3567 2987 3623 in
3014 3567 3229 3621 eodem
3257 3583 3268 3621 :
3294 3566 3562 3632 [Dilectio
3584 3565 3839 3638 proximi

2178 3654 2417 3710 dilectio
2442 3655 2539 3710 Dei
2562 3655 2779 3727 cst,qui
2809 3655 3245 3727 plenitudinem
3275 3656 3421 3723 legis
3434 3661 3495 3710 et
3522 3656 3837 3728 propheta-

2179 3760 2317 3800 rum
2342 3744 2403 3799 in
2435 3745 2546 3799 hac
2567 3745 2822 3813 geminae
2853 3745 3157 3801 charitatis
3189 3746 3413 3801 unitate
3436 3745 3756 3812 constituit,
3778 3750 3837 3803 ut

2180 3848 2359 3888 nemo
2387 3833 2719 3904 ambigeret
2748 3834 2865 3888 Deo
2886 3851 2949 3889 se
2973 3834 3152 3890 oil‘ere
3180 3834 3479 3907 quidquid
3504 3836 3636 3905 (aL,
3653 3834 3832 3907 quod]

2179 3923 2411 3977 homini
2442 3922 3060 3981 conttllisset.dicentc
3082 3926 3336 3980 Domino
3366 3925 3832 3991 Salvatore,cum

2179 4012 2254 4067 de
2308 4011 2539 4067 alendis
2595 4012 2999 4084 jmandisque
3053 4015 3421 4086 pauperibus
3470 4014 3831 4085 loqueretur:

2183 4102 2350 4168 Quod
2365 4104 2679 4158 miieorum
2698 4105 3329 4172 l‘ecistis,~mi/u'/ecistis
3344 4104 3579 4167 (Matth.
3594 4101 3832 4173 angam.)

2250 4190 2286 4255 ᾖ
2310 4192 2464 4245 Sane
2494 4206 2613 4246 non
2640 4191 2816 4246 video
2834 4192 2981 4262 quid
3011 4192 3297 4247 rationiet
3320 4192 3543 4249 veritati
3568 4191 3828 4257 obsistat,

2178 4280 2226 4336 si
2251 4280 2496 4350 gemina
2525 4283 2782 4338 Charitas
2808 4288 3206 4353 nuncupatur,
3225 4283 3503 4355 quamvis
3534 4285 3686 4339 Deus
3702 4281 3830 4337 cha-

2182 4371 2331 4425 rilas
2354 4369 2704 4442 appelletur,
2740 4387 2877 4426 cum
2904 4370 3095 4426 multa
3120 4370 3182 4427 in
3214 4371 3397 4427 sacris
3430 4370 3634 4428 litteris
3678 4384 3831 4441 repe-

2180 4460 2428 4525 riantur,
2461 4464 2518 4515 et
2550 4459 2625 4515 de
2654 4461 2775 4515 Deo
2822 4460 3002 4527 dicta,
3035 4465 3092 4516 et
3139 4460 3443 4533 pluraliter
3489 4460 3784 4517 enuntiata
3811 4476 3824 4525 ;

2175 4547 2315 4619 quis
2357 4547 2520 4603 enim
2569 4549 2798 4605 nesciat
2839 4549 3332 4615 misericordiam,
3368 4549 3820 4615 miserationem,

2173 4638 2486 4708 justitiam,
2541 4638 3051 4707 justiﬁcationem,
3110 4640 3442 4709 scientiam,
3485 4639 3819 4704 bonitatem,

2176 4727 2442 4797 laudem,
2474 4726 2909 4798 laudationem,
2942 4731 3349 4799 veritatem,et
3368 4728 3558 4785 multa
3587 4728 3698 4785 alia
3721 4730 3818 4786 Do-

2180 4816 2327 4870 mini
2348 4815 2487 4877 dici,
2505 4821 2562 4871 et
2582 4820 2782 4872 tamen
2804 4818 3111 4889 pluraliter
3137 4820 3290 4874 elata
3313 4819 3586 4890 quisquis
3610 4818 3700 4889 pie
3725 4816 3821 4875 ad—

2178 4906 2351 4962 vertit
2373 4905 2652 4961 facillime
2688 4907 3087 4964 invenit.l)icit
3128 4909 3289 4964 enim
3317 4909 3649 4981 Propheta:
3676 4909 3817 4963 Deus

2177 5012 2358 5062 meus,
2392 4997 2801 5052 misericordia
2839 5014 2970 5052 mea
3007 5000 3198 5067 (Psal.
3234 5014 3388 5067 Lviu,
3426 4998 3541 5069 18');
3576 5002 3631 5053 et
3668 4996 3814 5054 idem

2174 5086 2618 5141 Misericordias
2658 5088 2900 5142 Domini
2926 5089 2987 5142 in
3018 5093 3306 5144 a’temum
3358 5088 3613 5143 cantabo
3642 5088 3815 5157 (Psal.

2180 5191 2449 5246 LXXXVIII,
2517 5179 2589 5235 3).
2674 5175 2837 5231 idem
2872 5193 2886 5229 ι
2926 5178 3324 5233 Remim'scere
3385 5178 3813 5232 miserationum

2177 5271 2443 5333 tuarum,
2484 5266 2737 5321 Domine
2772 5266 2959 5333 (Psat.
3013 5282 3168 5333 xxrv,
3218 5269 3290 5336 6).
3340 5265 3539 5321 idem:
3572 5265 3814 5323 Justitia’

2175 5355 2416 5409 Domini
2446 5359 2625 5410 rectae
2664 5356 2869 5422 (Psal.
2926 5371 3074 5417 xvm,
3122 5356 3177 5427 9)
3210 5356 3373 5411 Idem
3425 5357 3499 5410 In
3531 5355 3805 5425 justiﬁes

2178 5443 2435 5498 tionibus
2503 5444 2618 5497 tuis
2689 5443 3021 5499 meditabor
3081 5444 3269 5514 (Psal.
3343 5460 3537 5509 cxvm,
3598 5444 3698 5514 16).
3751 5445 3811 5498 Et

2174 5532 2362 5588 alibi:
2410 5533 2701 5599 Quoniam
2757 5534 2914 5588 Deus
2967 5534 3352 5589 scientiarum
3405 5533 3688 5589 Dominus
3734 5538 3808 5588 est

2173 5622 2231 5691 (Ι
2261 5621 2403 5693 Reg.
2464 5637 2523 5688 ιι,
2582 5622 2654 5692 3).
2714 5624 2783 5677 Et
2842 5621 3103 5680 iterum:
3147 5624 3299 5691 Quia
3342 5621 3648 5691 fortitudo
3692 5636 3808 5679 mea

2177 5718 2231 5767 et
2291 5713 2424 5768 laus
2484 5726 2616 5767 mea
2680 5713 2968 5768 Dominus
3026 5716 3178 5770 Deus
3245 5714 3429 5784 (Ρωι.
3490 5728 3652 5782 cmi,
3709 5716 3800 5785 t6).
