3974 6388
150 299 290 353 1049

1129 299 1219 354 DE
1248 295 1935 357 PRIEDESTINATIONE
1966 295 2245 354 CONTRA
2269 301 2317 358 J.
2351 301 2625 360 SCOTUM

3455 306 3475 356 ί
3487 305 3592 358 050

145 436 286 477 mur
305 420 661 477 auctoritate
687 421 856 494 quod
884 420 1120 478 liberati
1150 439 1380 487 sumus,
1426 425 1533 480 sed
1559 423 1819 480 liberan-
1851 423 1898 475 Α
1930 419 2203 494 inquam,
2228 426 2333 481 sed
2373 427 2450 482 ad
2492 427 2722 483 bonum
2753 425 2848 482 vel
2900 424 3227 480 volendum
3256 423 3350 479 vel
3376 423 3592 481 facien-

144 510 241 567 di:
284 509 525 567 liberati
552 526 589 566 a
616 509 862 566 vinculo
882 511 1095 584 primae
1127 514 1657 585 prmvaricationis,
1680 513 1826 568 libe-

145 599 325 658 randi
356 600 438 656 ab
480 600 650 657 omni
680 600 828 656 vitio
854 602 1294 674 corruptionis;
1344 603 1578 660 liberati
1599 604 1661 660 in
1693 619 1818 676 spe,

144 688 451 746 liberandi
484 689 547 746 in
569 705 668 758 re;
692 689 929 747 liberati
959 695 1024 746 ut
1055 709 1193 748 cum
1237 693 1408 750 hoste
1452 709 1819 767 pugnemus,

146 777 451 836 liberandi
477 785 542 836 ut
556 796 878 853 nunquam
908 781 1145 838 hostem
1166 784 1629 840 metuamus.lbi
1661 783 1822 840 enim

147 869 256 926 erit
280 886 427 926 vera
459 869 728 938 libertas,
787 871 894 926 ubi
935 878 1098 929 certa
1129 874 1455 943 securitas;
1499 875 1582 930 ibi
1612 889 1823 930 secura

144 958 421 1025 libertas,
449 959 558 1014 ubi
586 959 754 1016 nulla
783 961 1172 1034 impugnabit
1198 963 1485 1036 iniquitas
1516 983 1528 1033 ;
1568 964 1650 1020 ibi
1680 978 1825 1019 vera

146 1046 444 1115 liberatio,
499 1047 605 1104 ubi
651 1048 818 1105 nulla
850 1053 1146 1122 supererit
1177 1053 1512 1126 corruptio;
1572 1053 1655 1108 ibi
1685 1068 1826 1108 vera

146 1136 563 1208 possidebitnr
591 1137 858 1204 libertas,
889 1138 992 1195 ubi
1020 1139 1188 1196 nulla
1218 1141 1455 1211 urgebit
1488 1141 1822 1214 captivitas.

147 1225 249 1281 Hic
292 1231 502 1282 autem
536 1226 639 1282 ubi
670 1226 1015 1284 indefessus
1037 1229 1273 1286 obsistit
1305 1230 1823 1300 adversarius,ubi

149 1315 482 1370 acerrimus
527 1315 975 1388 continuusque
1008 1334 1147 1373 cum
1178 1319 1336 1374 vitiis
1375 1318 1556 1375 instat
1585 1318 1824 1376 conﬂic-

145 1407 257 1472 tus,
290 1403 400 1459 ubi
427 1403 672 1459 libertas
705 1404 882 1460 etiam
903 1412 1112 1462 contra
1144 1412 1349 1463 votum
1379 1408 1679 1464 multoties
1701 1423 1822 1462 ser-

144 1491 264 1546 vire
311 1491 716 1564 compellitur,
772 1493 1078 1550 humiliari
1132 1511 1246 1550 nos
1294 1502 1475 1569 atque
1530 1497 1821 1553 auxilium

143 1580 346 1651 gratia;
377 1581 690 1637 liberantis
722 1586 922 1656 petere
948 1584 1171 1654 jugiter
1199 1591 1469 1657 oportet:
1494 1586 1575 1640 ita
1604 1589 1821 1640 utcum

143 1670 437 1742 Apostolo
464 1670 783 1736 humiliati,
815 1678 873 1728 et
926 1673 1078 1728 nihil
1107 1674 1182 1729 de
1224 1675 1483 1746 propriae
1532 1674 1820 1730 libertatis

1929 509 2078 567 dum
2104 531 2117 568 :
2150 529 2295 570 nam
2317 515 2396 571 ad
2426 517 2657 572 malum
2682 531 2920 588 semper
2942 515 2994 570 ei
3025 514 3217 570 adfuit
3241 513 3491 579 servilis,
3530 518 3594 570 ut

1929 599 2012 656 ita
2031 601 2308 672 dixerim,
2356 605 2618 678 libertas,
2649 622 2720 663 ac
2760 621 2867 678 per
2893 604 3029 668 hoc,
3063 607 3128 659 ut
3162 603 3292 674 jam
3319 602 3411 658 vel
3436 603 3591 658 bene

1930 689 2088 758 velit,
2111 692 2201 748 vel
2223 693 2376 750 bene
2405 695 2616 768 possit,
2647 693 2888 751 nonnisi
2916 693 2991 749 ad
3030 691 3283 761 gratiam
3315 691 3418 747 Dei
3463 706 3594 764 per-

1931 777 2076 835 tinet
2096 796 2204 852 per
2231 785 2436 838 Jesum
2468 783 2771 840 Christum
2805 781 3127 838 Dominum
3158 785 3454 836 nostrum.
3492 782 3593 836 Sa-

1931 872 2106 923 netur
2135 885 2246 939 ego
2270 876 2331 928 ut
2361 871 2665 938 liberetur,
2697 876 2940 928 sanetur
2969 870 3126 925 illius
3149 869 3276 924 limi
3298 872 3590 940 peruncta

1931 957 2352 1027 medicamine,
2414 978 2535 1034 quo
2610 978 2646 1016 a
2702 961 3005 1016 nativitate
3057 958 3199 1014 caeci
3253 957 3410 1014 oculi
3455 961 3593 1013 sunt

1933 1049 2146 1103 sanati.
2183 1050 2444 1106 Sanitate
2472 1051 2692 1106 etenim
2722 1067 2876 1123 opus
2901 1048 3080 1104 habet
3109 1049 3214 1120 qui
3236 1047 3409 1103 dicit:
3459 1047 3589 1116 Ego

1931 1135 2083 1202 dixi,
2116 1138 2386 1207 Domine,
2416 1142 2694 1196 miserere
2716 1141 2866 1195 mei:
2896 1153 3046 1193 sana
3089 1137 3352 1192 animam
3376 1151 3586 1204 meam,

1932 1227 2072 1296 quia
2096 1229 2365 1295 peccavit
2389 1229 2498 1283 tibi
2523 1229 2711 1298 (Psal.
2746 1244 2841 1290 XL,
2866 1229 2938 1298 5).
2972 1230 3036 1282 Et
3060 1226 3306 1281 iterum:
3352 1226 3589 1280 Misere-

1932 1330 1998 1370 re
2025 1317 2158 1381 mei,
2189 1319 2453 1381 Domine,
2487 1319 2795 1388 quoniam,
2819 1317 3096 1384 inﬁrmus
3117 1327 3282 1384 sum;
3309 1328 3459 1368 sana
3476 1327 3586 1382 me,

1930 1405 2198 1471 Domine,
2244 1409 2528 1477 quoniam
2574 1406 2939 1461 conturbata
2994 1411 3136 1458 sunt
3161 1418 3292 1459 ossa
3340 1416 3509 1469 mea;
3533 1407 3588 1456 et

1931 1495 2135 1550 anima
2156 1510 2286 1551 mea
2318 1496 2562 1550 turbata
2588 1501 2671 1550 est
2721 1495 2914 1555 valde,
2957 1493 3060 1549 sed
3091 1499 3176 1559 tu,
3204 1491 3472 1558 Domine,
3497 1505 3590 1544 us-

1931 1588 2204 1654 quequo?
2234 1583 2614 1649 Convertere,
2648 1585 2920 1649 Domine,
2979 1583 3141 1650 eripe
3185 1581 3451 1636 animam
3478 1593 3590 1633 me-

1928 1687 2050 1741 am,
2080 1674 2317 1729 salvum
2357 1689 2448 1729 me
2488 1675 2594 1743 fac
2619 1679 2874 1743 propter
2904 1669 3375 1727 misericordium
3423 1672 3588 1722 tuam

141 1759 376 1815 viribus
408 1764 849 1832 praesumentes
894 1762 1206 1818 dicamus:
1252 1763 1646 1820 Condelector
1703 1766 1820 1836 legi
1845 1773 1892 1827 Β
1933 1761 2117 1832 (Psal.
2145 1779 2224 1829 v1,
2258 1765 2398 1833 3-5).
2431 1766 2547 1818 Hac
2577 1763 2827 1818 sanitate
2859 1766 3038 1834 atque
3068 1760 3337 1815 libertate
3369 1755 3591 1825 indige-

139 1848 248 1904 Dei
268 1849 603 1905 secundum
647 1851 993 1906 interiorem
1027 1853 1324 1908 hominem
1345 1866 1366 1922 ,°
1403 1854 1570 1908 video
1620 1859 1818 1909 autem

141 1937 328 1992 aliam
372 1939 562 2008 legem
592 1939 655 1993 in
699 1939 976 1995 membris
1024 1941 1168 1996 meis
1218 1947 1657 2011 repugnantem
1702 1941 1821 2010 legi

139 2027 353 2082 mentis
369 2032 596 2096 mew,et
607 2028 910 2096 captivum
928 2044 1022 2084 me
1041 2029 1351 2086 ducentem
1368 2031 1431 2084 in
1462 2031 1588 2098 lege
1605 2045 1816 2099 pecca-

142 2115 205 2182 ti,
232 2131 369 2187 qua’
412 2121 503 2172 est
546 2117 608 2171 in
654 2118 936 2172 membris
982 2120 1124 2174 meis
1176 2119 1368 2189 (Rom.
1418 2135 1518 2186 vn,
1563 2123 1651 2181 22,
1704 2120 1813 2190 23).

142 2205 383 2276 Hacque
401 2204 739 2261 humilitate
753 2204 1099 2279 salubrique
1117 2207 1469 2264 confusione
1492 2224 1820 2280 compunc-

142 2293 179 2347 ti
205 2292 628 2349 exclamemus
650 2311 791 2349 cum
823 2293 1040 2350 eodem
1071 2296 1359 2368 Apostolo
1384 2311 1408 2352 ,ο
1448 2298 1682 2366 Infelix
1712 2313 1817 2366 ego

141 2381 335 2450 homo,
368 2384 507 2455 quis
537 2399 630 2439 me
663 2384 945 2440 liberabit
973 2385 1047 2441 de
1065 2401 1314 2455 corpore
1345 2389 1555 2442 mortis
1583 2386 1765 2456 hujus
1789 2391 1818 2442 ?

141 2471 313 2541 (Ibid.
351 2487 517 2528 vers.
548 2475 663 2542 24).
691 2473 903 2546 Sicque
931 2474 1006 2529 de
1033 2475 1446 2531 misericordia
1473 2475 1816 2531 nullatenus

140 2558 486 2617 difﬁdentes
521 2563 969 2633 subjungamus
998 2581 1010 2618 :
1047 2565 1260 2621 Gratia
1288 2566 1402 2621 Dei
1439 2581 1553 2635 per
1603 2567 1808 2621 Jesum

143 2649 459 2706 Christum
489 2653 810 2708 Dominum
831 2659 1101 2708 nostrum
1140 2654 1318 2724 (Ibid.
1348 2669 1498 2710 vers.
1524 2656 1632 2726 25).
1669 2658 1812 2711 Ecce

140 2735 329 2794 hostis
379 2739 774 2812 impugnans,
807 2757 944 2797 ecce
991 2743 1305 2815 captivitas
1351 2743 1617 2810 trahens,
1677 2761 1813 2800 ecce

136 2823 229 2882 lex
259 2827 588 2896 rebellans,
617 2845 754 2885 ecce
782 2846 1003 2903 corpus
1033 2831 1266 2901 mortis,
1295 2837 1352 2888 et
1388 2832 1492 2888 ubi
1534 2833 1810 2899 libertas;

141 2914 245 2970 sed
283 2916 459 2985 audi,
491 2917 598 2972 ubi
626 2920 832 2989 gratia
861 2921 974 2976 Dei
995 2935 1110 2989 per
1131 2922 1334 2977 Jesum
1363 2921 1670 2978 Christum
1694 2924 1811 2976 Do-

138 3005 368 3062 minum
395 3012 670 3061 nostrum
691 3007 719 3060 ‘l

1927 1851 2077 1907 bant
2101 1852 2176 1907 de
2231 1851 2454 1924 quibus
2502 1851 2791 1907 Dominus
2849 1850 2910 1906 in
2965 1848 3294 1919 Evangelia
3322 1846 3586 1902 dicebat:

1925 1941 2064 1995 Non
2085 1946 2168 1996 est
2193 1943 2356 1996 sanis
2396 1956 2543 2010 opus
2578 1942 2862 2005 medicus,
2888 1940 2992 1995 sed
3021 1939 3180 1994 male
3212 1935 3584 1992 habentibus.

1926 2031 2061 2085 Non
2089 2032 2243 2085 enim
2289 2031 2425 2086 veni
2459 2045 2678 2086 vocare
2715 2033 2925 2098 iustos,
2981 2028 3084 2084 sed
3125 2031 3470 2096 peccatores
3523 2025 3587 2078 in

1922 2121 2342 2187 paenitentiam
2392 2118 2634 2189 (Matth.
2671 2134 2751 2184 ix,
2809 2117 2913 2189 12).
2968 2119 3034 2171 Et
3079 2130 3358 2170 rursum:
3421 2113 3588 2168 Venit

1927 2210 2081 2264 enim
2094 2209 2290 2263 Filius
2314 2209 2568 2264 hominis
2589 2223 2857 2279 qua'rere
2877 2212 2932 2263 et
2953 2207 3187 2261 salvum
3207 2205 3412 2274 facere
3430 2201 3590 2273 quod

1918 2299 2188 2367 perierat
2214 2299 2382 2367 (Luc.
2416 2313 2534 2363 xix,
2568 2301 2676 2366 10).
2711 2297 2776 2350 Id
2805 2300 2894 2351 est
2925 2293 3292 2361 venit,Filius
3322 2291 3586 2347 hominis

1924 2402 2192 2458 quaerere
2223 2386 2557 2456 fugitivum,
2587 2391 2644 2440 et
2670 2385 2924 2440 liberare
2971 2383 3310 2456 captivum:
3364 2381 3412 2435 si
3440 2379 3590 2435 liber

1925 2481 2071 2541 erat,
2103 2474 2415 2548 quomodo
2454 2475 2760 2546 perierat?
2825 2473 2930 2528 sed
2975 2472 3262 2527 nimirum
3307 2469 3580 2542 perierat,

1923 2564 2094 2636 quia
2122 2580 2266 2620 vero
2295 2563 2521 2619 lumine
2581 2579 2844 2630 aversus,
2894 2561 3046 2616 vitiis
3093 2565 3150 2615 et
3203 2557 3582 2615 daamonibus

1925 2653 2167 2708 additus
2200 2653 2528 2719 serviebat;
2567 2658 2632 2708 ut
2668 2657 2871 2708 autem
2900 2650 3254 2705 liberaretur
3279 2647 3435 2701 venit
3458 2645 3575 2711 ille,

1923 2745 1985 2797 in
2018 2759 2131 2814 quo
2155 2743 2311 2797 nihil
2335 2742 2544 2798 habuit
2568 2742 2854 2811 princeps
2878 2739 3092 2794 mundi
3120 2739 3317 2805 (Joan.
3349 2734 3582 2804 x1v,30),

1923 2840 1977 2888 et
2008 2834 2114 2903 qui
2131 2833 2296 2888 solus
2321 2833 2440 2892 fuit
2463 2833 2622 2887 inter
2650 2837 2916 2886 mortuos
2942 2827 3296 2896 liber(Psal.
3325 2840 3581 2887 Lxxxvn,

1923 2923 1996 2992 5);
2047 2920 2126 2976 ad
2163 2921 2336 2992 cujus
2393 2935 2597 2975 veram
2651 2919 3103 2991 perfectamque
3147 2915 3481 2971 libertatem
3536 2913 3586 2968 si

1921 3009 2234 3081 pervenire
2298 3007 2736 3074 desideramus,
2787 3007 2917 3076 ejus
2971 3003 3347 3077 preeventrici
3403 3007 3584 3074 atque

209 3096 371 3150 Inest
396 3093 580 3161 igitur
599 3093 1100 3151 hominiliberum
1133 3097 1584 3165 arbitrium,sed
1614 3097 1693 3153 ad
1709 3097 1813 3153 bo-
1840 3125 1882 3179 ο
1923 3096 2273 3154 auxiliatrici
2341 3095 2546 3166 gratim
2611 3093 2913 3149 humiliter
2971 3092 3397 3162 submisseque
3446 3089 3585 3144 sub-

141 3194 284 3237 num
317 3185 452 3237 tam
481 3179 866 3250 langutdum,
901 3186 1026 3238 tam
1073 3183 1429 3252 invalidum,
1476 3189 1602 3240 tam
1647 3185 1816 3241 inﬁr-

143 3283 329 3337 mum,
358 3273 448 3336 ut,
474 3269 591 3324 nisi
620 3270 997 3341 praecedente
1015 3273 1228 3343 gratia,
1261 3288 1371 3328 nec
1400 3273 1551 3329 velle
1578 3273 1812 3330 bonum

140 3359 329 3430 possit
359 3373 477 3414 nec
508 3373 710 3428 agere.
745 3359 911 3416 Unde
943 3372 1000 3416 et
1029 3361 1242 3417 beatus
1262 3363 1631 3433 Augustinus
1658 3363 1720 3418 in
1749 3362 1815 3418 li-

141 3442 248 3500 bro
272 3446 350 3501 de
383 3448 556 3502 Dono
579 3449 1040 3518 perseverantiae
1074 3453 1223 3519 (cap.
1255 3449 1312 3521 7)
1352 3467 1365 3505 :
1391 3451 1540 3520 [Non
1562 3451 1810 3518 esthoc,

142 3531 350 3606 inquit,
383 3533 639 3590 omnino
664 3534 726 3590 in
741 3534 972 3591 viribus
989 3536 1160 3592 liberi
1175 3537 1395 3594 arbitrii
1424 3538 1634 3611 quales
1650 3553 1812 3594 nunc

144 3625 310 3676 sunt:
349 3621 549 3679 fuerat
577 3621 638 3677 in
684 3622 932 3679 homine
985 3629 1316 3696 antequam
1362 3626 1620 3681 caderet.
1673 3628 1810 3691 Quae

147 3711 345 3764 tamen
375 3709 624 3767 libertas
648 3710 970 3767 voluntatis
996 3713 1058 3768 in
1087 3713 1244 3768 illius
1283 3715 1493 3786 primae
1524 3715 1811 3770 conditio-

145 3796 233 3851 nis
261 3799 618 3870 preestantia
646 3805 947 3872 quantum
979 3803 1255 3868 valuerit,
1288 3803 1573 3876 apparuit
1600 3804 1662 3859 in
1713 3819 1812 3859 an-

149 3884 311 3956 gelis,
336 3888 464 3955 qui,
498 3888 746 3945 diabolo
792 3906 932 3945 cum
973 3892 1095 3946 suis
1146 3893 1420 3954 cadente,
1453 3893 1514 3948 in
1565 3894 1808 3949 veritate

151 3977 451 4039 steterunt,
487 3982 546 4033 et
566 3977 646 4033 ad
669 3979 1046 4035 securitatem
1067 3987 1422 4052 perpetuam
1453 3998 1576 4037 non
1599 3982 1813 4038 caden-

149 4061 229 4129 di,
260 4063 318 4118 in
349 4081 477 4138 qua
501 4082 665 4122 nunc
696 4083 797 4123 eos
825 4084 961 4123 esse
1001 4070 1318 4125 certissimi
1350 4088 1583 4142 sumus,
1603 4088 1811 4144 perve-

150 4149 269 4206 nire
288 4160 661 4211 meruerunt.
685 4156 826 4212 Post
845 4173 1055 4212 casum
1087 4165 1288 4214 autem
1305 4159 1568 4214 hominis
1596 4161 1809 4216 nonni-

155 4235 200 4290 si
221 4237 296 4293 ad
326 4243 584 4318 gratiam
649 4259 827 4298 suam
862 4247 1016 4300 Deus
1047 4244 1230 4300 voluit
1259 4247 1575 4318 pertinere,
1609 4252 1675 4302 ut
1704 4247 1810 4302 ho-

152 4337 247 4380 mo
277 4329 527 4387 accedat
557 4330 638 4386 ad
663 4347 824 4400 eum;
858 4347 1053 4404 neque
1084 4334 1197 4388 nisi
1229 4334 1306 4388 ad
1329 4336 1583 4404 gratiam
1633 4352 1807 4391 suam

152 4412 330 4471 voluit
358 4419 674 4490 pertinere,
700 4425 765 4476 ut
791 4422 978 4477 homo
1007 4438 1130 4478 non
1162 4423 1402 4479 recedat
1432 4423 1511 4479 ab
1540 4425 1807 4481 eo.Hanc

153 4486 395 4567 gratiam
453 4486 669 4580 posuit
710 4509 772 4564 in
809 4509 930 4576 illo,
965 4510 1027 4565 in
1062 4526 1185 4582 quo
1239 4516 1461 4567 sortem
1501 4513 1806 4569 consecuti
1839 4486 1883 4539 Β

155 4602 372 4661 sumus,
413 4597 828 4668 praedestinati
875 4599 1212 4655 secundum
1258 4602 1636 4672 propositum
1676 4605 1804 4673 ejus

153 4677 249 4747 qui
278 4683 556 4741 universa
593 4689 921 4759 operatur.]

218 4765 253 4831 'l'
271 4769 439 4834 Quod
465 4779 634 4830 tanto
669 4776 932 4847 apertius
953 4783 1185 4850 quanto
1202 4777 1442 4834 brevius
1469 4780 1630 4835 idem
1655 4781 1800 4838 bea-

158 4853 245 4906 tus
287 4860 658 4930 Augustinus
707 4865 766 4918 in
790 4864 944 4921 libro
969 4865 1351 4922 Enchiridion
1382 4873 1539 4938 (cap.
1559 4870 1653 4936 30)
1672 4887 1800 4926 ma-

163 4940 404 5016 nifestat,
440 4953 545 5008 ubi
573 4954 711 5008 'ait:
744 4954 980 5024 [Libero
1020 4955 1267 5012 arbitrio
1297 4956 1454 5012 male
1487 4963 1659 5013 utens
1697 4960 1803 5016 ho~

163 5041 276 5094 m0,
304 5041 359 5090 et
379 5055 439 5094 se
466 5039 728 5112 perdidit
747 5047 805 5098 et
831 5043 1134 5114 ipsum.”
1167 5045 1264 5099 His
1314 5045 1594 5101 brevibus
1625 5051 1681 5102 et
1709 5065 1805 5104 ve-

163 5122 387 5212 fagibus
416 5136 598 5204 atque
617 5131 899 5188 ﬁdelibus
933 5133 1131 5188 verbis
1166 5134 1377 5190 beatus
1429 5137 1800 5192 Augustinus

163 5207 558 5275 inﬁrmitatem
593 5220 768 5276 liberi
815 5222 1045 5278 arbitrii
1085 5228 1355 5295 patenter
1376 5224 1634 5280 innotuit
1668 5226 1801 5297 [pro

164 5301 355 5389 finiam
378 5307 667 5380 exhibuit]
692 5311 950 5366 dicendo
997 5311 1164 5384 quod
1194 5311 1380 5368 homo
1419 5313 1574 5369 male
1626 5320 1799 5370 utens

165 5377 337 5474 libero
363 5394 628 5465 arbitrio,
648 5377 716 5454 et
745 5415 807 5454 se
849 5377 1112 5472 perdidit
1158 5405 1213 5456 et
1241 5401 1464 5474 ipsum,
1513 5403 1575 5457 id
1624 5409 1712 5459 est
1739 5403 1804 5459 li-

166 5464 364 5533 berum
391 5464 724 5542 arbitrium.
757 5464 1076 5554 Quomodo
1107 5464 1309 5545 autem
1352 5464 1513 5546 idem
1543 5492 1800 5548 liberum

169 5557 460 5654 arbitrium
485 5573 812 5644 perdiderit
839 5577 1154 5648 praemissa
1175 5577 1501 5634 declarant.
1552 5581 1805 5635 Perdidit

170 5656 316 5745 (infla
351 5673 442 5745 se,
477 5663 617 5734 quia
668 5665 846 5719 morti
891 5666 1178 5736 subjecit;
1236 5667 1497 5737 perdidit
1545 5668 1802 5726 liberum

172 5733 515 5819 arbitrium,
551 5754 698 5824 quia
771 5769 833 5810 se
912 5733 1070 5811 hosti
1135 5733 1438 5814 vendidit.
1523 5757 1799 5825 Perdidit,

1922 3187 2163 3251 damur,
2235 3187 2338 3256 qui
2403 3185 2567 3241 venit
2627 3198 2916 3256 qucerere,
2986 3187 3042 3238 et
3100 3181 3336 3236 salvum
3377 3179 3584 3248 facere

1921 3275 2081 3347 quod
2100 3275 2371 3343 perierat
2405 3274 2574 3340 (Luc.
2599 3287 2721 3338 χιχ,
2756 3271 2860 3342 10).
2895 3269 3113 3325 Deinde
3153 3267 3456 3322 subnectis
3493 3285 3505 3321 :

2490 3377 2732 3418 JOANNES
2773 3375 3000 3415 SCOTUS.

1991 3454 2160 3524 (Cap.
2192 3455 2246 3518 4,
2276 3466 2447 3506 num.
2480 3454 2537 3522 4,
2569 3454 2710 3505 sect.
2746 3450 2801 3520 5)
2841 3454 2881 3502 6
2909 3450 3044 3504 Non
3093 3448 3275 3503 aliter
3314 3446 3584 3502 debuisse

1918 3539 2054 3606 ﬁeri
2083 3537 2441 3592 rationalem
2471 3537 2676 3600 vitam,
2710 3535 2830 3589 nisi
2856 3533 3290 3600 voluntariam,
3342 3546 3478 3586 cum
3504 3530 3581 3586 ab

1920 3643 1990 3684 ea
2027 3628 2338 3682 voluntate
2365 3641 2498 3696 quae
2519 3630 2600 3681 est
2632 3639 2814 3679 causa
2835 3623 3118 3690 omnium,
3152 3626 3358 3677 creata
3399 3621 3476 3675 sit
3501 3619 3584 3676 ad

1920 3717 2240 3786 imaginem
2294 3721 2347 3771 et
2378 3714 2831 3770 similitudinem
2862 3714 2970 3767 sui.
3000 3712 3124 3766 Aut
3155 3709 3462 3780 quomodo,
3496 3708 3582 3762 in-

1919 3805 2077 3878 quis,
2096 3821 2225 3861 eam
2247 3805 2454 3860 divina
2481 3805 2783 3872 voluntas,
2804 3816 3036 3857 summa
3054 3799 3326 3856 videlicet
3346 3798 3582 3852 univer-

1919 3896 2118 3951 sitatis
2140 3895 2320 3964 ratio,
2351 3908 2484 3965 quae
2505 3892 2681 3946 nulla
2710 3891 3058 3945 necessitate
3085 3888 3581 3956 stringitur,quo-

1918 3987 2084 4040 niam
2105 4000 2215 4039 sua
2248 3983 2556 4037 liberrima
2579 3980 2853 4050 potentia
2869 3979 3128 4047 potitur,
3147 3977 3466 4045 imaginem
3487 3976 3584 4029 sui

1918 4074 2169 4127 similem
2194 4071 2444 4140 faceret,
2480 4069 2533 4123 si
2560 4084 2678 4123 non
2721 4070 2849 4137 ejus
2896 4066 3290 4120 substantiam
3325 4068 3577 4129 crearet,

1919 4163 2290 4217 voluntatem
2322 4159 2573 4216 liberam
2604 4157 2990 4212 rationalem.

2596 4261 2898 4301 CORRECTIO

1987 4341 2024 4404 1-
2049 4341 2111 4392 In
2127 4351 2250 4408 quo
2272 4335 2440 4409 quod
2469 4334 2617 4391 dicis
2645 4333 3051 4390 substantiam
3069 4330 3349 4402 imaginis
3370 4328 3494 4398 Dei,
3517 4327 3580 4383 id

1915 4432 2006 4484 est
2033 4427 2296 4483 hominis
2328 4425 2722 4489 voluntatem,
2750 4423 3002 4478 liberam
3035 4420 3387 4478 rationalem
3421 4433 3577 4478 esse.

1914 4531 2144 4572 novum
2170 4514 2315 4587 quid
2348 4517 2527 4585 atque
2557 4513 2811 4568 antehac
2832 4509 3173 4565 inauditum
3195 4507 3445 4563 auribus
3468 4520 3579 4560 no-

1914 4604 2049 4660 stris
2079 4603 2364 4668 insonuit,
2394 4617 2534 4657 cum
2583 4599 2956 4655 voluntatem
2997 4595 3258 4651 hominis
3303 4593 3581 4648 substan-

1912 4693 2062 4748 tiam
2093 4692 2222 4761 ejus
2253 4705 2590 4759 asseveras,
2635 4685 2926 4758 quodque
2963 4683 3270 4756 profusius
3312 4679 3578 4751 explicas

1910 4779 2323 4853 adjungendo.

2499 4879 2739 4921 JOANNES
2781 4876 2988 4917 SCOTUS

1985 4959 2150 5030 (Cap.
2184 4959 2239 5023 4,
2272 4971 2439 5011 num.
2475 4958 2528 5019 5,
2572 4957 2715 5007 sect.
2740 4951 2790 5020 6)
2823 4954 2862 5002 Θ
2883 4951 3038 5015 Hoc,
3074 4947 3376 5020 inquiens,
3408 4960 3578 5015 aper-

1914 5048 2136 5104 tissime
2155 5045 2458 5114 probatur
2479 5045 2858 5112 argumento,
2881 5038 3042 5110 quod
3063 5038 3324 5092 sumitur
3354 5050 3429 5091 ex
3453 5037 3576 5104 pri-

1913 5137 1999 5190 mi
2028 5136 2286 5190 hominis
2320 5137 2608 5202 peccato:
2658 5129 2931 5200 quamvis
2973 5129 3152 5192 enim,
3185 5126 3294 5191 ais,
3340 5125 3573 5180 beatam

1913 5227 2099 5280 vitam
2129 5221 2434 5294 peccando
2473 5220 2762 5289 perdidit,
2803 5219 3200 5274 substantiam
3253 5230 3419 5269 suam
3454 5228 3574 5266 non

1912 5314 2130 5368 amisit.

1987 5402 2022 5467 ‘1'
2069 5404 2134 5457 Et
2187 5415 2471 5472 quaenam
2524 5401 2684 5454 esset
2735 5398 2868 5469 ipsa
2915 5392 3274 5457 substantia,
3325 5388 3578 5460 subjun-

1914 5491 2003 5561 gis
2023 5507 2036 5546 :

1988 5583 2182 5646 (Num.
2218 5582 2290 5638 6).
2325 5583 2363 5629 Θ
2391 5578 2527 5645 Quae
2555 5581 2659 5643 est,
2685 5573 2984 5645 inquiens,
3019 5585 3157 5639 esse,
3204 5569 3354 5624 velle
3397 5571 3569 5636 scire,

1911 5671 2020 5726 Est
2052 5670 2206 5724 enim
2230 5674 2285 5722 et
2312 5669 2439 5722 vult
2472 5673 2524 5721 ct
2548 5668 2656 5721 scit
2672 5680 2693 5720 .'
2728 5664 2852 5719 vult
2885 5678 2944 5717 se
2969 5676 3088 5715 csse
3138 5665 3190 5716 et
3221 5660 3408 5714 scire:
3463 5659 3572 5713 scit

1913 5775 1974 5814 se
2000 5773 2122 5816 esse
2141 5762 2199 5815 et
2228 5756 2398 5815 velle.
