3974 6448
452 370 591 426 ἰαί

1125 500 1451 549 (3mm.

529 582 566 650 τ
588 584 738 638 ane
767 580 1137 637 voluntatem
1168 581 1355 651 atque
1384 577 1696 634 scientiam
1718 576 1982 634 hominis
2010 589 2113 629 as-

456 670 608 727 tmis
632 670 768 741 ejus
797 677 927 725 ease
951 666 1475 739 essentiam,quod
1500 678 1644 722 eum
1678 666 1792 722 tuis
1819 665 2114 722 adiuven-

452 758 721 817 ﬁonibns
741 763 926 830 atque
936 756 1567 827 argumentationibus
1580 752 2114 823 astruas,auctori-

456 853 576 906 tate
595 862 717 903 non
747 846 948 903 munis
964 862 982 899 ς
1002 846 1141 918 quis
1166 846 1333 902 enim
1360 846 1592 901 nesciat
1620 844 1972 902 rationalem
1991 841 2119 897 ani-

454 951 627 994 mam
652 934 989 1007 esse,eique
1017 934 1213 991 inesse
1233 934 1385 990 velle
1412 938 1472 991 et
1496 934 1651 991 scire
1669 935 1697 989 ?
1730 933 1842 990 Sed
1865 947 1999 988 esse
2029 935 2118 987 est

456 1025 592 1095 ejus
615 1026 834 1080 natura
862 1026 1047 1096 atque
1077 1023 1413 1079 substantia
1438 1042 1451 1091 ;
1506 1023 1679 1094 velle,
1726 1028 1784 1078 et
1810 1022 1963 1077 scire
1990 1036 2116 1075 non

451 1117 597 1170 sunt
624 1112 758 1185 ejus
791 1112 1132 1170 substantia
1159 1118 1341 1186 atque
1366 1117 1601 1169 natura.
1634 1111 1740 1169 sed
1761 1114 2118 1167 ornamenta

451 1201 993 1270 substantiasdono
1016 1201 1354 1259 Conditoris
1383 1201 1933 1258 attributa.Utesset
1955 1199 2115 1255 enim

446 1289 694 1349 Greater
719 1290 997 1348 faciendo
1022 1290 1290 1360 contulit,
1307 1295 1370 1347 ut
1397 1290 1572 1347 vellet
1598 1294 1659 1346 et
1681 1290 1880 1359 sciret,
1906 1288 2118 1343 libera-

450 1380 586 1438 liter
617 1379 841 1437 tribuit.
877 1380 1158 1436 Animam
1184 1380 1349 1436 enim
1375 1380 1638 1436 hominis
1667 1379 1749 1435 ad
1786 1377 2116 1448 imaginem

452 1470 553 1526 sui
572 1469 903 1528 conditoris
926 1484 1054 1525 non
1083 1469 1145 1525 in
1176 1468 1325 1525 velle
1340 1474 1398 1525 et
1428 1469 1601 1535 scire,
1628 1468 1740 1525 sed
1770 1468 1831 1523 in
1858 1466 2118 1523 rationa-

452 1558 493 1616 li
521 1558 742 1616 mentis
765 1558 990 1615 factam
1018 1558 1371 1614 auctoritate
1383 1556 2118 1629 solidissimaeomproba-

448 1651 568 1716 tur,
596 1647 835 1704 dicente
864 1646 1196 1720 Apostoloc
1252 1648 1644 1703 Renovamini
1692 1646 1915 1714 spiritu
1958 1660 2116 1701 men-

448 1738 533 1794 tis
556 1742 773 1795 vestra
796 1742 853 1794 et
878 1737 1113 1793 induite
1140 1751 1359 1792 novum
1388 1736 1709 1806 hominem,
1743 1736 1855 1806 qm”
1896 1750 2109 1791 sem-

1540 366 1598 422 S.
1624 363 2004 421 PRUDENTII
2047 354 2423 414 πωεαειε
2460 354 2780 414 81³180οΡ1

2136 483 2191 538 Δ
2226 479 2537 536 arbitrium
2563 478 2896 553 peccando,
2922 493 3051 552 quo
3074 480 3203 534 arte
3224 474 3467 546 vigebat
3492 474 3576 531 ad
3601 474 3840 532 bonum
3866 491 3881 543 ;

3728 350 3888 407 1052

2223 569 2428 626 amisit
2470 574 2707 625 motum
2732 573 2790 625 et
2834 567 3101 624 ofﬁcium
3144 566 3322 622 bona
3370 563 3721 635 voluntatis,
3758 578 3889 620 non

2224 656 2423 713 amisit
2443 657 2746 730 seipsum;
2804 671 2931 712 non
2961 644 3165 712 amisit
3194 653 3382 711 animi
3438 657 3744 723 naturam,
3775 650 3888 707 sed

2224 744 2424 801 amisit
2433 745 2621 801 animi
2638 743 3182 814 sanitatem,amisit
3192 742 3369 798 bona;
3381 740 3701 798 voluntatis
3714 739 3891 811 vigo-

2224 838 2499 891 rem.Hoc
2525 839 2851 907 utrumque
2882 833 2943 890 in
2968 849 3040 890 ea
3068 849 3177 906 per
3215 831 3425 888 Christi
3446 831 3705 902 gratiam
3750 830 3881 886 ins-

2174 944 2183 952 ·
2223 927 2578 994 tauratur,et
2607 927 2825 980 natura
2855 922 3077 979 scilicet
3102 921 3163 977 in
3204 920 3463 977 deterius
3488 923 3886 987 commutata,

2224 1017 2281 1068 et
2298 1011 2572 1069 voluntas
2587 1012 2649 1067 in
2661 1012 2893 1068 malum
2912 1010 3262 1083 depravata.
3274 1012 3434 1066 Bona
3443 1009 3646 1082 itaque
3665 1007 3888 1065 volun-

2222 1104 2317 1156 tas
2350 1101 2576 1156 sanitas
2623 1102 2712 1156 est
2748 1099 2920 1155 liberi
2973 1098 3217 1166 arbitrii,
3262 1097 3424 1154 mala
3453 1096 3729 1153 voluntas
3754 1095 3889 1152 lan-

2223 1205 2375 1261 guor
2402 1194 2495 1246 est
2539 1189 2709 1245 liberi
2739 1188 2984 1246 arbitrii.
3014 1189 3180 1244 Hanc
3208 1187 3520 1244 sanitatem
3554 1185 3753 1243 amisit
3778 1185 3893 1242 ho-

2222 1296 2345 1346 mo,
2370 1284 2428 1335 et
2451 1278 2614 1335 hunc
2639 1279 2998 1349 languorem
3023 1277 3272 1334 incurrit
3299 1278 3488 1332 Deum
3519 1274 3886 1343 deserendo,

2224 1373 2279 1425 et
2306 1374 2518 1425 contra
2542 1367 2916 1425 voluntatem
2938 1369 3069 1439 ejus
3082 1365 3481 1423 faciendo.Sic
3495 1365 3682 1422 homo
3698 1379 3891 1434 egro-

2224 1462 2319 1514 tus
2338 1458 2584 1514 effectus
2603 1457 2820 1514 amittit
2834 1458 3040 1530 utique
3060 1456 3320 1529 pristinas
3341 1454 3614 1511 sanitatis
3637 1454 3889 1524 saltum,

2221 1564 2346 1604 non
2375 1547 2590 1603 amittit
2614 1547 2880 1621 seipsum
2900 1566 2917 1615 ;
2936 1562 3076 1603 cum
3096 1550 3298 1602 autem
3326 1549 3570 1601 curatus
3595 1543 3892 1612 fuerit,in—

2224 1640 2530 1693 stauretur
2554 1636 2619 1691 in
2640 1652 2712 1691 eo
2744 1635 2997 1702 sanitas,
3026 1640 3083 1690 et
3110 1638 3328 1691 natura
3354 1636 3684 1703 vegetatur,
3722 1648 3889 1705 quae,

2224 1741 2349 1781 non
2378 1725 2573 1781 fuerat
2598 1724 2854 1798 perdita,
2885 1723 2994 1780 sed
3021 1723 3312 1794 languore
3342 1725 3672 1795 corrupta.)

444 1826 599 1883 dum
627 1827 819 1883 Deum
838 1830 1080 1883 cetequ
1107 1830 1194 1881 est
1229 1826 1298 1881 in
1317 1826 1563 1895 justitia
1598 1830 1652 1880 et
1678 1825 2001 1880 sanctitate
2028 1838 2119 1879 ve-
2138 1835 2188 1891 ε
2246 1896 2255 1901 ν
2295 1818 2446 1872 Cum
2475 1814 2639 1871 enim
2666 1818 2897 1870 οοῐιεῒθῑ
2924 1813 3091 1886 (ἰυοά
3120 1812 3327 1869 omnia
3344 1826 3480 1885 qua
3506 1815 3708 1901 δι’θᾶίᾷ
3724 1814 3887 1879 ωηεν

448 1916 656 1973 vitatis
670 1915 913 1987 (Ερὴαι
930 1931 1015 1982 1v,
1036 1915 1129 1986 ~23)
1148 1932 1163 1982 ;
1186 1914 1409 1987 quibus
1425 1914 1622 1970 verbis
1638 1914 1947 1986 apostolus
1970 1913 2118 1968 ima-

452 2005 660 2076 ginem
681 2005 786 2061 Dei
818 2005 880 2061 in
905 2004 1123 2078 spiritu
1152 2004 1371 2060 mentis
1399 2020 1541 2060 cum
1558 2004 1794 2075 justitia
1816 2007 1879 2059 et
1901 2002 2118 2058 sancti-

450 2096 574 2152 tate
597 2108 677 2150 ac
703 2093 949 2151 veritate
968 2105 1352 2166 nuncupatis,
1382 2108 1509 2149 non
1542 2092 1909 2148 voluntatem
1937 2094 2117 2164 atque

450 2182 769 2239 scientiam
790 2183 928 2254 ejus
957 2182 1358 2239 substantiam
1411 2181 1737 2254 appellavit
1759 2190 1786 2217 ⁸
1807 2180 2117 2252 {Liberum

450 2271 957 2329 anisuerbitrinm
980 2271 1153 2345 quid,
1198 2270 1311 2328 nisi
1343 2271 1533 2328 libera
1558 2271 1749 2327 animi
1798 2270 2117 2327 voluntas?

452 2360 634 2427 Quod
652 2361 758 2430 ita,
784 2364 1087 2434 quantum
1114 2361 1412 2431 existimo,
1442 2366 1599 2417 recte
1631 2360 1868 2417 deﬁniri
1898 2363 2113 2431 potest:

455 2449 738 2508 Uberum
763 2449 1077 2507 arbitrium
1106 2451 1389 2507 voluntas
1452 2450 1661 2519 animi,
1708 2458 1849 2523 quae
1878 2449 2007 2505 sive
2037 2448 2118 2504 ad

451 2537 691 2598 bonum
736 2539 859 2596 sive
890 2539 973 2595 ad
1011 2538 1244 2596 malum
1272 2555 1390 2596 sua
1414 2542 1653 2611 sponte,
1679 2553 1798 2594 sua
1824 2540 2118 2610 potestate

452 2632 755 2687 novatum
790 2627 951 2684 Velle
977 2627 1255 2685 naturale
1278 2632 1372 2683 est
1383 2626 1582 2694 nobis,
1610 2626 1767 2682 sicut
1791 2625 2118 2695 intelligere

456 2719 515 2773 et
540 2716 1056 2773 meminisse-dles
1082 2716 1248 2772 enim
1278 2716 1408 2785 tria,
1422 2714 1486 2771 id
1517 2719 1604 2770 est
1632 2714 2117 2784 intellectus,me-

456 2804 674 2871 muria,
697 2805 1001 2875 voluntas,
1032 2804 1119 2860 sic
1155 2804 1363 2860 insunt
1384 2802 1734 2860 naturaliter
1756 2803 1964 2859 animo
2010 2803 2120 2858 hu-

452 2908 667 2963 mano,
712 2898 779 2949 ut
801 2898 1009 2949 ωωω
1061 2900 1188 2949 non
1216 2893 1498 2949 dicantur
1523 2901 1666 2948 esse
1694 2892 1823 2963 ipse
1852 2892 2116 2964 animus,

456 2981 569 3039 sed
594 2979 659 3037 in
680 2982 910 3038 animo.
939 2981 1101 3038 Sicut
1122 2992 1269 3051 ergo
1298 2981 1425 3038 istic
1467 2981 1774 3038 naturales
1805 2982 1993 3037 animi
2038 2981 2121 3038 af-

456 3068 769 3138 fectiones,
790 3079 915 3125 non
938 3070 1069 3142 ipse
1091 3070 1352 3139 animus;
1383 3074 1752 3145 quapropter
1778 3070 1891 3126 illae
1922 3070 2120 3127 multi-

456 3158 693 3233 pliciter
718 3158 940 3216 variari
966 3163 1240 3232 possunt,
1268 3160 1509 3216 animus
1529 3160 1692 3216 idem
1721 3164 1943 3216 manet.

530 3247 716 3318 [gitur
743 3246 895 3304 velle
941 3252 1194 3318 naturai,
1240 3248 1469 3306 bonum
1500 3252 1707 3305 autern
1750 3248 1845 3303 vel
1886 3249 2117 3305 malum

453 3335 756 3407 velle,non
780 3341 877 3393 est
899 3338 1263 3408 natumsed
1279 3342 1479 3395 motus
1494 3337 1750 3410 quidam
1774 3343 1831 3395 et
1848 3337 2118 3395 ofﬁcium

457 3430 708 3483 naturas.
730 3429 881 3483 Nam
904 3425 953 3481 si
969 3432 1187 3483 natura
1214 3426 1392 3483 nobis
1418 3431 1580 3483 esset
1599 3427 1831 3483 bonum
1846 3427 2118 3498 velle,vel

454 3512 691 3569 malum
721 3512 895 3584 velle,
924 3514 987 3569 in
1016 3514 1361 3571 utramlibet
1389 3518 1622 3587 partem
1654 3514 1818 3571 aliud
1839 3532 1967 3572 esse
1991 3530 2115 3573 non

454 3602 683 3674 posset,
718 3600 803 3656 sic
832 3616 945 3656 nec
965 3601 1102 3673 ipsa
1117 3602 1535 3659 animinatura
1564 3603 1728 3659 aliud
1744 3616 1876 3660 esse
1898 3609 2114 3677 potest,

453 3692 733 3760 multa
758 3687 939 3743 nobis
968 3692 1094 3745 tam
1146 3690 1421 3746 naturale
1450 3690 1604 3745 bene
1636 3691 1783 3747 velle
1814 3696 1918 3748 aut
1960 3693 2116 3749 male

458 3776 839 3850 velle,quam
860 3777 1136 3834 naturale
1175 3782 1263 3835 est
1289 3778 1464 3834 nobis
1489 3779 1695 3851 ipsum
1724 3780 1901 3837 velle:
1934 3786 2117 3854 atque

453 3864 572 3923 hoc
598 3865 787 3923 modo
806 3866 937 3937 jam
992 3868 1195 3939 ipsum
1225 3867 1381 3923 bene
1410 3866 1579 3933 velle,
1612 3867 1707 3923 vel
1752 3868 1913 3926 male
1943 3870 2115 3940 velle,

454 3968 581 4010 non
609 3958 768 4011 esset
802 3955 866 4011 in
891 3954 1071 4011 nobis
1102 3955 1310 4024 virtus,
1344 3959 1450 4011 aut
1481 3955 1708 4019 vitium,
1738 3955 1847 4011 sed
1875 3960 2112 4013 natura:

455 4055 571 4100 nec
588 4045 722 4115 jam
739 4041 860 4100 ullo
876 4043 1063 4100 modo
1085 4060 1219 4103 esse
1240 4058 1557 4117 possemus
1587 4044 1701 4100 nisi
1730 4049 1835 4101 aut
1858 4049 2116 4101 tantum-

455 4131 646 4188 modo
674 4131 840 4200 boni,
880 4136 986 4189 aut
1010 4132 1400 4190 solummodo
1426 4132 1569 4189 mali
1596 4146 1611 4199 ;
1638 4149 1751 4190 nec
1799 4133 2116 4191 deberetur

457 4218 637 4274 nobis
679 4219 843 4289 juste
886 4220 982 4275 vel
1024 4220 1087 4275 in
1136 4220 1303 4278 bono
1330 4220 1670 4292 praemium,
1711 4221 1802 4278 vel
1839 4223 1902 4278 in
1955 4223 2117 4279 male

459 4304 861 4378 supplicium:
887 4322 1027 4364 cum
1057 4307 1218 4364 aliud
1245 4324 1373 4363 esse
1403 4309 1650 4365 minime
1663 4326 2117 4382 possemus,nec

458 4392 652 4450 ullum
680 4398 841 4451 esset
866 4395 1151 4452 meritum
1181 4401 1478 4463 nostrum,
1510 4397 1605 4454 Vel
1630 4398 1865 4455 bonum
1880 4400 1977 4456 vel
1995 4412 2119 4456 ma-

457 4480 607 4549 lum,
637 4481 742 4538 sed
766 4482 897 4539 sola
928 4484 1260 4540 Conditoris
1287 4488 1393 4541 aut
1412 4486 1624 4555 gratia,
1646 4492 1749 4543 aut
1794 4489 1984 4560 (quod
2013 4489 2119 4545 ab-

457 4569 554 4641 sit)
584 4569 785 4642 culpa,
830 4571 937 4644 qui
966 4571 1149 4628 talem
1178 4578 1461 4629 naturam
1514 4573 1575 4629 in
1610 4574 1888 4631 utrolibet
1914 4578 2119 4633 incon-

457 4660 793 4717 vertibilem
822 4661 1211 4718 condidisset.
1243 4662 1428 4732 Igitur
1456 4663 1608 4719 velle
1638 4663 1717 4720 ab
1745 4664 1913 4721 initio
1942 4671 2117 4724 natu-

454 4748 656 4806 raliter
674 4748 920 4806 insitum
950 4754 1038 4806 est
1052 4750 1312 4807 homini:
1342 4755 1546 4807 motus
1577 4756 1778 4808 autem
1809 4753 1999 4825 ipsius
2022 4770 2121 4811 vo-

456 4837 700 4896 luntatis
725 4838 807 4896 ita
836 4839 888 4895 ei
919 4839 1117 4896 bonus
1148 4845 1238 4897 est
1278 4841 1476 4910 datus,
1505 4845 1571 4898 ut
1614 4841 1728 4897 nisi
1767 4850 1879 4899 sua
1907 4848 2120 4916 sponte

457 4932 802 4984 moveretur
840 4927 919 4984 ad
949 4927 1206 5000 bonum,
1236 4945 1349 4985 sua
1405 4934 1620 5002 sponte
1659 4930 1838 4986 etiam
1869 4931 2119 4988 inclina-

457 5019 618 5072 retur
647 5016 725 5072 ad
756 5015 1021 5073 malum:
1052 5022 1331 5090 uescique
1361 5018 1442 5073 illi
1492 5030 1563 5073 ex
1618 5035 1744 5074 suae
1793 5018 2118 5076 voluntatis

458 5102 704 5158 arbitrio
730 5105 1011 5160 meritum
1030 5105 1260 5163 bonum
1285 5107 1407 5163 sive
1423 5106 1736 5174 malummt
1751 5116 2120 5181 consequen-

459 5193 547 5246 ter
563 5189 797 5261 justum
827 5193 1144 5264 premium
1173 5195 1264 5251 vel
1293 5194 1684 5268 supplicium.
1718 5199 1945 5269 Lapsus
1975 5212 2118 5267 ergo

457 5278 646 5336 homo
670 5278 731 5335 in
753 5285 1091 5352 peccatum,
1114 5298 1238 5339 non
1259 5284 1459 5340 amisit
1478 5300 1609 5340 esse
1630 5284 1798 5357 quod
1821 5301 1857 5342 a
1878 5289 2115 5352 natura,

459 5383 582 5425 non
608 5367 973 5425 amisitvelle
998 5372 1163 5442 quod
1191 5376 1277 5428 est
1305 5372 1357 5428 ei
1387 5373 1659 5429 naturale
1697 5390 1710 5429 :
1763 5374 1867 5429 sed
1918 5374 2120 5431 amisit

456 5455 615 5514 bene
640 5456 1141 5526 velle,etinc11rrit
1162 5461 1321 5516 male
1350 5461 1533 5528 velle;
1560 5462 1639 5518 ita
1669 5468 1936 5518 mutatus
1954 5462 2117 5519 estin

458 5543 578 5612 illo,
611 5544 708 5601 vel
735 5545 915 5602 etiam
940 5547 1201 5604 amissus
1235 5554 1457 5614 motus,
1488 5550 1583 5606 vel
1628 5550 1895 5607 ofﬁcium
1942 5556 2117 5609 natu-

459 5646 563 5703 ra,
591 5639 823 5692 mutata
848 5642 940 5691 est
965 5641 1021 5692 et
1050 5637 1182 5711 ipsa
1221 5640 1281 5694 in
1311 5638 1571 5694 deterius
1602 5645 1816 5697 natura
1841 5659 1853 5709 ;
1887 5646 2118 5698 mutata

461 5722 686 5785 tamen.
709 5738 833 5781 non
857 5727 1098 5785 amissa.
1124 5729 1385 5786 Perdidit
1403 5730 1606 5803 itaque
1634 5731 1820 5788 homo
1855 5731 2114 5789 liberum

2225 1900 2346 1960 Deo
2376 1908 2617 1960 auctore
2648 1903 2765 1959 sint
2785 1901 3047 1970 condita,
3076 1901 3363 1958 nimirum
3391 1901 3580 1974 liquet
3594 1900 3739 1974 quia
3754 1915 3889 1957 om-

2224 1992 2326 2049 nia
2354 2008 2490 2065 quae
2520 1996 2731 2048 auctor
2761 2006 2998 2047 summe
3015 1991 3215 2047 bonus
3244 1989 3514 2046 condidit
3531 1989 3696 2046 bona
3722 1993 3885 2055 sunt,

2227 2085 2540 2139 attestante
2570 2081 2907 2153 Scriptura:
2930 2081 3007 2136 Et
3038 2081 3187 2137 vidit
3212 2083 3367 2137 Deus
3390 2084 3611 2136 cuncta
3641 2094 3774 2151 quae
3794 2077 3889 2149 fe-

2226 2177 2412 2241 cerat,
2434 2177 2492 2228 et
2516 2177 2688 2228 erant
2711 2171 2887 2227 valde
2917 2170 3070 2225 bona
3102 2169 3268 2241 (Gen.
3324 2185 3363 2236 ι,
3397 2168 3505 2240 31).
3539 2169 3706 2224 Patet
3740 2182 3887 2238 ergo

2224 2261 2391 2335 quod
2423 2262 2622 2317 omnis
2647 2265 2922 2317 creatura
2939 2259 3063 2327 Dei,
3084 2259 3239 2315 sicut
3263 2257 3582 2332 Apostolus
3613 2257 3889 2326 ait-,bona

2222 2355 2331 2407 est.
2361 2340 2556 2407 Nulla
2587 2356 2872 2407 creatura
2899 2338 3012 2406 Dei
3061 2362 3184 2406 non
3215 2355 3300 2407 est
3330 2348 3484 2405 bona
3514 2347 3566 2420 (1
3620 2349 3771 2405 Tim;
3805 2364 3886 2421 1v,

2218 2441 2299 2509 vi);
2326 2439 2528 2495 omnis
2558 2442 2764 2495 autem
2800 2426 3077 2495 voluntas
3121 2437 3386 2494 hominis
3433 2451 3557 2494 non
3586 2442 3675 2493 est
3696 2436 3887 2507 bona,

2223 2527 2505 2601 quaedam
2562 2528 2723 2584 enim
2766 2514 3046 2584 voluntas
3097 2526 3305 2583 mala:
3372 2542 3497 2583 non
3561 2530 3652 2582 est
3706 2526 3889 2598 igitur

2224 2617 2503 2673 voluntas
2533 2617 2797 2674 hominis
2823 2621 3100 2673 creatura
3124 2616 3261 2685 Dei;
3285 2615 3453 2672 nulla
3473 2616 3636 2673 enim
3656 2620 3887 2673 creatu-

2225 2721 2293 2761 ra
2316 2706 2416 2761 Dei
2447 2705 2632 2771 mala,
2684 2704 2977 2761 nonnulla
3021 2709 3225 2761 autem
3282 2705 3547 2761 hominis
3605 2703 3890 2761 voluntas

2226 2794 2407 2849 mala.
2445 2794 2609 2850 Unde
2656 2792 2792 2849 luce
2821 2792 3043 2849 clarius
3091 2792 3389 2863 colligitur
3415 2792 3584 2866 quod
3606 2792 3889 2851 voluntas

2225 2883 2489 2938 hominis
2514 2886 2694 2956 atque
2727 2882 2975 2939 scientia
3003 2898 3126 2938 non
3157 2887 3300 2939 sunt
3336 2883 3467 2954 ejus
3525 2882 3884 2949 substantia,

2228 2972 2335 3027 sed
2373 2972 2536 3027 dona
2576 2971 2676 3026 Dei
2706 2971 2900 3027 indita
2946 2970 3233 3028 humanae
3261 2971 3638 3043 substantias,
3694 2971 3763 3028 id
3801 2974 3888 3027 est

2228 3061 2446 3117 animas
2475 3059 2749 3116 rationali
2775 3079 2788 3116 :
2822 3059 3045 3132 quibus
3078 3061 3127 3116 si
3147 3060 3301 3117 bene
3331 3077 3442 3118 usa
3464 3060 3660 3131 fuerit,
3689 3063 3888 3118 servat
3972 3046 3974 3055 ’

2141 3185 2190 3241 ο
2228 3155 2407 3241 atque
2427 3155 2687 3241 exornat
2722 3150 2786 3241 in
2832 3165 2897 3241 se
2942 3149 3274 3241 imaginem
3310 3154 3396 3241 etA
3433 3150 3884 3241 similitudinem

2228 3238 2357 3293 Dei:
2394 3236 2441 3292 si
2464 3241 2668 3293 autem
2684 3236 2767 3293 eis
2782 3236 3139 3309 voluptuose
3157 3237 3349 3295 abusa
3373 3238 3566 3310 fuerit,
3590 3238 3886 3313 quemad-

2226 3327 2481 3383 modum
2513 3330 2573 3383 et
2601 3326 2827 3383 caeteris
2858 3326 3037 3383 donis
3085 3328 3207 3391 Dei,
3260 3328 3561 3385 deterreat
3615 3344 3756 3385 eam
3784 3345 3885 3385 ne-

2225 3416 2421 3489 quiter
2444 3432 2514 3472 ac
2567 3415 2866 3488 deturpat;
2924 3415 3075 3476 Quid
3106 3417 3268 3473 enim
3321 3421 3461 3474 sunt
3487 3418 3735 3475 virtutes
3768 3418 3883 3474 nisi

2224 3504 2467 3562 habitus
2488 3510 2669 3577 atque
2701 3508 2949 3561 ornatus
2976 3505 3254 3563 rationali
3283 3507 3501 3564 animae
3523 3507 3733 3565 divino
3754 3518 3882 3564 mu:

2225 3609 2367 3650 nere
2401 3593 2774 3650 contributas
2794 3593 2822 3649 ?
2852 3593 2997 3666 quid
3030 3610 3173 3651 vero
3202 3596 3367 3663 vitia,
3397 3596 3510 3653 niSi
3538 3598 3762 3653 animus
3796 3613 3882 3654 ra-

2226 3683 2485 3749 tionalis,
2511 3699 2549 3739 a
2577 3699 2719 3739 vero
2748 3688 2806 3738 et
2829 3698 3070 3740 summo
3087 3684 3250 3741 bono
3277 3692 3523 3756 utier-sai,
3555 3686 3802 3744 nuditate
3827 3689 3883 3741 et

2226 3771 2555 3844 turpitudo;
3120 3844 3125 3849 ξ

2296 3860 2356 3915 Si
2374 3860 2536 3915 enim
2566 3858 2711 3915 velle
2731 3858 2994 3917 hominis
3015 3865 3105 3918 est
3149 3862 3282 3934 ejus
3309 3863 3663 3932 substantia;
3692 3871 3880 3939 quare

2225 3947 2369 4005 dicit
2414 3947 2778 4021 Apostolus:
2829 3951 2986 4006 Deus
3023 3957 3109 4008 est
3147 3953 3303 4008 enim
3359 3953 3467 4024 qui
3506 3953 3877 4023 nperatwt‘in

2228 4038 2389 4093 vobis
2420 4038 2572 4092 velle
2600 4042 2655 4093 et
2673 4038 2962 4107 perﬁcere
2981 4053 3094 4109 pro
3127 4039 3280 4095 bona
3306 4041 3615 4099 voiuntute
3627 4042 3875 4112 (Phth

2225 4143 2286 4197 ιι,
2319 4130 2428 4191 13).
2460 4126 2984 4201 Ριιοῐθοῐοιῳιὶὺιιο
3012 4128 3127 4186 ista
3146 4128 3388 4186 dicebat
3414 4131 3879 4204 Apostolusijam

2226 4232 2407 4289 opere
2431 4215 2531 4271 Dei
2561 4214 2699 4272 tacti
2738 4222 2927 4289 erant,
2957 4218 3087 4289 jam
3130 4217 3534 4276 substantiam
3558 4216 3876 4278 exsistendl

2228 4304 2564 4361 secundum
2594 4305 2868 4362 animam
2898 4311 2955 4363 et
2983 4318 3205 4380 corpus
3231 4313 3607 4382 acceperant:
3632 4309 3693 4369 Si
3719 4306 3873 4379 ergo.

2230 4395 2387 4451 sicut
2402 4399 2464 4451 tu
2489 4395 2658 4465 dicis,
2690 4396 2971 4453 voluntas
2993 4397 3255 4455 hominis
3281 4400 3541 4457 essentia
3564 4400 3727 4457 illius
3774 4402 3874 4464 est,

2228 4494 2416 4556 quam
2432 4485 2562 4556 jam
2588 4485 2916 4555 habebant,
2938 4487 3087 4561 quid
3110 4498 3357 4546 necesse
3385 4493 3513 4547 erat
3539 4494 3604 4547 ut
3626 4494 3756 4562 jam
3769 4480 3878 4545 fac-

2228 4579 2355 4631 tam
2387 4574 2786 4632 substantiam
2811 4577 2871 4632 in
2889 4577 2975 4633 eis
3002 4582 3351 4651 operaretur
3373 4577 3875 4653 Deus,praesertitn

2230 4679 2370 4718 cum
2418 4663 2602 4719 verbo
2630 4666 2940 4737 praesentis
2990 4667 3277 4740 temporis
3332 4673 3527 4738 utens,
3559 4664 3878 4725 ostenderit

2229 4767 2352 4807 non
2383 4768 2446 4808 se
2470 4752 2544 4807 de
2569 4754 2865 4824 praeterito
2905 4757 2963 4811 et
2991 4754 3066 4811 de
3090 4753 3222 4826 jam
3265 4756 3425 4814 facta
3453 4761 3746 4820 creatura,
3777 4753 3875 4811 sed

2228 4842 2303 4897 de
2316 4841 2479 4897 dono
2504 4842 2776 4911 gratuitae
2799 4843 3023 4915 gratiis,
3047 4845 3212 4917 quod
3239 4850 3477 4919 semper
3494 4847 3555 4903 in
3581 4845 3757 4903 nobis
3776 4834 3876 4900 Do—

2228 4930 2463 4984 minum
2489 4929 2726 5001 operari
2763 4945 3004 4987 necesse
3035 4937 3140 4997 est,
3172 4931 3439 4990 locutum
3461 4934 3641 4991 fuisse
3666 4934 3695 4989 7
3718 4930 3874 4990 Unde

2229 5022 2284 5074 et
2314 5017 2613 5090 Propheta
2633 5017 2989 5092 deprecatur
3009 5020 3253 5078 dicens:
3283 5023 3402 5079 Cor
3430 5023 3718 5079 mtmdum
3745 5023 3873 5078 area

2227 5109 2290 5163 in
2316 5122 2426 5175 me,
2460 5109 2635 5164 Deus.
2671 5108 2781 5174 Qui
2816 5114 2955 5165 cum
2994 5111 3123 5181 jam
3162 5121 3264 5167 cor
3294 5116 3561 5168 creatum
3612 5107 3871 5171 haberet,

2228 5202 2285 5253 et
2330 5203 2517 5269 quam
2571 5196 2650 5252 ob
2702 5212 2949 5255 causam
2997 5202 3323 5256 creandum
3371 5204 3662 5274 posceret;
3693 5196 3873 5257 mani-

2227 5284 2404 5342 festat
2429 5285 2846 5356 subjungens:
2883 5289 2957 5344 Et
2990 5290 3269 5358 spiritum
3319 5296 3545 5347 rectum
3571 5290 3791 5346 ihndvd
3816 5288 3871 5341 in

2228 5375 2549 5431 visceribus
2592 5376 2736 5432 meis
2766 5376 2952 5448 (Psal;
2992 5390 3045 5443 n,
3102 5376 3210 5449 ως
3269 5379 3373 5435 tibi
3424 5379 3690 5436 declarat
3740 5374 3872 5449 quia

2227 5463 2594 5520 creationem
2653 5480 2765 5537 pro
2831 5466 3220 5524 innavatione
3275 5468 3563 5540 pascam,-
3630 5470 3753 5540 qua
3797 5462 3870 5519 in-

2227 5554 2391 5623 diget
2451 5558 2696 5610 sanctus
2764 5555 3024 5628 quisque
3086 5558 3361 5630 quandiu
3419 5562 3658 5629 corpus,
3723 5550 3872 5627 qzwd

2227 5645 2659 5713 corrumpitur,
2729 5652 3029 5716 aggravat
3103 5649 3407 5714 amittam,-
3476 5651 3534 5705 et
3601 5640 3868 5717 dejith

2228 5738 2470 5791 terrena
2531 5731 2892 5791 iuhabitatio
2940 5745 3174 5793 sensum
3244 5739 3441 5795 multa
3524 5729 3868 5811 cogitantem

533 5820 552 5843 ⁸
581 5820 723 5883 Quae
752 5829 1083 5896 sequuntur
1114 5827 1230 5883 hac
1259 5832 1400 5886 sect.
1431 5834 1488 5886 et
1516 5845 1645 5902 seq.
1676 5825 1907 5901 integra
1936 5840 2061 5888 non
2094 5832 2236 5887 sunt
2261 5831 2323 5888 in
2352 5833 2537 5901 textu,
2577 5828 2684 5892 sed
2707 5834 2769 5895 te
2801 5834 3078 5907 margins
3102 5836 3307 5894 forsan
3329 5830 3555 5896 addth
