3974 6374
117 253 289 306 1053

1102 251 1191 304 DE
1229 239 1893 306 ΡΒΕΒΕΞΤΙΝΑΤΙΟΝΕ
1933 241 2212 304 CONTRA
2251 248 2298 302 ι.
2339 250 2636 309 SCOTUM.

3439 271 3580 325 1³054

112 359 318 446 (Sap.
351 392 432 444 ιχ,
472 374 576 444 15).
609 373 688 445 Si,
719 373 997 446 inquam,
1021 375 1269 431 scientia
1293 371 1556 430 hominis
1585 368 1821 437 estejus
1847 366 1897 424 Α
1930 364 2123 459 ῌίᾶῑθε
2179 375 2508 444 nascendO,
2543 380 2887 445 crescentia,
2931 383 3292 459 deﬁcientia,
3334 391 3590 448 mori!!!-

117 464 437 530 essentia,
481 478 672 536 quare
719 468 926 519 monet
973 464 1232 520 Jacobus
1277 461 1588 536 apostolus
1620 474 1754 513 eam
1787 473 1822 512 a

118 556 412 611 Domino
464 553 806 626 postulari?
836 555 929 609 Ait
964 555 1122 611 enim
1159 573 1170 609 :
1203 554 1269 610 Si
1315 554 1445 624 quis
1476 551 1698 620 indiget
1730 564 1820 604 sa—

115 647 408 715 pientia,
437 645 698 714 postulet
729 645 900 699 illam
931 659 968 700 a
1001 646 1250 700 Domino
1277 645 1382 714 qui
1413 643 1517 696 dat
1549 640 1820 694 omnibus

119 735 504 804 afﬂuenter.
539 738 592 788 et
626 748 744 789 non
785 733 1176 802 improperat,
1211 737 1262 789 et
1309 732 1555 788 dabit-ur
1583 730 1638 784 ei
1665 730 1816 794 (Jac.

121 842 165 892 ι,
207 826 299 893 5).
337 827 404 879 Et
455 821 778 878 Psalmista
831 827 1039 878 exorat
1085 823 1337 878 dicens:
1371 821 1711 877 Bonitatem
1765 823 1818 871 et

119 913 541 982 disciplinam
569 917 623 967 et
655 913 963 967 scientiam
989 913 1133 968 doce
1152 928 1244 968 me
1272 911 1455 982 (Psal.
1479 925 1672 978 cxvm,
1704 909 1817 974 66).

123 1001 412 1059 Stultum
444 1007 532 1056 est
564 1001 725 1056 enim
757 1002 929 1073 quasi
962 1000 1378 1073 accipiendum
1417 1004 1614 1072 petere
1653 996 1820 1069 quod

116 1094 265 1164 jam
331 1092 650 1148 habeatur.
700 1088 756 1146 Si
816 1107 958 1160 ergo
1009 1091 1254 1147 scientia
1313 1094 1401 1147 est
1445 1089 1552 1145 tibi
1576 1093 1814 1158 natura,

123 1199 341 1255 quare
372 1183 524 1254 petis
555 1186 620 1238 ut
648 1181 915 1239 doceatis
943 1187 1225 1238 naturam
1260 1189 1419 1238 tuam
1445 1180 1471 1235 ‘l

206 1273 599 1341 Augustinus
626 1272 687 1327 in
714 1270 868 1327 libro
899 1271 1358 1327 Confessionum
1385 1287 1485 1326 xm
1512 1270 1666 1340 (cap.
1688 1271 1770 1330 Η)
1799 1287 1810 1323 :

123 1362 521 1433 Trinitatem
555 1361 1033 1432 omnipotentem
1067 1363 1201 1432 quis
1259 1359 1571 1429 intelligit?
1593 1361 1649 1413 et
1678 1358 1814 1428 quis

123 1467 262 1506 non
320 1449 590 1521 loquitur
634 1465 792 1518 eam,
829 1448 934 1505 sed
964 1453 1166 1506 tamen
1208 1465 1344 1505 rara
1371 1450 1502 1521 [al.,
1537 1447 1584 1502 si
1611 1451 1815 1502 tamen

124 1553 278 1595 eam
303 1537 336 1592 ?
371 1537 671 1607 Rara.....]
703 1538 930 1606 anima,
963 1554 1097 1609 quae
1131 1538 1273 1592 .lzim
1305 1537 1379 1592 de
1401 1535 1502 1592 illa
1531 1536 1814 1607 loquitur,

126 1630 246 1683 scit
296 1627 473 1700 quod
498 1627 782 1699 loquitur.
819 1630 884 1682 Et
922 1627 1292 1682 contendunt
1321 1632 1376 1682 et
1420 1626 1727 1691 dimicant,
1761 1629 1815 1680 et

121 1733 329 1772 nemo
366 1717 494 1771 sine
527 1731 676 1789 pace
723 1714 884 1771 videt
933 1715 1111 1770 istam
1159 1717 1465 1771 visionem.
1503 1714 1719 1769 Vellem
1751 1720 1816 1768 ut.
1841 1721 1889 1778 Β

124 1808 265 1862 haec
332 1805 452 1861 tria
509 1805 840 1875 cogitarent
886 1804 1161 1860 homines
1214 1805 1274 1860 in
1326 1805 1556 1878 seipsis.
1617 1805 1815 1870 Longe

122 1893 309 1951 aliud
347 1898 493 1949 sunt
523 1893 636 1948 ista
684 1893 797 1949 tria
849 1909 1036 1966 quam
1067 1893 1167 1950 illa
1217 1893 1508 1956 Trinitas;
1544 1893 1650 1947 sed
1681 1893 1815 1946 dico

125 1985 240 2040 ubi
291 1999 368 2038 se
419 1986 738 2038 exerceant
795 1988 848 2037 et
898 1983 1177 2054 probent,
1223 1987 1279 2038 et
1319 1983 1573 2037 sentiant
1629 1993 1814 2052 quam

123 2074 324 2143 longe
363 2071 457 2127 sit.
491 2073 630 2126 Dico
662 2077 864 2127 autem
890 2070 1014 2128 haec
1045 2071 1158 2127 tria
1188 2089 1199 2126 :
1236 2087 1387 2137 esse,
1417 2085 1618 2139 nosse,
1643 2070 1810 2124 velle.

128 2165 287 2219 Sum
324 2162 512 2230 enim,
546 2168 602 2217 et
629 2162 787 2224 novi,
822 2167 880 2217 et
903 2161 1041 2217 volo
1067 2180 1077 2216 :
1115 2179 1249 2216 sum
1272 2162 1466 2216 sciens
1500 2165 1556 2215 et
1583 2159 1811 2224 volens,

125 2259 183 2308 et
218 2253 360 2307 seio
396 2269 525 2306 esse
551 2267 669 2318 me,
699 2255 756 2307 et
802 2250 950 2308 velle
981 2269 994 2319 ;
1027 2256 1084 2307 et
1111 2251 1248 2306 volo
1280 2267 1428 2320 esse,
1457 2254 1514 2306 et
1548 2250 1717 2304 scire.
1753 2254 1814 2304 In

123 2341 222 2398 his
255 2342 454 2411 igitur
483 2342 674 2396 tribus
702 2358 890 2413 quam
938 2342 1011 2398 sit
1057 2340 1477 2414 inseparabilis
1533 2356 1653 2396 una
1684 2339 1811 2410 [al.,

125 2433 305 2504 vita],
344 2437 404 2486 et
434 2447 556 2487 una
579 2430 722 2496 vita,
758 2435 813 2487 et
851 2447 973 2486 una
1020 2447 1212 2498 mens,
1241 2436 1296 2487 et
1351 2447 1474 2486 una
1532 2429 1810 2494 essentia,

128 2537 334 2594 quam
367 2521 629 2594 denique
675 2519 1098 2593 inseparabilis
1148 2521 1468 2590 distinctio,
1501 2524 1556 2575 et
1609 2526 1812 2575 tamen

127 2607 473 2677 distinctio,
507 2605 706 2665 videat
739 2611 844 2682 qui
895 2615 1109 2683 potest.
1139 2611 1303 2666 Certe
1336 2625 1542 2665 coram
1573 2625 1634 2663 se
1675 2613 1758 2664 est
1797 2628 1808 2676 ;

128 2700 419 2755 attendat
451 2699 513 2754 in
544 2715 605 2754 se
659 2703 717 2755 et
756 2697 955 2756 videat
993 2704 1048 2755 et
1090 2699 1250 2755 dicat
1303 2699 1468 2754 mihi.
1505 2698 1616 2755 Sed
1673 2713 1810 2752 cum

127 2787 443 2844 invenerit
475 2788 534 2843 in
591 2788 682 2843 his
713 2788 938 2860 aliquid
969 2795 1024 2844 ot
1049 2789 1280 2856 dixerit,
1306 2805 1428 2844 non
1453 2788 1579 2859 jam
1613 2805 1675 2842 se
1706 2797 1812 2859 pu-

128 2883 206 2933 tet
244 2875 566 2933 invenisse
597 2876 745 2932 illud
770 2875 939 2949 quod
987 2893 1172 2950 supra
1203 2877 1317 2934 ista
1355 2881 1442 2933 est
1471 2876 1808 2932 incommu-

130 2963 342 3028 tabile,
376 2965 548 3037 quod
578 2970 666 3020 est
720 2966 1311 3037 incommutabiliter,
1343 2971 1400 3022 et
1444 2964 1552 3021 scit
1578 2963 1808 3020 incom-

127 3054 539 3122 mutabiliter,
574 3057 630 3108 et
679 3054 807 3108 vult
857 3053 1428 3110 incommutabiliter
1461 3071 1472 3108 :
1505 3059 1561 3109 et
1608 3060 1809 3109 utrum
1837 3071 1884 3130 ο

129 3149 395 3216 propter
420 3141 531 3196 tria
560 3141 689 3196 haec
719 3147 775 3196 et
798 3141 879 3196 ibi
908 3141 1187 3209 Trinitas;
1215 3159 1292 3198 an
1317 3143 1378 3198 in
1413 3141 1662 3212 singulis
1682 3148 1810 3196 Πειξο

127 3233 262 3301 tria,
299 3236 375 3287 ut
397 3231 509 3286 tria
539 3231 664 3302 [al.,
696 3231 884 3302 terna]
917 3231 1294 3300 singulorum
1317 3234 1455 3297 sint,
1479 3248 1556 3287 an
1585 3237 1811 3287 utrum-

129 3337 247 3394 que
283 3321 462 3377 miris
496 3320 691 3374 modis
723 3317 1068 3392 simpliciter
1097 3326 1152 3377 et
1207 3316 1630 3393 multipliciter,
1676 3320 1809 3375 inﬁ-

132 3411 260 3466 nito
293 3411 360 3466 in
394 3426 456 3464 se
508 3408 619 3464 sibi
650 3408 771 3464 ﬁne
824 3425 946 3481 quo
979 3413 1085 3476 est,
1121 3413 1176 3465 et
1208 3409 1319 3464 sibi
1367 3414 1581 3465 notum
1610 3414 1718 3470 est.
1756 3414 1812 3465 et

136 3499 251 3554 sibi
274 3498 505 3554 sufﬁcit.
532 3498 1105 3554 incommutabiliter
1129 3499 1393 3570 idipsum
1417 3500 1666 3572 cepiosa
1689 3499 1813 3553 uni-

133 3588 270 3643 tatis
340 3588 785 3657 magnitudine,
828 3589 962 3660 quis
1024 3588 1195 3644 facile
1254 3589 1622 3658 cogitaverit,
1677 3591 1812 3660 quis

141 3677 259 3732 ullo
318 3678 512 3732 modo
570 3677 833 3733 dixerit?
862 3679 1000 3750 quis
1045 3678 1315 3750 quolibet
1358 3678 1542 3733 modo
1593 3683 1812 3735 temere

137 3766 621 3834 pronuntiaverit
640 3767 666 3821 ?

208 3857 249 3923 «ι-
283 3855 454 3910 idem
490 3855 861 3923 Augustinus
887 3855 947 3910 in
982 3872 1258 3912 sermone
1299 3856 1373 3912 de
1421 3856 1619 3912 verbis
1653 3863 1809 3928 Apo-

140 3943 272 3998 stoli
299 3964 311 3999 :
348 3946 532 4015 [Cum
561 3946 713 4000 enim
744 3961 997 4001 essemus
1024 3947 1086 4000 in
1113 3961 1315 4013 carne,
1346 3950 1650 4016 passiones
1679 3964 1810 4016 pec-

142 4040 442 4103 catorum,
478 4050 610 4105 quae
665 4050 774 4102 per
831 4037 1014 4104 legem
1072 4042 1232 4101 sunt,
1280 4038 1692 4106 operabantur
1728 4041 1809 4093 .in

140 4125 421 4179 membris
456 4125 695 4190 nostris,
739 4133 804 4179 ut
831 4126 1102 4194 fructum
1130 4127 1364 4196 ferrent
1411 4129 1592 4182 morti
1622 4127 1805 4196 (Rom.

146 4223 241 4278 vn,
273 4217 345 4283 5).
379 4213 495 4278 Qui
525 4230 690 4283 ergo,
724 4230 848 4268 non
873 4214 1017 4285 quia
1071 4215 1305 4282 venisti,
1343 4215 1419 4270 ad
1449 4221 1500 4270 te
1535 4217 1710 4285 venit,
1739 4217 1807 4271 li-

143 4297 309 4356 berat
341 4307 419 4368 te,
458 4301 560 4356 ubi
591 4307 647 4358 te
679 4303 904 4358 invenit
935 4303 1344 4358 venundatum
1376 4304 1489 4358 sub
1537 4312 1804 4375 peccato,

139 4387 444 4453 jacentem
501 4391 564 4446 in
622 4397 876 4448 mortem
929 4392 1104 4464 primi
1159 4393 1439 4458 hominis,
1475 4395 1806 4450 trahentem
1838 4425 1884 4480 Β

146 4485 462 4545 peccatum
496 4481 670 4552 primi
704 4481 986 4549 hominis,
1015 4482 1341 4537 habentem
1375 4487 1605 4538 reatum
1641 4490 1806 4538 ante-

146 4580 326 4634 quam
380 4570 606 4626 habere
636 4587 846 4642 posses
877 4571 1190 4626 arbitrium
1222 4587 1233 4626 :
1259 4588 1396 4626 ecce
1426 4571 1529 4627 ubi
1561 4577 1614 4628 te
1646 4574 1808 4628 inve—

146 4654 243 4715 nit.
295 4660 618 4729 quandum
675 4661 998 4732 parvulum
1056 4662 1294 4717 invenit.
1358 4661 1472 4717 Sed
1520 4664 1809 4734 parvulus

151 4750 314 4801 astate
346 4751 827 4819 excessisti,ecce
859 4751 1323 4823 crevisti,primo
1347 4758 1592 4823 peccato
1621 4754 1810 4809 multa

153 4832 448 4904 addidisti,
485 4840 678 4898 legem
712 4840 1012 4911 accepisti.
1042 4841 1464 4910 praevaricator
1495 4843 1803 4898 exstitisti:

157 4921 263 4978 Sed
293 4926 412 4982 noli
447 4945 579 4983 esse
613 4929 922 4993 sollicitus,
956 4930 1060 4984 ubi
1087 4930 1419 4985 abundavit
1475 4938 1807 5000 peccatum,

154 5010 476 5073 abundavit
512 5015 634 5089 [al.,
669 5019 1179 5087 superabimdavil
1207 5019 1282 5090 et]
1308 5023 1510 5088 gratia
1544 5023 1806 5090 (Itom.v,

152 5099 256 5168 20').
283 5105 322 5173 αἱ·
354 5105 521 5164 Idem
554 5109 612 5162 in
668 5109 988 5178 Evangelio
1039 5109 1197 5163 beati
1225 5109 1472 5164 Joannis
1531 5125 1808 5165 sermone

157 5187 368 5264 (Tract.
394 5211 432 5252 ιι
462 5200 523 5252 in
553 5199 756 5268 Joan.)
785 5199 857 5252 In
888 5200 1190 5266 principio
1238 5204 1365 5254 erat
1430 5199 1702 5253 Verbum.
1744 5199 1808 5254 Id

155 5273 346 5344 linum
372 5286 589 5341 eodem
643 5287 827 5343 modo
858 5291 966 5355 est,
1000 5287 1082 5342 sic
1128 5292 1236 5355 est,
1291 5303 1530 5359 semper
1579 5287 1664 5342 sic
1696 5292 1805 5359 est,

157 5373 364 5426 mutari
392 5390 516 5431 non
538 5381 754 5448 potest.
787 5377 902 5432 hoc
930 5381 1034 5443 est,
1062 5379 1216 5432 Deus
1248 5383 1358 5442 est,
1387 5377 1552 5448 quod
1583 5395 1808 5438 nomen

160 5467 326 5513 suum
372 5463 518 5520 dixit
567 5465 796 5523 famulo
825 5482 937 5523 suo
969 5467 1150 5523 Mosi:
1186 5468 1314 5537 Ego
1362 5483 1491 5522 sum
1525 5470 1631 5538 qui
1653 5485 1806 5541 sum,

163 5548 208 5594 Pl
237 5551 386 5607 misit
419 5571 510 5612 me
539 5560 644 5628 qui
668 5565 750 5614 est
802 5559 1016 5620 (Exod.
1050 5575 1130 5624 ιιι,
1169 5561 1277 5626 tt).
1311 5559 1454 5624 Quis
1505 5574 1646 5624 ergo
1692 5561 1805 5617 hoc

161 5638 382 5706 caDiet‘?
431 5653 578 5707 Cum
610 5651 863 5706 videatis
923 5651 1128 5708 omnia
1159 5650 1438 5706 mortalia
1467 5651 1800 5719 mutabilia,

165 5736 293 5784 cum
317 5734 558 5797 Videatis
589 5755 711 5800 non
739 5742 936 5799 solum
977 5758 1230 5815 corpora
1259 5742 1478 5800 variari
1527 5758 1633 5816 per
1657 5759 1803 5816 qua-

1932 457 2032 527 do,
2070 460 2174 515 sed
2203 463 2383 519 etiam
2409 466 2572 538 ipsas
2602 471 2837 527 animas
2855 489 2964 545 per
2993 457 3285 534 adactum—
3321 478 3590 539 diversa-

1930 563 2066 602 rum
2098 550 2476 609 voluntatum
2503 557 2761 614 distendi
2817 565 2997 633 atque
3035 563 3311 634 discindi,
3331 584 3475 624 eum
3506 571 3590 627 vi-

1931 637 2118 692 deatis
2148 640 2424 697 homines
2455 648 2512 701 et
2540 648 2843 720 percipere
2887 667 3069 723 posse
3123 655 3506 727 sapientiam.
3535 661 3589 720 ei

1931 743 1991 780 se
2020 727 2174 784 illius
2201 730 2322 785 luci
2347 739 2401 788 et
2430 735 2611 791 calori
2627 737 3025 813 admoverint,
3041 745 3384 802 etamittene
3404 763 3588 820 posse

1932 819 2313 888 sapientiam,
2351 824 2396 878 si
2427 823 2567 882 inde
2594 827 2756 883 malo
2783 829 3003 888 affectu
3032 819 3414 892 recesserint.
3435 840 3585 898 Cum

1927 908 2182 964 videatis
2213 927 2355 980 ergo
2384 915 2498 970 ista
2527 917 2734 973 omnia
2765 934 2892 974 esse
2917 923 3234 980 mutabilia
3250 942 3269 980 -:
3299 926 3451 999 quid
3473 934 3584 998 est,

1927 999 2091 1068 quod
2125 1006 2233 1066 est,
2285 1003 2398 1057 nisi
2452 1005 2618 1075 quod
2671 1011 3037 1066 transcendit
3079 1014 3304 1082 omnia,
3337 1027 3473 1088 quae
3505 1018 3588 1074 sic

1929 1091 2070 1140 sunt
2101 1092 2162 1142 ut
2200 1104 2322 1144 non
2369 1091 2530 1162 sint.l
2557 1095 2596 1162 -ξ-
2628 1097 2841 1151 Verum
2885 1101 2947 1152 tu
2993 1099 3586 1159 adeonﬁrmandum

1925 1175 2090 1246 quod
2118 1176 2355 1234 dixeras
2384 1187 2764 1255 prosequeris
2797 1186 3222 1260 multiplicibus
3241 1194 3302 1247 et
3329 1191 3498 1248 dicis.

2495 1305 2732 1348 JOANNES
2785 1308 3012 1351 SCOTUS.

1999 1394 2165 1462 (Cap.
2201 1395 2253 1458 4,
2302 1407 2471 1448 num.
2502 1400 2556 1456 7,
2591 1401 2730 1452 sect.
2766 1400 2844 1468 6.)
2876 1404 2914 1451 Θ
2944 1399 3103 1466 Quid
3157 1417 3296 1474 ergo
3345 1407 3587 1474 primus

1928 1481 2099 1536 homo
2151 1482 2358 1538 habuit
2407 1491 2548 1541 ante
2589 1492 2901 1554 peccatum
2933 1491 3093 1562 quod
3140 1489 3404 1561 perdidit
3453 1501 3586 1564 post

1923 1576 2233 1637 peccatum
2262 1575 2288 1624 ?
2316 1573 2450 1627 Non
2501 1576 2656 1629 enim
2689 1576 2888 1633 adhuc
2940 1579 3194 1637 habebat
3240 1583 3423 1639 vitam
3455 1583 3586 1640 bea-

1927 1665 2070 1720 tam,
2101 1675 2235 1729 qute
2266 1663 2318 1714 ei
2341 1663 2660 1719 tribuenda
2696 1665 2922 1734 fuerat,
2957 1670 3007 1723 si
3049 1677 3412 1740 praeceptum.
3462 1685 3584 1729 ser-

1928 1755 2116 1803 varet.
2147 1750 2219 1804 Si
2243 1751 2574 1807 dixerimus
2608 1755 2854 1811 liberam
2887 1759 3276 1827 voluntatem,
3318 1761 3587 1830 perdidit

1927 1839 2118 1906 igitur
2146 1854 2316 1893 suam
2365 1848 2674 1911 naturam,
2697 1846 2750 1899 si
2777 1852 2972 1902 autem
3023 1849 3185 1904 ratio
3213 1850 3412 1906 edocet
3443 1846 3585 1907 nul-

1931 1928 2046 1982 lam
2093 1933 2381 1984 naturam
2421 1945 2595 1998 posse
2629 1934 2851 2001 perire,
2876 1935 3266 2003 prohibemur
3289 1940 3488 1997 dicere
3515 1941 3585 1996 li-

1928 2016 2125 2072 beram
2204 2020 2573 2076 voluntatem
2637 2023 2984 2090 perdidisse,
3041 2041 3172 2096 quae
3223 2024 3351 2084 sine
3404 2023 3583 2086 dubio

1925 2106 2341 2162 substantialis
2399 2110 2533 2164 est:
2582 2125 2703 2165 non.
2748 2113 2899 2167 enim
2950 2114 3013 2168 in
3068 2114 3304 2171 nomine
3354 2117 3582 2173 creavit

1929 2197 2082 2250 Deus
2126 2198 2496 2253 voluntatem
2545 2198 2868 2269 captivam,
2897 2201 2998 2258 sed
3050 2203 3320 2275 liberam,
3353 2221 3484 2278 qua?
3515 2199 3583 2261 li-

1927 2285 2121 2339 bertas
2144 2292 2280 2354 post
2305 2293 2615 2355 peccatum
2646 2290 2953 2346 remansit.

1994 2375 2035 2444 -ι-
2067 2377 2133 2429 Et
2166 2380 2302 2447 post
2332 2389 2531 2447 pauca
2566 2394 2578 2431 :

1989 2467 2190 2533 (Nam.
2227 2465 2304 2534 8.)
2326 2469 2364 2518 6
2391 2466 2487 2520 An
2518 2467 2678 2536 ferte
2702 2466 2904 2524 liberae
2933 2468 3264 2527 voluntatis
3318 2467 3581 2542 vigorem

1917 2559 2405 2625 potestatemque,
2439 2570 2559 2626 qua
2584 2556 2712 2612 sola
2757 2562 2956 2626 potuit
2987 2559 3286 2617 custodire
3325 2571 3585 2631 princep-

1925 2649 2069 2708 tum,
2095 2645 2148 2698 si
2175 2645 2371 2707 vellet,
2401 2645 2703 2714 peccando
2733 2643 3016 2716 perdidit,
3036 2665 3108 2704 ac
3133 2653 3244 2719 per
3273 2649 3383 2707 hoc
3414 2653 3584 2722 vigor

1922 2738 1976 2786 et
2004 2737 2265 2800 potestas
2299 2733 2474 2790 liberi
2501 2735 2744 2790 arbitrii
2773 2747 2892 2791 non
2921 2743 3050 2793 erat
3079 2733 3142 2792 in
3169 2734 3365 2807 primo
3398 2739 3582 2796 homi-

1922 2838 1995 2877 ne
2043 2839 2116 2878 ea:
2171 2823 2528 2885 substantia,
2564 2825 2665 2880 sed
2690 2837 2765 2881 ea:
2794 2827 3099 2882 Creatoris
3128 2822 3379 2898 gratia?
3414 2827 3583 2896 Quod

1921 2927 2203 2981 magnum
2228 2927 2446 2968 munus
2476 2912 2694 2979 amisit,
2720 2915 2876 2970 male
2902 2921 3072 2972 utens
3097 2917 3281 2974 libero
3309 2914 3584 2974 volunta-

1923 3003 1996 3055 tis
2027 3000 2318 3056 arbitrio:
2352 3001 2547 3057 noluit
2592 3004 2746 3058 enim
2775 3004 2981 3072 facere
3022 3002 3182 3075 quod
3222 3003 3437 3074 potuit,
3473 3006 3582 3063 hoc

1921 3097 2003 3144 est
2045 3092 2397 3146 mandatum
2449 3091 2748 3147 custodire
2794 3091 2954 3162 quod
2987 3097 3125 3161 post
3174 3105 3430 3163 peccans
3460 3105 3580 3151 non

1921 3185 2109 3247 potest
2141 3181 2191 3233 si
2221 3177 2380 3246 velit,
2415 3181 2468 3235 si
2493 3180 2696 3248 gratia
2720 3195 2839 3235 non
2860 3183 3112 3249 juverit.

2590 3312 2913 3353 CORRECTIO.

1995 3415 2036 3483 -ξ-
2068 3413 2295 3478 Quibus
2321 3411 2417 3466 die
2446 3413 2494 3467 is
2523 3417 2823 3484 quantum
2852 3415 3055 3484 gratiae
3085 3415 3363 3486 deroges,
3396 3431 3580 3488 quan-

1925 3507 2004 3559 do
2037 3503 2356 3574 plusjusto
2388 3507 2619 3557 naturae
2665 3503 2962 3572 attribuis,
3009 3505 3150 3560 satis
3193 3505 3398 3561 claret.
3435 3509 3583 3562 Nam

1924 3594 2182 3650 dicendo
2211 3595 2264 3648 si
2290 3593 2536 3648 liberam
2567 3594 2933 3650 voluntatem
2981 3596 3271 3665 perdidit,
3316 3596 3585 3666 perdidit

1924 3699 2094 3740 suam
2150 3689 2460 3750 natu-ram,
2521 3682 2739 3738 falsum
2768 3689 2902 3739 est:
2954 3684 3246 3756 quoniam
3303 3684 3584 3740 voluntas

1921 3789 2044 3828 non
2074 3778 2162 3827 est.
2184 3777 2422 3840 natura,
2439 3772 2543 3827 sed
2562 3772 2639 3827 ab
2666 3778 2908 3828 auctore
2929 3778 3159 3828 naturae
3185 3773 3384 3828 insita.
3408 3772 3585 3838 Quod

1923 3879 2064 3917 vero
2097 3861 2293 3929 addis,
2325 3862 2565 3917 nullam
2595 3867 2880 3916 naturam
2929 3877 3099 3929 posse
3124 3863 3347 3931 perire,
3374 3864 3431 3917 et
3467 3861 3584 3916 hoc

1923 3952 2144 4007 falsum
2175 3956 2264 4005 est
2297 3969 2308 4005 :
2357 3951 2650 4006 sententia
2681 3951 2841 4006 enim
2871 3951 3144 4006 omnium
3195 3955 3583 4006 tractatorum

1925 4041 2215 4107 Ecclesiae,
2244 4045 2347 4095 aut
2391 4055 2544 4110 pene
2595 4041 2892 4109 omnium,
2923 4039 2983 4095 in
3033 4040 3147 4095 hoc
3195 4039 3290 4094 vel
3318 4038 3583 4094 maxime

1924 4130 2037 4184 sibi
2067 4128 2412 4196 concordat,
2436 4128 2599 4200 quod
2636 4129 2832 4184 omnis
2863 4134 3134 4185 creatura
3168 4129 3265 4184 Dei
3295 4143 3369 4183 ex
3395 4127 3583 4184 nihilo

1923 4219 2099 4282 facta,
2134 4218 2356 4290 partim
2408 4234 2597 4276 manu
2630 4218 2966 4274 Conditoris
2995 4219 3077 4275 ita
3107 4217 3180 4273 sit
3209 4216 3486 4282 solidata,
3519 4221 3584 4273 ut

1923 4323 2238 4379 nunquam
2270 4307 2461 4378 perire
2493 4307 2718 4378 possit;
2753 4307 2970 4379 partim
3022 4319 3165 4362 vero
3215 4307 3276 4362 in
3327 4306 3582 4362 nihilum

1925 4397 2275 4466 resolvatur,
2308 4396 2367 4452 id
2399 4401 2485 4452 est
2513 4397 2798 4467 quasdam
2853 4400 2914 4452 ut
2961 4395 3117 4453 facta
3173 4401 3312 4452 sunt
3342 4411 3582 4468 perma-

1925 4493 2123 4551 neant,
2144 4487 2428 4559 quaedam
2451 4487 2510 4542 in
2539 4487 2753 4542 melius
2778 4487 3216 4542 commutanda
3239 4490 3585 4558 exspecten-

1923 4583 2037 4638 tur,
2070 4578 2350 4649 quaedam
2383 4593 2525 4632 vero
2570 4577 2811 4648 penitus
2864 4574 3147 4631 deﬁciant
3176 4580 3240 4630 ut
3271 4590 3396 4630 non
3441 4575 3580 4630 sint.

1923 4673 2002 4722 Ac
2052 4682 2157 4737 per
2205 4666 2317 4720 hoc
2373 4665 2563 4720 multo
2615 4665 2827 4720 melius
2858 4668 2916 4718 et
2960 4663 3304 4719 credibilius
3351 4661 3580 4717 diceres

1921 4756 2082 4826 quod
2117 4759 2342 4809 certum
2374 4754 2446 4808 sit:
2475 4754 2700 4807 nullam
2728 4752 3083 4807 rationalem
3112 4754 3450 4806 creaturam
3481 4765 3582 4821 pe-

1921 4846 2032 4899 rire
2063 4859 2239 4914 posse
2270 4861 2282 4897 :
2315 4843 2466 4896 sicut
2521 4847 2767 4896 sanctus
2820 4840 3216 4909 Hieronymus
3241 4838 3301 4893 in
3333 4838 3581 4910 Exposi-

1921 4935 2078 4988 tione
2111 4932 2268 4987 beati
2299 4931 2466 4986 Pauli
2490 4930 2746 5002 apostoli
2770 4929 2849 4985 ad
2870 4927 3105 4984 Galatas
3135 4927 3277 4982 dicit
3309 4928 3461 4998 (cap.
3481 4928 3577 4998 v):

1921 5025 2052 5092 [Qui
2093 5023 2252 5076 enim
2284 5022 2473 5089 diligit.
2520 5020 2893 5092 quempiam,
2927 5031 3166 5090 semper
3193 5018 3254 5073 in
3288 5017 3418 5088 eju
3452 5017 3580 5074 feli-

1920 5114 2091 5168 citate
2123 5112 2374 5176 lietatur,
2408 5117 2462 5166 et
2495 5111 2541 5164 si
2573 5126 2712 5165 eum
2744 5109 2957 5164 viderit
2991 5108 3197 5181 aliquo
3245 5121 3442 5164 errore
3473 5108 3580 5163 de-

1920 5209 2182 5274 ceptum,
2215 5203 2270 5257 et
2295 5205 2681 5272 peccatorum
2708 5199 2938 5256 lubrico
2969 5199 3326 5265 concidisse,
3353 5197 3579 5253 dolebit

1919 5291 2166 5365 quidem
2199 5296 2255 5348 et
2283 5306 2487 5346 eruere
2518 5288 2821 5345 festinabit
2854 5307 2867 5344 :
2899 5289 3003 5344 sed
3037 5303 3159 5344 non
3190 5287 3404 5359 poterit
3430 5295 3580 5352 gau-

1919 5383 2086 5438 dium
2138 5387 2371 5436 mutare
2423 5380 2670 5446 tristitia,
2703 5380 2898 5436 sciens
2923 5377 3155 5434 nullam
3191 5373 3578 5431 rationalium

1919 5478 2331 5528 creaturarum
2360 5471 2522 5542 apud
2553 5471 2740 5525 Deum
2784 5469 2978 5542 perire
3009 5465 3321 5539 perpetuo]
3342 5466 3384 5534 ιι-
3415 5462 3575 5520 Idem

1917 5565 1974 5617 in
2021 5562 2463 5616 Commentario
2514 5559 2767 5615 Matthiei
2795 5564 2949 5627 (cap.
2985 5562 3058 5612 vn
3097 5552 3454 5628 :[Respicite
3478 5565 3578 5610 vo-

1918 5654 2115 5709 latilia
2148 5653 2302 5720 caeli,
2347 5652 2630 5721 quoniam
2683 5662 2806 5705 non
2847 5652 3075 5714 serunt,
3104 5656 3295 5717 neque
3320 5649 3575 5714 metunt,

1900 5757 2092 5814 neque
2112 5749 2478 5814 congregant
2505 5744 2569 5798 in
2602 5741 2840 5808 horrea,
2892 5744 2948 5797 et
2995 5739 3151 5795 Deus
3210 5739 3410 5809 pascit
3463 5736 3579 5793 illa
