3974 6412
1413 45 1473 55 ν
1525 47 1578 55 v
1638 47 1833 57 -ιγ-
1915 49 1967 57 θ
2016 51 2071 57 ⁷

426 314 563 371 1055

425 433 668 502 (Matth.
717 449 801 499 v1,
858 435 968 505 26).
1030 433 1382 505 Simpliciter
1438 449 1581 505 ergo
1633 432 2074 505 accipiendum,
2108 434 2156 487 Α

422 522 591 597 quod
645 522 695 578 si
734 522 996 579 volatilia
1047 522 1278 596 absque
1334 538 1480 579 cura
1523 527 1581 579 et
1617 521 1925 591 (erumnis,
1976 522 2079 577 Dei

426 611 670 670 aluntur
696 611 1094 684 providentia,
1127 627 1266 684 qua;
1315 610 1495 668 hodie
1527 616 1667 668 sunt
1709 615 1767 667 et
1794 626 1927 666 cras
1953 626 2081 667 non

422 706 619 771 erunt,
667 716 931 774 quorum
976 700 1181 757 anima
1232 700 1501 757 mortalis
1540 705 1649 769 est,
1682 706 1740 757 et
1776 716 1917 757 cum
1946 717 2079 757 esse

422 788 802 857 cessaverint,
860 804 1100 863 semper
1151 804 1275 845 non
1332 793 1545 846 erunt:
1598 792 1827 862 quanto
1882 789 2081 859 magis

420 876 721 945 homines,
764 876 988 949 quibus
1040 877 1339 933 aeternitas
1385 876 1833 950 repromittitur,
1862 876 1964 933 Dei
1992 892 2080 932 re-

421 970 644 1038 gantur
671 965 965 1037 arbitrio.]

491 1056 515 1078 ⁶
546 1053 887 1125 Fulgentius
916 1055 979 1110 in
1006 1054 1160 1112 libro
1190 1054 1267 1111 ad
1299 1058 1534 1111 Petrum
1566 1054 1641 1112 de
1670 1055 1790 1111 ﬁde
1824 1072 1837 1110 :
1870 1056 2079 1127 [Quos-

420 1142 568 1199 dam
624 1143 805 1213 igitur
851 1143 1091 1216 spiritus
1137 1143 1220 1199 sic
1272 1147 1424 1200 Deus
1466 1144 1688 1201 creavit
1739 1148 1804 1199 ut
1844 1159 2081 1217 semper

421 1237 639 1298 essent,
689 1233 993 1306 quosdam
1038 1248 1180 1291 vero
1226 1249 1357 1289 esse
1415 1234 1658 1306 spiritus
1708 1234 2079 1307 quandoque

421 1321 805 1393 desinerent.]
835 1323 878 1392 -ι-
908 1325 975 1378 Et
1003 1327 1141 1395 post
1194 1322 1385 1379 multa
1416 1341 1430 1378 :
1461 1322 1687 1394 [Caeteri
1733 1339 1875 1378 vero
1908 1322 2078 1395 spiri-

428 1415 525 1468 tus
550 1411 824 1467 omnium
857 1411 1235 1480 animalium,
1285 1412 1509 1485 quibus
1540 1428 1663 1468 non
1711 1418 1803 1468 est
1852 1411 2078 1467 intelle—

423 1504 557 1555 ctus
610 1500 863 1572 quidam
914 1516 1125 1556 eorum
1154 1500 1229 1556 de
1282 1504 1457 1569 terra,
1483 1500 1733 1573 quidam
1783 1500 1857 1555 de
1906 1499 2080 1572 aquis

421 1589 716 1660 originem
764 1589 1013 1645 ducunt.
1049 1591 1129 1645 De
1160 1591 1332 1662 aquis
1363 1590 1522 1645 enim
1557 1593 1699 1645 sunt
1744 1588 1976 1663 reptilia
2024 1592 2081 1643 et

420 1679 707 1749 volatilia,
762 1679 837 1734 de
888 1684 1045 1735 terra
1101 1696 1243 1736 vero
1294 1679 1580 1752 qumdam
1631 1696 1767 1751 quae
1820 1681 2076 1751 reptant.

422 1768 709 1841 quaedam
734 1784 874 1824 vero
921 1785 1058 1841 quae
1113 1768 1467 1840 gradiuntur
1494 1772 1699 1823 exorta
1730 1772 1869 1823 sunt
1902 1784 1915 1822 :
1948 1771 2079 1822 tan-
2109 1787 2151 1843 Β

423 1857 531 1913 diu
583 1858 825 1930 spiritus
854 1862 993 1914 sunt
1020 1858 1295 1930 quandiu
1342 1858 1404 1913 in
1436 1858 1789 1929 corporibus
1848 1856 2075 1912 vivunt.

422 1946 641 2003 Anima
672 1947 899 2020 quippe
927 1963 1063 2019 quae
1093 1946 1341 2002 rationis
1370 1961 1564 2018 capax
1611 1945 1896 2002 divinitus
1922 1944 2080 2001 facta

421 2051 549 2091 non
575 2040 686 2106 est,
708 2052 846 2091 cum
875 2050 1053 2091 carne
1084 2051 1194 2091 sua
1224 2039 1279 2091 et
1298 2035 1506 2107 incipit
1533 2038 1587 2090 et
1617 2034 1834 2091 desinit
1857 2034 2075 2100 vivere,

422 2124 573 2198 quia
596 2124 846 2197 quando
865 2124 1099 2197 corpori
1125 2124 1310 2180 vitam
1333 2140 1455 2179 non
1483 2123 1705 2190 tribuit,
1721 2128 1778 2179 et
1798 2123 1931 2195 ipsa
1955 2138 2080 2178 non

422 2212 584 2268 vivit.
618 2217 806 2285 Atque
854 2213 934 2268 ita
983 2213 1135 2269 miro
1168 2213 1349 2269 modo
1377 2229 1519 2268 cum
1563 2212 1728 2267 omni
1758 2212 1923 2268 carni
1951 2211 2079 2267 ani-

424 2316 530 2357 ma
576 2300 817 2357 vivendi
863 2301 936 2356 sit
978 2317 1181 2367 causa,
1228 2300 1469 2373 spiritus
1497 2306 1697 2357 tamen
1723 2298 2082 2356 irrationalis

425 2388 638 2445 tandiu
658 2388 798 2445 vivit
824 2390 1095 2462 quandiu
1138 2390 1199 2445 in
1231 2406 1411 2446 carne
1442 2405 1686 2445 manere
1716 2388 1996 2462 potuerit,
2027 2390 2085 2443 et

424 2478 575 2535 dum
605 2493 641 2534 a
671 2494 852 2535 carne
884 2495 995 2535 sua
1026 2484 1362 2551 separatur,
1394 2482 1749 2534 extenuatur
1777 2479 1908 2548 [al.,
1954 2493 2083 2532 exs-

424 2566 758 2639 tinguitur].
793 2572 875 2623 lta
928 2567 994 2623 ﬁt
1027 2572 1089 2623 ut
1120 2584 1257 2623 cum
1289 2567 1417 2640 ipse
1468 2567 1588 2623 vita
1617 2567 1813 2623 carnis
1839 2582 1959 2621 suae
1987 2565 2079 2632 sit,

429 2656 621 2712 vivere
642 2656 770 2729 ipse
796 2661 1058 2728 nequeat
1078 2656 1327 2729 quando
1351 2656 1533 2711 vitam
1562 2655 1727 2711 carni
1746 2654 2082 2711 ministrare

426 2744 560 2815 [al.,
590 2743 1067 2816 subministrare]
1098 2744 1402 2800 destiterit.
1456 2747 1521 2799 Et
1576 2746 1625 2798 si
1673 2759 1795 2798 non
1847 2742 1918 2798 sit
1944 2758 2083 2798 caro

427 2833 524 2887 cui
548 2832 733 2889 vitam
763 2832 908 2889 dare
936 2832 1152 2896 valeat,
1184 2833 1312 2905 ipse
1336 2848 1581 2905 quoque
1628 2848 1763 2887 eam
1812 2831 2085 2904 protinus

427 2935 553 2977 non
579 2920 845 2977 habebit.
880 2920 1018 2976 Ideo
1048 2937 1158 2977 nec
1212 2920 1511 2976 aeternitas
1575 2918 2085 2977 irrationabilibus

428 3009 735 3082 spiritibus
764 3010 906 3066 data
932 3016 1039 3080 est,
1071 3026 1181 3066 nec
1212 3010 1460 3083 aliquod
1489 3010 1573 3066 eis
1607 3010 1903 3082 judicium
1930 3025 2083 3083 prae-

424 3102 691 3190 paratur,
718 3098 781 3155 in
811 3115 933 3172 quo
959 3100 1059 3190 eis,
1090 3099 1184 3154 vel
1230 3098 1550 3190 beatitudo
1596 3115 1706 3173 pro
1763 3098 1959 3165 bonis,
1992 3097 2084 3153 vel
2106 3111 2156 3190 ὀ

424 3188 734 3245 damnatio
764 3204 875 3261 pro
922 3188 1096 3245 malis
1144 3188 1431 3245 reddatur
1483 3188 1786 3262 operibus.
1821 3188 1959 3243 ldeo
1984 3202 2086 3243 au-

423 3281 545 3334 tem
574 3276 636 3333 in
664 3277 748 3334 eis
776 3277 942 3334 nulla
971 3294 1225 3350 operum
1254 3277 1536 3333 discretio
1570 3277 1909 3350 requiritur,
1943 3275 2088 3349 quia

424 3365 657 3422 nullam
704 3366 1071 3436 intelligendi
1123 3365 1469 3422 facultatem
1512 3365 1794 3422 divinitus
1843 3380 2087 3437 accepe-

425 3458 584 3509 runt.
610 3454 930 3525 Propterea
954 3454 1133 3523 igitur
1162 3469 1372 3509 eorum
1403 3468 1659 3526 corpora
1678 3457 2088 3509 resurrectura

425 3556 552 3596 non
596 3545 754 3608 sunt,
786 3541 932 3613 quia
982 3556 1093 3597 nec
1148 3540 1295 3613 ipsis
1354 3542 1675 3598 animabus
1728 3558 1938 3598 eorum
1985 3545 2089 3597 aut

428 3628 681 3701 mquitas
740 3632 844 3685 aut
895 3628 1179 3701 iniquitas
1231 3628 1359 3699 fuit,
1406 3646 1517 3703 pro
1563 3646 1686 3702 qua
1734 3630 1817 3686 eis
1860 3634 2089 3686 aeterna

426 3718 519 3773 vel
548 3716 861 3773 beatitudo
893 3717 967 3773 sit
1014 3717 1333 3773 tribuenda
1359 3718 1456 3773 vel
1493 3719 1721 3790 pmna.]
1745 3721 1788 3789 ει-
1819 3718 1976 3775 Beda
2024 3718 2088 3774 in

428 3806 637 3864 Genesi
670 3823 684 3862 :

499 3896 771 3967 [Cunctis
801 3897 1004 3953 diebus
1036 3903 1214 3954 terrae
1241 3897 1515 3954 sementis
1545 3903 1600 3953 et
1636 3898 1852 3953 messis.
1886 3897 2087 3967 frigus

426 3990 484 4042 et
513 3992 691 4041 aestus
707 3998 731 4057 ,'
758 3992 935 4043 testas
961 3992 1014 4043 et
1050 3988 1276 4064 hyems,
1303 4002 1426 4045 nox
1476 3992 1531 4043 et
1560 3986 1683 4043 dies
1713 4003 1833 4042 non
1856 3987 2085 4058 requie-

425 4080 588 4130 scent
643 4075 808 4145 (Gen.
840 4091 965 4144 vni,
996 4076 1107 4147 22).
1156 4078 1305 4133 Cum
1353 4075 1515 4132 enim
1559 4075 1808 4131 dixisset
1854 4075 2087 4131 cunctis

428 4162 633 4218 diebus
681 4178 825 4218 mox
870 4164 1100 4220 addidit
1130 4171 1327 4226 terra,
1360 4169 1425 4219 ut
1470 4163 1827 4234 intelligeres
1858 4162 2086 4219 cunctis

428 4248 662 4312 diebus,
695 4248 917 4321 quibus
948 4256 1103 4307 terra
1132 4252 1493 4307 modernum
1541 4252 1820 4308 habitura
1850 4254 1939 4307 est
1966 4255 2085 4306 sta-

427 4340 560 4392 tum
592 4352 836 4393 securos
864 4337 1142 4393 homines
1174 4339 1253 4395 ab
1283 4339 1511 4411 impetu
1550 4340 1904 4396 universalis
1935 4338 2087 4394 dilu-

428 4423 510 4480 vii
551 4440 683 4481 esse
734 4425 972 4481 debere.
1009 4429 1124 4482 Nec
1167 4432 1369 4483 tamen
1416 4427 1761 4484 defuturum
1821 4432 2081 4499 tempus,

428 4512 681 4586 quando
712 4519 984 4571 cessante
1030 4516 1145 4572 hac
1174 4515 1506 4571 labentium
1554 4532 1755 4571 rerum
1785 4516 2083 4571 vicissitu-
2117 4487 2161 4541 D

428 4601 588 4669 dine,
621 4618 757 4675 quae
788 4603 1103 4660 annuatim
1134 4605 1359 4676 geritur
1386 4604 1549 4660 orbis
1598 4604 1916 4660 universus
1946 4621 2087 4662 cum

428 4691 839 4748 animantibus
871 4693 945 4749 sit
972 4694 1110 4764 igne
1139 4693 1481 4766 periturus.]

499 4783 542 4853 -ί-
571 4781 635 4837 In
666 4782 879 4838 eodem
911 4783 1097 4839 Beda:
1124 4782 1373 4855 [Idcirco
1402 4782 1648 4856 requirit
1667 4785 1822 4839 Deus
1852 4781 2088 4839 animas

425 4870 745 4928 hominum
768 4889 804 4929 a
825 4872 1029 4929 bestiis
1052 4872 1147 4929 vel
1166 4872 1515 4929 hominibus
1544 4889 1581 4929 a
1609 4872 1831 4945 quibus
1853 4871 2089 4929 fuerant

427 4959 706 5029 effugata;
732 4961 807 5017 de
830 4978 1101 5036 corpore,
1123 4963 1270 5036 quia
1290 4963 1372 5018 ad
1393 4963 1714 5033 imaginem
1744 4977 1914 5018 suam
1940 4963 2086 5031 fecit

430 5046 725 5104 hominem
754 5051 923 5120 (Gen.
942 5067 983 5115 1,
1004 5052 1119 5123 26),
1149 5052 1210 5106 in
1241 5066 1313 5106 eo
1343 5049 1511 5122 quod
1539 5050 1702 5105 hunc
1733 5065 1978 5105 manere
2008 5050 2087 5106 ad

428 5134 817 5191 aeternitatem
860 5138 1067 5205 voluit,
1101 5154 1297 5210 neque
1340 5138 1420 5194 ad
1470 5137 1918 5194 similitudinem
1963 5138 2089 5195 ani-

428 5223 728 5279 mantium
758 5240 896 5280 cum
926 5226 1193 5298 corporis
1222 5230 1412 5283 morte
1440 5227 1680 5300 perire.]
1701 5228 1742 5297 -ξ-
1773 5227 2087 5298 Gregorius

428 5311 817 5383 Dialogorum
863 5312 966 5370 lib.
1000 5331 1059 5371 IV
1088 5315 1243 5385 (cap.
1277 5316 1330 5387 3)
1364 5332 1376 5371 :
1412 5316 1556 5372 Tres
1603 5317 1828 5389 quippe
1876 5314 2086 5372 vitales

429 5400 673 5472 spiritus
704 5401 927 5457 creavit
957 5402 1339 5474 omnipotens
1359 5405 1536 5471 Deus,
1557 5421 1747 5460 unum
1771 5404 1877 5478 qui
1906 5419 2086 5460 carne

429 5504 553 5545 non
582 5491 821 5561 tegitur,
840 5491 1026 5547 alium
1057 5491 1161 5564 qui
1191 5507 1372 5547 carne
1401 5492 1638 5561 tegitur,
1658 5493 1762 5549 sed
1793 5509 1917 5550 non
1948 5510 2088 5548 cum

432 5590 611 5633 carne
641 5578 927 5647 moritur;
960 5580 1199 5635 tertium
1228 5579 1334 5652 qui
1364 5596 1544 5636 carne
1574 5582 1807 5651 tegitur,
1844 5585 1902 5636 et
1949 5597 2088 5636 cum

433 5676 611 5719 carne
659 5667 955 5722 moritur:
990 5668 1231 5739 spiritus
1278 5684 1546 5741 namque
1600 5676 1707 5736 est,
1752 5670 1857 5742 qui
1905 5686 2083 5726 carne

435 5759 559 5804 non
585 5751 825 5822 tegitur,
841 5754 1229 5823 angelorum:
1255 5756 1495 5828 spiritus
1515 5757 1621 5829 qui
1639 5773 1819 5816 carne
1848 5758 2084 5830 tegitur,

1512 311 1569 366 S.
1611 310 1982 366 PRUDENTII
2019 308 2399 367 TRECENSIS
2439 310 2752 367 EPISCOPI

3732 307 3762 358 1
3773 306 3901 359 056

2188 432 2296 488 sed
2325 449 2464 489 cum
2505 449 2686 489 carne
2736 447 2860 488 non
2907 429 3177 497 moritur,
3208 427 3569 495 hominum;
3608 425 3902 499 spiritus

2187 522 2292 595 qui
2323 538 2501 578 carne
2548 522 2785 593 tegitur,
2818 525 2874 577 et
2905 536 3044 575 cum
3092 533 3273 575 carne
3312 517 3585 584 moritur,
3617 516 3903 587 jumeno

2187 614 2387 668 torum
2416 612 2814 685 omniumque
2844 610 3162 666 brutorum
3193 606 3602 678 animalium.)

2259 748 2301 817 -ι-
2332 746 2504 813 Quod
2533 763 2676 803 vero
2708 745 2913 802 addis:
2937 744 3340 801 Prohibemur
3367 743 3564 799 dicere
3597 741 3897 799 liberam

2188 839 2556 895 voluntatem
2580 838 2933 908 perdidisse,
2968 840 3024 891 et
3071 834 3187 891 hoc
3218 833 3439 890 falsum
3470 847 3607 888 esse
3638 830 3894 888 beatus

2186 926 2557 996 Augustinus
2604 925 2927 996 redarguit,
2960 923 3128 997 quod
3175 927 3232 978 et
3281 938 3467 996 supra
3506 920 3891 994 posuimus,

2186 1032 2327 1073 cum
2355 1015 2526 1071 dicit:
2562 1014 2792 1087 [Libero
2824 1013 3067 1070 arbitrio
3102 1011 3261 1068 male
3291 1015 3466 1067 utens
3492 1010 3694 1067 homo
3731 1013 3799 1065 et
3823 1025 3891 1065 se

2184 1104 2445 1178 perdidit
2474 1109 2530 1159 et
2556 1104 2804 1176 ipsum.]
2836 1102 3010 1168 Quod
3038 1100 3187 1157 dixit
3215 1108 3268 1157 et
3299 1101 3495 1169 ipsum
3555 1096 3888 1153 subaudi-

2185 1198 2283 1250 tur
2322 1193 2579 1249 liberum
2610 1191 2961 1258 arbitrium;
2990 1189 3249 1263 perdidit
3277 1204 3420 1258 ergo
3467 1186 3749 1243 liberum
3785 1202 3888 1242 ar-

2187 1284 2452 1351 bitrium,
2482 1282 2545 1338 id
2574 1287 2662 1338 est
2688 1281 3023 1337 libertatem
3053 1278 3379 1335 voluntatis
3410 1276 3489 1334 ad
3516 1275 3675 1332 boni
3710 1275 3887 1333 elec-

2186 1374 2432 1441 tionem,
2462 1387 2587 1428 non
2616 1375 2819 1427 autem
2848 1368 3109 1442 perdidit
3150 1368 3484 1424 libertatem
3529 1364 3887 1422 voluntatis

2186 1463 2265 1519 ad
2287 1461 2429 1518 mali
2451 1460 2801 1517 electionem
2828 1476 2896 1515 ac
2923 1458 3452 1532 perpetrationem,
3481 1455 3631 1528 quia
3663 1454 3786 1527 qui
3817 1472 3884 1509 se

2186 1556 2435 1625 peccato
2478 1550 2805 1606 voluntarie
2854 1546 3141 1617 subdidit,
3174 1561 3569 1619 nequaquam
3615 1543 3683 1599 in
3738 1544 3883 1614 ejus

2187 1644 2500 1713 potestate,
2535 1638 2643 1694 sed
2692 1639 2753 1693 in
2802 1637 2964 1693 dono
3012 1636 3212 1706 gratiae
3240 1633 3595 1708 permansit,
3631 1636 3705 1688 ut
3738 1633 3882 1703 ejus

2187 1728 2576 1802 inspiratione
2606 1727 2838 1783 bonum
2867 1726 3043 1783 vellet
3071 1730 3127 1781 et
3154 1723 3405 1797 posset.]
3428 1724 3470 1793 -ι-
3500 1725 3624 1778 Hoc
3657 1721 3879 1794 ipsum

2187 1818 2399 1873 edocet
2427 1817 2554 1889 ipse
2585 1817 2647 1872 in
2676 1814 2931 1888 epistola
2959 1814 3037 1870 ad
3069 1813 3345 1883 Vitalem,
3376 1812 3462 1868 ita
3489 1811 3837 1867 enuntians
3862 1828 3875 1866 :

2190 1907 2341 1978 [Non
2373 1911 2460 1961 est
2485 1906 2664 1976 igitur
2693 1904 2885 1975 gratia
2915 1904 3016 1960 Dei
3045 1905 3107 1959 in
3137 1908 3355 1959 natura
3399 1899 3570 1957 liberi
3601 1899 3875 1963 arbitrii,

2189 2000 2244 2051 et
2276 1996 2337 2050 in
2362 1994 2491 2064 lege
2523 1998 2703 2066 atque
2733 1993 3025 2058 doctrina,
3058 1992 3213 2047 sicut
3248 1989 3569 2059 Pelagiana
3617 2004 3876 2060 perver-

2189 2086 2331 2141 sitas
2363 2083 2604 2155 desipit,
2631 2083 2733 2138 sed
2766 2083 2844 2137 ad
2871 2082 3141 2153 singulos
3167 2084 3335 2137 actus
3360 2079 3538 2135 datur
3565 2077 3736 2133 illius
3769 2094 3873 2132 vo-

2189 2172 2525 2240 luntate,de
2547 2189 2669 2244 quo
2692 2172 2999 2243 scriptum:
3018 2172 3302 2227 Pluviam
3332 2167 3751 2225 voluntariam
3785 2182 3871 2222 se-

2188 2278 2444 2334 gregans
2465 2263 2623 2317 Deus
2654 2261 2994 2317 haereditati
3013 2266 3130 2315 tua?
3152 2260 3339 2330 (Psal.
3366 2272 3535 2325 vau,
3564 2256 3657 2323 10;
3687 2257 3865 2310 Rom.

2187 2368 2288 2420 vn,
2330 2351 2430 2423 l2).
2466 2350 2617 2416 Quia
2641 2353 2698 2405 et
2725 2348 2982 2404 liberum
3013 2347 3327 2404 arbitrium
3355 2345 3435 2402 ad
3478 2342 3866 2412 diligendum

2189 2444 2377 2497 Deum
2406 2440 2583 2514 primi
2612 2440 2840 2511 peccati
2871 2438 3210 2508 granditate
3241 2434 3643 2509 perdidimus,
3672 2438 3733 2489 et
3768 2434 3869 2489 lex

2190 2532 2301 2586 Dei
2342 2536 2521 2601 atque
2568 2529 2846 2584 doctrina
2889 2528 3162 2598 quamvis
3214 2531 3445 2593 sancta,
3478 2529 3532 2580 et
3576 2525 3761 2593 justa
3812 2528 3866 2578 et

2194 2620 2367 2686 bona,
2415 2624 2613 2676 tamen
2649 2616 2867 2673 occidit
2910 2618 2963 2671 si
3008 2632 3129 2671 non
3163 2615 3418 2683 viviﬁcet
3474 2613 3731 2682 spiritus
3762 2612 3856 2681 (II

2195 2709 2333 2764 Cor.
2365 2722 2448 2769 ui,
2480 2708 2557 2777 6),
2592 2722 2698 2778 per
2728 2722 2913 2778 quem
2938 2704 3004 2760 fit
3026 2720 3171 2773 non,
3205 2707 3270 2758 ut
3296 2700 3622 2766 audiendo,
3658 2700 3769 2757 sed
3803 2704 3865 2755 ut

2193 2796 2555 2864 obediendo,
2587 2810 2784 2867 neque
2828 2798 2893 2849 ut
2933 2793 3206 2860 lectione,
3255 2791 3361 2847 sed
3407 2796 3474 2846 ut
3519 2789 3861 2851 dilectione,

2194 2890 2507 2942 teneamur
2536 2883 2665 2954 [al.,
2701 2882 3007 2952 teneatur].
3043 2883 3421 2953 Quapropter
3461 2882 3528 2933 ut
3553 2877 3616 2933 in
3668 2880 3861 2933 Deum

2193 2973 2514 3029 credamus
2540 2977 2597 3028 et
2624 2971 2721 3045 pie
2750 2970 3045 3035 vivamus,
3076 2986 3197 3026 non
3228 2968 3479 3025 volentis
3505 2981 3697 3039 neque
3727 2982 3860 3022 cur-

2193 3064 2403 3133 rentis,
2451 3062 2555 3118 sed
2584 3062 2924 3117 miserantis
2968 3066 3049 3116 est
3099 3060 3211 3114 Dei
3239 3058 3427 3129 (Rom.
3460 3073 3536 3123 ix,
3574 3056 3700 3123 l6);
3734 3070 3855 3111 non

2193 3152 2339 3225 quia
2368 3150 2516 3207 velle
2547 3166 2669 3207 non
2701 3150 2995 3205 debemus
3024 3153 3081 3203 et
3109 3163 3365 3213 currere,
3400 3145 3505 3202 sed
3553 3145 3700 3219 quia
3730 3146 3854 3214 ipse

2194 3242 2257 3297 in
2283 3241 2471 3307 nobis,
2500 3245 2555 3297 et
2585 3240 2739 3295 velle
2766 3244 3055 3308 operatur
3082 3243 3137 3293 et
3165 3251 3411 3293 currere
3437 3235 3626 3306 (Phil.
3655 3250 3717 3303 ii,
3748 3234 3847 3304 t3).

2193 3332 2235 3399 ει-
2267 3328 2641 3401 Astipulante
2670 3332 2881 3382 sancto
2913 3326 3138 3382 Isidoro
3171 3324 3296 3397 qui,
3330 3324 3404 3380 de
3436 3323 3635 3380 Gratia
3668 3321 3767 3377 Dei
3798 3327 3851 3377 et

2196 3418 2405 3474 Libero
2436 3416 2693 3473 Arbitrio
2724 3416 3042 3488 disputans
3090 3415 3201 3485 (De
3247 3413 3603 3483 differentiis
3658 3410 3759 3467 lib.
3791 3426 3845 3479 ιι,

2195 3522 2329 3578 cap.
2359 3508 2472 3578 32),
2513 3507 2672 3563 hanc
2702 3503 3104 3561 differentiam
3133 3502 3457 3575 expedivit.

2265 3639 2443 3711 [Inter
2500 3637 2703 3707 gratias
2774 3635 2992 3692 divinm
3068 3634 3428 3691 inlusionem
3490 3638 3547 3688 et
3601 3631 3844 3688 humani

2194 3729 2424 3786 arbitrii
2478 3727 2851 3783 voluntatem
2905 3726 3021 3782 hoc
3077 3724 3365 3780 interest:
3398 3722 3709 3779 arbitrium
3760 3728 3842 3777 est

2194 3818 2472 3875 voluntas
2511 3817 2713 3872 liberae
2757 3814 3089 3889 potestatis,
3121 3830 3259 3886 quas
3290 3829 3398 3885 per
3428 3828 3490 3867 se
3521 3815 3730 3883 sponte
3758 3810 3842 3866 vel

2194 3905 2362 3962 bona
2416 3904 2508 3960 vel
2562 3902 2727 3959 mala
2780 3907 3059 3976 appetere
3111 3906 3325 3975 potest.
3400 3899 3596 3957 Gratia
3648 3903 3837 3954 autem

2195 4000 2283 4051 est
2333 3992 2551 4050 divina:
2603 3991 3023 4048 misericordiae
3074 3990 3398 4061 gratuitum
3445 3988 3692 4053 donum,
3741 4002 3839 4060 per

2192 4084 2359 4158 quod
2392 4087 2449 4139 et
2478 4082 2654 4138 bona;
2681 4081 3004 4137 voluntatis
3034 4080 3267 4135 initium
3317 4085 3375 4135 et
3420 4077 3616 4150 operis
3656 4091 3834 4132 mere-

2194 4189 2332 4231 mur
2360 4171 2658 4228 effectum.
2695 4170 2905 4227 Divina
2931 4170 3157 4242 quippe
3189 4168 3378 4239 gratia
3408 4172 3519 4231 est,
3548 4182 3667 4239 qua
3692 4180 3832 4238 pras-

2192 4263 2428 4319 venitur
2470 4262 2655 4317 homo
2705 4265 2771 4316 ut
2816 4260 3016 4316 bonus
3060 4259 3152 4326 sit,
3190 4273 3300 4313 ncc
3330 4258 3664 4313 humanum
3692 4253 3833 4310 arbi-

2192 4351 2374 4406 trium
2405 4349 2505 4405 Dei
2536 4348 2791 4419 gratiam
2822 4346 3155 4413 antecedit;
3189 4345 3296 4401 sed
3324 4346 3457 4418 ipsa
3504 4342 3685 4413 gratia
3741 4340 3830 4396 Dei

2194 4438 2499 4495 nolentem
2530 4436 2839 4492 hominem
2870 4434 3178 4507 praevenit,
3210 4439 3275 4488 ut
3303 4432 3481 4488 etiam
3512 4431 3660 4486 bene
3685 4428 3828 4484 velit.

2197 4530 2346 4584 Nam
2375 4524 2643 4599 pondere
2688 4524 2886 4580 carnis
2932 4522 3118 4578 homo
3169 4521 3253 4577 sic
3283 4521 3480 4590 agitur
3522 4522 3585 4575 ut
3610 4517 3683 4575 ad
3708 4533 3832 4590 pec-

2196 4616 2461 4672 candum
2511 4614 2559 4670 si
2610 4612 2857 4683 fragilis,
2891 4611 3129 4683 tepidus
3176 4610 3255 4666 ad
3302 4610 3434 4682 [al.,
3466 4608 3544 4663 ad
3572 4607 3829 4681 praevari-

2196 4703 2463 4759 candum
2498 4702 2573 4757 sit
2599 4700 2810 4769 facilis,
2844 4699 3050 4756 tardus
3095 4699 3195 4768 ad,
3244 4698 3381 4769 etc.]
3411 4694 3825 4770 paenitendum.

2195 4791 2382 4847 Habet
2412 4790 2486 4846 de
2518 4806 2583 4846 se
2612 4789 2776 4845 unde
2806 4792 3065 4851 corruat,
3086 4790 3142 4843 et
3169 4803 3294 4843 non
3322 4786 3507 4843 habet
3531 4783 3681 4840 unde
3699 4796 3827 4839 con—

2196 4884 2421 4950 surgat,
2452 4878 2567 4933 nisi
2598 4877 2788 4947 gratia
2815 4876 3173 4947 Conditoris,
3196 4881 3259 4931 ut
3287 4876 3566 4945 erigatur,
3597 4888 3825 4929 manum

2189 4967 2530 5042 jacentibus
2552 4966 2775 5022 tendat.
2799 4965 3063 5037 Denique
3082 4964 3315 5020 homini
3339 4980 3448 5036 per
3474 4962 3571 5019 Dei
3595 4962 3823 5031 gratiam

2191 5057 2449 5113 liberum
2497 5058 2865 5112 restauratur
2907 5053 3241 5122 arbitrium,
3273 5052 3441 5125 quod
3487 5051 3705 5124 primus
3731 5050 3824 5105 ho-

2194 5162 2297 5202 mo
2340 5143 2704 5217 perdiderat.
2761 5146 2910 5199 Nam
2954 5140 3049 5196 ille
3100 5140 3312 5197 habuit
3344 5138 3656 5196 inchoandi
3693 5136 3821 5193 boni

2191 5234 2448 5290 liberum
2480 5231 2816 5297 arbitrium,
2836 5229 3003 5303 quod
3033 5235 3235 5284 tamen
3267 5227 3367 5284 Dei
3400 5225 3683 5298 adjutorio
3709 5241 3824 5298 per-

2192 5320 2487 5378 ﬁceretur.
2522 5322 2638 5375 Nos
2667 5334 2809 5374 vero
2839 5321 2897 5373 et
2941 5316 3386 5372 inchoationem
3414 5314 3580 5370 liberi
3622 5312 3821 5369 arbitrii

2197 5413 2254 5464 et
2294 5406 2723 5480 perfectionem
2770 5404 2845 5460 de
2886 5403 2987 5459 Dei
3031 5402 3328 5458 sumimus
3376 5400 3582 5472 gratia.
3613 5399 3745 5466 Quia
3772 5404 3819 5454 et

2196 5494 2456 5567 incipere
2507 5499 2565 5549 et
2606 5492 2892 5566 perﬁcere
2921 5490 3154 5547 bonum
3183 5490 3259 5546 de
3305 5491 3439 5561 ipso
3466 5488 3757 5553 habemus,
3788 5503 3820 5544 a

2196 5599 2321 5655 quo
2349 5587 2405 5637 et
2434 5582 2637 5652 gratim
2654 5582 2882 5637 donum
2914 5580 3144 5637 datum.
3170 5584 3227 5634 et
3254 5578 3510 5633 liberum
3542 5576 3815 5632 arbitrium

2200 5672 2260 5727 in
2289 5670 2466 5725 nobis
2487 5675 2576 5725 est
2597 5673 3015 5724 restauratum.
3042 5666 3134 5720 l‘iei
3156 5671 3244 5721 est
3263 5680 3407 5735 ergo
3434 5664 3649 5719 donum
3673 5663 3815 5735 quod

2201 5759 2439 5829 agimus
2480 5761 2725 5831 prOpter
2769 5756 3025 5828 gratiam
3073 5754 3537 5827 praevenientem
3564 5757 3617 5808 et
3641 5753 3816 5811 subse-
