3974 6370
73 273 218 327 105⁸7

1037 274 1129 328 DE
1168 271 1834 329 PREDESTINATIONE
1869 269 2155 328 CONTRA
2191 274 2243 330 J.
2289 274 2593 332 SCOTUM.

3400 280 3542 339 1058

65 397 407 468 quentem.
450 397 729 451 Nostrum
752 410 895 451 vero
925 399 1013 451 est
1040 400 1283 469 propter
1325 396 1762 470 obsequentem
1796 401 1843 453 Α
1874 396 2106 453 homini
2134 400 2480 469 negotiatio,
2514 400 2633 457 alio
2663 404 2931 473 tempore
2962 400 3171 458 militia
3225 402 3441 476 placet.
3475 408 3543 463 Et

65 482 255 538 liberi
280 481 522 539 arbitrii
551 482 948 539 voluntatem.
973 486 1122 539 Nam
1155 484 1204 539 si
1232 484 1333 539 Dei
1363 480 1485 541 non
1519 490 1628 552 est,
1662 500 1769 540 cur

68 572 123 628 ei
146 572 399 642 gratias
425 571 665 642 agimus
682 572 711 628 ?
733 573 801 628 Et
831 573 882 627 si
910 577 1184 628 nostrum
1205 588 1329 628 non
1351 578 1458 640 est,
1483 590 1589 629 cur
1608 573 1769 629 retri-

70 659 319 716 tionem
351 659 661 716 bonorum
717 675 973 733 operum
1015 664 1434 733 exspectamus
1453 662 1481 716 ‘2
1511 659 1769 717 Proinde

69 764 223 819 ergo
255 748 327 804 in
363 764 438 805 eo
491 747 659 821 quod
703 749 892 818 gratia
942 748 1359 821 praevenimur,
1394 749 1494 804 Dei
1542 754 1662 817 est;
1705 749 1769 805 in

72 854 147 894 eo
175 853 336 894 vero
369 837 540 911 quod
568 836 725 893 bene
772 836 1083 910 operando
1130 834 1282 911 [al..,
1319 837 1397 893 ab
1439 837 1592 893 bene
1623 854 1767 911 ope-

70 928 387 999 randum]
437 926 908 1000 praevenientem
964 926 1189 996 gatiam
1244 928 1573 1000 sequimur,
1632 943 1770 983 nos-

76 1022 243 1074 trum
276 1021 397 1072 est.
432 1018 619 1072 Nemo
650 1021 852 1071 autem
888 1019 1071 1071 Deum
1106 1016 1329 1071 meritis
1362 1016 1677 1082 antecedit,
1706 1020 1770 1072 ut

74 1110 286 1163 tenere
350 1122 499 1163 eum
555 1105 732 1178 quasi
793 1105 1127 1161 debitorem
1190 1106 1398 1178 possit.
1443 1105 1557 1161 Sed
1615 1106 1768 1162 miro

74 1195 268 1251 modo
323 1210 547 1268 mquus
604 1193 891 1249 omnibus
942 1193 1245 1263 Conditor,
1276 1194 1425 1249 alios
1463 1193 1769 1266 praedesti-

73 1283 291 1341 nando
319 1282 656 1357 praeelegit,
680 1281 832 1339 alios
861 1298 1003 1339 vero
1034 1282 1092 1338 in
1126 1283 1249 1338 suis
1267 1283 1471 1356 pravis
1493 1283 1765 1339 moribus

69 1369 237 1440 justo
262 1370 511 1443 judicio
551 1370 928 1444 derelinquit.
965 1372 1130 1427 Unde
1162 1372 1294 1443 [al.,
1342 1371 1501 1442 inde]
1533 1371 1769 1426 verissi-

74 1476 250 1515 mum
307 1460 525 1531 gratiae
555 1477 779 1517 munus
809 1478 933 1517 non
980 1478 1053 1517 ex
1106 1461 1378 1517 humana
1407 1461 1641 1527 virtute,
1670 1460 1765 1516 vel

74 1548 296 1605 merito
326 1549 564 1605 arbitrii
592 1550 902 1622 consequi,
927 1549 1033 1605 sed
1064 1549 1251 1606 solius
1283 1549 1501 1605 divinae
1526 1549 1764 1621 pietatis

72 1636 356 1695 bonitate
386 1638 618 1709 largiri.
652 1640 908 1705 Quidam
942 1639 1099 1694 enim
1130 1638 1312 1709 gratis
1337 1638 1760 1694 misericordiae

1875 486 2066 543 multa
2093 487 2328 545 similia.

1948 575 2121 639 Quod
2142 575 2383 632 subdis:
2416 579 2553 634 Non
2575 579 2730 635 enim
2760 579 2824 635 in
2849 579 3087 637 homine
3123 583 3350 638 creavit
3382 585 3543 641 Deus

1878 664 2244 722 voluntatem
2272 668 2593 737 captivam,
2651 668 2754 725 sed
2805 667 3096 725 liberam:
3133 686 3266 742 quae
3293 672 3540 732 libertas

1867 759 2007 823 post
2042 763 2357 825 peccatum
2390 759 2700 830 remansit,
2748 762 2807 814 et
2846 758 2961 815 hoc
3003 758 3225 817 falsum
3251 767 3359 819 est.
3392 762 3544 826 Quia

1876 846 2033 900 Deus
2062 847 2333 903 animam
2384 847 2637 904 liberam
2686 848 2905 904 creavit
2947 848 3122 922 eique
3168 851 3540 911 voluntatem

1874 932 2091 990 indidit
2143 935 2417 1002 liberam,
2476 953 2600 993 non
2683 938 3027 1010 captivam:
3077 955 3266 1012 quam
3314 946 3540 1011 tamen,

1875 1022 1936 1078 in
1963 1023 2223 1079 deterius
2244 1024 2641 1093 detlectendo,
2671 1026 2803 1099 ipsa
2826 1028 3033 1084 anima
3074 1027 3211 1085 fecit
3241 1046 3370 1087 esse
3400 1048 3541 1105 cap-

1873 1112 2062 1168 tivam
2088 1131 2101 1181 ;
2132 1113 2278 1187 quia
2305 1114 2581 1171 videlicet
2609 1132 2749 1171 cum
2779 1116 3080 1187 adjutorio
3110 1118 3314 1188 gratias
3335 1126 3542 1194 posset

1874 1216 2010 1257 eam
2037 1206 2234 1258 tenere
2254 1202 2528 1271 liberam,
2554 1204 2602 1259 si
2633 1210 2933 1277 praecepto
2961 1206 3293 1263 Conditoris
3320 1209 3540 1267 libera-

1872 1291 2004 1349 liter
2031 1291 2277 1348 obedire
2324 1292 2518 1361 vellet,
2569 1294 2787 1350 maIuit
2842 1295 3178 1351 damnabili
3228 1299 3540 1356 aversione

1873 1396 1982 1455 per
2036 1380 2508 1439 inobedientiam
2569 1382 2922 1439 venundare
2985 1383 3251 1453 diabolo,
3315 1401 3352 1443 a
3416 1402 3540 1459 quo

1872 1468 2158 1541 deinceps
2209 1470 2448 1542 captiva
2485 1474 2803 1539 teneretur,
2854 1486 2924 1528 ac
2963 1488 3072 1545 per
3126 1473 3242 1529 hoc
3297 1473 3432 1547 ipsa
3478 1492 3542 1533 se

1872 1559 2175 1630 captivam
2224 1559 2381 1622 fecit,
2414 1576 2552 1633 quae
2603 1560 2895 1629 vendidit,
2945 1576 3073 1618 non
3100 1562 3405 1630 Conditor,
3436 1565 3543 1637 qui

1869 1646 2124 1704 liberam
2151 1648 2373 1704 creavit
2403 1665 2417 1704 :
2462 1649 2722 1722 perdidit
2751 1665 2895 1721 ergo
2945 1665 3073 1706 non
3115 1651 3538 1722 substantiam,

75 1726 206 1797 ejus
259 1727 406 1800 [al.,
457 1728 879 1799 gratissimae...
940 1728 1092 1799 ejus,
1153 1726 1287 1802 etc,]
1340 1727 1763 1802 prwvenienﬁs
1794 1753 1839 1807 Β
1872 1736 1978 1792 sed
2006 1736 2343 1793 libertatem
2374 1740 2616 1807 creavit,
2644 1755 2754 1795 nec
2784 1739 2983 1812 ipsam
3029 1756 3103 1796 ex
3150 1745 3296 1814 toto,
3332 1742 3439 1799 sed
3468 1758 3543 1799 ex

72 1814 241 1873 dono
272 1818 619 1883 salvantur,
642 1816 835 1874 effecti
854 1833 1001 1873 vasa
1025 1816 1453 1873 misericordiae
1472 1835 1486 1885 ;
1508 1816 1762 1889 quidam

72 1920 217 1961 vero
280 1906 541 1980 reprobi
605 1906 816 1978 habiti,
877 1907 957 1963 ad
1021 1922 1269 1979 poenam
1334 1906 1762 1979 praedestinati,

74 1994 479 2066 damnantur,
502 1996 693 2053 effecti
710 2012 855 2053 vasa
878 1996 1003 2053 Πω.
1030 1996 1203 2061 Quod
1223 1995 1500 2068 exemplo
1516 1996 1592 2051 de
1611 1998 1765 2052 Esau

75 2090 131 2142 et
157 2086 359 2143 Jacob
394 2085 659 2142 necdum
690 2086 846 2143 natis
876 2085 1193 2157 colligitur,
1232 2084 1338 2158 qui
1384 2085 1533 2141 dum
1564 2089 1768 2141 essent

76 2191 198 2232 una
238 2175 648 2248 conceptione
696 2174 793 2232 vel
846 2179 1028 2248 partu
1084 2174 1246 2243 editi,
1299 2174 1552 2248 parique
1604 2190 1765 2231 nexu

74 2266 311 2337 peccati
342 2264 659 2335 originalis
688 2264 931 2330 astricti,
960 2264 1215 2321 alterum
1250 2268 1453 2321 tamen
1485 2265 1612 2336 [al.,
1640 2270 1764 2321 tan-

77 2352 225 2428 tum]
254 2368 481 2410 eorum
510 2352 591 2409 ad
621 2369 688 2410 se
714 2353 1145 2411 misericordiae
1167 2354 1386 2410 divinae
1408 2354 1762 2426 preveniens

74 2441 321 2500 bonitas
355 2442 621 2513 gratuito
646 2443 841 2513 traxit,
871 2442 1247 2516 alterumque
1270 2442 1401 2514 [al.,
1425 2442 1762 2500 misericor-

77 2532 175 2589 dia
202 2531 596 2606 praaveniens
626 2532 818 2596 traxit,
853 2533 1107 2589 alterum
1132 2532 1493 2605 quadam...]
1521 2532 1761 2603 justitiae

76 2622 398 2678 severitate
431 2620 573 2677 odio
596 2620 877 2678 habitum
909 2621 972 2677 in
1017 2637 1227 2677 massa
1256 2620 1609 2693 perditionis
1633 2621 1765 2677 reli-

80 2716 242 2767 ctum
276 2711 627 2769 damnavit.
651 2710 811 2768 Sicut
830 2716 887 2769 et
912 2728 1020 2785 per
1040 2712 1399 2786 prophetam
1422 2712 1585 2768 idem
1610 2715 1763 2768 Deus

76 2798 349 2874 loquitur
406 2801 653 2859 dicens:
702 2804 891 2860 Jacob
935 2803 1146 2873 dilexi,
1180 2803 1343 2859 Esau
1385 2808 1587 2859 autem
1626 2803 1761 2859 odio

83 2889 269 2947 habui
296 2891 497 2964 (Rom.
548 2908 623 2961 ix,
675 2893 780 2962 13).
818 2891 983 2948 Unde
1031 2907 1410 2964 consequens
1453 2896 1543 2948 est
1581 2891 1762 2948 nullis

79 2968 597 3053 praevenientibus
639 2981 863 3038 meritis
895 2982 1150 3038 conferri
1181 2982 1459 3053 gratiam,
1499 2981 1605 3037 sed
1636 2981 1763 3037 sola

82 3073 405 3129 vocatione
442 3070 686 3127 divina:
720 3086 918 3143 neque
955 3088 1334 3144 quemquam
1381 3071 1617 3139 salvari,
1641 3071 1763 3126 sive

82 3159 387 3227 damnari,
438 3159 574 3229 eligi
631 3158 725 3216 vel
779 3159 1111 3233 reprobari,
1170 3160 1287 3215 nisi
1333 3177 1406 3216 ex
1454 3160 1763 3233 proposito

83 3248 586 3321 praedestinantis
604 3249 726 3319 Dei,
741 3249 844 3321 qui
860 3249 1060 3320 justus
1087 3253 1175 3305 est
1195 3249 1257 3305 in
1277 3248 1630 3322 reprobatis,
1659 3248 1766 3304 mi-

87 3341 336 3396 sericors
368 3338 438 3394 in
470 3337 691 3395 electis.
733 3338 1038 3395 Universae
1059 3338 1216 3394 enim
1248 3340 1356 3395 viae
1387 3340 1630 3395 Domini
1662 3341 1766 3394 mi-

88 3429 420 3485 sericordia
452 3433 506 3484 et
538 3430 759 3485 veritas
785 3428 974 3499 (Psal.
1010 3444 1161 3500 νων,
1188 3428 1293 3499 10).

157 3516 463 3590 Quodque
501 3515 704 3584 infers,
738 3532 888 3588 quae,
920 3518 984 3572 id
1029 3522 1112 3573 est
1165 3518 1443 3573 voluntas
1485 3515 1763 3587 hominis,

94 3605 213 3661 sine
240 3607 429 3663 dubio
466 3607 885 3663 substantialis
926 3611 1030 3673 est,
1072 3610 1130 3661 et
1157 3606 1295 3671 hoc,
1327 3606 1665 3661 secundum
1692 3622 1765 3661 ea

96 3708 224 3764 quae
244 3694 567 3763 praemissa
597 3699 739 3750 sunt
764 3693 991 3750 falsum
1019 3697 1129 3763 est,
1158 3694 1449 3766 quoniam
1492 3693 1764 3749 volunta-

97 3783 211 3836 tem
262 3783 675 3839 substantiam
722 3798 990 3838 asserere
1052 3782 1295 3850 niteris;
1357 3782 1505 3838 alias
1558 3787 1762 3838 autem

101 3870 503 3928 substantialis
532 3878 589 3927 et
640 3872 931 3928 naturalis
981 3876 1136 3928 recte
1191 3871 1471 3927 voluntas
1524 3872 1759 3927 dicitur.

100 3956 233 4021 Quae
266 3960 746 4018 substantialiter
776 3966 833 4017 et
858 3960 1208 4017 naturaliter
1232 3960 1431 4016 eidem
1486 3960 1763 4017 substan-

102 4046 186 4101 tiae
215 4055 396 4122 atque
418 4055 653 4107 natura:
684 4050 894 4117 indita,
924 4049 1135 4123 primae
1168 4049 1531 4106 conditionis
1556 4065 1767 4107 mune-

99 4149 155 4190 re
178 4152 299 4195 non
326 4139 667 4210 ignoratur.
695 4139 1103 4196 Substantiam
1145 4144 1348 4195 autem
1380 4154 1538 4205 eam,
1571 4138 1632 4194 id
1676 4142 1765 4194 est

102 4223 483 4297 voluntatem,
508 4244 641 4283 esse
670 4227 1014 4284 nullatenus
1043 4227 1321 4283 dicimus.
1347 4228 1501 4293 Quia
1520 4227 1569 4281 si
1594 4226 1764 4283 subs-

104 4312 279 4371 tantia
316 4322 510 4388 esset,
543 4316 706 4373 mala
734 4332 859 4372 non
902 4321 1081 4387 esset,
1111 4316 1279 4389 quod
1310 4315 1584 4371 voluntas
1634 4315 1763 4387 plu-

106 4400 314 4462 rimum
344 4411 469 4463 tam
524 4406 587 4462 in
633 4406 981 4478 apostaticis
1033 4404 1262 4474 angelis
1305 4420 1493 4478 quam
1539 4405 1601 4460 in
1631 4420 1763 4477 per-

106 4493 279 4549 versis
296 4494 651 4553 hominibus
677 4512 808 4552 esse
825 4511 951 4552 non
980 4494 1290 4552 dubitatur
1315 4511 1328 4550 :
1362 4494 1560 4550 omnis
1601 4495 1762 4551 enim

111 4587 365 4643 creatura
414 4586 522 4641 Dei
578 4585 766 4652 bona,
815 4601 941 4641 non
997 4590 1200 4641 autem
1239 4584 1438 4639 omnis
1486 4583 1765 4640 voluntas

110 4666 355 4729 hominis
410 4675 597 4733 bona.
652 4678 738 4731 Ex
789 4674 1040 4730 diversis
1088 4673 1249 4729 enim
1298 4672 1437 4729 visis
1491 4674 1765 4729 diversus

115 4762 392 4829 appetitus
421 4764 768 4821 animarum
814 4770 939 4832 est;
985 4779 1059 4819 ex
1101 4763 1337 4819 diverso
1367 4764 1637 4836 appetitu
1670 4763 1761 4818 di-

116 4848 256 4907 .Versi
278 4857 416 4909 sunt
446 4852 823 4926 adipiscendi
862 4869 1213 4921 successus;
1239 4869 1312 4908 ex
1358 4853 1596 4909 diverso
1626 4868 1761 4908 suc-

119 4944 272 4992 cessu
323 4940 565 4998 diversa
621 4941 1044 5009 consuetudo;
1097 4956 1171 4997 ex
1224 4940 1467 4997 diversa
1514 4955 1762 4997 consue-

119 5019 302 5081 mdine
342 5028 585 5087 diversa
609 5035 702 5086 est
749 5028 1328 5087 voluntasz'diversa
1383 5033 1587 5086 autem
1628 5028 1765 5086 visa

120 5111 252 5168 ordo
277 5130 473 5176 rerum
501 5119 661 5191 facit,
692 5119 965 5177 occultus
997 5118 1269 5191 quidem,
1285 5117 1391 5173 sed
1422 5117 1536 5174 sub
1556 5118 1766 5175 divina

120 5202 472 5267 providentia
503 5213 700 5267 certus
729 5215 951 5267 tamen.
986 5213 1115 5266 Non
1136 5207 1340 5281 itaque
1386 5208 1467 5265 ob
1515 5208 1632 5264 hoc
1658 5224 1767 5281 pu-

119 5287 351 5352 iandnm
379 5303 466 5357 est
489 5299 759 5358 diversas
787 5316 917 5356 esse
943 5303 1191 5357 naturas
1223 5298 1590 5367 animorum,
1620 5298 1765 5370 quia

122 5371 349 5442 diversas,
376 5394 514 5447 sunt
541 5389 902 5457 voluntates,
925 5389 1075 5463 quin
1105 5387 1286 5445 etiam
1333 5387 1515 5444 unius
1545 5386 1766 5444 animae

36 5512 39 5515 -
124 5464 378 5559 νριιιῃῐαε
448 5494 560 5551 pro
640 5483 986 5553 temporum
1059 5478 1411 5535 diversitate
1462 5476 1766 5534 variatur:

131 5557 400 5626 siquidem
424 5568 543 5625 alia
572 5572 843 5642 tempore
869 5569 1039 5625 dives
1067 5582 1199 5623 esse
1241 5567 1423 5641 cupit,
1472 5565 1592 5623 alio
1624 5570 1768 5622 tem-

130 5653 263 5733 Pore
287 5659 633 5733 contemptis
657 5658 881 5715 divitiis
927 5658 1170 5731 sapiens
1201 5672 1332 5714 esse
1357 5655 1680 5728 desiderat,
1707 5661 1765 5712 et

133 5731 187 5783 in
232 5731 355 5807 ipso
387 5731 811 5822 temporalium
866 5746 1137 5821 appetitu
1184 5745 1303 5805 alio
1355 5749 1626 5819 tempore
1653 5746 1760 5802 uni

1874 1823 2098 1897 aliquo,
2169 1824 2463 1894 videlicet,
2522 1831 2590 1883 ut
2649 1826 2885 1883 bonum
2940 1827 3091 1884 velle
3149 1845 3274 1886 non
3330 1834 3543 1903 posset

1873 1913 2108 1987 absque
2136 1914 2349 1984 gratia,
2377 1920 2435 1971 et
2475 1914 2707 1971 malum
2736 1920 2943 1989 posset
2971 1933 3046 1972 ex
3071 1922 3311 1989 natura,
3351 1935 3539 1991 quam

1871 2018 1996 2059 non
2016 2002 2298 2076 perdidit,
2331 2004 2437 2059 sed
2467 2005 2526 2059 in
2557 2004 2816 2060 deterius
2843 2006 3252 2062 commutavit.
3280 2007 3539 2065 Proinde

1873 2098 2012 2165 post
2044 2097 2362 2166 peccatum
2392 2092 2683 2149 remansit
2708 2093 2761 2149 ei
2790 2093 3036 2151 libertas
3081 2095 3314 2151 malum
3343 2101 3402 2153 et
3430 2112 3538 2153 vo-

1870 2181 2034 2237 lendi
2050 2186 2107 2238 et
2130 2181 2391 2237 faciendi
2412 2201 2426 2251 ;
2451 2198 2561 2238 nec
2592 2187 2794 2239 tamen
2842 2185 3131 2241 remansit
3157 2184 3403 2241 libertas
3432 2202 3541 2259 per

1873 2285 1935 2325 se
1956 2286 1993 2326 a
2021 2269 2185 2326 malo
2222 2270 2563 2338 recedendi,
2591 2275 2773 2343 atque
2802 2271 2882 2328 ad
2919 2271 3152 2329 bonum
3179 2289 3241 2329 se
3298 2290 3540 2331 conver-

1872 2360 2068 2427 tendi;
2101 2375 2238 2433 quae
2268 2359 2430 2416 enim
2458 2359 2673 2416 habuit
2700 2376 2773 2416 ex
2804 2376 2867 2417 se
2912 2365 2976 2417 ut
3017 2362 3277 2431 caderet,
3304 2379 3537 2437 nequa-

1870 2464 2057 2521 quam
2088 2463 2162 2504 ex
2192 2464 2253 2504 se
2279 2448 2495 2505 habuit
2522 2454 2587 2505 ut
2633 2454 3003 2521 resurgeret:
3064 2451 3225 2508 unde
3277 2457 3539 2509 arctatus

1872 2536 2047 2592 dictis
2096 2536 2556 2597 evidentissiniis
2601 2537 2938 2595 beatissimi
2985 2540 3175 2595 Patris
3219 2525 3541 2611 Augustini

1869 2642 2053 2699 quem
2097 2626 2321 2682 dixisse
2359 2626 2591 2697 legeras
2633 2628 2801 2700 quod
2820 2628 3006 2685 homo
3035 2630 3237 2702 ipsum
3284 2630 3447 2686 idem
3465 2629 3532 2685 li-

1867 2714 2083 2771 berum
2115 2714 2427 2771 arbitrium
2455 2715 2828 2787 perdidisset,
2856 2732 2933 2773 ne
2959 2717 3108 2774 forte
3138 2717 3537 2776 veracissimis

1868 2802 2027 2860 illius
2056 2804 2229 2859 dictis
2251 2805 2547 2861 contraire
2596 2806 2895 2875 videreris,
2946 2822 3069 2879 quo
3099 2806 3302 2863 nullus
3333 2812 3539 2864 catho-

1868 2892 2125 2950 licorum
2158 2899 2323 2949 tuam
2348 2893 2717 2951 dementiam
2757 2901 3129 2968 sequeretur,
3157 2898 3337 2954 vertis
3369 2912 3539 2954 more

1871 2981 2163 3054 serpentis
2200 2982 2320 3037 huc
2371 2981 2632 3054 illucque
2674 2989 2876 3055 caput,
2909 2989 2968 3040 et
3007 2985 3229 3057 quaeris
3267 3001 3540 3058 quonam

1870 3069 2024 3124 ictus
2053 3069 2311 3123 ferientis
2337 3068 2584 3136 evadas,
2605 3069 2972 3142 tandemque
2992 3071 3226 3127 invenis
3243 3073 3539 3142 perdidis-

1871 3173 1931 3214 se
1960 3158 2255 3214 hominem
2288 3158 2549 3229 vigorem
2581 3164 2637 3214 et
2650 3165 3005 3229 potestatem
3032 3160 3237 3217 liberte
3262 3163 3539 3218 volunta-

1872 3248 1967 3303 tis.
2022 3250 2086 3301 1n
2147 3262 2271 3319 quo
2327 3261 2450 3302 non
2506 3246 2763 3303 multum
2795 3264 2833 3304 a
2884 3248 3060 3304 nobis
3108 3248 3454 3322 discrepas:
3491 3249 3540 3305 si

1871 3335 2033 3391 enim
2077 3336 2347 3406 vigorem
2405 3339 2463 3390 et
2514 3340 2875 3408 potestatem
2925 3335 3215 3394 libertatis
3258 3337 3539 3411 perdidit,

1871 3440 2122 3497 prorsus
2148 3440 2261 3480 nec
2308 3424 2554 3481 libertas
2582 3425 2890 3482 remansit.
2925 3427 3243 3493 Quomodo
3291 3428 3451 3484 enim
3477 3427 3543 3484 li-

1869 3513 2075 3570 bertas
2122 3518 2213 3569 est
2252 3513 2301 3569 si
2352 3514 2623 3583 vigorem
2669 3519 2727 3571 et
2754 3520 3111 3588 potestatem
3156 3532 3283 3573 non
3332 3517 3538 3588 habet,

1870 3603 2183 3675 quomodo
2203 3602 2394 3659 libera
2421 3608 2511 3659 est
2533 3620 2671 3677 quae
2701 3605 2907 3675 vigore
2955 3609 3012 3661 et
3033 3609 3329 3679 potestate
3356 3609 3538 3664 caret.

1874 3692 1933 3748 Si
1959 3691 2138 3761 igitur
2179 3692 2440 3765 perdidit
2488 3692 2761 3762 vigorem
2817 3699 2875 3749 et
2916 3698 3294 3767 potestatem,
3325 3694 3541 3767 procul

1871 3780 2058 3838 dubio
2077 3781 2336 3854 perdidit
2364 3787 2421 3837 et
2447 3781 2779 3838 libertatem
2806 3800 2819 3837 :
2854 3782 3018 3839 nulla
3050 3787 3136 3839 est
3172 3784 3333 3839 enim
3361 3783 3542 3839 liber-

1872 3875 1962 3927 tas
2009 3872 2053 3926 si
2088 3876 2289 3927 careat
2338 3871 2541 3941 vigore
2573 3876 2630 3927 et
2676 3876 2986 3944 potestate.
3032 3873 3172 3938 Quis
3200 3874 3360 3928 enim
3390 3872 3541 3928 liber

1871 3960 1967 4016 cui
1988 3959 2207 4016 desunt
2234 3960 2404 4031 vigor
2440 3964 2620 4032 atque
2645 3962 2960 4033 potestas?
2992 3962 3075 4016 Ac
3104 3977 3213 4033 per
3249 3961 3366 4018 hoc
3391 3962 3541 4017 dum

1869 4049 2055 4117 ligata
2083 4048 2313 4104 solvere
2334 4049 2555 4115 niteris,
2580 4048 2780 4121 potius
2809 4048 3023 4118 illigas,
3057 4055 3113 4105 et
3134 4049 3284 4105 dum
3312 4049 3541 4106 solven-

1871 4137 1965 4192 dis
2010 4137 2217 4193 dolose
2273 4136 2545 4204 insudas,
2595 4136 2780 4193 libata
2817 4137 3107 4194 nodosius
3154 4138 3439 4195 innectiss
3476 4140 3544 4195 Et

1871 4227 1988 4282 hoc
2018 4231 2105 4282 est
2153 4232 2342 4283 totum
2372 4227 2539 4299 quod
2568 4226 2826 4283 dicimus
2850 4226 3186 4300 perdidisse
3227 4228 3538 4285 hominem

1872 4316 2186 4389 peccando
2217 4315 2572 4385 libertatem,
2605 4317 2875 4386 vigorem
2919 4322 2974 4374 et
3002 4323 3361 4391 potestatem
3386 4317 3542 4373 arbi-

1874 4406 1989 4472 trii,
2029 4405 2322 4479 quoniam
2360 4405 2463 4478 qui
2494 4421 2566 4461 ex
2595 4422 2658 4462 se
2686 4422 2859 4463 ruere
2900 4407 3113 4480 potuit,
3146 4422 3542 4481 nequaquam

1872 4511 1981 4568 per
2006 4510 2068 4551 se
2092 4511 2335 4565 surgere
2365 4495 2570 4552 valuit.

1946 4588 2014 4640 Et
2053 4585 2219 4658 quod
2252 4585 2360 4654 ais,
2387 4600 2509 4657 qua
2538 4586 2667 4641 sola
2719 4584 2800 4656 (id
2830 4588 2917 4640 est
2969 4586 3288 4656 potestate)
3346 4585 3540 4654 potuit

1875 4675 2174 4732 custodire
2216 4680 2582 4743 praeceptum
2631 4675 2686 4729 si
2730 4674 2929 4744 vellet,
2965 4672 3224 4728 multum
3256 4689 3293 4729 a
3322 4672 3541 4745 pietate

1875 4764 2108 4820 devias.
2133 4762 2515 4829 Quantalibet
2538 4762 2699 4818 enim
2738 4761 3087 4817 excellentia
3118 4761 3290 4817 liberi
3312 4760 3541 4817 arbitrii
3572 4784 3579 4789 ί

1876 4859 2149 4910 creatura
2179 4850 2487 4908 rationalis
2519 4867 2767 4908 munere
2818 4850 3152 4908 Conditoris
3196 4850 3537 4921 eminuerit,

1876 4958 2115 5015 semper
2143 4947 2347 4999 tamen
2398 4942 2588 5013 gratia
2640 4940 2735 4998 vel
2764 4940 3065 5011 fulciente,
3099 4939 3539 5014 vel,solidante,

1874 5031 1972 5089 vel
1989 5035 2401 5105 recuperante,
2427 5046 2583 5103 opus
2602 5029 2833 5099 habuit,
2855 5029 3022 5104 quod
3044 5034 3132 5087 est
3149 5031 3540 5105 perspicuum

1876 5121 1937 5177 in
1966 5119 2513 5190 transgressoribus
2543 5117 2793 5191 angelis,
2826 5119 2930 5193 qui
2953 5120 3001 5175 si
3022 5136 3158 5177 eam
3196 5119 3541 5178 fulcientem

1874 5208 1967 5267 vel
1990 5209 2352 5266 solidantem
2380 5208 2763 5277 habuissent,
2789 5224 3109 5282 nunquam
3165 5209 3378 5283 procul
3433 5208 3542 5264 du-

1872 5299 1977 5355 bio
2000 5303 2124 5356 tam
2154 5297 2413 5369 graviter
2438 5296 2810 5356 cecidissent.
2853 5299 2997 5365 Quae
3018 5299 3163 5371 quia
3187 5297 3410 5354 sanctis
3440 5312 3543 5353 an-

1876 5388 2024 5461 gelis
2081 5387 2366 5444 divinitus
2415 5386 2695 5461 impensa
2739 5392 2848 5455 est,
2893 5403 2967 5445 ea
3016 5392 3075 5444 et
3125 5386 3541 5444 certitudinem

1876 5476 2275 5551 permanendi
2299 5482 2357 5533 et
2381 5477 2761 5534 securitatem
2790 5491 3109 5549 nunquam
3135 5474 3395 5532 cadendi
3412 5490 3543 5547 per-

1877 5568 2073 5640 cipere
2119 5569 2488 5622 meruerunt.
2539 5566 2682 5630 Quae
2729 5563 2951 5622 idcirco
2999 5562 3272 5637 peccanti
3308 5561 3541 5619 homini

1876 5654 2293 5730 recuperando
2323 5653 2783 5711 misericorditer
2817 5652 3200 5727 impenditur,
3236 5652 3382 5727 quia
3417 5668 3542 5710 non

1877 5748 2006 5803 tam
2036 5759 2147 5803 sua
2167 5742 2665 5819 prtevaricatione
2685 5757 2875 5817 quam
2894 5740 3230 5817 deceptoris
3260 5741 3541 5801 suasione
