3974 6386
405 311 546 372 i089

1493 315 1548 373 S.
1589 305 2376 372 PRUDENTII'TRECENSTS
2417 299 2761 360 EPlSCOPl.

3699 293 3868 350 ιοοσ

401 435 610 494 coruit.
641 438 928 504 Quamvis
977 437 1137 494 enim
1181 437 1456 494 rationali
1487 443 1773 496 creaturae
1813 441 2048 494 tantum
2079 436 2128 489 A
2165 433 2344 498 creat,
2369 443 2494 483 non
2527 431 2590 482 ut
2616 425 2912 492 homines,
2945 419 3110 495 quod
3129 421 3259 491 jam
3291 417 3442 487 fecit,
3471 417 3578 472 sed
3595 421 3659 473 ut
3690 415 3865 472 boni

401 541 646 590 munus,
680 527 740 583 id
773 535 863 584 est
887 527 1220 584 libertatem
1252 527 1496 596 arbitrii,
1539 530 1694 585 Deus
1721 527 2052 598 contulerit,

401 615 568 672 nullo
600 616 782 674 modo
811 619 1014 673 tamen
1059 617 1172 674 sibi
1215 618 1586 691 corequalem
1634 619 1827 674 facere
1847 617 2056 686 voluit,

401 706 549 778 quin
581 719 816 778 semper
845 705 976 778 ejus
997 706 1188 777 gratia
1210 723 1365 780 opus
1398 707 1662 774 haberet,
1688 709 1860 780 cujus
1893 705 2060 761 boni-

401 797 519 849 tate
535 794 651 850 hoc
668 794 869 870 ipsum
897 798 966 852 ut
985 799 1143 852 esset
1175 802 1231 852 et
1262 799 1325 852 ut
1353 796 1703 854 liberaretur
1723 797 2060 868 acceperat.

405 882 518 939 Sed
543 897 680 938 cum
701 883 763 940 in
795 883 994 940 verbis
1033 885 1428 942 manifestatis
1460 891 1640 960 atque
1681 884 2058 942 evidentibus

399 970 831 1044 expositionem
851 973 1328 1048 expravatricem
1356 974 1628 1037 adhibes,
1662 975 1927 1048 profecto
1964 990 2060 1028 ve-

398 1059 568 1116 ritate
598 1059 883 1118 nebulam
915 1063 1130 1119 erroris
1160 1063 1442 1119 inducere
1475 1065 1734 1120 conaris.
1766 1066 1880 1119 Cur
1899 1062 2062 1118 enim

398 1149 796 1221 precaedentia
812 1151 1083 1224 ejusdem
1099 1151 1214 1208 loci
1237 1169 1308 1208 ac
1331 1151 1761 1226 subsequentia
1783 1167 2063 1224 suppres-

400 1237 548 1309 sisti,
579 1239 803 1314 quibus
831 1239 1147 1313 diligenter
1175 1241 1434 1311 attentis,
1464 1258 1711 1315 prorsus
1753 1245 1854 1298 tua
1885 1256 2064 1313 expo-

401 1325 553 1394 sitio,
607 1327 957 1401 depravatio
1004 1345 1290 1404 errorque
1335 1329 1730 1398 convincitur,
1790 1330 1957 1404 quod
2000 1332 2066 1384 ut

400 1415 776 1473 manifestius
803 1415 929 1488 ﬁat,
965 1423 1155 1474 totum
1191 1418 1462 1490 ejusdem
1492 1418 1650 1474 beati
1675 1418 1876 1486 Patris,
1913 1417 2068 1474 sicut

402 1505 482 1560 ab
521 1504 655 1580 ipso
687 1503 846 1564 edito
885 1505 1044 1564 edita
1079 1511 1188 1579 est,
1223 1508 1578 1565 sententiam
1627 1524 2062 1586 proponamus,

401 1607 542 1666 quin
569 1594 650 1651 ita
681 1611 743 1650 se
771 1593 988 1652 habet:

476 1683 842 1757 Augustinus
863 1685 1470 1757 (Enchir.cap.30.32)
1491 1703 1504 1740 :
1525 1686 1761 1759 [Verum
1779 1685 1906 1742 haec
1925 1701 2064 1757 pars

2166 519 2440 575 homines
2459 517 2670 582 simus,
2704 513 2871 587 quod
2902 528 3061 567 nunc
3095 510 3283 580 gratia
3307 524 3419 562 sua
3451 507 3603 568 fecit,
3643 511 3708 562 ut
3767 507 3856 561 si-

2167 627 2304 666 mus
2335 610 2397 664 in
2425 607 2652 663 (:hristo
2705 607 2844 660 Jesu
2897 619 3056 658 nova
3111 605 3384 656 creatura
3415 600 3575 667 (Gal.
3611 614 3687 659 v1,
3734 599 3856 662 1'5),

2169 696 2501 753 secundum
2533 694 2702 767 quod
2753 693 2980 748 dictum
3023 697 3143 745 est:
3193 689 3316 744 Cor
3361 691 3652 742 mundum
3701 699 3866 742 crea’

2169 789 2231 843 in
2281 801 2371 842 me
2418 786 2575 840 Deus
2607 785 2796 855 (Psal.
2834 799 2884 845 L,
2937 785 3041 852 t2).
3099 782 3298 851 Neque
3336 778 3495 831 enim
3549 791 3652 831 cor
3681 777 3856 846 ejus,

2169 881 2466 950 quantum
2498 875 2753 948 pertinet
2779 873 2858 928 ad
2885 878 3166 928 naturam
3198 867 3396 924 cordis
3425 865 3858 935 humani,non

2165 967 2294 1038 jam
2327 969 2632 1022 creaverat
2659 965 2834 1018 Deus.

2245 1060 2410 1124 item,
2467 1069 2540 1109 ne
2569 1053 2917 1128 quisquam,
2950 1055 3006 1106 et
3046 1049 3093 1105 si
3125 1063 3248 1105 non
3296 1029 3370 1103 de
3403 1045 3714 1120 operibus,
3774 1044 3859 1100 de

2169 1144 2302 1216 ipso
2334 1143 2616 1214 glorietur
2663 1142 2850 1198 libero
2895 1138 3218 1195 voluntatis
3247 1137 3512 1202 arbitrio,
3547 1141 3859 1206 tanquam

2171 1233 2250 1290 ab
2291 1233 2422 1308 ipso
2451 1232 2698 1306 incipiat
2744 1231 3046 1300 meritum,
3080 1229 3174 1284 cui
3231 1233 3521 1300 tanquam
3569 1225 3859 1280 debitum

2171 1322 2459 1378 reddatur
2489 1322 2809 1394 praemium
2841 1320 2993 1376 bene
3039 1317 3334 1390 oper-andi
3385 1317 3515 1388 ipsa
3553 1314 3810 1370 libertas
3842 1330 3856 1380 ;

2172 1411 2378 1468 audiat
2399 1411 2683 1466 eumdem
2708 1409 2910 1480 gratiae
2938 1422 3280 1480 praeconem
3312 1406 3608 1460 dicentem
3634 1419 3647 1457 :
3685 1403 3866 1458 Deus

2172 1507 2256 1557 est
2282 1502 2436 1556 enim
2470 1501 2578 1572 qui
2603 1505 2892 1568 operatur
2923 1499 2983 1552 in
3035 1497 3203 1551 nobis
3237 1502 3290 1551 et
3325 1495 3474 1550 velte
3503 1499 3556 1548 et
3600 1491 3864 1559 operari

2169 1605 2282 1660 pro
2314 1589 2466 1645 bona
2491 1591 2798 1645 voluntate
2829 1587 3014 1656 (Phil.
3045 1601 3104 1649 ιι,
3136 1587 3240 1654 t3).
3274 1587 3338 1638 Et
3358 1584 3538 1638 item:
3571 1583 3716 1637 Non
3747 1596 3856 1636 vo-

2176 1681 2350 1735 lentis
2370 1694 2560 1750 neque
2580 1678 2902 1746 currentis,
2925 1675 3026 1732 sed
3049 1674 3378 1730 miserentis
3403 1683 3485 1727 est
3523 1672 3633 1727 Dei
3655 1672 3852 1740 (Rom.

404 1774 638 1843 generis
662 1775 936 1844 humani,
969 1776 1066 1832 cui
1094 1775 1429 1832 libertatem
1457 1777 1584 1844 [al.,
1624 1775 2064 1846 liberationem]
2100 1787 2139 1843 Β
2178 1787 2259 1840 Ix,
2291 1771 2395 1841 16).
2416 1771 2457 1839 -’,-
2491 1769 2939 1839 Addisinsnper
2957 1764 3036 1821 ad
3055 1761 3544 1820 conﬁrmandum
3570 1776 3849 1816 errorem

405 1861 560 1918 Deus
574 1878 949 1937 regnumque
971 1865 1258 1938 promittit
1284 1863 1341 1938 [a
1351 1867 1390 1922 l.
1405 1908 1418 1934 ,
1432 1865 1726 1939 promisit]
1750 1870 2062 1929 aeternum,

403 1951 681 2026 nunquid
706 1953 928 2009 meritis
967 1969 1224 2028 operum
1254 1970 1504 2010 suorum
1529 1953 1795 2026 reparari
1823 1952 2064 2027 potest?

403 2041 754 2108 Absit.Quid
777 2043 935 2098 enim
968 2043 1116 2100 boni
1136 2048 1418 2116 operatur
1449 2044 1821 2118 [al.,operari
1848 2043 2068 2117 potest]

403 2129 695 2206 perditus,
728 2130 840 2188 nisi
869 2137 1166 2206 quantum
1195 2133 1368 2189 fuerit
1393 2149 1429 2189 a
1463 2133 1797 2206 perditione
1825 2148 2067 2205 repara-

405 2219 546 2275 tus?
576 2221 643 2276 Et
669 2220 785 2276 hoc
835 2221 994 2277 absit
1043 2221 1171 2292 [al.,
1203 2221 1512 2279 liberatus.
1547 2221 1832 2295 Nunquid
1879 2221 2067 2278 libero

404 2305 730 2365 voluntatis
767 2309 1052 2368 arbitrio?
1075 2313 1139 2366 Et
1166 2311 1282 2366 hoc
1307 2308 1486 2379 absit,
1511 2312 1684 2381 etc.]:
1718 2327 1862 2366 nam
1881 2310 2069 2366 libero

405 2396 650 2454 arbitrio
675 2395 835 2456 male
866 2404 1037 2455 utens
1067 2399 1251 2456 homo
1297 2403 1354 2454 et
1379 2415 1444 2456 se
1473 2399 1734 2475 perdidit
1763 2403 1820 2456 et
1842 2400 2067 2472 ipsum.

408 2485 569 2544 Sicut
594 2486 756 2544 enim
795 2488 899 2564 qui
931 2504 994 2545 se
1023 2488 1261 2556 occidit,
1297 2489 1500 2561 utique
1531 2488 1790 2545 vivendo
1837 2505 1897 2544 se
1923 2489 2074 2546 occi-

405 2571 510 2643 dit,
543 2575 652 2634 sed
679 2591 745 2633 se
779 2575 1113 2633 occidendo
1143 2593 1266 2634 non
1296 2577 1458 2644 vivit,
1499 2593 1609 2632 nec
1641 2577 1912 2650 seipsum
1964 2594 2074 2651 po-

405 2663 538 2720 terit
562 2665 916 2722 resuscitare
947 2681 1086 2723 cum
1116 2665 1431 2722 occiderit:
1455 2665 1537 2722 ita
1559 2682 1698 2722 cum
1724 2665 1914 2722 libero
1936 2682 2074 2738 pec-

408 2756 644 2809 caretur
673 2753 938 2821 arbitrio,
961 2754 1182 2810 victore
1213 2757 1462 2828 peccato
1489 2754 1784 2810 amissum
1815 2758 1902 2810 est
1927 2759 1984 2810 et
2011 2754 2075 2810 li-

412 2835 630 2898 berum
663 2841 1012 2898 arbitrium:
1040 2858 1078 2900 a
1125 2857 1241 2914 quo
1283 2844 1437 2899 enim
1485 2845 1616 2917 quis
1657 2844 1922 2900 devictus
1971 2849 2080 2914 est,

410 2924 551 2986 huic
575 2935 632 2987 et
650 2945 856 2989 servus
894 2930 1174 2988 addictus
1199 2937 1304 2989 est.
1340 2932 1489 2988 Petri
1518 2937 1672 2989 certe
1702 2932 1958 3006 apostoli
1983 2935 2073 2989 est

408 3017 521 3076 ista
553 3020 846 3078 sententia
875 3022 966 3089 (II
981 3021 1146 3078 Petr.
1179 3037 1246 3093 rt,
1281 3022 1394 3093 19);
1453 3039 1589 3096 quin
1630 3039 1770 3079 cum
1802 3039 1944 3078 vera
1971 3025 2074 3096 sit,

407 3107 630 3182 qualis,
662 3125 904 3184 quaeso,
940 3113 1136 3186 potest
1188 3111 1340 3168 servi
1384 3111 1609 3168 addicti
1638 3128 1767 3168 esse
1813 3112 2076 3180 libertas,

405 3197 521 3254 nisi
543 3199 794 3273 quando
809 3215 948 3256 eum
975 3215 1226 3274 peccare
1243 3199 1516 3256 delectat.
1544 3200 1882 3258 Liberaliter
1907 3202 2070 3260 enim

407 3286 587 3344 servit
609 3287 716 3364 qui
746 3288 840 3345 sui
863 3288 1094 3346 domini
1125 3288 1494 3346 voluntatem
1523 3289 1776 3346 libenter
1807 3292 1962 3348 facit.
1993 3297 2075 3348 Ac

405 3391 512 3449 per
539 3375 656 3433 hoc
677 3377 760 3434 ad
785 3377 1163 3454 peccandum
1190 3377 1341 3434 liber
1356 3383 1462 3447 est,
1485 3379 1590 3453 qui
1614 3381 1845 3454 peccati
1867 3397 2074 3436 servus

407 3468 514 3521 est.
548 3465 716 3522 Unde
744 3465 824 3522 ad
847 3467 1006 3538 juste
1063 3467 1407 3524 faciendum
1437 3468 1590 3524 liber
1645 3485 1770 3525 non
1801 3470 1928 3538 erit,
1961 3469 2077 3527 nisi

409 3567 446 3608 a
495 3555 744 3626 peccato
773 3549 1084 3621 liberatus,
1119 3570 1248 3610 esse
1296 3555 1537 3628 justitiee
1567 3558 1813 3629 coeperit
1843 3573 2072 3613 servus.

411 3644 546 3716 Ipsa
570 3646 628 3697 et
662 3656 807 3698 vera
833 3641 1134 3714 libertas-j-
1161 3647 1407 3715 propter
1449 3649 1606 3699 recte
1635 3644 1893 3700 faciendi
1935 3645 2078 3700 lauti-

409 3729 574 3800 tiam,
593 3729 740 3806 quia
764 3729 943 3786 simul
969 3736 1027 3788 et
1055 3731 1156 3804 pia
1171 3730 1444 3798 servitus,
1467 3738 1712 3805 propter
1733 3736 2078 3806 prteceptio—

407 3833 558 3875 num
586 3817 992 3877 obedientiam
1023 3821 1155 3892 [al.,
1201 3819 1344 3876 recti
1372 3820 1509 3876 facti
1548 3819 1848 3876 licentiam
1899 3821 2079 3877 simul

408 3911 653 3981 propter
681 3909 964 3984 prmeepti
1014 3908 1464 3982 obedientiam].
1500 3909 1616 3966 Sed
1660 3909 1742 3966 ad
1783 3909 1942 3966 bene
1996 3910 2078 3966 fa-

410 3995 693 4054 ciendum
722 3997 838 4055 ista
868 3997 1112 4056 libertas
1141 3998 1304 4054 unde
1334 3999 1444 4055 erit
1485 3998 1725 4055 homini
1752 3999 1993 4056 addicto
2023 4003 2080 4056 et

409 4085 674 4154 vendito,
693 4087 810 4143 nisi
839 4086 1100 4144 redimat
1126 4085 1223 4144 ille
1255 4087 1430 4158 cujus
1458 4085 1560 4143 illa
1587 4103 1706 4144 vox
1729 4093 1818 4144 est
1843 4107 1857 4144 :
1886 4089 1956 4144 Si
1979 4105 2094 4164 vos.

408 4172 606 4230 Filius
632 4174 928 4244 liberavit,
961 4181 1106 4231 tunc
1135 4189 1272 4232 vere
1304 4175 1487 4232 liberi
1511 4177 1678 4232 eritis
1713 4179 1910 4244 (Joan.
1949 4193 2080 4234 vnn

411 4261 520 4332 36).
555 4261 730 4328 Quod
748 4266 1075 4336 antequam
1107 4263 1235 4318 ﬁeri
1266 4263 1327 4320 in
1358 4264 1600 4322 homine
1631 4265 1895 4338 incipiat,
1928 4283 2078 4340 quo-

410 4349 598 4406 modo
636 4349 964 4424 quisquam
994 4351 1069 4407 de
1097 4351 1284 4408 libero
1312 4353 1558 4409 arbitrio
1584 4354 1646 4409 in
1671 4353 1836 4410 bono
1863 4355 2072 4424 gloria-

410 4440 506 4493 tur
534 4453 734 4512 opere,
767 4440 874 4514 qui
900 4439 1179 4496 nondum
1223 4445 1311 4498 est
1361 4441 1511 4498 liber
1562 4443 1641 4497 ad
1693 4443 2070 4516 operandum

408 4527 586 4599 bene,
615 4528 730 4586 nisi
751 4545 814 4586 se
833 4545 994 4586 vana
1013 4528 1297 4606 superbia
1320 4529 1564 4588 inﬂatus
1580 4531 1861 4588 extollat?
1882 4547 2072 4604 quam

407 4616 648 4675 cohibet
674 4618 997 4693 Apostolus
1024 4617 1268 4676 dicens:
1303 4619 1517 4678 Gratia
1546 4621 1705 4677 salvi
1730 4621 1889 4690 facti
1933 4624 2071 4681 estis

396 4723 515 4778 per
542 4708 720 4779 ﬁdem
754 4709 932 4781 (Eph.
966 4724 1026 4781 ιι,
1053 4709 1133 4782 8).

479 4800 548 4856 Et
575 4813 653 4855 ne
678 4798 882 4874 ipsam
912 4797 1028 4855 sibi
1058 4796 1271 4856 saltem
1301 4798 1483 4854 ﬁdem
1507 4798 1591 4856 sic
1607 4798 1886 4856 homines
1911 4815 2072 4856 arro-

407 4890 724 4960 garent,ut
741 4903 866 4945 non
890 4885 1286 4958 intelligerent
1305 4885 1592 4944 divinitus
1621 4902 1749 4944 esse
1778 4889 2072 4946 donatam

407 4973 560 5030 sicut
584 4975 747 5033 idem
789 4977 1112 5050 Apostolus
1141 4975 1258 5034 alio
1295 4976 1428 5033 loco
1471 4977 1618 5033 dicit
1655 4994 1737 5046 se,
1786 4983 1849 5035 ut
1877 4976 2070 5034 ﬁdelis

407 5066 584 5136 esset,
635 5064 1063 5123 misecordiam
1114 5069 1506 5122 consecutum
1561 5067 1624 5138 (I
1645 5067 1784 5125 Cor.
1815 5083 1919 5138 vn,
1954 5068 2068 5139 25),

405 5151 503 5210 hic
531 5168 779 5230 quoque
809 5155 1086 5229 adjunxit
1141 5160 1323 5230 atque
1378 5157 1496 5214 ait:
1555 5157 1634 5214 Et
1673 5159 1784 5214 hoc
1840 5174 1960 5215 non
1997 5173 2072 5216 ea:

408 5243 571 5302 vobis
600 5243 706 5300 sed
737 5244 860 5301 Dei
905 5244 1130 5301 donum
1183 5251 1306 5314 est;
1357 5262 1476 5302 non
1516 5261 1592 5303 ea:
1649 5249 1948 5318 operibus,
1998 5262 2072 5304 ne

403 5334 564 5403 forte
598 5333 732 5408 quis
761 5334 1118 5393 extollatur.
1148 5335 1216 5392 Et
1269 5350 1346 5391 ne
1381 5339 1736 5408 putarentur
1791 5336 2071 5394 ﬁdelibus

403 5421 572 5480 bona
594 5438 780 5498 opera
807 5421 1108 5494 defutura,
1138 5440 1386 5481 rursum
1408 5425 1627 5498 adjecit
1651 5441 1663 5480 :
1687 5426 1884 5496 Ipsius
1912 5429 2070 5484 enim

407 5504 610 5568 sumus
635 5513 1006 5586 ﬁgmentum,
1037 5516 1230 5573 creati
1267 5515 1332 5570 in
1361 5514 1602 5572 Christo
1640 5516 1780 5574 Jesu
1816 5518 1880 5573 in
1931 5532 2067 5588 ope-

410 5599 573 5656 ribus
603 5601 789 5674 bonis,
837 5619 970 5677 quae
1019 5605 1401 5675 praeparavit
1457 5605 1637 5672 Deus,
1699 5611 1765 5662 ut
1822 5607 1884 5662 in
1942 5608 2068 5663 illis

411 5687 780 5746 ambulemus
815 5691 1052 5762 (Ep'ies.
1084 5709 1144 5761 ιι,
1199 5695 1350 5764 8-10)
1383 5693 1530 5749 Hinc
1581 5709 1725 5768 ergo
1773 5694 2066 5752 efﬁcimur

413 5784 550 5830 vero
575 5772 747 5832 liberi
782 5790 924 5834 cum
962 5781 1119 5834 Deus
1171 5793 1286 5835 nos
1341 5779 1490 5850 ﬁgit,
1546 5780 1610 5838 id
1639 5785 1728 5838 est
1753 5782 1973 5842 format
2003 5786 2062 5841 et

2174 1865 2347 1916 tuum
2377 1875 2501 1932 quo
2529 1860 2746 1914 astruis
2771 1855 2914 1910 velle
2933 1856 2992 1909 in
3010 1853 3252 1909 homine
3271 1853 3400 1923 ejus
3418 1867 3547 1906 esse
3567 1849 3858 1905 substan-

2175 1950 2342 2018 tiam,
2365 1947 2776 2003 testimonium
2800 1945 3030 2000 Domini
3057 1943 3304 1998 dicentis
3328 1941 3388 1996 in
3413 1938 3742 2008 Evangelio
3772 1937 3856 1993 ad

2174 2035 2502 2110 discipulos
2522 2052 2685 2090 suos:
2702 2035 2846 2091 Sine
2862 2049 2952 2088 me
2970 2031 3128 2088 nihil
3148 2032 3390 2101 potestis
3419 2029 3622 2099 facere
3647 2029 3850 2096 Noun.

2177 2128 2331 2196 xv,5)
2347 2131 2403 2181 et
2417 2125 2516 2196 adj
2528 2124 2702 2195 ungis
2725 2121 3086 2197 exponendo
3103 2119 3194 2176 vel
3211 2119 3408 2194 potius
3426 2117 3850 2190 depravando.

2762 2261 3002 2306 JOANNES
3044 2262 3270 2304 SCOTUS.

2251 2364 2392 2431 Cap.
2415 2361 2470 2425 3:,
2504 2373 2672 2414 num.
2709 2357 2770 2411 15
2801 2360 2942 2412 sect.
2968 2357 3042 2425 8).
3075 2359 3115 2408 Θ
3141 2354 3278 2409 Non
3302 2353 3482 2417 elisit,
3504 2351 3664 2407 nihil
3677 2357 3854 2420 pote-

2180 2450 2286 2506 stis
2313 2449 2486 2506 velle.

2853 2565 3182 2608 COBRECI'IO.

2255 2667 2296 2735 -ὶ-
2327 2665 2518 2730 Quem
2548 2665 2719 2718 tuum
2749 2659 3280 2732 perversissimum
3329 2655 3693 2712 intellectum
3742 2670 3850 2708 ne-

2188 2769 2350 2809 cesse
2391 2755 2481 2808 est
2510 2755 2574 2806 ut
2607 2749 2826 2806 veritas
2869 2755 3048 2820 atque
3099 2746 3420 2802 auctoritas
3465 2743 3732 2800 damnet.
3771 2747 3854 2799 Ita

2187 2843 2350 2897 enim
2381 2839 2584 2896 sentiri
2605 2839 2774 2912 cupis
2801 2835 3021 2892 dixisse
3043 2837 3396 2892 Dominum:
3431 2835 3678 2890 Sineme
3693 2831 3856 2886 nihil

2186 2931 2427 3002 potestis
2452 2929 2677 2999 facere,
2711 2943 2782 2982 ac
2825 2926 2874 2981 si
2903 2925 3132 2998 absque
3163 2924 3262 2980 illo
3314 2923 3462 2980 boni
3513 2921 3849 2995 quidquam

2189 3019 2495 3092 possimus
2533 3016 2717 3084 velle;
2750 3018 2806 3071 et
2848 3014 3210 3070 contradicis
3259 3010 3560 3086 Apostolo,
3587 3010 3693 3082 qui
3722 3009 3802 3064 ait
3834 3023 3852 3063 ι

2187 3110 2345 3165 Deus
2374 3113 2457 3164 est
2475 3108 2629 3162 enim
2657 3107 2762 3178 qui
2790 3109 3076 3174 operatur
3107 3105 3167 3158 in
3190 3102 3355 3158 nobis
3373 3105 3427 3157 et
3457 3100 3608 3157 velle
3637 3104 3694 3154 et
3715 3113 3853 3168 per-

2180 3200 2360 3267 ﬁcere
2384 3213 2499 3266 pro
2529 3196 2682 3250 bona
2713 3195 3024 3250 voluntate
3039 3192 3225 3263 (Phil.
3265 3207 3325 3254 ιι,
3364 3190 3468 3260 13).
3505 3188 3561 3245 Si
3585 3203 3727 3257 ergo
3760 3203 3847 3242 se-

2185 3285 2455 3342 cundum
2478 3282 2828 3356 Apostolum
2859 3284 3012 3337 Deus
3039 3286 3123 3336 est
3153 3280 3259 3350 qui
3287 3283 3574 3348 operatur
3591 3277 3652 3331 in
3683 3275 3852 3332 nobis

2187 3377 2357 3444 velle,
2387 3373 2574 3445 liquet
2599 3371 2868 3444 profecto
2905 3369 3051 3443 quia
3095 3368 3382 3424 fallaciter
3430 3366 3648 3422 asseris
3673 3380 3848 3438 posse

2185 3482 2298 3522 nos
2327 3464 2471 3519 velle
2501 3462 2646 3518 boni
2677 3460 2990 3535 quippiam
3021 3459 3149 3514 sine
3171 3459 3324 3531 ipso.
3346 3457 3524 3524 Quasi
3546 3471 3686 3512 vero
3715 3455 3846 3528 ipsa

2187 3554 2464 3610 voluntas
2516 3550 2778 3607 hominis
2825 3565 2952 3606 non
2998 3549 3077 3604 ad
3136 3563 3292 3620 opus
3342 3547 3648 3620 pertineat,
3707 3560 3843 3600 cum

2187 3642 2488 3714 Scriptura
2517 3640 2734 3695 clamet
2788 3642 2972 3694 Deum
3032 3637 3306 3693 homines
3347 3651 3469 3691 non
3513 3635 3707 3689 solum
3735 3649 3844 3706 pro

2189 3731 2378 3796 factis,
2407 3745 2614 3784 verum
2647 3728 2826 3783 etiam
2857 3743 2968 3800 pro
3017 3725 3500 3794 cogitationibus,
3531 3740 3667 3796 quae
3716 3723 3844 3777 sola

2190 3820 2494 3875 voluntate
2515 3816 2641 3872 ﬁeri
2664 3816 2946 3884 assolent,
2974 3815 3418 3887 judicaturum;
3448 3813 3608 3870 unde
3648 3817 3702 3868 et
3739 3825 3843 3884 per

2187 3908 2546 3981 prophetam
2576 3905 2794 3962 Isaiam
2833 3904 2996 3960 idem
3028 3904 3316 3960 Dominus
3362 3902 3660 3977 loquitur:
3719 3902 3840 3972 Ego

2189 4003 2387 4055 autem
2418 4011 2600 4066 opera
2627 4010 2831 4052 eorum
2854 4000 2905 4050 et
2935 3995 3320 4065 cogitationes
3351 4009 3552 4050 eorum
3578 3993 3742 4049 venio
3776 3995 3840 4045 ut

2190 4100 2538 4156 congregem
2569 4100 2704 4141 cum
2734 4084 3006 4140 omnibus
3035 4083 3308 4153 gentibus
3354 4089 3407 4140 et
3443 4083 3662 4153 linguis
3703 4082 3834 4151 (Isa.

2189 4193 2334 4246 LXVI,
2374 4176 2479 4246 18);
2521 4175 2685 4248 quod
2718 4179 2962 4230 sanctus
2994 4173 3393 4246 Hieronymus
3417 4173 3495 4228 ita
3521 4171 3834 4244 explanat:

2263 4265 2664 4337 Hieronymus
2713 4264 2796 4335 (in
2829 4263 2944 4320 Isa.
2996 4278 3048 4319 c.
3091 4279 3246 4333 val,
3293 4262 3416 4329 l8):
3471 4259 3657 4334 [Venit
3703 4274 3836 4329 ergo

2193 4357 2350 4410 Deus
2409 4357 2472 4408 ut
2501 4367 2689 4426 opera
2741 4356 2799 4408 et
2829 4351 3219 4423 cogitationes
3279 4354 3604 4421 congreget
3647 4349 3836 4419 singu-

2187 4442 2403 4498 lorum.
2459 4445 2539 4497 Ex
2588 4458 2709 4514 quo
2758 4442 3048 4497 discimus
3100 4456 3224 4496 non
3284 4440 3481 4496 solum
3504 4431 3706 4512 opera,
3735 4437 3839 4512 sed

2185 4537 2241 4588 et
2270 4532 2658 4602 cogitationes
2706 4545 2834 4585 esse
2863 4530 2924 4585 in
2971 4529 3068 4586 die
3084 4529 3295 4600 judicii
3319 4527 3698 4600 judicandas.
3727 4527 3840 4594 Qui

2183 4621 2345 4676 enim
2376 4621 2592 4678 viderit
2635 4621 2945 4676 mulierem
3001 4619 3084 4674 ad
3133 4618 3688 4688 concupiscendum,
3706 4619 3832 4690 jam

2181 4711 2510 4767 moechatus
2559 4715 2643 4766 est
2694 4724 2820 4765 eam
2853 4711 2916 4764 in
2957 4709 3134 4764 corde
3180 4724 3286 4764 suo
3335 4708 3578 4780 (Matth.
3622 4724 3677 4774 v,
3726 4707 3831 4778 28).

2182 4803 2262 4856 De
2292 4800 2514 4872 quibus
2557 4798 2806 4854 dicitur:
2865 4799 3044 4854 Nunc
3075 4797 3600 4855 circumdederunt
3628 4812 3718 4854 eos
3747 4812 3833 4852 co-

2179 4891 2496 4960 gitationes
2525 4903 2646 4943 suae
2675 4887 2825 4958 (Ose.
2859 4903 2964 4954 vn,
2987 4886 3065 4955 3);
3105 4886 3355 4958 quando
3379 4885 3676 4957 judicabit
3725 4887 3838 4941 Do-‘

2179 4980 2380 5036 minus
2433 4977 2790 5033 abscondita
2836 4977 3158 5032 hominum
3191 4975 3529 5031 secundum
3577 4975 3826 5048 Evange-

2177 5070 2326 5128 lium
2353 5067 2499 5123 Jesu
2564 5066 2776 5124 Christi
2812 5065 2976 5138 (Luc.
3037 5081 3163 5136 νιιι,
3210 5065 3332 5135 17);
3390 5067 3455 5120 ut
3477 5063 3626 5120 illud
3654 5063 3832 5139 quodt

2179 5157 2497 5233 Apostolus
2529 5155 2731 5212 scribit
2754 5155 2998 5212 veritate
3017 5153 3225 5226 judicii
3246 5153 3674 5228 comprobetur
3699 5173 3710 5210 :
3734 5156 3828 5212 Ιη-

2180 5253 2362 5307 vicem
2395 5245 2855 5319 cogitationibus
2879 5245 3300 5302 accusantibus
3332 5252 3386 5302 et
3418 5246 3827 5316 satisfacienti-

2183 5341 2310 5404 bus,
2357 5340 2421 5394 in
2450 5338 2546 5394 die
2596 5351 2717 5409 qua
2756 5335 3060 5407 judicabit
3091 5337 3249 5392 Deus
3284 5335 3634 5393 abscondita
3662 5337 3827 5394 homi-

2177 5441 2323 5483 num
2344 5427 2534 5497 (Rom.
2562 5441 2628 5497 ιι,
2655 5429 2740 5498 t5,
2770 5429 2858 5494 16)
2884 5439 2908 5499 ;
2935 5429 3000 5482 ut
3023 5425 3412 5496 cogitationes
3440 5426 3660 5481 nostrm
3705 5439 3824 5482 om-

2175 5533 2282 5573 nes
2305 5533 2426 5573 uno
2451 5520 2722 5590 tempore
2754 5521 3131 5590 congregatae
3148 5517 3381 5590 justum
3411 5515 3675 5588 judicem
3697 5529 3822 5587 pro-

2173 5605 2336 5676 bent,
2369 5606 2518 5663 dum
2549 5609 2654 5664 aut
2681 5610 2928 5665 accusat
2952 5622 3065 5662 nos
3089 5610 3296 5663 nostra
3329 5604 3710 5674 conscientia,
3731 5607 3824 5663 aut

2174 5695 2459 5754 satisfacit
2487 5712 2598 5770 pro
2629 5696 2848 5754 delicto
2873 5715 2885 5765 ;
2914 5699 3118 5756 utrum
3142 5695 3319 5772 plura
3349 5695 3467 5752 sint
3488 5699 3822 5769 peccata,an

2170 5783 2334 5843 bona
2360 5799 2568 5858 opera,
2593 5789 2653 5843 et
2671 5788 2876 5845 utrum
2904 5788 3105 5844 vetera
3152 5798 3232 5844 an
3260 5799 3464 5854 nova;
3494 5787 3692 5842 utrum
3725 5783 3818 5842 de-
