3974 6382
115 283 237 345 ιοσι

1055 291 1145 344 DE
1183 281 1848 344 PREDISTINA'HONE
1885 282 2162 340 CONTRA
2200 284 2253 341 δέ
2298 286 2590 344 SCUTUM.

3404 297 3545 350 £002

109 414 222 469 leta
270 410 642 486 poenitentia,
693 427 772 467 an
820 411 992 468 novis
1043 410 1369 468 sceleribus
1411 410 1763 478 instaurata,
1796 411 1843 463 Α
1883 407 2158 466 facultas.
2184 413 2408 483 Nempe
2456 409 2662 467 mirari
2693 413 2837 468 satis
2867 425 2991 468 non
3032 413 3204 470 valeo
3233 418 3288 471 te
3316 415 3544 474 dixisse

109 501 352 580 quando
377 499 522 556 dicit
550 499 872 556 Dominus:
918 502 1054 557 Vias
1076 518 1279 558 eorum
1316 501 1454 557 dedi
1473 501 1536 556 in
1567 499 1770 568 capita

111 605 333 666 eorum,
365 599 418 651 et
471 591 860 662 cogitationes
880 607 1083 647 eorum
1115 591 1364 648 reddam
1399 593 1480 646 eis
1534 588 1662 660 (Ose
1690 603 1764 655 ιν,

108 685 178 754 9).
213 681 533 751 Quiﬁnxit
566 681 880 751 sigillatim
915 682 1097 738 corda
1139 697 1364 750 eorum,
1392 687 1449 737 et
1478 680 1766 750 intelligit

108 771 300 828 omnia
323 784 507 839 opera
539 784 740 825 eorum
767 769 1146 845 (Psalxxxu,
1172 771 1242 840 5).
1272 772 1350 825 De
1379 768 1602 843 quibus
1631 767 1764 822 etin

108 859 218 914 alio
245 857 380 914 loco
423 857 716 928 legimus:
778 857 864 914 Tu
894 863 1196 930 cognoscis
1228 859 1414 914 corda
1458 858 1761 913 hominum

107 949 260 1004 solus
291 948 387 1016 (II
406 947 554 1004 Par.
589 963 668 1016 vr,
702 948 813 1019 30).
850 950 1033 1004 Nemo
1061 948 1219 1004 enim
1253 949 1325 1004 sit
1354 964 1488 1021 quae
1522 950 1660 1002 sunt
1700 945 1761 1001 in

109 1037 366 1104 homine,
386 1035 505 1092 nisi
551 1035 792 1108 spiritus
822 1036 1085 1093 hominis
1108 1038 1212 1110 qui
1243 1037 1413 1092 estin
1444 1051 1515 1091 eo
1545 1036 1590 1105 (Ι
1620 1035 1758 1092 Cor.

107 1141 167 1198 ιι,
199 1127 298 1198 tl).
335 1125 503 1181 Unde
537 1129 594 1181 et
623 1141 729 1198 per
751 1127 1069 1182 Jeremiam
1112 1126 1377 1199 loquitur
1406 1127 1560 1181 Deus
1586 1142 1601 1179 :
1631 1124 1762 1195 Ego

108 1217 254 1274 Deus
284 1217 808 1288 appropinquans,
840 1222 894 1272 et
920 1233 1040 1272 non
1073 1217 1145 1272 de
1177 1217 1370 1287 longe,
1391 1216 1538 1271 dicit
1565 1215 1763 1270 Domi-

107 1319 248 1359 nus:
274 1304 554 1376 nunquid
575 1304 886 1360 abscondit
915 1320 976 1361 se
1006 1307 1067 1360 in
1095 1305 1458 1361 absconditis
1483 1304 1673 1369 homo,
1707 1309 1760 1358 et

107 1408 202 1467 ego
229 1393 566 1466 ignorabo?
592 1393 736 1464 (Jer.
789 1409 954 1458 xxm,
979 1398 1091 1461 23).
1120 1394 1384 1466 Denique
1412 1393 1489 1448 ad
1523 1393 1764 1449 Scribas

107 1481 311 1537 dicitur
332 1486 390 1538 et
420 1481 748 1537 Pharisaaos
777 1500 788 1534 :
834 1483 942 1538 Vos
972 1486 1109 1539 estis
1137 1485 1245 1554 qui
1258 1483 1615 1552 justiﬁcatis
1641 1497 1765 1536 vos-

106 1571 371 1640 metipsos
397 1585 599 1626 coram
631 1572 1002 1628 hominibus:
1043 1577 1190 1627 Deus
1221 1577 1419 1627 autem
1463 1571 1766 1641 cognoscit

107 1661 281 1718 corda
312 1665 512 1718 vestra
539 1662 708 1728 (Luc.
731 1677 843 1728 XVI,
881 1665 988 1732 £5).
1013 1665 1074 1718 In
1107 1677 1230 1732 quo
1253 1659 1764 1716 considerandum

1881 498 2007 552 sine
2037 501 2153 554 Deo
2179 515 2293 555 nos
2323 500 2470 555 nihil
2499 517 2678 573 posse
2702 501 2913 568 facere,
2937 517 3117 574 posse
3143 508 3344 561 autem
3370 505 3536 562 velle.

1877 587 2027 642 Cum
2056 587 2105 642 si
2137 589 2471 644 secundum
2519 595 2571 646 te
2601 591 2777 646 nobis
2809 591 2958 647 velle
3005 597 3096 648 est
3122 607 3271 662 esse,
3325 598 3384 650 et
3413 594 3544 650 sine

1876 675 2064 731 dubio
2117 677 2244 732 sine
2288 678 2406 734 Deo
2447 694 2578 734 esse
2625 680 2968 736 nullatenus
3015 682 3346 753 possimus,
3391 699 3543 756 quo-

1874 765 2059 820 modo
2093 767 2219 821 sine
2251 767 2382 840 ipso
2414 768 2562 823 velle
2593 770 2903 841 possimus
2922 771 2954 825 ‘l
3001 771 3058 826 Si
3083 771 3242 827 enim
3265 773 3393 828 sine
3422 776 3548 829 Deo

1874 855 2026 910 velle
2054 872 2402 928 possumus,
2444 859 2588 930 quia
2622 859 2776 915 sicut
2826 861 3044 916 astruis
3069 861 3216 917 velle
3242 862 3426 918 nobis
3452 868 3546 919 est

1873 959 2022 1014 esse,
2055 960 2385 1016 possumus
2409 963 2539 1002 esse
2583 949 2711 1004 sine
2741 951 2880 1006 Deo.
2911 954 3037 1006 Non
3095 956 3298 1008 autem
3327 965 3546 1024 possm

1871 1051 2012 1089 mus
2039 1051 2170 1118 esse
2203 1036 2328 1091 sine
2360 1039 2480 1093 Deo
2514 1056 2527 1106 ;
2557 1039 2824 1110 sequitur
2853 1055 2996 1110 ergo
3025 1047 3089 1096 ut
3118 1057 3227 1098 nec
3257 1041 3404 1098 velle
3429 1042 3542 1098 bo-

1871 1137 2020 1178 num
2070 1141 2400 1196 possumus
2433 1127 2560 1182 sine
2593 1130 2728 1183 Deo.
2766 1131 2892 1194 Quo
2942 1131 3103 1185 enim
3148 1135 3326 1202 pacto
3353 1131 3547 1204 possit

1872 1213 2018 1269 velle
2050 1215 2178 1269 sine
2213 1217 2350 1287 Deo,
2382 1216 2486 1288 qui
2517 1233 2640 1273 non
2669 1219 2858 1289 possit
2887 1236 3014 1275 esse
3044 1221 3170 1276 sine
3200 1222 3320 1277 Deo
3341 1223 3369 1276 ‘l
3391 1225 3539 1278 Nam

1872 1308 1930 1357 et
1960 1302 2009 1358 si
2047 1304 2106 1358 in
2133 1303 2248 1359 hoc
2281 1305 2515 1360 Domini
2549 1323 2827 1362 sermone
2858 1308 2933 1363 de
2965 1309 3093 1364 solo
3125 1324 3306 1382 opere
3328 1310 3550 1366 intelli-

1874 1391 2141 1461 gendum
2172 1394 2310 1466 quis
2335 1398 2553 1462 censet,
2610 1395 2753 1452 audi
2783 1397 2929 1471 quid
2980 1399 3298 1470 apostolus
3338 1399 3538 1456 dicat:

1873 1482 2210 1548 Fiduciam,
2243 1483 2456 1555 inquit,
2519 1486 2698 1540 talem
2743 1485 3026 1542 habemus
3065 1487 3152 1543 ad
3198 1489 3540 1555 Dominum,

1874 1587 1994 1626 non
2017 1571 2178 1641 quod
2204 1574 2570 1641 sufﬁcientes
2609 1576 2794 1630 simus
2817 1577 3086 1646 cogitare
3111 1578 3352 1648 aliquid
3384 1594 3420 1633 a
3441 1593 3546 1632 no-

1879 1660 1964 1714 bis
1994 1663 2169 1730 quasi
2198 1676 2275 1716 ex
2304 1661 2471 1718 nobis
2493 1675 2520 1733 ,'
2555 1663 2660 1719 sed
2687 1665 3054 1733 sufﬁcientia
3094 1672 3303 1721 nostra
3333 1680 3406 1722 ex
3431 1672 3549 1722 Deo

105 1749 262 1825 quod
283 1764 408 1804 non
427 1748 659 1815 dixerit,
676 1752 843 1804 Pater
854 1750 1026 1821 juxta
1047 1749 1464 1805 haereticorum
1487 1749 1766 1822 blasphe«
1797 1761 1840 1819 Β
1878 1753 1960 1803 est
2000 1753 2066 1814 (ll
2100 1749 2235 1804 Cor.
2270 1766 2358 1821 ιιι,
2409 1755 2442 1806 4
2474 1757 2531 1807 et
2561 1756 2639 1817 5).
2690 1752 2798 1806 Ubi
2827 1754 3085 1808 ostendit
3126 1754 3324 1825 ipsum
3365 1754 3548 1810 bonae

105 1840 269 1906 mlas,
288 1854 365 1894 ne
394 1837 606 1894 Filium
627 1839 925 1895 videretur
945 1839 1393 1909 excludere,sed
1429 1838 1767 1911 Deus,quod

104 1927 250 1983 Patri
277 1927 546 2002 Filioque
559 1943 884 1983 commune
902 1933 989 1985 est
1009 1947 1020 1983 :
1047 1931 1116 1983 In
1122 1930 1427 1998 principio
1453 1928 1615 1984 enim
1636 1935 1763 1983 erat

116 2015 251 2075 VerC
267 2034 364 2072 .tm
393 2023 452 2073 et
491 2016 744 2074 Verbum
772 2023 907 2073 erat
933 2017 1100 2087 apud
1127 2019 1346 2074 Deum:
1377 2023 1432 2073 et
1453 2019 1612 2072 Deus
1635 2021 1767 2072 erat

114 2105 380 2162 Verbum.
413 2105 543 2162 Hoc
566 2111 700 2162 erat
719 2108 782 2162 in
810 2107 1114 2176 principio
1146 2107 1316 2176 apud
1340 2107 1530 2162 Deum
1562 2107 1761 2175 (Joan.

105 2211 146 2258 ι,
174 2199 222 2263 1,
254 2195 332 2266 2).
363 2197 445 2255 De
477 2210 598 2269 quo
624 2194 785 2250 idem
834 2198 1096 2251 Joannes
1145 2195 1378 2251 scribit:
1414 2197 1541 2264 lpse
1565 2199 1766 2250 autem

104 2285 262 2342 Jesus
279 2300 405 2341 non
423 2285 701 2342 credebat
726 2301 787 2341 se
805 2286 907 2351 eis,
928 2286 1070 2356 quia
1091 2283 1314 2341 sciebat
1335 2301 1552 2350 omnes,
1570 2291 1625 2339 et
1645 2299 1768 2338 non

108 2371 356 2429 habebat
405 2388 642 2430 necesse
667 2379 737 2428 ut
779 2374 1001 2445 aliquis
1051 2375 1451 2430 testimonium
1502 2373 1680 2427 daret
1715 2371 1775 2426 ei

106 2461 172 2518 de
199 2459 479 2532 homine;
508 2463 634 2531 ipse
663 2463 819 2518 enim
852 2461 1072 2518 sciebat
1103 2462 1253 2533 quid
1270 2467 1419 2518 esset
1436 2461 1498 2516 in
1531 2461 1776 2517 homine

105 2551 292 2621 (Joan.
327 2566 367 2616 1,
401 2553 514 2622 24).
539 2552 644 2607 Cui
666 2556 724 2607 et
751 2551 898 2606 illud
923 2551 1219 2622 congruit,
1238 2553 1428 2607 sciens
1453 2555 1652 2607 autem
1673 2552 1765 2605 Je-

103 2654 193 2695 sus
222 2641 614 2711 cogitationes
645 2657 848 2697 eorum
882 2642 1047 2707 (Luc.
1081 2657 1155 2707 v1,
1185 2642 1330 2712 8),et
1354 2640 1416 2695 in
1443 2639 1560 2696 alio
1590 2639 1722 2695 loco
1749 2655 1765 2704 ;

101 2728 298 2784 Sciens
327 2735 528 2786 autem
553 2730 720 2786 Jesus
733 2730 1030 2785 malitiam
1056 2744 1258 2786 eorum
1274 2729 1761 2800 (Matth.xxi,t8).

103 2819 176 2871 Ac
203 2830 280 2872 ne
305 2815 513 2892 aliqua
530 2817 604 2872 sit
632 2817 927 2873 dubitatio
954 2816 1249 2873 haereticis
1282 2816 1652 2872 calumniam
1682 2815 1768 2872 fa-

106 2903 395 2962 cientibus
442 2905 517 2961 de
548 2907 741 2962 Verbo
773 2907 894 2974 Dei,
951 2906 1118 2978 quod
1166 2907 1399 2962 noverit
1454 2906 1680 2972 omnia,
1705 2905 1767 2959 in

109 2991 365 3068 Epistol‘a
395 3009 534 3070 quae
566 2996 645 3050 ad
676 2995 954 3050 Hebraeos
980 2994 1276 3060 scribitur,
1303 2994 1598 3066 prolixius
1628 2993 1770 3048 dici-

1879 1835 2200 1892 voluntatis
2257 1839 2667 1911 concipiendas
2722 1846 2901 1912 atque
2933 1843 3270 1911 cogitanda:
3305 1842 3543 1899 initium

1877 1941 2001 1980 non
2031 1926 2210 1982 nobis
2242 1944 2376 1983 esse
2438 1945 2473 1984 a
2528 1929 2706 1984 nobis
2737 1933 2920 2002 atque
2981 1946 3053 1986 ex
3102 1931 3300 2001 nobis,
3333 1931 3440 1986 sed
3469 1947 3544 1987 ex

1880 2018 1999 2070 Deo
2025 2020 2115 2082 :get
2139 2016 2424 2072 refellitur
2457 2017 2682 2073 falsitas
2697 2023 2798 2073 tua
2825 2035 2949 2091 qua
2969 2019 3208 2075 dixeras
3232 2035 3410 2092 posse
3430 2035 3552 2075 nos

1876 2105 2026 2160 velle
2060 2105 2184 2160 sine
2216 2108 2355 2161 Deo.
2412 2107 2612 2162 Fidem
2647 2108 2746 2162 Dei
2788 2107 3020 2163 donum
3073 2124 3206 2164 esse
3244 2109 3379 2181 quis
3410 2125 3546 2165 am-

1876 2194 2042 2264 bigat
2061 2195 2094 2249 ?
2120 2195 2352 2252 dicente
2383 2197 2671 2269 Apostolo
2697 2216 2709 2252 :
2751 2197 2921 2254 Vobis
2960 2199 3117 2254 enim
3149 2200 3359 2255 datum
3377 2204 3462 2255 est
3503 2213 3548 2256 σ

1874 2285 2018 2351 Deo,
2050 2301 2170 2341 non
2205 2287 2396 2342 solum
2426 2291 2495 2342 ut
2524 2286 2784 2343 credatis
2828 2289 2891 2342 in
2924 2302 3077 2356 eum,
3110 2303 3315 2344 verum
3361 2289 3546 2344 etiam

1876 2379 1948 2428 ut
1987 2376 2320 2442 patiamini
2369 2391 2481 2444 pro
2536 2376 2644 2431 illo
2684 2376 2872 2445 (Phil.
2904 2392 2943 2446 ι,
2966 2378 3078 2447 29).
3123 2377 3287 2432 Patet
3339 2380 3547 2432 autem

1875 2457 2110 2513 nullum
2142 2459 2385 2515 credere
2403 2459 2516 2514 nisi
2547 2459 2870 2516 voluntate.
2893 2460 3045 2526 Quid
3075 2475 3221 2530 ergo
3238 2465 3331 2517 est
3358 2461 3550 2517 dona-

1875 2551 2002 2603 tum
2026 2549 2425 2616 credentibus,
2456 2554 2524 2605 ut
2558 2550 2618 2604 in
2649 2565 2792 2605 eum-
2818 2550 3070 2606 credant
3095 2555 3278 2623 atque
3304 2550 3543 2624 patian-

1874 2641 1991 2705 tur,
2023 2638 2140 2693 nisi
2166 2639 2310 2694 data
2340 2638 2624 2694 divinitus
2652 2639 2952 2709 voluntas,
2983 2655 3106 2711 qua
3134 2638 3194 2694 in
3222 2639 3393 2696 illum
3422 2655 3546 2695 cre—

1876 2725 2028 2782 dant
2053 2743 2298 2800 quaque
2328 2743 2437 2799 pro
2468 2727 2568 2782 illo
2597 2727 2948 2799 patiantur?
2976 2727 3032 2784 Si
3063 2742 3206 2797 ergo
3227 2743 3262 2784 a
3290 2729 3416 2784 Deo
3435 2727 3543 2784 do-

1876 2819 2061 2870 natur
2082 2816 2358 2872 voluntas
2408 2817 2467 2871 in
2500 2832 2641 2872 eum
2700 2815 2984 2872 credendi
3013 2821 3072 2872 et
3129 2831 3238 2889 pro
3274 2815 3380 2872 illo
3431 2831 3548 2890 pa-

1877 2904 2080 2971 tiendi,
2112 2904 2400 2960 nimirum
2457 2909 2694 2960 constat
2741 2905 2888 2977 quia
2919 2905 3048 2960 sine
3095 2905 3192 2961 illo
3221 2905 3370 2961 nihil
3391 2905 3542 2963 boni

1875 3009 2214 3065 possumus
2245 2993 2498 3048 velle.Ac
2517 3009 2627 3065 per
2647 2994 2762 3048 hoc
2794 2995 2978 3049 verba
3010 2994 3251 3051 Domini
3269 2984 3541 3052 dicéntis:

109 3087 230 3140 tur:
277 3084 497 3140 Vivens
527 3085 682 3139 enim
722 3098 913 3138 sermo
943 3084 1058 3140 Dei
1098 3089 1154 3138 et
1182 3084 1419 3139 evidens
1450 3089 1508 3139 et
1553 3087 1770 3138 acutus
1798 3120 1838 3177 G
1879 3083 2025 3138 Sine
2043 3097 2138 3138 me
2165 3081 2322 3136 nihil
2348 3083 2590 3151 potestis
2613 3083 2838 3150 facere,
2883 3083 2965 3136 ita
2993 3082 3206 3137 sanius
3231 3087 3292 3137 et
3325 3084 3553 3138 rectius

108 3187 277 3244 super
307 3187 544 3229 omnem
572 3172 848 3243 gladium
868 3171 1183 3240 bicipitem,
1204 3178 1256 3227 et
1289 3172 1558 3226 dividens
1586 3185 1774 3241 usque
1803 3168 1838 3177 ν
1878 3168 2263 3240 intelligenda
2312 3175 2469 3234 sunt,
2529 3175 2596 3224 ut
2619 3170 2829 3239 facere
2884 3170 2963 3224 ad
3012 3175 3337 3242 utrumque
3391 3170 3546 3226 refe-

108 3262 187 3318 ad
192 3263 587 3333 part-itionem
618 3263 838 3317 animi}:
864 3267 921 3317 et
944 3262 1217 3330 spiritus,
1250 3267 1495 3316 artuum
1537 3274 1776 3331 quoque

109 3357 156 3406 et
181 3352 614 3414 medullarum,
645 3356 701 3406 et
715 3351 917 3420 judea:
947 3350 1379 3423 cogitationum
1405 3355 1460 3406 et
1490 3365 1770 3405 sensuum

112 3440 646 3512 cordis.Nullaque
667 3444 750 3496 est
782 3443 1065 3495 creatura
1094 3439 1416 3494 invisibilis
1433 3440 1498 3494 in
1527 3453 1770 3506 conspe-

110 3533 200 3584 ctu
225 3531 373 3601 ejus.
407 3528 621 3584 Omnia
653 3534 851 3584 autem
878 3527 1044 3583 nuda
1075 3533 1128 3583 et
1169 3532 1382 3596 aperta
1410 3532 1552 3582 sunt
1583 3528 1773 3582 oculis

109 3615 288 3688 illius,
317 3619 394 3674 de
451 3633 572 3690 quo
603 3618 770 3673 nobis
827 3633 1018 3673 sermo
1049 3623 1133 3672 est
1187 3617 1390 3686 (Hebr.
1433 3633 1509 3681 IV,
1538 3621 1621 3683 t2,
1661 3618 1768 3687 13).

111 3707 428 3780 Postquam
451 3711 653 3762 autem
676 3722 886 3761 omnes
916 3706 1308 3774 cogitationes
1341 3705 1401 3760 in
1433 3722 1623 3760 unum
1651 3707 1771 3761 fue-

113 3795 220 3853 rint
247 3803 651 3869 congregatae,
683 3799 1035 3852 accusantes
1061 3811 1172 3851 nos
1199 3795 1292 3850 vel
1343 3795 1730 3851 defendentes
1755 3813 1774 3851 τ

1877 3263 2062 3327 ratur,
2088 3259 2167 3313 ad
2196 3259 2423 3314 factum
2449 3259 2664 3313 mentis
2715 3262 2772 3313 et
2815 3257 3038 3313 factum
3076 3259 3364 3332 corporis,
3395 3275 3545 3332 quo-

1879 3348 2044 3404 niam
2097 3353 2423 3420 utrumque
2475 3364 2630 3419 opus
2683 3347 2985 3419 Scriptura
3035 3347 3319 3420 appellat,
3377 3348 3548 3420 quod

1880 3453 2004 3492 non
2031 3437 2228 3492 solum
2253 3436 2410 3492 facto
2441 3436 2589 3504 ﬁeri,
2625 3435 2734 3491 sed
2761 3435 2942 3491 etiam
2974 3436 3278 3495 voluntate
3309 3437 3546 3510 concipi

1883 3525 2052 3582 solet.

1956 3615 2364 3688 Respiciamus
2395 3629 2541 3669 sane
2583 3614 2746 3671 beati
2795 3614 2948 3670 Petri
2994 3615 3250 3688 apostoli
3278 3615 3555 3686 negatio-

1882 3721 2043 3776 nem,
2077 3710 2132 3760 et
2161 3704 2476 3776 perspicue
2505 3704 2675 3776 quod
2703 3720 2738 3759 a
2761 3705 2884 3760 Deo
2908 3704 3086 3760 nobis
3121 3704 3269 3760 velle
3299 3705 3392 3771 sit,
3421 3720 3553 3761 non

1883 3810 1956 3848 ex
1983 3793 2180 3862 nobis,
2206 3793 2436 3865 liquido
2462 3807 2925 3862 cognoscemus.
2975 3793 3086 3857 Qui
3107 3793 3268 3848 enim
3300 3793 3554 3864 propria-

113 3886 246 3940 tunc
273 3901 488 3941 omnes
520 3889 727 3955 gentes
758 3890 816 3941 et
864 3884 1084 3955 linguae
1117 3899 1257 3940 cum
1308 3884 1772 3954 cogitationibus
1881 3882 2188 3938 voluntate
2218 3881 2474 3951 negavit,
2501 3895 2892 3954 nequaquam
2945 3881 3192 3952 propria
3239 3881 3556 3936 voluntate

114 3973 228 4030 suis
257 3975 488 4048 pariter
502 3974 879 4030 adducentur
909 3974 970 4028 in
986 3973 1277 4028 medium.
1295 3973 1553 4043 Linguas
1571 3978 1773 4029 autem
1882 3971 2180 4044 paenituit,
2199 3971 2396 4026 donec
2412 3975 2724 4042 respectus
2751 3969 3014 4041 desuper
3041 3969 3118 4026 ad
3146 3984 3214 4025 se
3237 3969 3554 4042 rediit,qui

111 4061 273 4130 juxta
297 4063 644 4137 apostolum
677 4063 950 4130 Paulum,
970 4079 1091 4118 non
1126 4061 1324 4117 solum
1354 4061 1673 4118 hominum
1689 4061 1779 4116 le-
1882 4060 2201 4134 paululum
2225 4059 2562 4128 derelictus,
2617 4063 2680 4115 ut
2705 4059 2787 4115 ita
2831 4059 3104 4127 dixerim,
3141 4075 3178 4116 a
3205 4074 3268 4115 se
3296 4059 3430 4132 ipso
3459 4073 3558 4114 re-

117 4150 302 4219 gimus
333 4153 445 4209 sed
472 4157 529 4208 et
559 4152 915 4224 angelorum
967 4152 1224 4222 legimus
1285 4153 1342 4222 (Ῑ
1366 4154 1507 4209 Cor.
1543 4168 1664 4219 xm,
1699 4152 1770 4222 τ).
1885 4153 2163 4206 cesserat.
2195 4153 2240 4204 Α
2268 4165 2330 4204 se
2360 4149 2512 4220 ipso,
2541 4148 2814 4220 inquam,
2846 4147 3044 4220 qualis
3078 4148 3272 4206 fuerat
3300 4147 3554 4221 quando

119 4241 194 4295 Ex
219 4258 339 4314 quo
369 4241 716 4312 intelligitur
741 4257 955 4297 omnes
989 4244 1294 4296 creaturas
1326 4256 1363 4296 a
1393 4241 1647 4296 Domino
1678 4241 1772 4310 ju-

119 4327 422 4398 dicandas,
447 4347 573 4387 non
603 4331 800 4403 solum
858 4346 1038 4403 super
1068 4335 1309 4399 terram,
1361 4331 1467 4385 sed
1522 4330 1583 4384 in
1620 4329 1774 4384 mari

121 4417 240 4488 [al.,
270 4421 430 4494 aere]
455 4420 593 4477 etin
625 4401 985 4487 cc'el‘estibus,
1017 4421 1190 4490 juxta
1216 4419 1386 4491 quod
1421 4419 1548 4490 ipse
1581 4419 1641 4474 in
1669 4436 1769 4474 su-

120 4509 444 4580 perioribus
474 4511 743 4566 dixerat:
773 4511 1113 4566 Inebriatus
1145 4515 1233 4565 est
1257 4509 1500 4580 gladius
1523 4525 1686 4565 meus
1709 4525 1770 4564 in

1886 4239 2210 4295 Dominum
2235 4239 2416 4294 etiam
2447 4255 2483 4293 a
2510 4238 2692 4308 longe
2717 4251 2999 4310 sequens,
3028 4237 3088 4293 in
3129 4238 3354 4294 atrium
3384 4237 3556 4310 prim

1885 4329 2032 4402 cipis
2055 4327 2436 4384 sacerdotum
2453 4327 2950 4384 intraverat.Dicit
2964 4329 3125 4384 enim
3149 4326 3556 4398 Evangelista:

1884 4420 2211 4490 Postquam
2242 4419 2418 4474 tertio
2433 4419 2640 4488 gallus
2671 4424 3046 4488 cantaverat,
3075 4423 3129 4474 et
3156 4420 3420 4487 inspexit
3446 4419 3559 4473 Do-

1884 4509 2083 4564 minus
2111 4509 2382 4577 Petrum,
2410 4511 2466 4562 et
2495 4507 2849 4564 recordatus
2879 4514 2964 4563 est
2994 4508 3214 4563 Petrus
3237 4505 3405 4563 verbi
3435 4507 3560 4563 llo--

122 4598 259 4652 casto
287 4601 367 4654 ad
396 4606 742 4672 terramque
769 4599 1087 4656 descendet
1118 4603 1253 4664 (lsa.
1287 4614 1404 4665 xxv,
1437 4598 1536 4668 5).]
1885 4597 2038 4653 mini
2055 4612 2170 4668 quo
2194 4596 2478 4652 dixerat:
2503 4596 2868 4666 Priusquam
2884 4595 3090 4664 gallus
3105 4598 3326 4662 cantet,
3350 4601 3554 4649 tcrme

186 4687 226 4758 δε
252 4687 561 4762 Siquidem
609 4689 1001 4758 cogitationes
1053 4687 1183 4744 sola
1232 4687 1534 4744 voluntate
1565 4702 1776 4742 conce-
1887 4685 2152 4758 negabis.
2184 4686 2268 4740 Et
2319 4699 2589 4755 egressus
2643 4685 2816 4753 foras
2858 4684 3032 4752 ﬂevit
3053 4698 3267 4741 amare
3306 4682 3558 4753 (Matth.

125 4779 248 4844 ptas
277 4777 355 4834 ad
384 4793 542 4850 opus
587 4779 880 4852 pertinere
938 4778 1232 4853 Propheta
1264 4775 1610 4832 manifestat
1636 4792 1777 4831 cum
1886 4777 2123 4841 xxvm‘i
2140 4778 2198 4830 et
2211 4775 2672 4841 75).Tantumne
2689 4770 3059 4828 obsurduisti
3081 4777 3291 4828 utnon
3311 4769 3556 4839 audias,

126 4861 289 4921 dicit:
336 4867 578 4924 Etenim
610 4869 673 4923 in
717 4867 894 4924 corde
924 4868 1278 4938 iniquitates
1323 4867 1677 4937 operamini,
1713 4867 1782 4920 in
1889 4866 2153 4935 respexit
2210 4864 2492 4918 Dominus
2516 4866 2574 4918 et
2625 4861 2976 4918 recordatus
3001 4866 3090 4917 est
3137 4859 3399 4918 Petrus?
3425 4862 3562 4915 Non

130 4957 278 5012 terra
305 4958 638 5027 injustitias
655 4974 868 5014 manus
896 4963 1107 5013 vestras
1125 4958 1494 5012 concinnant
1517 4957 1773 5027 (Ps.Lvu,
1890 4955 2051 5010 enim
2073 4953 2248 5025 prius
2285 4951 2380 5007 ille
2410 4951 2760 5008 recordatus
2786 4954 2895 5019 est,
2923 4953 2982 5005 et
3029 4949 3343 5018 Dominus,
3393 4952 3562 5022 post-

129 5042 198 5112 3).
226 5045 360 5110 Quae
389 5048 611 5103 etenim
644 5064 834 5103 causa;
857 5052 946 5104 est
975 5052 1042 5103 ut
1063 5047 1137 5102 de
1164 5045 1625 5115 cogitationibus
1650 5044 1782 5116 qui-

131 5145 274 5203 sque.
290 5135 744 5206 iudiceturmisi
765 5136 910 5210 quia
933 5135 1080 5193 tales
1103 5140 1246 5192 sunt.
1269 5140 1334 5190 ut
1353 5151 1464 5208 pro
1493 5133 1779 5204 operibus

129 5218 420 5294 deputatas
445 5231 549 5282 aut
597 5231 960 5283 coronentur
1006 5225 1216 5282 merito
1246 5229 1348 5281 aut
1390 5223 1784 5287 damnentur,

133 5307 370 5370 Domino
393 5315 456 5372 id
477 5315 657 5372 etiam
687 5315 1051 5382 declarante,
1085 5314 1188 5388 qui
1219 5314 1396 5370 dicit:
1425 5313 1540 5381 Qui
1563 5312 1785 5368 viderit

1890 5044 2144 5100 modum
2169 5041 2452 5114 respexit,
2487 5040 2594 5096 sed
2621 5039 2824 5112 primo
2855 5039 3115 5111 respexit
3157 5038 3468 5110 Dominus,
3499 5042 3566 5096 et

1890 5136 2028 5205 post
2056 5130 2407 5187 recordatus
2436 5133 2524 5186 est
2561 5130 2789 5186 Petrus.
2853 5128 3017 5185 Prius
3039 5128 3320 5202 respexit
3343 5127 3556 5198 gratia,

1893 5225 1949 5275 et
1975 5223 2122 5291 post
2135 5217 2452 5274 recordata
2482 5221 2574 5272 est
2595 5215 3144 5288 pauitantiaPrius
3163 5215 3428 5288 respexit
3443 5215 3564 5271 mi-

1894 5308 2237 5376 sericordia,
2259 5311 2316 5364 et
2342 5311 2484 5380 post
2502 5306 2667 5362 ﬂevit
2696 5306 2960 5363 miseria.
2996 5305 3180 5377 Cujus
3210 5309 3565 5376 est,qu

130 5400 424 5461 mulierem
455 5405 536 5462 ad
560 5404 1099 5475 concupiscendum
1131 5419 1280 5473 eam,
1294 5407 1429 5474 jam
1452 5403 1782 5459 mcechatus
1891 5413 2056 5454 nunc
2086 5396 2238 5452 velle
2264 5413 2276 5451 :
2310 5394 2702 5468 respicientis,
2736 5409 2822 5451 an
2840 5398 2973 5466 post
2991 5396 3334 5466 respectum
3363 5406 3566 5450 recom-

135 5493 213 5543 est
236 5503 360 5548 eam
388 5494 450 5550 in
479 5495 657 5551 corde
681 5511 787 5551 suo
808 5498 835 5550 ?
867 5493 1104 5566 (Matth.
1136 5510 1195 5561 v,
1227 5494 1341 5564 28).
1389 5495 1661 5547 Patenter
1690 5490 1782 5545 in-
1895 5486 2094 5544 dantis
2124 5485 2324 5541 donec
2347 5484 2611 5554 negavit.
2643 5485 2772 5538 Non
2798 5483 3014 5555 utique
3035 5481 3255 5538 habuit
3273 5479 3433 5536 velle
3452 5482 3568 5537 Do—

137 5573 355 5636 dicatur
374 5582 490 5638 hac
517 5584 814 5641 sententia
843 5581 1215 5638 voluntatem
1255 5585 1312 5637 et
1357 5579 1782 5650 cogitationem
1895 5578 2131 5633 minum
2155 5572 2498 5639 conﬁtendi,
2541 5573 2852 5644 respectus
2904 5574 3107 5626 autem
3133 5568 3367 5642 accepit.-
3388 5567 3562 5637 velle,

138 5664 212 5720 ad
236 5682 382 5741 opus
403 5674 718 5746 pertinere,
735 5690 873 5729 cum
903 5673 1039 5747 quis
1061 5689 1131 5728 eo
1153 5670 1370 5728 affectu
1393 5669 1635 5740 cogitat,
1658 5668 1796 5725 vult
1895 5681 2020 5722 non
2083 5663 2283 5720 solum
2329 5660 2744 5728 confessionis,
2801 5659 2910 5716 sed-
2935 5660 3116 5719 etiam
3167 5657 3567 5716 confusionis.

140 5757 192 5810 et
218 5757 390 5832 videt,
425 5768 491 5821 ut
527 5763 679 5821 nihil
718 5764 884 5822 aliud
925 5761 1156 5820 intersit
1183 5777 1369 5835 quam
1399 5757 1790 5835 perpetrandi
1900 5757 2043 5814 Inde
2072 5759 2164 5814 est
2196 5755 2363 5829 quod
2395 5755 2477 5812 ait
2504 5752 2912 5825 Evangelista:
2968 5753 3047 5809 Et
3092 5752 3456 5811 recordatus
3476 5753 3569 5809 est
