3974 6446
180 5 1739 78 Ἠ

419 319 555 375 1063

1524 317 1581 374 S.
1606 313 1981 371 PRUDENTII
2012 313 2390 375 TRECENSIS
2411 321 2725 379 EPISCOPI

3716 327 3859 411 φοι

415 441 634 498 Petrus
664 438 829 496 verbi
853 438 1097 494 Domini
1109 453 1227 508 quo
1254 438 1535 495 dixerat:
1567 439 1907 509 Antequam
1938 437 2073 508 θαι·-
2104 451 2151 503 Α
2185 442 2356 515 velle,
2383 445 2491 501 sed
2515 445 2767 509 malum,
2800 446 2896 501 eui
2914 444 3226 502 insistebat
3252 449 3311 502 et
3334 445 3431 502 cui
3450 449 3618 503 tanto
3649 446 3855 503 studio

417 532 513 587 lus
542 536 759 597 cantet,
793 534 883 585 ter
909 542 1002 584 me
1028 523 1295 599 negabis.
1318 529 1399 583 Et
1424 544 1691 600 egressus
1711 529 1881 598 foras
1908 528 2075 595 ﬂevit

416 635 642 678 amare.
669 618 1038 676 Recordatus
1083 622 1190 688 est,
1244 618 1390 690 quia
1426 618 1685 675 nimium
1711 618 1787 675 de
1835 632 1897 673 se
1925 631 2075 690 prae-

416 712 755 783 sumpserat
795 705 1082 762 dicendo:
1122 707 1384 764 Etiamsi
1417 709 1751 778 oportuerit
1790 722 1884 764 me
1921 706 2078 764 mori

415 806 625 865 tecum,
656 812 776 853 non
796 802 852 852 te
875 797 1104 867 negabo
1140 795 1379 867 (Matth.
1420 814 1573 868 xxvx,
1606 799 1729 869 35);
1762 802 1822 853 et
1848 796 2073 852 confes-

411 904 514 942 sus
543 890 600 943 et
629 884 972 951 salubriter,
1006 885 1152 956 quia
1193 885 1271 941 ad
1311 902 1524 942 vocem
1550 885 1780 942 ancillae
1811 900 2073 955 negave-

409 980 501 1032 rat
546 972 1004 1041 damnabiliter;
1065 972 1323 1046 ideoque
1370 990 1637 1046 egressus
1691 976 1863 1044 foras
1906 974 2074 1044 ﬂevit

409 1078 635 1121 amare.
704 1062 959 1117 Prorsus
1023 1062 1129 1135 qui
1191 1078 1315 1118 non
1371 1063 1538 1136 prius
1587 1068 1677 1119 est
1721 1061 2071 1118 recordatus

402 1170 592 1226 quam
644 1158 973 1224 respectus,
1032 1157 1304 1223 patenter
1361 1152 1591 1209 indicat
1651 1169 1771 1209 non
1804 1164 1933 1208 ase
1960 1152 2072 1207 sibi

405 1244 592 1300 fuisse
622 1242 794 1312 velle,
820 1241 928 1298 sed
969 1242 1271 1315 accepisse
1297 1258 1359 1299 se
1389 1243 1468 1299 ab
1496 1240 1598 1299 illo
1627 1259 1664 1299 a
1691 1259 1816 1316 quo
1843 1258 2075 1316 respec-

404 1336 503 1389 tus
531 1336 637 1389 est.
669 1331 778 1389 Ubi
807 1336 895 1386 est
931 1347 1093 1387 nunc
1123 1332 1530 1404 interpretatio
1572 1337 1695 1399 tua,
1728 1347 1852 1405 qua
1874 1331 2071 1388 dixisti

406 1439 549 1478 eum
587 1421 832 1478 dixisset
858 1421 1175 1477 Dominus:
1209 1422 1353 1478 Sine
1390 1437 1483 1479 me
1510 1421 1668 1477 nihil
1703 1422 1945 1491 potestis
1966 1422 2070 1492 fa-

405 1527 557 1578 cere,
589 1527 715 1567 non
745 1510 893 1566 dixit
917 1508 1067 1565 velle
1087 1510 1115 1566 ?
1152 1509 1404 1566 Videsne
1434 1525 1558 1565 non
1586 1509 1851 1582 potuisse
1876 1525 2071 1565 recor-

403 1600 538 1657 dari
567 1603 823 1664 Petrum,
870 1597 987 1654 nisi
1034 1598 1200 1672 prius
1250 1598 1541 1653 Dominus
1590 1598 1967 1671 respexisset,
2005 1597 2068 1654 id

402 1694 497 1746 est
525 1689 894 1745 voluntatem
922 1686 1281 1744 recordandi
1303 1704 1373 1744 ac
1399 1687 1582 1744 ﬂendi
1604 1687 2067 1744 misericorditer

399 1779 736 1835 infudisset.

476 1867 805 1924 Videamus
852 1867 1029 1923 etiam
1062 1864 1479 1939 coapostolum
1531 1866 1663 1937 ejus
1700 1866 2064 1931 Matthaaum,

400 1962 605 2014 utrum
632 1961 689 2013 et
716 1957 845 2029 ipse
874 1956 1067 2026 gratia
1094 1959 1429 2027 praeventus
1473 1970 1552 2011 an
1580 1954 1893 2011 voluntate
1924 1971 2066 2027 pro-

398 2048 534 2121 pria
560 2046 881 2103 Dominum
902 2045 976 2101 sit
1002 2050 1260 2101 secutus.
1283 2044 1494 2100 Scribit
1511 2044 1640 2117 ipse
1662 2044 1723 2100 in
1746 2044 2064 2115 Evangelio

402 2153 516 2193 suo
540 2154 553 2191 :
598 2137 754 2192 Vidit
774 2138 944 2192 Jesus
970 2136 1365 2205 publicanum
1394 2134 1689 2190 sedentem
1716 2134 1779 2189 in
1820 2134 2062 2203 telonio,

399 2226 754 2282 Matthaeum
783 2225 1040 2294 nomine,
1072 2230 1125 2280 et
1148 2224 1235 2279 ait
1256 2224 1387 2278 illi:
1418 2224 1676 2294 Sequere
1700 2238 1828 2279 me:
1861 2228 1915 2279 et
1935 2239 2066 2278 sur-

398 2330 544 2386 gens
573 2319 807 2370 secutus
853 2319 938 2369 est
967 2328 1099 2370 eum
1138 2312 1379 2383 (Matth.
1414 2329 1495 2381 ix,
1538 2315 1569 2366 9
1620 2317 1676 2367 et
1735 2315 1843 2380 10).
1890 2310 2065 2377 Quod

402 2404 485 2459 ait
514 2403 659 2459 vidit
682 2405 875 2470 .lesus,
907 2418 1030 2458 non
1054 2406 1180 2457 tam
1211 2401 1290 2457 ad
1327 2400 1526 2456 visum
1567 2399 1831 2457 hominis
1873 2415 2063 2472 quam

400 2492 479 2549 ad
507 2491 787 2548 intuitum
813 2492 1016 2562 gratiae
1044 2489 1413 2562 respicientis
1442 2489 1737 2545 debemus
1767 2488 2058 2561 accipere.

410 2583 567 2637 Vidit
588 2581 734 2653 quia
755 2580 1033 2636 misertus
1063 2582 1172 2640 est,
1206 2579 1355 2634 vidit
1400 2577 1547 2649 quia
1576 2576 1946 2633 voluntatem
1998 2594 2061 2632 se

398 2668 645 2724 videndi
695 2667 930 2735 infudit,
956 2668 1105 2723 vidit
1136 2664 1280 2738 quia
1302 2663 1489 2719 videri
1529 2680 1590 2719 se
1616 2664 1770 2719 fecit.
1805 2662 2062 2719 Sedebat

398 2759 457 2814 in
518 2758 737 2814 telonio
798 2756 1179 2830 publicanus,
1230 2753 1410 2809 lueris
1462 2753 1754 2821 inhiabat,
1806 2753 2060 2823 negotiis

398 2846 645 2901 terrenis
674 2843 1213 2917 eoneupiseibiliter
1236 2840 1627 2909 inserviebat;
1645 2840 1858 2897 oculus
1888 2857 2058 2897 men-

401 2935 474 2991 tis
532 2934 754 3007 pariter
801 2949 939 2988 cum
990 2931 1179 2987 oculis
1208 2930 1474 3003 corporis
1507 2930 1585 2985 ad
1623 2933 1896 3002 quaestus
1951 2946 2058 3002 pu-

394 3022 584 3079 blicos
614 3028 671 3079 et
698 3022 964 3095 privatos
997 3021 1391 3092 depresserat,
1434 3017 1694 3088 cogitare
1733 3016 1809 3073 de
1850 3018 2058 3074 coeles-

395 3113 556 3169 tibus
612 3112 863 3168 minime
920 3109 1267 3179 satagebat;
1328 3107 1600 3180 nunquid
1647 3106 1941 3163 dicendus
1971 3112 2060 3163 est

391 3201 681 3257 habuisse
704 3199 875 3267 velle,
908 3214 1227 3271 quousque
1257 3196 1423 3252 visus
1466 3211 1589 3252 non
1613 3195 1752 3251 est?
1787 3199 1844 3251 et
1888 3195 2055 3251 visus

392 3296 481 3348 est
508 3296 565 3347 et
589 3291 873 3348 continuo
904 3287 1417 3360 voluit,quoniam
1445 3286 1597 3342 visio
1623 3285 1725 3341 illa
1749 3285 1824 3341 de
1848 3287 2055 3355 gratiae

390 3396 525 3436 rore
548 3380 857 3436 manabat.
892 3382 1039 3433 Nam
1065 3380 1123 3432 et
1144 3374 1313 3448 quod
1349 3374 1433 3430 ait
1453 3375 1874 3443 publicanum,
1907 3375 2054 3430 satis

390 3469 615 3525 indicat
659 3468 805 3540 quia
850 3482 984 3523 rore
1032 3464 1275 3537 superni
1325 3467 1631 3536 respectus
1674 3462 2052 3519 madefactus

392 3562 574 3630 atque
627 3555 964 3613 comollitus
990 3554 1085 3621 sit,
1119 3568 1243 3609 non
1271 3552 1535 3625 propria,
1558 3567 1747 3625 quam
1787 3552 2052 3608 necdum

390 3647 704 3714 habuerat,
734 3644 1041 3701 voluntate
1071 3657 1411 3697 conversus.
1447 3642 1511 3696 In
1537 3657 1659 3713 quo
1690 3640 2052 3697 admiranda

390 3742 482 3793 est
504 3736 761 3792 nimium
805 3734 892 3789 vis
941 3748 1011 3788 ac
1040 3730 1307 3803 potentia
1345 3729 1549 3800 gratiae
1596 3730 1871 3797 videntis,
1911 3746 2049 3802 quin

388 3842 533 3883 mox
560 3830 624 3881 ut
642 3824 806 3881 videt
833 3822 1093 3896 perﬁcit:
1119 3819 1322 3876 videre
1350 3818 1507 3874 illius
1534 3817 1701 3873 nulla
1724 3818 2050 3890 intercape-

387 3915 568 3972 dante
598 3912 835 3970 morula
873 3926 1029 3983 opus
1067 3912 1187 3966 est:
1219 3923 1357 3981 quae
1409 3910 1575 3962 tanta
1614 3906 1673 3961 vi
1714 3906 2050 3978 penetravit

384 4010 649 4061 mentem
701 4000 1028 4077 publicani,
1061 4002 1128 4054 ut
1165 3999 1365 4053 statim
1419 4000 1733 4052 vocantem
1788 3995 2047 4065 gratiam

387 4098 754 4167 sequeretur.
796 4090 930 4160 Agit
967 4089 1083 4145 hoc
1129 4087 1417 4143 nimirum
1469 4084 1757 4141 instinctu
1809 4083 2045 4140 occulto

385 4183 488 4238 Dei
508 4179 946 4255 omnipotentia
971 4178 1034 4233 in
1084 4174 1367 4231 cordibus
1395 4173 1734 4243 hominum,
1756 4172 1852 4228 vel
1899 4172 2043 4228 leni-

2183 534 2512 602 satagebat.
2547 535 2883 591 Audiamus
2914 534 3259 607 sequentia:
3309 535 3392 591 Et
3422 536 3678 607 contigit
3708 538 3856 591 dum

2181 620 2294 677 iret
2324 625 2711 695 Damascum,
2738 624 3145 693 circumfulsit
3174 638 3307 681 eum
3335 625 3447 681 tua:
3470 624 3544 681 de
3565 625 3740 681 caelo.
3773 624 3854 682 Et

2182 711 2400 768 cadens
2429 713 2492 769 in
2520 718 2766 782 terram,
2785 712 3018 770 audivit
3050 728 3249 769 vocem
3278 712 3352 769 de
3378 713 3525 770 caelo
3552 713 3853 770 dicentem

2182 798 2297 854 sibi
2323 816 2335 853 :
2368 801 2575 871 Saule,
2605 802 2809 872 Saule,
2850 802 2997 873 quid
3024 817 3116 857 me
3152 802 3526 873 persequeris
3545 802 3573 858 ?
3597 802 3715 858 Ille
3744 817 3853 858 au-

2182 891 2298 943 tem
2321 889 2477 946 dixit
2503 907 2515 945 :
2543 891 2684 958 Quis
2706 878 2785 955 es,
2815 892 3059 948 Domine
3080 893 3108 945 ?
3138 896 3195 947 et
3222 892 3313 947 ait
3342 891 3424 947 ad
3465 907 3596 948 eum
3648 892 3853 947 Domi-

2180 991 2294 1031 nus
2324 993 2345 1032 .·
2372 979 2504 1049 Ego
2533 994 2668 1037 sum
2696 981 2870 1036 Jesus
2895 980 3269 1047 Nazarenus,
3318 994 3490 1051 quem
3534 986 3601 1036 tu
3651 994 3854 1049 perse-

2179 1066 2398 1134 queris.
2432 1069 2669 1124 Durum
2701 1074 2786 1125 est
2820 1068 2930 1124 tibi
2952 1069 3486 1125 contrastimulum
3512 1069 3849 1125 calcitrare

2181 1153 2379 1224 (Ibid,
2410 1166 2564 1214 vers.
2597 1160 2721 1225 3-5)
2752 1157 2873 1213 Deo
2902 1157 3145 1227 gratias,
3185 1153 3849 1231 Audieramus'lupum

2178 1241 2551 1311 frementem,
2585 1245 2907 1302 audiamus
2950 1261 3179 1316 agnum
3211 1244 3645 1302 mitescentem.
3700 1245 3847 1313 Quis

2179 1345 2258 1400 es,
2278 1332 2490 1405 inquit,
2512 1336 2765 1391 Domine
2783 1334 2811 1389 ?
2834 1334 3000 1389 Prius
3022 1349 3133 1390 nec
3161 1333 3474 1391 hominem
3506 1332 3720 1390 saltem
3753 1333 3845 1390 di-

2178 1421 2477 1491 gnabatur
2503 1412 2852 1494 agnoscere,
2883 1427 2941 1480 et
2962 1428 3204 1497 repente
3224 1427 3486 1480 tremens
3514 1423 3847 1480 Dominum

2178 1510 2511 1568 conﬁtetur.
2550 1512 2714 1568 Unde
2743 1513 2858 1568 hoc
2903 1528 3026 1568 uno
3071 1511 3408 1585 eodemque
3436 1516 3749 1569 momento
3791 1517 3849 1568 et

2175 1599 2356 1672 lupus
2386 1607 2442 1657 et
2463 1617 2658 1671 agnus
2684 1601 3020 1657 ostenditur
3039 1603 3067 1657 ἱ)
3098 1603 3301 1673 Lupus
3333 1605 3665 1674 antequam
3706 1618 3847 1674 pro-

2177 1694 2415 1759 stratus,
2457 1692 2871 1763 prosternitur,
2894 1695 2951 1747 et
2976 1706 3171 1760 agnus
3209 1689 3481 1747 efﬁcitur.
3514 1691 3842 1747 Prosterni-

2097 1802 2137 1857 Β
2176 1782 2270 1834 tur
2300 1779 2708 1835 ferocissimus
2735 1784 3101 1853 perseeutor,
3135 1784 3192 1835 et
3214 1780 3459 1850 erigitur
3485 1778 3839 1836 mitissimus

2172 1867 2550 1940 praedicator.
2575 1868 2923 1925 Ferociebat
2944 1874 3001 1924 et
3026 1874 3286 1924 emeatus
3317 1872 3406 1924 est
3428 1886 3442 1936 ;
3472 1873 3757 1939 caecatur,
3782 1872 3840 1924 et

2171 1955 2565 2013 illuminatur.
2600 1956 2789 2023 Unde,
2811 1973 3023 2029 quaeso
3048 1961 3100 2012 te
3123 1956 3150 2011 Ὺ
3181 1959 3273 2013 An
3298 1956 3372 2012 de
3392 1957 3638 2030 proprio
3657 1955 3838 2012 velle?

2175 2045 2346 2101 Absit
2376 2064 2390 2113 ;
2433 2046 2537 2101 sed
2567 2045 2642 2101 de
2671 2062 2805 2101 rore
2836 2045 3061 2116 gratiae.
3100 2044 3264 2102 Velle
3293 2044 3631 2102 ferocientis
3664 2050 3835 2102 ante-

2171 2150 2360 2206 quam
2400 2139 2878 2207 prosterneretur
2924 2134 3309 2190 audivimus:
3369 2134 3593 2191 Saulus
3630 2133 3835 2191 adhuc

2170 2225 2410 2293 spirans
2436 2225 2741 2281 minarum
2787 2230 2843 2281 et
2891 2224 3093 2293 ctedis,
3123 2222 3449 2280 audiamus
3474 2228 3531 2279 et
3558 2223 3831 2294 gaudea-

2170 2328 2308 2367 mus
2333 2312 2608 2369 balatum
2637 2312 2779 2382 agni
2808 2311 3209 2369 mitescentis:
3257 2312 3398 2379 Quis
3423 2327 3503 2381 es,
3535 2312 3832 2369 Domine?

2170 2402 2425 2457 Prorsus
2453 2418 2578 2459 non
2606 2402 2724 2459 hoc
2743 2419 2816 2458 ex
2844 2402 3152 2459 voluntate
3190 2401 3438 2475 propria
3473 2417 3684 2474 quam,
3710 2401 3832 2457 ins-

2168 2490 2402 2563 pirante
2423 2492 2635 2563 gratia,
2652 2491 2715 2547 in
2742 2490 2955 2548 eadem
2982 2490 3468 2548 circumfulsione
3488 2506 3716 2547 novam
3736 2506 3831 2548 ae-

2169 2580 2344 2648 cepit.
2375 2580 2637 2653 Accepit,
2669 2580 2947 2653 inquam,
2972 2580 3119 2653 quia
3144 2579 3394 2636 minime
3417 2578 3829 2636 habebat.Au-

2167 2668 2229 2723 di
2257 2669 2408 2741 quid
2436 2669 2563 2742 ipse
2591 2669 2666 2725 de
2695 2686 2757 2726 se
2788 2673 3061 2726 testetur:
3100 2668 3249 2725 Cum
3271 2675 3492 2737 autem,
3523 2668 3827 2742 inquiens,

2166 2759 2532 2827 complacuit
2562 2759 2616 2815 ei
2646 2760 2752 2831 qui
2779 2774 2873 2816 me
2901 2760 3238 2829 segregavit
3287 2772 3363 2815 ex
3391 2763 3561 2815 utero
3614 2759 3829 2815 matris

2166 2861 2331 2917 meae,
2381 2851 2438 2902 et
2464 2848 2697 2903 vocavit
2738 2862 2852 2917 per
2878 2850 3144 2918 gratiam
3181 2861 3375 2906 suam.
3422 2840 3489 2901 ut
3531 2836 3829 2903 revelaret

2164 2934 2391 2990 Filium
2417 2950 2589 2990 suum
2621 2936 2684 2990 in
2713 2950 2804 2991 me
2834 2935 2993 3006 (Gal.
3027 2951 3066 3007 1,
3101 2936 3208 3006 15).
3243 2934 3355 3000 Qui
3398 2934 3559 2990 enim
3589 2928 3678 2991 ex'
3702 2950 3829 2992 ma-

2164 3022 2267 3078 tris
2297 3026 2465 3079 utero
2496 3038 2624 3079 sese
2654 3038 2692 3080 a
2720 3027 2840 3080 Deo
2879 3028 3259 3094 segregatum
3288 3021 3825 3095 testatur,profecto
3908 3046 3923 3095 ς

2164 3126 2289 3167 non
2313 3110 2376 3167 id
2428 3112 2688 3184 propriae
2720 3111 3065 3176 voluntatis,
3099 3111 3207 3168 sed
3261 3112 3466 3182 gratiae
3521 3110 3823 3184 praedesti-

2164 3200 2364 3255 nantis
2395 3205 2575 3272 atque
2596 3201 2867 3257 vocantis
2896 3200 3079 3256 fuisse
3123 3199 3409 3256 declarat.
3441 3198 3731 3272 Nunquid
3759 3200 3823 3255 in

2165 3294 2331 3345 utero
2353 3289 2561 3344 matris
2590 3289 2820 3362 positus
2847 3288 3114 3345 habebat
3136 3287 3287 3345 velle
3316 3293 3383 3344 ut
3407 3292 3823 3359 segregaretur

2162 3382 2487 3449 antequam
2512 3382 2876 3446 nasceretur,
2908 3378 3013 3451 qui
3056 3377 3135 3434 ab
3164 3382 3333 3433 utero
3374 3381 3649 3433 materno
3680 3392 3819 3450 pro-

2161 3465 2333 3522 fusus
2364 3472 2544 3539 atque
2576 3466 2818 3522 adultus
2846 3466 3059 3523 habuit
3086 3464 3233 3522 velle
3261 3470 3328 3522 ut
3347 3470 3513 3523 tanta
3538 3464 3820 3524 instantia

2164 3556 2561 3625 segregatoris
2614 3556 2708 3612 sui
2758 3555 3035 3612 notitiam
3082 3552 3512 3628 impugnaret?
3560 3554 3815 3612 Minime.

2161 3646 2401 3718 Accepit
2425 3660 2568 3715 ergo
2586 3644 2800 3702 calesti
2833 3644 3061 3701 lumine
3093 3644 3511 3701 cireumfulsus
3538 3644 3698 3701 hanc
3723 3661 3818 3700 su-

2158 3732 2348 3788 bitam
2379 3732 2777 3803 voluntatem,
2807 3738 2872 3789 ut
2908 3733 3078 3805 quod
3100 3732 3268 3805 prius
3296 3732 3675 3807 iniquissime
3712 3749 3816 3807 op-

2158 3821 2491 3892 pugnabat,
2520 3821 2910 3893 postmodum
2933 3820 3423 3878 obedientissime
3442 3820 3812 3894 praedicaret,

2156 3907 2478 3964 Videamus
2512 3924 2592 3965 an
2621 3909 2736 3965 hoc
2783 3909 2987 3983 ipsum
3032 3909 3195 3966 idem
3245 3909 3600 3967 conﬁrmet:
3662 3911 3817 3979 Quid

2154 3999 2311 4053 enim
2339 3998 2539 4068 habes,
2569 3997 2874 4069 inquiens,
2936 3998 3095 4070 quod
3149 4014 3269 4055 non
3315 4000 3619 4070 accepisti,
3668 4000 3815 4071 quid

2152 4087 2440 4156 gloriaris
2457 4087 2631 4158 quasi
2665 4103 2787 4143 non
2814 4088 3114 4157 acceperis
3145 4087 3185 4159 (Ι
3220 4088 3359 4146 Cor.
3389 4103 3466 4157 1v,
3495 4088 3571 4159 7).
3616 4087 3675 4143 Si
3706 4087 3813 4158 igi-

2151 4178 2265 4239 tur,
2295 4174 2634 4230 secundum
2658 4174 3209 4249 interpretationem
3243 4182 3428 4241 tuam,
3446 4176 3597 4233 velle
3615 4192 3813 4235 essen-

384 4275 523 4338 tate,
548 4269 643 4325 vel
673 4273 891 4324 terrore
912 4262 1525 4337 incomprehensibili,
1548 4262 1745 4319 causis
1770 4268 2043 4319 nostram
2148 4262 2364 4320 tialiter
2390 4263 2658 4320 habebat
2685 4264 2927 4331 Paulus,
2956 4264 3177 4321 falsum
3206 4270 3305 4322 est
3320 4264 3487 4339 quod
3514 4267 3630 4323 ait:
3655 4266 3814 4335 Quid

383 4357 697 4414 scientiam
742 4354 1085 4424 latentibus,
1125 4357 1190 4408 ut
1237 4355 1577 4424 respectum
1614 4368 1739 4407 suae
1768 4352 2040 4421 gratuitae

382 4448 588 4519 gratia:
616 4446 785 4505 omni
820 4443 1093 4501 tarditate
1124 4441 1432 4515 propulsa,
1464 4440 1767 4497 humiliter
1794 4441 2038 4498 devote-

379 4554 499 4612 que
521 4540 871 4611 sequantur.

450 4631 798 4684 lntueamur
821 4623 1003 4680 etiam
1032 4620 1202 4677 illum
1246 4617 1517 4691 gratuitas
1564 4617 1770 4689 gratias
1826 4618 2038 4674 acerri-

2148 4353 2304 4409 enim
2334 4353 2511 4410 habes
2532 4353 2693 4425 quod
2722 4369 2843 4410 non
2872 4356 3206 4424 accepisti?
3234 4355 3515 4428 Accipere
3566 4371 3630 4412 se
3666 4354 3811 4411 fate-

2144 4441 2348 4509 batur,
2374 4443 2578 4515 utique
2606 4443 2669 4499 in
2693 4442 2796 4500 illa.
2823 4444 3333 4509 cireumfulsione,
3364 4444 3533 4518 quod
3560 4460 3686 4502 non
3700 4444 3808 4501 ha-

2066 4502 2113 4557 D
2140 4528 2346 4587 buisse
2376 4535 2627 4589 noverat
2654 4548 2729 4589 ex
2756 4532 3103 4590 nativitate:
3138 4502 3447 4605 accepisse
3497 4549 3561 4590 se
3585 4532 3810 4590 caelesti

2142 4634 2393 4676 munere
2423 4620 2774 4692 gratulatur,
2830 4621 2997 4694 quod
3029 4637 3093 4678 se
3126 4621 3412 4679 habuisse
3459 4622 3810 4680 naturaliter

376 4733 550 4773 mum
572 4716 1091 4790 propugnatorem
1108 4714 1166 4766 et
1190 4707 1642 4765 veracissimum
1658 4706 2039 4764 defensorem
2141 4707 2445 4765 diﬂitetur.
2477 4709 2709 4766 Rursus
2750 4709 3016 4767 abuteris
3045 4710 3322 4783 ejusdem
3386 4710 3660 4785 Apostoli
3688 4710 3807 4769 alio

377 4823 448 4864 ac
475 4804 903 4862 ﬁdelissimum
931 4800 1412 4874 praedicatorem,
1464 4801 1521 4852 et
1544 4796 1775 4869 liquido
1803 4796 2034 4853 videbi-

2140 4797 2504 4863 testimonio,
2526 4799 2694 4871 quod
2714 4814 2963 4871 prorsus
2982 4805 3037 4857 te
3057 4816 3182 4857 non
3207 4800 3567 4857 intellexisse
3596 4816 3670 4858 ae
3700 4817 3810 4876 per

373 4913 512 4952 mus
541 4895 741 4967 gratiae
761 4892 944 4949 fuisse
971 4888 1139 4964 quod
1164 4887 1299 4946 talis
1327 4903 1396 4944 ae
1422 4890 1627 4942 tantus
1657 4891 1765 4956 est,
1786 4902 1903 4943 non
1934 4903 2036 4943 vo-
2138 4886 2255 4944 hoc
2284 4888 2486 4961 pravis
2530 4887 3120 4962 interpretationibus
3175 4890 3532 4963 pervertisse
3572 4895 3807 4949 eertum

374 4984 617 5040 luntatis
636 4981 916 5055 propriae.
948 4978 1159 5036 Scribit
1186 4977 1262 5033 de
1291 4992 1363 5033 eo
1378 4975 2030 5032 relatorveracissimus
2138 4980 2247 5033 est.
2275 4976 2376 5032 Ais
2406 4977 2569 5034 enim
2599 4978 2977 5050 subjungens
3003 4999 3015 5035 :

375 5075 624 5128 actuum
660 5070 816 5126 illius
835 5083 1161 5141 comesque
1190 5062 1687 5139 peregrinationis
1716 5064 1847 5135 ejus
1875 5064 2032 5121 indi-

372 5159 614 5230 viduus,
646 5162 893 5214 sanctus
923 5158 1117 5212 Lucas
1151 5152 1519 5224 evangelista
1545 5151 1786 5209 dicens:
1809 5152 2032 5210 Saulus

372 5249 576 5307 adhuc
593 5247 833 5317 spirans
856 5246 1163 5301 minarum
1189 5250 1244 5300 et
1271 5243 1446 5299 caedis
1474 5242 1539 5298 in
1567 5242 1891 5312 discipulos
1916 5243 2031 5299 Do-

368 5338 538 5403 mini,
566 5337 714 5395 abiit
764 5334 846 5392 ad
870 5334 1173 5404 principes
1202 5332 1599 5388 sacerdotum.
1645 5331 1725 5386 Et
1748 5332 1922 5401 petiit
1952 5333 2028 5389 ab

368 5428 439 5483 iis
479 5426 814 5497 epistolam,
864 5428 930 5479 ut
970 5422 1308 5493 ubicunque
1361 5419 1655 5476 inveniret
1686 5420 1869 5491 hujus
1918 5422 2028 5477 vix

368 5516 527 5571 viros
555 5530 629 5571 ac
651 5514 951 5577 mulieres,
975 5512 1203 5567 vinctos
1215 5508 1573 5579 perduceret
1603 5509 1668 5564 in
1690 5509 2027 5565 Jerusalem

371 5604 531 5669 (Act.
561 5620 637 5673 ix,
674 5608 725 5672 l,
764 5607 841 5671 2).
874 5601 1064 5657 Audis
1078 5600 1293 5672 lupum
1321 5598 1684 5665 saevientem,
1704 5602 1762 5654 et
1789 5598 1893 5653 ubi
1923 5615 2025 5655 vo-

2724 5119 2970 5161 JOANNES
3009 5120 3216 5162 SCOTUS

2209 5210 2371 5283 (Cap.
2402 5212 2457 5278 4,
2481 5225 2651 5266 num.
2680 5213 2767 5281 l6,
2785 5214 2928 5268 seet.
2962 5212 3039 5283 8).
3069 5217 3108 5265 Θ
3132 5213 3213 5269 Et
3236 5211 3798 5286 apostolus,inquis,

2134 5297 2291 5355 Velle
2320 5298 2559 5371 adjacet
2586 5300 2751 5363 mihi,
2774 5300 3062 5374 perﬁcere
3091 5306 3298 5359 autem
3317 5316 3445 5359 non
3475 5302 3667 5371 (Rom.
3702 5318 3801 5374 vn,

2140 5386 2245 5454 18).

2814 5512 3117 5556 CORRECTIO

2201 5601 2237 5667 'i
2258 5602 2431 5667 Quod
2452 5603 2534 5659 ita
2554 5603 2912 5661 intellexisse
2936 5605 3151 5662 videris
3173 5608 3239 5661 ut
3260 5604 3402 5660 velle
3424 5604 3537 5661 sibi
3557 5620 3689 5661 esse
3710 5605 3795 5661 di-

370 5689 615 5747 luntas?
667 5691 853 5747 Audis
889 5694 1341 5763 persecutorem
1394 5687 1761 5743 carniﬁcinae
1811 5688 2019 5744 ovium
2127 5691 2280 5746 xerit
2299 5707 2370 5746 ex
2391 5696 2626 5764 natura,
2652 5693 2936 5765 perﬁcere
2960 5700 3165 5751 autem
3205 5694 3465 5750 nonnisi
3486 5710 3561 5751 ex
3600 5695 3795 5765 gratia

370 5774 774 5846 insudantem,
819 5782 878 5834 et
904 5778 1010 5834 ubi
1036 5777 1315 5833 voluntas
1333 5777 1362 5832 ‘I
1385 5779 1637 5833 Prorsus
1680 5781 1809 5833 erat
1855 5777 1919 5834 in
1947 5793 2021 5834 eo
2128 5796 2319 5853 quam
2358 5782 2805 5853 perversitatem
2861 5788 3028 5842 tuam
3075 5783 3355 5857 quamvis
3409 5783 3575 5841 idem
3632 5788 3790 5858 Apo-
