3974 6372
120 274 305 337 1065

1135 282 1222 339 DE
1262 266 1926 341 PR/EDESTINATIONE
1968 275 2242 335 CONTRA
2287 285 2333 339 ι.
2380 282 2674 345 SCOTUM.

3485 300 3618 363 £068

114 403 366 461 stolus
395 404 731 495 secundum
762 421 833 463 ea
857 422 991 495 quin
1047 406 1331 479 primissa
1385 412 1525 464 sunt
1569 409 1839 474 evacuct,
1870 404 1917 457 A
1956 404 2150 495 11,20);
2178 404 2339 464 dicat
2354 408 2535 466 etiam
2558 411 2723 468 :Scio
2745 414 3021 484 quianon
3040 414 3275 475 habitat
3296 421 3358 477 in
3380 439 3491 495 me,
3510 427 3621 485 hoc

114 495 383 549 tamen
415 498 479 551 ut
506 494 765 551 lucidior
786 494 1109 551 verborum
1166 495 1323 552 illius
1375 496 1707 553 intellectus
1739 510 1846 567 pa-

115 584 302 651 teat,
334 598 416 638 ne
442 582 592 639 forte
618 587 828 641 nostra
850 583 1108 656 superbe
1142 584 1633 658 respueres,quid
1653 585 1730 640 de
1749 583 1843 638 his

117 662 390 728 beatus
434 672 807 743 Augustinus
836 672 898 728 in
947 671 1100 729 libro
1140 678 1308 729 sexto
1334 673 1489 746 (cap.
1522 674 1607 745 23)
1639 676 1847 728 contra

114 759 486 817 Julianum
521 761 877 835 episcopum
905 762 1299 832 Pelagianum
1318 764 1589 833 senserit,
1614 778 1738 818 non
1758 763 1844 818 in-

120 866 442 920 congrue
464 850 751 907 duximus
777 849 1189 907 inserendum.
1222 851 1592 921 Augustinus
1625 869 1636 907 :
1673 850 1845 917 Quod

120 943 402 1007 autem,
458 939 761 1013 inquiens,
812 939 999 995 verba
1031 939 1299 1012 Apostoli
1338 938 1443 996 ubi
1499 941 1677 997 dicit:
1709 941 1845 996 Scio

122 1030 307 1101 quia
334 1045 465 1085 non
497 1029 732 1087 habitat
761 1031 824 1085 in
873 1044 983 1089 me.
1019 1029 1128 1086 hoc
1160 1036 1243 1085 est
1270 1030 1332 1085 in
1362 1043 1547 1086 carne
1573 1044 1706 1085 mea
1756 1028 1849 1084 bo-

124 1136 334 1188 num,
371 1122 430 1177 et
458 1122 689 1187 caetera,
723 1134 914 1191 usque
946 1118 1025 1174 ad
1054 1118 1202 1174 illud
1235 1117 1337 1173 ubi
1367 1117 1449 1175 ait
1480 1134 1493 1173 :
1527 1118 1712 1174 Miser
1739 1133 1845 1188 ego

128 1211 369 1274 homo,
404 1212 537 1283 quis
565 1225 658 1268 me
687 1210 964 1267 liberabit
990 1209 1064 1266 de
1089 1224 1337 1280 corpore
1370 1209 1577 1266 mortis
1607 1210 1788 1279 hujus
1818 1211 1846 1264 ?

123 1300 335 1371 (Rom
351 1341 367 1354 .
382 1314 481 1371 vn,
505 1297 709 1367 18-24,)
728 1313 822 1353 me
845 1296 1111 1353 afﬁrmas
1125 1296 1294 1354 aliter
1315 1296 1640 1366 intelligere
1656 1312 1845 1370 quam

129 1392 362 1446 totum
390 1387 596 1460 ipsum
626 1390 811 1460 caput
836 1386 1017 1443 debet
1043 1386 1312 1457 intelligi.
1367 1385 1651 1442 Neseiens
1693 1385 1842 1441 mihi

125 1476 508 1551 plurimum
531 1475 741 1533 tribuis
774 1491 931 1532 :non
955 1475 1116 1532 enim
1138 1490 1253 1546 ego
1278 1474 1440 1532 solus
1473 1479 1579 1531 aut
1605 1474 1839 1547 primus

130 1565 232 1623 sic
265 1565 476 1623 istum
522 1565 737 1623 locum-
776 1564 1057 1636 intellexi,
1107 1580 1230 1638 quo
1277 1564 1559 1621 evertitur
1597 1563 1841 1620 haeresis

127 1659 392 1727 vestra,
419 1654 944 1729 quemadmodum
964 1670 1099 1711 vere
1128 1652 1554 1724 intelligendus
1576 1657 1696 1710 est:
1716 1652 1839 1709 imo

1956 498 2055 583 est
2070 494 2133 549 in
2155 510 2337 553 carne
2366 514 2497 556 mea
2523 501 2740 558 bonum
2758 504 2945 572 (Rom.
2972 521 3068 574 vn,
3089 506 3197 578 18).
3224 512 3285 564 tn
3315 494 3617 583 quantum

1954 580 2179 654 quippe
2207 583 2271 640 in
2300 585 2400 643 illo
2423 587 2565 646 vivit
2586 590 2877 659 Christus,
2892 592 2956 649 in
2975 597 3211 653 tantum
3230 580 3540 673 expugnat
3563 611 3622 664 et

1955 676 2200 762 superat
2227 675 2396 746 quod
2423 692 2546 734 non
2568 677 2802 737 habitat
2819 680 3053 739 bonum
3068 683 3131 740 in
3153 685 3284 757 ejus
3304 694 3621 762 earne,sed

1954 759 2207 817 malum.
2231 765 2432 837 Neque
2446 767 2607 824 enim
2630 772 2787 826 recte
2810 772 3172 846 cujusquam
3198 776 3441 849 spiritus
3473 759 3619 841 con-

1954 849 2285 922 cupisceret
2300 853 2592 912 adversus
2614 873 2861 916 carnem
2882 876 3080 932 suam,
3103 862 3218 919 nisi
3238 865 3538 929 habitaret
3555 871 3619 928 in

1952 937 2055 1031 illo
2078 940 2318 1031 spiritus
2335 942 2565 1003 Christi.
2590 946 2757 1005 Absit
2778 965 2921 1021 ergo
2942 955 3009 1008 ut
3025 951 3303 1011 dicamus
3324 960 3489 1031 quod
3501 976 3617 1018 nos

1954 1025 2151 1084 dicere
2188 1029 2528 1104 insimulas,
2558 1037 2911 1109 Apostolum
2949 1040 3034 1097 sic
3062 1041 3177 1099 ista
3196 1025 3418 1104 dixis-se
3439 1051 3620 1123 quasi

1954 1118 2060 1189 qui
2092 1134 2156 1175 se
2177 1120 2353 1214 vellet
2394 1123 2641 1196 intelligi
2674 1129 3049 1200 renitentem,
3094 1132 3157 1189 in
3193 1141 3389 1194 scorto
3414 1118 3621 1214 aliqua

1953 1221 2143 1264 manu
2170 1211 2466 1282 pestiferae
2496 1214 2821 1289 voluptatis
2853 1219 3096 1290 adduci,
3121 1237 3259 1280 cum
3291 1225 3471 1295 dicat,
3494 1211 3617 1288 non

1953 1310 2060 1367 ego
2080 1312 2297 1390 operor
2322 1302 2485 1359 illud
2512 1304 2709 1375 (Ibid,
2746 1308 2838 1380 20)
2873 1327 2887 1377 ;
2933 1310 3260 1368 ostendens
3306 1319 3622 1390 concupis-

1952 1387 2180 1479 centias
2210 1390 2407 1447 carnis
2444 1392 2643 1451 solum
2698 1395 3030 1470 impulsum
3084 1399 3349 1460 libidinis
3382 1387 3620 1479 operari

1953 1475 2079 1533 sine
2101 1479 2498 1538 consensione
2526 1485 2777 1555 peccati.
2799 1487 2954 1552 Quid
2979 1492 3071 1545 est
3095 1491 3262 1563 quod
3289 1492 3351 1549 in
3380 1475 3619 1554 iudico-

1950 1580 2088 1622 rum
2115 1567 2464 1641 superbiam
2494 1570 2716 1630 frustra
2763 1577 3002 1633 conaris
3055 1578 3171 1636 ista
3210 1581 3393 1640 verba
3431 1588 3624 1643 trans-

1952 1651 2121 1744 ferre,
2140 1658 2435 1729 tanquam
2457 1659 2623 1733 ipsos
2639 1661 2701 1718 in
2725 1678 2786 1719 se
2805 1664 3261 1736 transfiguraret
3275 1673 3616 1744 Apostolus,

128 1761 303 1803 vero
336 1760 459 1816 ego
483 1745 651 1819 prius
682 1761 821 1802 eum
846 1744 1013 1801 aliter
1055 1742 1485 1814 intellexeram,
1516 1742 1612 1799 vel
1640 1742 1840 1815 potius
1881 1763 1922 1818 Β
1949 1742 2055 1815 qui
2072 1745 2544 1804 contemnebant
2571 1748 2737 1807 dona
2772 1752 3005 1822 Christi,
3041 1755 3202 1814 velut
3235 1742 3350 1814 sibi
3369 1775 3495 1818 non
3517 1742 3619 1819 ne-

126 1852 277 1894 non
303 1835 749 1908 intellexeram,
768 1836 935 1910 quod
957 1851 1094 1892 mea
1114 1834 1401 1908 quzedam
1429 1833 1588 1890 illius
1612 1838 1838 1907 tempo-

125 1928 223 1985 ris
251 1928 458 1986 etiam
489 1928 713 2002 scripta
732 1931 1045 1985 testantur.
1076 1929 1203 1982 Non
1234 1925 1383 1983 mihi
1407 1923 1571 1981 enim
1592 1924 1839 1981 videba-

126 2024 240 2078 tur
264 2019 612 2094 Apostolus
642 2023 698 2077 et
725 2019 800 2075 de
831 2035 893 2075 se
938 2018 1072 2092 ipso
1120 2017 1317 2073 dicere
1364 2015 1632 2090 potuisse
1665 2034 1677 2072 :
1704 2016 1836 2087 Ego

127 2111 366 2163 autem
390 2106 660 2163 carnalis
690 2120 818 2161 sum
840 2103 1016 2176 (Ibid.
1024 2144 1042 2175 ,
1077 2102 1183 2175 14),
1217 2117 1357 2158 cum
1379 2104 1534 2157 esset
1554 2100 1838 2174 spiritalis

126 2200 194 2253 et
224 2194 425 2270 quod
472 2194 740 2269 captivus
769 2194 1088 2250 duceretur
1117 2191 1231 2248 sub
1277 2190 1409 2262 lege
1438 2190 1670 2264 peccati
1699 2205 1835 2263 quae

124 2284 200 2342 in
234 2284 555 2341 membris
584 2287 711 2342 erat
741 2284 870 2356 ejus
896 2282 1096 2355 (Ibid,
1128 2281 1240 2353 23).
1295 2281 1418 2352 Ego
1444 2278 1608 2335 enim
1655 2282 1834 2351 puta-

127 2374 299 2432 bam
334 2372 464 2430 dici
492 2373 607 2430 ista
632 2388 756 2430 non
784 2388 982 2447 posse,
1014 2370 1131 2426 nisi
1153 2369 1228 2426 de
1258 2368 1329 2425 iis
1357 2384 1513 2443 quos
1542 2367 1626 2425 ita
1653 2368 1835 2424 habe-

128 2467 230 2521 ret
263 2462 484 2521 carnis
514 2461 999 2536 concupiscentia
1048 2459 1430 2531 subjugatos,
1481 2460 1547 2514 ut
1574 2456 1837 2514 facerent

130 2551 471 2627 quidquid
508 2551 610 2609 illa
648 2550 1066 2625 compelleret;
1119 2547 1286 2623 quod
1319 2546 1394 2603 de
1425 2545 1700 2620 apostolo
1730 2545 1834 2601 de-

129 2642 390 2699 mentis
439 2646 532 2699 est
585 2640 826 2699 credere
869 2659 882 2698 :
935 2655 1075 2697 cum
1128 2637 1310 2694 etiam
1356 2634 1834 2692 immunerabilis

129 2731 492 2790 multitudo
521 2736 893 2801 sanctorum,
945 2745 1022 2787 ne
1067 2726 1583 2801 concupiscentias
1637 2725 1833 2783 carnis

126 2822 459 2897 perﬁciat,
491 2827 697 2879 contra
729 2837 974 2879 carnem
1004 2819 1214 2895 spiritu
1256 2815 1661 2889 concupiscat.
1718 2815 1833 2871 Sed

132 2916 379 2986 postea
408 2911 760 2969 melioribus
790 2916 848 2969 et
902 2906 1461 2980 intelligentioribus
1509 2906 1679 2973 cessi,
1740 2905 1834 2959 vel

130 3003 363 3076 potius
385 3001 527 3075 ipsi,
544 3001 713 3075 quod
731 2999 1046 3057 fatendum
1072 3003 1179 3062 est.
1198 2995 1447 3059 veritati,
1473 2999 1538 3051 ut
1563 2995 1831 3051 viderem

131 3091 356 3148 inillis
387 3088 661 3163 Apostoli
688 3089 939 3146 vocibus
972 3088 1262 3159 gemitum
1293 3102 1421 3142 esse
1461 3086 1829 3151 sanctorum,

131 3186 373 3240 contra
407 3179 679 3237 carnales
701 3176 1220 3252 concupiscentias
1250 3173 1667 3232 dimicantium
1695 3173 1833 3245 :qui

132 3290 291 3331 cum
323 3274 537 3328 mente
568 3270 684 3327 sint
713 3268 1025 3344 spiritales,
1058 3266 1257 3324 adhuc
1306 3269 1511 3322 tamen
1558 3262 1671 3320 isto
1704 3279 1830 3319 cor-

132 3361 432 3437 ruptibili
460 3377 733 3434 corpore,
767 3359 933 3434 quod
979 3359 1274 3430 aggravet
1328 3354 1620 3424 animam,
1672 3359 1830 3410 recte

133 3451 575 3522 intelliguntur
600 3465 729 3507 esse
750 3447 1042 3517 carnales,
1075 3445 1219 3520 quia
1249 3448 1423 3501 erunt
1474 3448 1530 3499 et
1579 3458 1828 3516 corpore

136 3540 480 3614 spiritales,
503 3538 754 3613 quando
777 3537 1143 3595 seminatum
1168 3534 1342 3592 fuerit
1359 3548 1581 3606 corpus
1599 3532 1830 3588 anima-

137 3628 197 3687 le
218 3634 282 3688 et
311 3633 597 3701 resurget
626 3644 846 3703 corpus
868 3624 1195 3702 spirituale.
1228 3626 1294 3680 Et
1317 3628 1475 3679 recte
1506 3621 1706 3678 adhuc
1738 3621 1828 3676 in-

140 3719 513 3791 telliguntur
524 3736 596 3778 ea
615 3724 785 3793 parte
805 3737 818 3776 :
840 3717 1082 3788 Captivi
1099 3715 1208 3772 sub
1223 3716 1350 3785 lege
1366 3712 1604 3783 peccati
1623 3711 1799 3783 (Ibid.
1808 3753 1825 3783 ,

141 3810 262 3881 23),
294 3825 444 3884 quae
472 3808 932 3875 desideriorum,
978 3805 1202 3881 quibus
1245 3818 1369 3860 non
1419 3800 1825 3869 consentiunt,

141 3898 431 3957 motibus
456 3899 747 3972 subjacet.
780 3898 924 3955 Hinc
953 3897 1181 3955 factum
1212 3896 1301 3952 est
1321 3896 1387 3950 ut
1406 3892 1489 3948 sic
1513 3891 1627 3948 ista
1653 3889 1826 3946 intel-

140 3985 409 4059 ligerem
443 3988 968 4063 quemadmodum
1001 3983 1287 4043 intellexit
1315 3980 1826 4050 Hilarius,Crego-

142 4076 295 4144 rius,
330 4079 693 4137 Ambrosius
723 4083 781 4137 et
807 4076 1000 4135 caeteri
1032 4074 1307 4132 Ecclesiae
1334 4070 1527 4129 sancti
1579 4070 1826 4141 notique

144 4165 461 4241 doctores,
491 4169 597 4244 qui
627 4172 683 4226 et
708 4169 910 4244 ipsum
963 4163 1324 4240 Apostolum
1354 4159 1648 4218 adversus
1702 4174 1827 4216 car-

146 4256 321 4315 nales
352 4259 875 4334 concupiscentias
901 4272 1055 4331 quas
1080 4253 1306 4311 habere
1336 4249 1605 4317 nolebat,
1662 4253 1717 4305 et
1744 4253 1827 4305 ta-

148 4361 295 4404 men
342 4347 637 4423 habebat,
683 4352 920 4407 strenue
1001 4342 1360 4411 conﬂixisse,
1419 4338 1827 4410 eumdemque

151 4437 508 4497 conﬂictum
534 4455 714 4496 suum
743 4438 857 4495 illis
889 4437 1012 4494 suis
1039 4433 1241 4491 verbis
1264 4432 1664 4489 contestatum
1689 4426 1829 4483 fuis-

152 4540 217 4581 se
239 4532 586 4587 senserunt.
642 4532 862 4588 Contra
880 4542 1036 4602 quos
1064 4528 1266 4582 motus
1294 4520 1462 4595 prius
1484 4518 1689 4591 utique
1720 4517 1825 4574 de-

152 4612 503 4691 bellandos,
525 4634 601 4677 ne
631 4619 1040 4684 dominentur,
1085 4619 1142 4672 et
1182 4616 1396 4687 postea
1428 4608 1736 4666 sanandos
1762 4610 1828 4665 ut

155 4707 400 4775 penitus
431 4710 912 4782 exstinguantur,
946 4706 1127 4765 etiam
1169 4704 1299 4777 ipse
1348 4699 1611 4773 gloriosa
1636 4700 1825 4755 certa-

157 4795 328 4855 mina
347 4805 596 4859 sanctos
620 4815 895 4858 exercere
925 4797 1237 4855 confessus
1266 4809 1353 4850 es.
1406 4789 1593 4849 Simul
1622 4789 1826 4861 itaque

158 4897 612 4956 cognoscamus
649 4890 838 4948 verba
865 4885 1296 4964 pugnantium,
1354 4882 1404 4938 si
1432 4894 1823 4955 pugnamus:

161 4969 276 5032 hoc
305 4980 472 5038 enim
501 4980 687 5039 modo
716 4995 842 5038 non
870 4978 1133 5036 vivimus
1161 4990 1296 5043 nos,
1320 4972 1427 5029 sed
1454 4969 1600 5028 vivit
1627 4967 1825 5027 Chris-

162 5062 255 5121 tus
284 5065 347 5127 in
376 5071 578 5146 nobis,
610 5072 661 5129 si
680 5075 739 5130 et
762 5071 840 5130 ad
864 5082 1141 5146 pugnam
1161 5068 1373 5123 contra
1393 5059 1825 5134 concupiscen-

165 5154 273 5215 tias
284 5162 709 5235 exercendam,
728 5166 786 5220 et
810 5152 891 5219 a'd
914 5158 1224 5217 victoriam
1244 5167 1439 5228 usque
1456 5150 1536 5208 ad
1548 5164 1828 5206 consum-

161 5252 492 5314 mationem
522 5253 879 5313 earumdem
932 5249 1199 5308 hostium
1244 5239 1708 5319 capessendam,
1765 5238 1828 5295 in

167 5335 266 5397 illo
303 5343 572 5416 ﬁdimus,
595 5360 722 5404 non
760 5344 822 5401 in
852 5341 1048 5399 nobis.
1088 5339 1226 5409 Ipse
1263 5333 1489 5409 quippe
1510 5331 1715 5402 factus
1746 5333 1831 5384 est

170 5433 334 5491 nobis
363 5437 665 5510 sapientia
685 5451 723 5494 a
747 5435 950 5502 Deo,et
971 5429 1237 5502 justitia,
1260 5430 1313 5482 et
1339 5420 1759 5510 sanctiﬁcatio,
1776 5423 1831 5510 et

173 5507 513 5597 redemptio,
546 5533 632 5596 ut,
666 5520 1164 5597 quemadmodum
1221 5515 1512 5583 scriptum
1571 5514 1676 5567 est.
1718 5507 1835 5576 Qui

172 5611 491 5687 gloriatur,
524 5618 586 5673 in
616 5615 870 5672 Domino
918 5610 1216 5683 glorietur
1258 5605 1317 5675 (I
1338 5602 1475 5658 Cor.
1518 5616 1557 5671 ι,
1589 5597 1678 5667 30,
1714 5597 1825 5669 31).

176 5698 303 5758 Non
321 5712 407 5764 est
434 5723 575 5779 ergo
596 5703 987 5763 contrarium,
1018 5700 1171 5755 sicut
1193 5697 1394 5770 putas,
1417 5694 1483 5747 ut
1501 5688 1608 5763 qui
1636 5687 1778 5779 dicit
1812 5705 1826 5743 :

187 5787 469 5866 Vivojam
495 5776 617 5856 non
648 5810 772 5867 ego,
804 5794 972 5859 vivit,
1006 5804 1143 5846 vero
1162 5788 1223 5845 in
1252 5799 1344 5842 me
1371 5781 1648 5840 Christus
1673 5776 1831 5850 (Gal.

527 5890 775 5944 PATROL.
832 5880 991 5937 CXV.

1950 1830 2228 1923 cessaria.
2265 1833 2360 1923 Sic
2384 1834 2547 1923 enim
2586 1838 2931 1912 suspicaris,
2959 1847 3139 1915 atque
3194 1845 3427 1904 utinam
3482 1849 3621 1923 ipsa

1948 1918 2112 1976 dona
2153 1921 2364 1979 Christi
2386 1922 2599 1981 saltem
2637 1924 2720 1982 ita
2740 1942 3010 2001 saperes,
3047 1934 3115 1987 ut
3150 1932 3231 1989 ad
3252 1918 3617 1997 vincenti—am

1947 2009 2497 2081 concupiscentiam
2524 2011 2725 2069 valere
2754 2014 2984 2090 aliquid
3011 2019 3303 2077 crederes.
3339 2023 3455 2080 Sed
3476 2024 3616 2083 ideo

1947 2095 2095 2153 dicis
2122 2113 2160 2154 a
2183 2098 2406 2157 Judaeis
2434 2099 2621 2159 fuisse
2650 2107 3018 2179 contempta,
3047 2108 3217 2181 quod
3245 2111 3484 2170 veniam
3510 2114 3619 2172 da-

1946 2190 2034 2242 ret
2054 2186 2147 2244 ille
2173 2189 2455 2260 peccatis,
2474 2204 2613 2263 quae
2638 2191 2701 2249 in
2721 2192 2869 2265 legis
2895 2195 2998 2267 [αι.
3018 2196 3132 2269 ipsi
3153 2197 3324 2272 legis]
3339 2200 3615 2261 admoni-

1947 2274 2107 2332 tione
2123 2276 2434 2336 vitassent.
2457 2280 2641 2346 Quasi
2654 2281 2770 2339 hoc
2788 2283 3058 2342 conferat
3077 2286 3312 2345 homini
3331 2292 3611 2350 remissio

1945 2369 2333 2456 peccatorum
2364 2372 2430 2424 ut
2457 2383 2600 2426 caro
2619 2384 2744 2427 non
2770 2373 3160 2448 concupiscat
3185 2376 3473 2437 adversus
3497 2381 3612 2456 spi-

1946 2454 2124 2511 ritum
2150 2474 2164 2524 ;
2202 2456 2363 2514 unde
2383 2457 2486 2515 illa
2515 2459 2703 2517 verba
2731 2465 2877 2520 nata
2901 2467 3043 2521 sunt
3095 2482 3108 2521 :
3154 2467 3292 2524 Scio
3316 2470 3462 2540 quia
3491 2454 3612 2529 non

1946 2544 2183 2602 habitat
2206 2547 2270 2602 in
2296 2562 2408 2617 me,
2440 2547 2553 2605 hoc
2580 2555 2663 2606 est
2679 2551 2742 2607 in
2764 2566 2948 2610 carne
2974 2568 3125 2623 mea,
3152 2555 3392 2628 bonum,
3429 2563 3615 2617 eteae-

1944 2636 2071 2690 tera
2098 2633 2472 2707 hujusmodi.
2496 2639 2713 2695 Verum
2760 2643 2825 2696 tu
2871 2657 2907 2698 a
2935 2647 3135 2699 vestro
3165 2644 3450 2716 dogmate
3477 2663 3606 2706 non

1941 2723 2194 2788 recedis,
2227 2741 2350 2798 quo
2370 2726 2595 2799 putatis
2623 2729 2879 2799 gratiam
2904 2732 3005 2788 Dei
3035 2748 3144 2806 per
3171 2735 3381 2792 Jesum
3413 2737 3611 2794 Chris-

1944 2815 2073 2869 tum
2095 2813 2418 2872 Dominum
2436 2819 2712 2873 nostrum
2735 2818 2905 2875 sicin
2931 2819 3061 2877 sola
3091 2828 3484 2895 peccatorum
3510 2843 3605 2883 re-

1943 2902 2228 2959 missione
2254 2903 2503 2970 versari,
2526 2910 2589 2962 ut
2614 2921 2739 2963 non
2763 2907 2839 2963 ad
2839 2908 2861 2979 j
2872 2914 3007 2966 uvct
3036 2910 3117 2967 ad
3135 2911 3387 2970 vitanda
3398 2930 3613 2989 pecca-

1946 2995 2003 3047 ta
2033 2995 2091 3048 et
2113 2992 2415 3049 desideria
2432 2993 2733 3052 vincenda
2749 2996 3033 3062 carnalia,
3051 3000 3451 3070 oti/fundendo
3469 3004 3611 3061 cha-

1943 3082 2182 3136 ritatem
2208 3081 2272 3135 in
2299 3081 2579 3136 cordibus
2603 3085 2843 3152 nostris,
2856 3099 2967 3154 per
2990 3086 3287 3155 Spiritum
3306 3098 3606 3163 sanctum,

1941 3170 2048 3239 qui
2064 3169 2139 3225 ab
2154 3170 2263 3224 illo
2277 3169 2456 3225 datus
2481 3176 2564 3226 est
2590 3171 2759 3227 nobis
2777 3171 2964 3243 (Rom.
2987 3189 3047 3245 v,
3079 3175 3154 3247 5).
3183 3179 3386 3250 Neque
3408 3179 3606 3236 consi-

1941 3257 2117 3313 deras
2147 3272 2286 3312 eum
2316 3257 2422 3330 qui
2459 3256 2602 3316 dicit
2635 3275 2649 3314 :
2679 3260 2856 3317 Video
2898 3262 3086 3319 aliam
3121 3263 3306 3336 legem
3332 3268 3396 3324 in
3425 3283 3608 3326 mem-

1944 3345 2063 3401 bris
2091 3346 2236 3402 meis
2264 3352 2699 3417 repugnantem
2733 3348 2852 3420 tegi
2877 3356 3090 3407 mentis
3113 3368 3279 3423 mea,
3299 3358 3357 3412 et
3385 3356 3464 3413 ab
3485 3356 3606 3414 hoc

1938 3435 2101 3492 malo
2132 3449 2254 3491 non
2295 3450 2357 3490 se
2384 3434 2626 3492 liberari
2653 3435 2893 3507 clamat,
2943 3440 3065 3496 nisi
3102 3445 3307 3511 gratia
3335 3445 3451 3502 Dei
3492 3460 3606 3516 per

1936 3528 2137 3582 Jesum
2167 3524 2473 3581 Christum
2521 3526 2843 3583 Dominum
2868 3534 3143 3587 nostrum
3163 3531 3354 3603 (Rom.
3386 3551 3487 3602 vn,
3508 3541 3602 3609 23,

1937 3614 2056 3686 25);
2110 3629 2223 3670 nec
2247 3612 2528 3671 Judaeum
2558 3630 2710 3679 esse,
2741 3630 2855 3673 nec
2888 3617 3032 3690 quia
3063 3621 3356 3692 peccavit,
3385 3623 3493 3680 sed
3524 3640 3603 3683 ne

1935 3708 2143 3778 peccet
2163 3702 2364 3777 potius
2387 3702 2684 3763 laborare.
2716 3708 3063 3780 Exasperat,
3084 3707 3309 3782 inquis,
3340 3715 3598 3785 Aposto-

1934 3793 2031 3850 lus
2061 3794 2187 3851 vim
2216 3793 2686 3852 consuetudinis.
2736 3797 2821 3851 Tu
2851 3810 2994 3866 ergo
3039 3798 3362 3870 responde,
3394 3804 3600 3859 utrum

1936 3888 2145 3941 contra
2162 3882 2342 3940 istam
2367 3882 2492 3939 vim
2511 3898 2637 3939 non
2665 3883 2908 3942 dimicet
2925 3884 3261 3958 baptizatus
3282 3887 3311 3943 ?
3351 3889 3525 3955 Quod
3552 3893 3603 3949 si

1934 3988 2146 4045 negas,
2178 3971 2463 4029 omnibus
2494 3971 2839 4029 Christianis
2880 3973 3157 4030 sensibus
3194 3978 3555 4036 contradicis
3582 3998 3595 4036 :

1938 4062 1989 4118 si
2016 4066 2218 4120 autem
2251 4060 2520 4127 dimicat,
2548 4075 2657 4116 cur
2683 4076 2807 4118 non
2839 4061 2901 4118 in
2953 4061 3148 4119 verbis
3178 4066 3448 4138 Apostoli
3498 4083 3603 4125 vo-

1936 4167 2069 4209 cem
2080 4150 2421 4208 dimicantis
2433 4150 2711 4221 agnoscis
2724 4152 2752 4207 ?
2763 4152 3100 4225 Perlegem,
3118 4153 3318 4228 inquis
3322 4154 3597 4229 ,bonam,

1936 4245 1994 4299 et
2011 4256 2119 4314 per
2141 4242 2502 4298 mandatum
2514 4243 2792 4298 sanctum
2814 4256 3146 4316 pravorum
3157 4243 3348 4301 animi
3365 4243 3598 4304 feroces

1936 4334 2106 4387 erant
2131 4332 2230 4402 [at.
2250 4329 2648 4402 ferocierant],
2670 4331 2964 4404 quoniam
2994 4331 3122 4390 sine
3137 4334 3445 4392 voluntate
3465 4352 3604 4410 pro-

1935 4421 2069 4494 pria
2106 4419 2271 4476 nulla
2298 4419 2551 4477 eruditio
2590 4423 2825 4493 poterat
2877 4420 3173 4496 inspirare
3218 4423 3520 4481 virtutem.
3555 4427 3599 4483 0

1936 4514 2183 4567 acutum
2235 4509 2663 4567 intellectorem
2697 4509 2709 4565 l
2744 4525 2782 4567 ο
2831 4509 3175 4567 divinorum
3219 4511 3601 4586 eloquiorum

1934 4600 2244 4671 egregium
2264 4602 2648 4656 tractatorem
2664 4597 2676 4654 l
2694 4598 2846 4671 quid
2861 4599 2991 4669 agis
3007 4598 3083 4655 de
3093 4599 3289 4656 verbis
3311 4600 3561 4657 dicentis
3582 4618 3596 4657 :

1933 4692 2069 4748 Non
2113 4689 2274 4763 quod
2301 4689 2435 4745 volo
2487 4701 2641 4760 ago;
2672 4692 2731 4744 et
2763 4689 2968 4745 :Vetle
2994 4687 3236 4758 adjacet
3279 4690 3468 4761 mihi;
3498 4693 3597 4747 et:

1938 4780 2107 4848 Quod
2126 4779 2285 4845 nolo,
2311 4777 2423 4833 hoc
2452 4791 2566 4847 ago
2595 4793 2609 4844 ;
2644 4779 2702 4832 ct
2733 4794 2745 4831 :
2783 4776 3184 4832 Condetector
3211 4778 3330 4847 legi
3367 4779 3481 4835 Dei
3510 4792 3600 4836 se-

1936 4868 2198 4927 cundum
2229 4867 2573 4923 interiorem
2596 4866 2935 4923 hominem?
2958 4864 3143 4921 Audis
3170 4865 3318 4937 haec,
3344 4871 3402 4923 et
3425 4867 3598 4937 dicis,

1935 4959 2082 5033 quia
2105 4956 2383 5014 voluntas
2405 4954 2614 5023 defuit,
2645 4953 2783 5012 ideo
2812 4952 3079 5011 defuisse
3108 4954 3412 5014 virtutem.
3444 4957 3603 5024 Quid

1936 5047 2104 5122 quod
2140 5061 2267 5103 non
2286 5044 2484 5103 solum
2507 5043 2802 5107 voluntas,
2835 5058 3046 5101 verum
3070 5044 3255 5102 etiam
3278 5045 3468 5105 virtus
3490 5046 3602 5106 ad-

1937 5136 2065 5204 fuit,
2088 5149 2164 5190 ne
2195 5133 2553 5192 consentiret
2572 5130 3073 5205 concupiscentiae
3103 5133 3323 5208 carnis,
3353 5150 3491 5209 quae
3520 5135 3602 5193 le-

1940 5226 1999 5297 gi
2026 5224 2257 5299 peccati
2284 5223 2489 5297 pravis
2513 5221 2659 5297 ipsis
2696 5221 2964 5280 motibus
3009 5222 3328 5282 serviebat.
3371 5223 3604 5290 Quibus

1938 5316 2035 5374 ille
2089 5330 2215 5372 non
2251 5313 2492 5381 cedens,
2535 5326 2648 5369 nec
2700 5326 2873 5369 arma
2928 5311 3259 5385 iniquitatis
3309 5311 3602 5369 exhibens

1939 5404 2218 5464 membra
2241 5406 2509 5478 peccato,
2541 5405 2599 5458 et
2627 5403 2832 5458 tamen
2857 5400 3027 5474 quod
3054 5399 3240 5456 nollet
3265 5400 3605 5458 scntiensin

1941 5512 2120 5556 carne
2141 5498 2349 5552 contra
2378 5491 2653 5566 spiritum
2701 5489 3188 5563 concupiscente,
3222 5493 3280 5546 et
3313 5488 3604 5548 adversus

1941 5603 2075 5645 eam
2108 5583 2367 5642 vicissim
2397 5581 2607 5655 spiritu
2639 5578 3097 5652 concupiscens,
3138 5579 3454 5637 verissima
3478 5596 3605 5637 cas-

1942 5679 2120 5738 titatis
2144 5691 2292 5734 voce
2320 5673 2560 5730 dicebat
2595 5689 2608 5728 :
2634 5672 2837 5743 Igitur
2863 5671 2993 5740 ipse
3016 5685 3121 5742 ego
3164 5676 3361 5728 mente
3415 5672 3607 5729 servio

1952 5773 2068 5844 legi
2090 5768 2217 5831 Dei,
2254 5780 2440 5825 carne
2469 5768 2672 5822 autem
2709 5761 2830 5831 legi
2851 5762 3104 5831 peccati.

3256 5854 3323 5908 34
