3974 6450
1483 312 1540 366 S.
1583 301 1953 363 PRUDENTII
1992 298 2372 356 TBECENSIS
2414 298 2726 354 EPISCOPI
3689 293 3841 348 1068

390 330 411 381 1
420 326 525 381 067

456 450 499 517 -ι-
528 444 693 503 Idem
721 442 784 497 in
809 440 1024 513 quarto
1062 434 1434 505 Augustinus
1473 436 1633 501 (cap.
1663 432 1718 496 3)
1749 425 2042 517 :[Bonam

2732 460 2977 500 JOANNBS
3019 459 3242 499 SCOTUS.

385 510 533 592 dias
562 510 881 590 hominuﬁ]
904 532 1186 619 naturain
1207 538 1345 619 quin
1386 520 1518 619 talis
1549 518 1755 619 grftiw
1794 510 2047 619 °Pi.“31f‘f
2227 544 2391 619 (Cap.
2417 548 2470 613 4,
2502 560 2669 600 num.
2711 544 2794 610 l7,
2839 548 2979 599 sect.
3006 544 3083 611 8.)
3111 546 3150 594 Θ
3183 542 3331 596 Item
3360 540 3520 611 quod
3540 541 3626 595 ait
3665 539 3839 594 idem

384 626 610 684 tionem
639 623 937 718 meret?“
974 613 1143 718 9‘1“
1175 615 1479 718 Bitian?“
1506 608 1905 718 élfd‘fﬁﬁfl
1932 602 2046 718 Ege
2153 602 2481 704 Apostolus
2513 652 2525 689 :
2562 637 2691 689 Non
2717 631 2968 688 volentis
2999 645 3196 702 neque
3219 602 3535 695 currentis,
3582 625 3693 682 sed
3732 625 3847 681 Dei

385 718 705 790 propterea
731 707 877 783 quia
904 714 1123 763 natura
1152 701 1462 761 rationalis
1494 703 1604 765 est,
1643 696 1891 753 diceres.
1942 694 2048 747 Ne-

601 802 611 807 -
818 797 849 807 ..
921 798 957 807 .,
1006 794 1017 805 .
1184 794 1205 807 τ
1406 790 1463 807 η,
1726 780 2043 807 “MAN”

2209 694 2243 779 tt
2267 722 2602 779 miserentis
2629 723 2816 793 (Rom.
2850 737 2926 785 ιχ,
2966 720 3070 789 16),
3097 694 3219 775 non
3245 719 3428 775 aliter
3453 694 3843 787 intelligitur

385 821 504 878 qua
521 802 681 860 enim
702 797 896 870 gratia
921 794 1022 852 Dei
1046 809 1154 867 per
1173 794 1381 848 Jesum
1404 788 1702 847 Christum
1726 785 2048 878 θοωέηὲλω
2153 813 2275 869 nisi
2301 813 2444 868 dum
2461 814 2538 868 sit
2561 785 2761 868 volens
2803 816 2859 867 et
2907 785 3175 866 currens.
3228 808 3616 864 Naturaliter
3657 785 3838 862 enim

385 874 658 952 nostrum
669 886 976 961 lapidibus
990 887 1093 941 aut
1106 881 1285 953 lignis
1301 878 1692 953 pecoribusve
1707 874 2045 948 praestatur.

388 982 500 1041 Sed
525 979 672 1053 quia
696 980 899 1053 imago
918 973 1019 1030 Dei
1040 976 1149 1043 est,
1168 974 1431 1027 meretur
1451 969 1611 1025 hanc
1633 961 1908 1053 gratiam,
1925 973 2050 1013 non

384 1051 589 1130 tamen
615 1072 680 1125 ut
700 1051 834 1138 ejus,
846 1064 1011 1121 bona
1025 1061 1303 1118 voluntas
1324 1057 1517 1131 possit
1538 1051 1877 1129 prmcedere
1902 1062 2051 1138 pree-

384 1166 473 1219 ter
492 1135 767 1233 gratiam,
790 1170 867 1211 ne
888 1152 984 1208 vel
1015 1154 1148 1224 ipsa
1172 1148 1338 1222 prior
1358 1146 1460 1203 det
1478 1148 1543 1201 ut
1570 1135 2048 1233 retribuaturilli,

384 1267 456 1309 ac
485 1226 570 1306 sic
593 1245 787 1319 gratia
809 1244 937 1316 jam
967 1255 1089 1297 non
1120 1238 1194 1294 sit
1214 1236 1406 1310 gratia
1428 1236 1613 1306 (Rom.
1643 1248 1725 1299 xx,
1757 1228 1867 1299 35),
1902 1226 2051 1319 dum

385 1356 512 1400 non
556 1314 822 1395 donatur
849 1330 1131 1404 gratuita,
1165 1328 1271 1385 sed
1309 1326 1579 1384 redditur
1625 1321 1847 1378 debita.
1899 1314 2053 1383 Quid

2158 902 2282 957 haec
2311 902 2430 956 duo
2463 902 2645 956 insita
2676 904 2816 955 sunt
2846 899 3090 954 homini.
3138 897 3444 969 Siquidem
3479 897 3629 964 vult,
3662 895 3842 950 unde

2156 995 2238 1047 est
2272 990 2509 1060 volens;
2555 996 2609 1045 et
2639 989 2870 1057 appetit
2898 986 3344 1052 beatitudinem,
3374 985 3533 1041 unde
3564 989 3650 1041 est
3692 999 3845 1040 cur-

2157 1095 2295 1136 rens
2314 1095 2337 1136 :
2356 1094 2479 1135 non
2505 1078 2782 1139 volentis,
2811 1093 3005 1149 neque
3028 1075 3319 1131 currentis
3347 1075 3502 1131 bona
3522 1089 3709 1144 opera
3736 1075 3843 1130 vel

2156 1169 2462 1236 inchoare,
2518 1169 2610 1223 vel
2641 1181 2838 1237 agere,
2888 1166 2984 1222 vel
3018 1165 3311 1235 perﬁcere
3338 1179 3360 1220 .°
3393 1164 3504 1220 hoc
3528 1163 3685 1220 enim
3742 1166 3844 1217 est

2160 1256 2493 1313 miserentis
2527 1256 2627 1312 Dei
2659 1256 2901 1312 donum.

2826 1392 3154 1434 CORRECTIO.

388 1434 477 1488 est
506 1442 651 1499 ergo
705 1422 876 1498 quod
905 1419 1241 1477 secundum
1297 1415 1553 1473 modum
1590 1414 1852 1468 vestrum
1881 1405 2053 1462 effec-

389 1481 871 1578 ttim‘v‘blun‘tatis
896 1512 1184 1567 humanm
1205 1506 1370 1562 dona
1383 1501 1647 1561 ccelestia
1671 1515 1770 1556 me
1792 1495 2053 1554 credide-
2230 1490 2273 1559 ’Ῠ
2292 1487 2455 1578 ,δίῄίδ
2486 1490 2737 1578 ἓΡΡθΓθί
2769 1490 2821 1542 te
2849 1484 2927 1578 a9
2956 1499 3310 1578 pervgrsuu?
3339 1485 3455 1538 tum
3476 1481 3840 1552 interpreta-

386 1624 489 1666 ras
515 1616 903 1675 nuncupasse
928 1599 956 1656 ?
997 1602 1290 1670 tanquam
1318 1593 1600 1651 voluntas
1630 1586 1896 1646 hominis
1929 1583 2055 1640 sine
2165 1575 2339 1675 tionis
2370 1575 2730 1631 intellectum
2764 1572 3252 1630 conﬁrmandum
3285 1571 3401 1627 ista
3430 1582 3833 1638 exaggerare,

516 1656 1089 1767 gratiavxmoveretur
1114 1656 1196 1742 ad
1246 1685 1502 1748 bonum,
1536 1684 1602 1736 ut
1640 1679 1693 1734 ei
1748 1674 1988 1733 debitus
2018 1688 2057 1728 a
2160 1664 2419 1767 ideoque
2449 1664 2636 1767 verba
2694 1661 3026 1735 apostolica
3076 1661 3138 1767 in
3169 1658 3554 1767 aliudjquam
3621 1656 3732 1767 ab“
3760 1672 3837 1711 co

392 1745 970 1843 Dacorewtribtgretur
989 1776 1233 1833 effectus
1254 1775 1281 1831 ?
1304 1777 1464 1829 itane
1490 1745 1710 1827 oblitus
1724 1765 1923 1822 fueras
1943 1778 2056 1818 nos
2086 1778 2126 1832 Β
2163 1754 2322 1843 dicta
2352 1757 2494 1809 sunt
2521 1752 2901 1843 detorquere.
2933 1749 3108 1816 Quod
3137 1748 3300 1804 enim
3330 1747 3481 1843 dicis
3506 1745 3838 1843 non-aliter

389 1891 532 1934 cum
563 1872 867 1944 Scriptura
894 1867 1091 1923 dicere
1121 1866 1332 1920 contra
1363 1875 1512 1917 vos:
1532 1859 1939 1927 Praeparatur
1964 1868 2058 1907 vo-
2161 1842 2430 1913 intelligi,
2460 1858 2581 1899 non
2636 1842 2912 1911 volentis,
2960 1855 3150 1911 neque
3179 1838 3504 1908 currentis,
3533 1835 3648 1892 nisi
3676 1835 3836 1891 dum

2041 1939 2052 1944 -
2196 1933 2227 1944 ο.
2339 1930 2353 1944 ιι
2533 1935 2542 1944 .
2866 1928 2876 1938 ·
2904 1927 2918 1944 ει
3009 1932 3021 1944 ι
3075 1927 3090 1944 1
3121 1943 3132 1944 γ
3185 1943 3192 1944 ,
3256 1941 3315 1944 ,η
3354 1929 3560 1944 4-1“..-
3598 1921 3833 1944 ι.-ι.--ι

2162 1933 2233 1988 sit
2262 1930 2469 1988 volens
2495 1935 2551 1985 et
2571 1945 2838 1996 currens,
2862 1927 2923 1983 id
2940 1932 3029 1984 est
3055 1927 3203 1982 dum
3247 1941 3322 1982 ex
3352 1929 3571 1980 natura
3598 1921 3836 1978 habeat

2162 2019 2309 2076 velle
2340 2024 2396 2076 et
2425 2035 2681 2081 currere,
2715 2017 2936 2074 falsum
2966 2021 3072 2072 est.
3110 2019 3238 2072 Non
3288 2014 3450 2070 enim
3505 2010 3836 2085 Apostolus

2162 2109 2237 2166 de
2268 2112 2499 2166 naturae
2531 2109 2835 2164 voluntate
2864 2111 2919 2163 et
2950 2122 3131 2162 cursu
3178 2104 3416 2175 agebat,
3480 2101 3588 2158 sed
3616 2101 3695 2157 de
3725 2100 3839 2156 ho-

2162 2199 2324 2255 mine
2349 2198 2474 2271 qui,
2502 2201 2634 2270 jam
2663 2212 2770 2270 per
2810 2196 3063 2267 gratiam
3117 2192 3514 2259 illuminatus,
3552 2190 3838 2247 volunta-

2164 2293 2281 2345 tem
2313 2292 2368 2343 et
2395 2304 2662 2359 cursum,
2689 2287 2751 2341 id
2786 2290 2874 2341 est
2899 2285 3197 2342 actionem
3238 2282 3382 2339 boni
3409 2281 3627 2354 operis,
3660 2295 3834 2337 acce-

2162 2382 2351 2452 perat,
2385 2394 2461 2434 ne
2504 2378 2653 2433 forte
2680 2382 2817 2449 post
2856 2374 3109 2445 gratiam
3144 2373 3539 2430 illustrantem
3570 2371 3837 2444 propriis

2162 2468 2390 2524 viribus
2421 2467 2496 2523 de
2525 2474 2738 2522 caetero
2771 2482 2911 2521 cum
2939 2463 3276 2534 Pelagianis
3306 2462 3536 2524 ﬁderet,
3579 2465 3638 2516 et
3694 2459 3837 2516 abs-

2162 2573 2281 2631 que
2311 2556 2609 2628 adjutorio
2636 2557 2840 2626 gratiae
2874 2569 3006 2610 sese
3032 2569 3209 2626 posse
3241 2552 3649 2631 praesumeret.
3681 2552 3835 2606 Cum

2163 2626 2366 2703 autem
2391 2626 2540 2701 dicis
2570 2662 2582 2700 :
2611 2640 3000 2702 Naturaliter
3021 2643 3177 2699 enim
3199 2643 3325 2698 ltwc
3344 2640 3463 2696 duo
3480 2626 3666 2696 insita
3687 2643 3834 2694 sunt

2165 2735 2409 2803 homini,
2432 2738 2586 2789 recte
2608 2732 2856 2801 diceres,
2908 2731 2959 2787 si
2987 2746 3112 2788 non
3164 2734 3218 2787 te
3276 2729 3445 2787 aliter
3498 2726 3834 2798 intelligere

2165 2822 2616 2881 circumstantia
2642 2821 3127 2894 comprobarent.
3152 2823 3302 2876 Nam
3320 2817 3567 2874 insitum
3589 2815 3828 2873 homini

2167 2912 2514 2970 naturaliter
2539 2911 2685 2967 velle
2715 2915 2773 2967 et
2803 2926 3060 2980 currere,
3088 2908 3150 2965 id
3177 2914 3266 2966 est
3289 2912 3520 2965 natura:
3548 2904 3722 2964 factae
3744 2904 3825 2961 ab

2167 3008 2410 3061 auctore
2439 3017 2751 3071 concessa,
2783 2998 3309 3072 quemadmodum
3326 3000 3384 3053 et
3408 2995 3527 3053 alia
3549 3011 3673 3050 suae
3700 3010 3831 3050 mu-

391 1967 596 2023 luntas
634 1939 950 2017 aDomino
990 1955 1189 2026 (Prov.
1241 1967 1343 2014 vn,
1386 1954 1474 2017 35,
1519 1962 1634 2004 sec.
1674 1944 1864 2014 LXX)
1898 1960 1910 2011 ;
1961 1939 2057 1997 vel

391 2052 560 2128 quod
576 2052 639 2107 in
669 2049 837 2105 nobis
867 2047 1025 2102 Deus
1054 2046 1337 2113 operetur
1366 2045 1421 2095 et
1456 2037 1606 2128 velle
1851 2048 1912 2128 u,
1934 2028 2054 2128 .13).

394 2119 440 2201 ὁ
485 2139 704 2212 ingrati
763 2134 968 2208 gratias
1014 2132 1116 2189 Dei
1144 2131 1156 2187 ι
1189 2132 1233 2188 o
1259 2127 1486 2185 inimici
1512 2124 1715 2196 gratiae
1738 2119 1969 2212 Christi,
2001 2122 2059 2212 et

393 2231 523 2301 solo
553 2209 852 2287 vocabulo
881 2219 1197 2282 Christiani
1227 2219 1240 2275 l
1271 2221 1483 2273 Nonne
1506 2229 1618 2288 pro
1642 2210 1902 2269 inimicis
1933 2209 2058 2263 suis

393 2298 527 2378 orat
550 2314 854 2374 Ecclesia?
886 2310 1041 2378 Quid
1089 2311 1238 2375 orat,
1281 2305 1534 2363 obsecro
1560 2303 1588 2360 ‘?
1628 2301 1686 2359 Si
1716 2304 1782 2356 ut
1821 2298 1905 2355 eis
1932 2311 2056 2352 suae

391 2405 720 2466 voluntatis
745 2400 1107 2460 retribuatur
1131 2395 1411 2470 pretium,
1439 2391 1590 2465 quid
1627 2390 1712 2446 eis
1760 2392 1912 2457 orat,
1942 2384 2058 2442 nisi

394 2496 624 2571 grande
654 2490 1038 2568 supplicium,
1066 2485 1234 2561 quod
1257 2485 1387 2557 jam
1420 2485 1629 2538 contra
1658 2495 1762 2535 eos
1793 2482 1899 2571 est,
1933 2489 2056 2571 non

393 2562 507 2662 pro
529 2586 614 2644 eis
634 2585 661 2641 ‘l
694 2562 835 2641 O—rat
852 2584 1056 2637 autem
1078 2591 1189 2650 pro
1218 2574 1304 2631 eis
1335 2590 1348 2629 :
1377 2587 1503 2628 non
1541 2584 1686 2662 ergo
1710 2566 1862 2662 quia
1886 2568 1974 2620 est
1993 2562 2058 2619 il-

393 2656 465 2734 lis
486 2675 767 2732 voluntas
796 2670 984 2735 bona,
1009 2664 1119 2722 sed
1140 2667 1204 2719 ut
1224 2663 1606 2718 convertatur
1625 2657 1688 2713 in
1708 2656 1936 2712 bonam
1952 2667 2055 2708 vo-

383 2766 587 2824 luntas
608 2761 795 2819 mala.
819 2756 1118 2824 Quoniam
1135 2756 1533 2823 praeparatur
1560 2748 1838 2803 voluntas
1870 2759 1908 2801 a
1938 2744 2057 2798 Do-

388 2856 574 2921 mino,
602 2855 660 2908 et
686 2851 844 2905 Deus
870 2851 954 2904 est
984 2845 1161 2911 enim,
1193 2845 1259 2896 ut
1286 2840 1369 2896 ait
1398 2835 1744 2910 Apostolus,
1773 2833 1879 2905 qui
1930 2846 2060 2902 ope-

391 2948 574 3001 ratur
602 2941 666 2997 in
694 2936 855 2996 vobis
887 2941 941 2992 et
974 2930 1175 3001 velle]

467 3034 509 3103 -ι-
538 3029 637 3087 His
652 3026 815 3084 beati
839 3020 1154 3094 Augustini
1170 3015 1558 3094 praeferendis
1582 3008 2059 3103 expositionibus

392 3086 528 3179 luce
540 3086 776 3176 clarius
800 3086 1224 3189 perdocemur,
1256 3106 1443 3163 verba
1473 3104 1572 3161 illa
1604 3099 1937 3175 apostolica
1956 3098 2059 3154 ho-
2088 3135 2129 3188 Ο
2167 3093 2271 3150 nia
2292 3091 2584 3163 largitatis
2617 3089 2910 3189 catholica
2956 3088 3173 3146 fatetur
3203 3086 3464 3143 Ecclesia
3494 3106 3508 3154 ;
3547 3088 3832 3183 naturam

394 3212 624 3269 minem
651 3204 987 3264 describere
1017 3199 1133 3257 sub
1161 3197 1352 3269 gratia
1371 3194 1785 3254 constitutum,
1819 3192 2058 3246 contra-

395 3317 516 3376 que
542 3297 740 3357 carnis
770 3310 894 3352 suae
939 3286 1493 3362 concupiscentiam
1540 3282 1796 3356 puritate
1843 3277 2064 3335 mentis

393 3369 797 3465 pugnantem,
831 3395 957 3438 non
1013 3378 1092 3436 ab
1155 3376 1372 3434 eadem
1420 3371 1613 3444 gratia
1661 3369 1946 3465 alienum.
1979 3370 2063 3422 Ac

393 3457 516 3549 per:
530 3476 648 3531 hoc
670 3471 785 3528 sub
809 3468 1001 3541 gratia
1026 3464 1381 3523 constitutus
1407 3461 1551 3517 dicit
1582 3478 1595 3527 ;
1633 3459 1791 3549 Velle
1822 3457 2063 3549 adiacet

395 3544 550 3621 mihi
572 3562 764 3634 (Rom.
790 3574 893 3629 vn,
927 3556 1015 3627 18)
1042 3570 1055 3610 ε
1074 3554 1191 3610 hoc
1211 3555 1320 3620 est,
1342 3549 1523 3606 volun
1536 3554 1620 3604 ius
1645 3545 1792 3603 mihi
1808 3560 1880 3601 ex
1897 3544 2062 3601 dono

399 3651 608 3726 gratiis
635 3650 808 3718 inest,
840 3648 908 3704 ut
934 3646 1135 3702 castus
1166 3641 1283 3697 sim
1325 3645 1382 3696 et
1408 3644 1569 3695 caste
1598 3636 1800 3693 vivam
1825 3652 1839 3703 ;
1878 3635 2062 3705 perﬁ-

401 3722 533 3801 cere
551 3748 753 3798 autem
778 3752 923 3807 non,
945 3732 1323 3807 repugnante
1344 3722 2065 3796 videlicetconcupiscen-

398 3831 483 3891 tia
509 3829 728 3896 carnis,
752 3826 926 3897 cujus
953 3818 1227 3879 stimulos
1239 3822 1297 3875 et
1322 3814 1719 3874 titillationem
1734 3827 1841 3884 per
1857 3810 2065 3867 omnia

401 3920 779 3991 exstinguere
803 3928 1061 3987 nequeo,
1095 3910 1245 3966 dum
1276 3921 1492 3978 corpus
1522 3901 1682 3977 quod
1720 3900 2063 3991 corrumpis

402 4016 523 4077 tur,
551 3988 848 4080 aqgravat
878 4003 1166 4073 animam,
1194 4012 1321 4055 non
1350 4012 1387 4053 a
1436 3993 1632 4065 gratia
1675 3990 1928 4057 alienus,
1959 3988 2066 4062 qui

400 4099 664 4157 necdum
684 4097 843 4153 hanc
869 4091 1239 4150 voluntatem
1261 4102 1336 4144 ex
1356 4084 1563 4156 gratias
1582 4096 1833 4138 munere
1857 4094 2063 4153 perce-

400 4192 591 4262 perat.
619 4189 771 4243 Nam
794 4179 963 4255 quod
1002 4179 1119 4236 ait:
1151 4177 1351 4233 Mente
1369 4172 1560 4262 servio
1591 4171 1712 4262 legi
1746 4169 1876 4237 Dei,
1902 4167 2065 4224 idem

402 4258 575 4335 dicit:
594 4274 756 4333 Velle
774 4271 1014 4341 adjacet
1034 4265 1205 4324 mihi.
1225 4267 1293 4320 Et
1311 4260 1479 4337 quod
1495 4260 1579 4318 ait
1601 4276 1615 4317 :
1643 4258 1843 4317 Carne
1862 4263 2064 4315 autem

405 4366 525 4437 legi
546 4358 970 4435 peccati,idem
1012 4359 1101 4412 est
1147 4369 1287 4410 cum
1322 4350 1462 4408 dicit
1486 4368 1498 4406 :
1522 4350 1822 4420 Perﬁcere
1863 4352 2063 4404 autem

402 4472 546 4513 non.
578 4456 781 4525 Itaque
803 4448 851 4504 si
878 4445 1025 4503 velle
1062 4447 1281 4501 natura
1306 4440 1482 4498 nobis
1510 4443 1618 4507 est,
1649 4437 1714 4495 id
1751 4442 1843 4494 est
1868 4451 2065 4493 essen-

402 4544 505 4613 tia,
533 4524 717 4600 veluti
747 4536 993 4599 asseris,
1015 4548 1227 4592 omnes
1249 4529 1527 4587 homines
1560 4526 1622 4583 id
1673 4526 1898 4584 habere
1925 4524 2062 4599 quis

403 4632 629 4691 nesciat
649 4631 677 4688 ?
710 4631 931 4687 Omnes
963 4628 1166 4682 autem
1187 4619 1485 4690 homines,
1518 4620 1734 4691 printer
1753 4631 1910 4689 quos
1934 4630 2066 4686 gra-

404 4723 501 4781 tiae
538 4723 849 4794 respectus
909 4715 1184 4782 illustrat,
1236 4724 1361 4767 non
1416 4706 1642 4765 habere
1690 4704 2064 4762 voluntatem

403 4817 566 4873 caste
592 4808 852 4872 vivendi,
900 4812 955 4864 et
986 4805 1275 4862 adversus
1305 4799 1502 4858 carnis
1547 4794 2066 4870 concupiscentiae

402 4901 752 4970 dimicandi,
771 4898 1045 4973 quinimo
1070 4889 1539 4951 obstinatissime
1564 4893 1623 4945 et
1649 4884 2066 4945 ardentissime

405 4998 490 5054 eis
521 4993 725 5056 subdi,
757 4990 894 5064 quis
918 4989 1152 5059 ignoret
1170 4986 1209 5057 7,
1226 4983 1284 5043 Si
1313 4996 1458 5053 ergo
1486 4977 1825 5036 secundum
1856 4979 1912 5034 te
1940 4991 2070 5033 om-

402 5101 514 5142 nes
543 5082 822 5139 homines
859 5078 1087 5136 habent
1128 5071 1456 5131 essentiam
1484 5067 1658 5139 velle,
1688 5081 1811 5123 non
1862 5069 2066 5122 autem

405 5188 619 5232 omnes
639 5169 919 5229 homines
954 5166 1184 5224 habent
1207 5162 1358 5220 velle
1388 5164 1455 5218 ut
1476 5158 1778 5227 resistant,
1810 5155 1935 5213 imo
1963 5155 2068 5213 ha-

397 5265 545 5322 bent
563 5266 630 5320 ut
656 5258 944 5319 obediant
972 5250 1472 5328 concupiscentiis
1493 5248 1713 5317 carnis,
1734 5250 1900 5321 patet
1923 5261 2064 5319 pro-

403 5354 559 5412 fecto
584 5363 981 5426 nequaquam
1002 5361 1077 5403 ex
1103 5346 1333 5401 naturae
1362 5341 1527 5398 bono
1551 5338 1615 5396 id
1635 5352 1847 5395 omnes
1874 5333 2065 5392 homi-

403 5458 513 5500 nes
544 5438 813 5513 assequi,
832 5435 940 5493 sed
955 5451 1029 5491 ex
1046 5433 1318 5502 largitate
1340 5428 1542 5502 gratiae
1562 5443 1666 5484 eos
1694 5429 2065 5483 tantummo-

403 5531 484 5587 do
509 5533 614 5603 qui
630 5527 1053 5600 prazdestinati
1077 5528 1217 5579 sunt
1240 5522 1304 5577 in
1330 5520 1490 5589 filios
1518 5518 1649 5588 Dei,
1680 5520 1747 5572 ut
1772 5530 1882 5588 per
1904 5527 2066 5569 eam-

396 5618 540 5674 dem
568 5619 824 5688 gratiam
869 5614 1109 5689 possint
1154 5613 1488 5682 conformes
1535 5607 1675 5678 ﬁeri
1718 5604 1963 5676 proprii
2006 5609 2063 5659 et

392 5706 560 5761 unici
579 5708 729 5763 Filii
750 5707 858 5761 Dei
884 5705 1078 5773 (Rom.
1101 5717 1202 5770 vn,
1228 5701 1343 5769 29).
1380 5697 1554 5764 Quod
1584 5711 1722 5753 vero
1771 5691 2058 5765 adjungis

392 5792 599 5849 dicens
631 5810 644 5848 :

2170 3186 2373 3239 autem
2403 3197 2537 3238 esse
2584 3179 2960 3236 voluntatem
3008 3193 3259 3251 prorsus
3313 3190 3439 3231 non
3480 3172 3693 3246 recipit
3722 3190 3740 3232 :
3771 3177 3835 3230 tu

2168 3276 2414 3356 econtga
2442 3270 2661 3334 nitens,
2691 3273 2927 3327 tantum
2962 3266 3164 3338 gratiae
3195 3265 3474 3335 derogas,
3526 3262 3674 3318 dum
3731 3277 3836 3318 na-

2169 3364 2316 3418 turas
2348 3351 2504 3416 ultra
2525 3359 2828 3414 veritatem
2862 3371 3134 3427 arrogas,
3166 3358 3232 3411 ut
3264 3351 3549 3420 mirabili,
3570 3352 3835 3408 caecitate

2171 3454 2295 3507 tam
2323 3448 2542 3505 lucidas
2572 3447 2803 3504 veritati
2830 3445 3245 3520 impudentius
3266 3443 3546 3508 obvians,
3566 3440 3836 3498 crebrius

2170 3554 2358 3611 quam
2382 3553 2624 3595 necesse
2654 3537 2731 3592 sit
2755 3535 2971 3593 eadem
3000 3532 3304 3591 inculcare
3334 3547 3458 3590 non
3489 3530 3831 3588 erubescas.

2171 3632 2238 3687 Et
2263 3628 2399 3685 ideo
2422 3625 2726 3684 subnectis
2757 3642 2771 3680 :

2756 3750 2815 3790 J0
2828 3750 2995 3790 ιΝΝεε
3035 3748 3262 3790 SCOTUS.

2243 3846 2410 3917 (Cap.
2433 3847 2489 3913 4,
2521 3858 2690 3899 num.
2729 3842 2813 3905 18,
2843 3844 2985 3898 sect.
3014 3842 3094 3913 8.)
3128 3845 3169 3893 Θ
3200 3843 3330 3897 Non
3361 3844 3560 3896 tamen
3582 3837 3839 3895 volentis

2172 3948 2369 4006 neque
2395 3932 2688 3989 currentis
2712 3932 2867 3988 bona
2883 3945 3067 4001 opera
3084 3931 3178 3987 vel
3191 3930 3501 4000 inchoare,
3525 3929 3619 3986 vel
3635 3942 3833 3999 agere,

2172 4025 2268 4082 vel
2293 4023 2602 4094 perﬁcere,
2632 4021 2745 4078 hoc
2774 4022 2930 4078 enim
2961 4023 3051 4077 est
3079 4018 3417 4077 miserantis
3464 4017 3565 4075 Dei
3590 4018 3832 4074 donum.

2842 4161 3167 4203 CORRECTIO.

2245 4260 2286 4330 -ι-
2318 4260 2387 4314 Ut
2413 4255 2697 4313 ostendas
2752 4253 3122 4312 voluntatem
3149 4256 3207 4310 et
3248 4251 3603 4326 appetitum,
3654 4265 3834 4322 quem

2175 4363 2420 4405 cursum
2449 4345 2751 4409 nominas,
2793 4359 2918 4401 non
2970 4358 3099 4401 esse
3137 4340 3552 4416 praevenientis
3593 4339 3693 4396 Dei
3729 4338 3833 4395 do-

2174 4453 2345 4505 num,
2377 4435 2486 4492 sed
2540 4433 2897 4500 miserentis,
2955 4432 3017 4489 id
3045 4436 3137 4489 est
3158 4428 3540 4488 retribuentis
3568 4432 3627 4485 et
3673 4427 3835 4498 adju-

2174 4527 2372 4585 vantis
2402 4540 2644 4582 munus.
2679 4527 2743 4581 Et
2793 4523 2898 4581 ubi
2949 4526 3040 4580 est
3089 4519 3258 4595 quod
3304 4520 3466 4578 idem
3526 4516 3834 4592 Apostolus

2175 4614 2514 4691 proclamat
2538 4631 2552 4670 :
2576 4614 2732 4684 Quid
2760 4615 2916 4671 enim
2948 4612 3129 4670 habes
3156 4610 3317 4683 quod
3358 4626 3481 4667 non
3502 4607 3832 4678 accepisti?

2174 4706 2233 4777 (I
2258 4706 2395 4763 Cor.
2427 4720 2505 4774 tv,
2535 4704 2616 4776 7.)
2647 4705 2713 4759 Et
2736 4718 2982 4759 rursum
3012 4718 3026 4758 :
3053 4700 3194 4770 Quis
3221 4700 3378 4757 enim
3415 4698 3581 4756 novit
3604 4712 3835 4754 sensum

2172 4794 2451 4853 Domini:
2483 4800 2589 4851 aut
2619 4794 2747 4866 quis
2778 4792 3161 4850 consiliarius
3195 4792 3325 4861 ejus
3352 4788 3502 4861 fuit,
3552 4791 3658 4845 aut
3707 4787 3832 4859 quis

2171 4886 2346 4957 prior
2374 4884 2538 4941 dedit
2560 4885 2655 4939 illi
2675 4888 2729 4939 et
2762 4881 3130 4940 retribuetur
3157 4881 3213 4936 ei
3231 4879 3258 4935 ?
3292 4878 3585 4948 Quoniam
3614 4892 3689 4933 ex
3712 4877 3831 4946 ipso

2177 4980 2233 5032 et
2257 4990 2373 5046 per
2392 4975 2586 5044 ipsum
2618 4978 2669 5029 et
2699 4974 2764 5029 in
2794 4974 2920 5042 ipso
2965 4976 3105 5026 sunt
3147 4968 3369 5035 omnia,
3402 4966 3520 5036 ipsi
3546 4965 3742 5035 gloria
3772 4966 3834 5021 in

2175 5064 2397 5123 saecula
2418 5064 2798 5128 saeculorum,
2819 5062 3009 5117 Amen
3032 5058 3221 5130 (Rom.
3243 5072 3326 5124 XI,
3346 5055 3439 5124 34,
3461 5054 3573 5126 36).
3606 5051 3663 5109 Si
3680 5052 3835 5111 enim

2177 5170 2251 5213 ex
2274 5157 2351 5225 te,
2382 5150 2447 5209 id
2471 5156 2564 5209 est
2585 5153 2821 5212 natura,
2854 5147 3227 5205 voluntatem
3256 5147 3315 5202 et
3338 5141 3674 5217 appetitum
3695 5141 3832 5199 boni

2178 5242 2392 5309 habes,
2450 5238 2720 5313 sequitur
2772 5237 3082 5306 inchoare,
3147 5249 3327 5306 agere
3394 5248 3502 5290 seu
3529 5230 3827 5306 perﬁcere,

2177 5348 2304 5390 non
2351 5328 2690 5389 miserentis
2748 5326 2851 5384 Dei
2887 5327 3142 5393 donum,
3199 5323 3307 5381 sed
3354 5321 3733 5381 retribuentis
3761 5321 3831 5379 sit

2176 5437 2424 5493 munus,
2469 5424 2528 5477 et
2556 5418 2777 5475 falsum
2810 5415 2920 5474 erit
2946 5413 3114 5490 quod
3165 5414 3248 5471 ait
3292 5412 3618 5487 Apostolus
3661 5410 3830 5479 :Quis

2167 5513 2345 5582 prior
2394 5510 2557 5567 dedit
2603 5509 2705 5565 illi
2741 5514 2793 5565 et
2848 5505 3215 5564 retribuetur
3268 5505 3378 5561 ei?
3429 5502 3505 5571 Si,
3564 5501 3824 5574 inquam,

2176 5601 2281 5657 tibi
2329 5616 2403 5657 ex
2454 5603 2673 5656 natura
2728 5597 3004 5654 voluntas
3035 5599 3092 5651 et
3150 5593 3450 5668 appetitus
3495 5590 3642 5648 boni
3702 5589 3820 5660 fuit,

2171 5690 2459 5747 nimirum
2480 5694 2716 5746 constat
2742 5687 2889 5762 quia
2914 5691 2980 5744 tu
3001 5685 3164 5760 prior
3193 5683 3429 5741 dederis
3473 5683 3595 5738 Deo
3618 5678 3820 5737 volun-

2172 5783 2357 5839 tatem
2385 5783 2576 5840 tuam.
2626 5793 2818 5851 quam
2872 5776 2969 5834 ille
3000 5775 3098 5833 vel
3126 5772 3476 5842 inchoandi,
3530 5770 3626 5831 vel
3654 5784 3799 5843 agen
