3974 6392
132 292 266 350 1069

1019 288 1109 344 DE
1152 283 1839 344 PREDESTINATIONE
1886 283 2176 341 CONTRA
2220 288 2271 343 J.
2309 288 2603 347 SCOTUM.

3432 300 3569 358 1070

126 416 209 485 di,
243 415 337 472 vel
365 413 715 487 perﬁciendi
744 428 1014 469 munere.
1065 412 1459 469 Rebributum
1488 413 1579 466 est
1608 408 1787 479 igitur
1822 426 1869 480 Α
1906 412 2033 465 erat
2066 413 2268 468 utrum
2300 416 2357 469 et
2384 414 2665 470 meritum
2710 413 2849 471 ﬁdei
2895 432 2969 473 ex
3019 418 3432 480 misericordia
3468 426 3569 482 Dei

131 507 235 563 tibi
273 506 507 578 justitia
546 504 888 577 repetentis,
932 519 1054 558 non
1113 503 1325 560 datum
1372 498 1790 557 muniﬁcentia

128 595 384 667 gratuito
431 593 761 666 largientis.
795 592 946 659 Quia
974 609 1139 661 vero,
1201 592 1365 649 omni
1398 589 1793 659 ambiguitate

132 685 384 753 seclusa,
428 700 637 739 verum
667 686 754 739 est
785 682 951 755 quod
982 681 1305 754 Apostolus
1335 682 1418 738 ait
1449 697 1461 735 :
1499 682 1622 735 Aul
1664 678 1796 749 quis

128 778 300 847 prior
334 774 500 832 dedit
547 774 650 830 illi
685 778 741 830 et
769 772 1140 829 relribuelur
1171 772 1225 828 ei
1261 776 1288 827 ?
1315 770 1584 845 profecto
1612 768 1800 842 liquet

130 867 295 939 quod
326 865 462 937 ipsa
494 863 776 919 voluntas
807 866 990 935 atque
1029 861 1336 934 appetitus
1374 860 1520 917 boni
1567 859 1799 915 donum

134 955 205 1011 sit
241 954 445 1024 gratiae
475 951 912 1025 praevenientis,
946 966 1069 1006 non
1096 957 1327 1006 naturae
1363 949 1664 1005 existentis
1694 946 1801 1019 lip-

136 1043 364 1116 pientis.
414 1041 572 1110 Quid
614 1042 771 1098 enim
822 1041 1002 1097 habes
1033 1041 1194 1111 quod
1219 1055 1339 1094 non
1369 1039 1663 1108 accepisti
1687 1041 1714 1093 ?
1745 1027 1803 1094 Si1

134 1148 274 1202 ergo
310 1130 459 1188 boni
490 1129 860 1186 voluntatem
908 1128 1119 1196 habes,
1174 1127 1385 1200 procul
1415 1126 1605 1182 dubio
1635 1141 1802 1182 acce—

134 1220 266 1293 pisti
290 1237 303 1276 :
348 1218 632 1291 accepisti
657 1221 861 1274 autem
893 1233 1018 1273 non
1044 1222 1281 1273 natura:
1308 1215 1677 1272 caecutientis
1696 1216 1802 1271 bo-

134 1326 230 1377 no,
265 1309 373 1365 sed
404 1308 611 1380 gratiae
625 1306 963 1362 miserantis
989 1306 1176 1363 dono.
1216 1306 1510 1373 Quoniam
1546 1321 1623 1362 ea:
1650 1307 1798 1374 ipso,

135 1405 188 1456 et
200 1413 311 1468 per
334 1399 554 1469 ipsum,
577 1403 631 1454 et
658 1398 721 1453 in
742 1396 870 1465 ipso
895 1402 1033 1451 sunt
1048 1397 1270 1467 omnia,
1298 1394 1506 1467 procul
1525 1394 1716 1450 dubio
1746 1398 1803 1450 et

1908 499 2141 565 veniat,
2207 502 2270 557 id
2336 507 2458 569 est,
2532 508 2728 562 utrum
2795 506 2905 564 ista
2966 508 3377 570 misericordia
3431 513 3569 571 ideo

1907 590 2328 649 tantummodo
2373 592 2478 649 ﬁat
2521 594 2584 649 in
2632 595 2879 652 homine
2925 598 3072 670 quia
3123 599 3317 656 ﬁdelis
3346 606 3456 675 est,
3489 619 3570 660 an

1906 675 2085 733 etiam
2114 678 2271 737 facta
2300 681 2478 739 fuerit
2506 688 2571 740 ut
2617 683 2811 741 ﬁdelis
2844 691 3016 743 esset.
3079 689 3357 759 Legimus
3406 693 3569 750 enim

1907 765 2140 825 dicente
2170 772 2455 843 Apostolo
2486 790 2499 827 :
2528 775 3007 834 Misericordiam
3035 787 3384 838 consecutus
3413 799 3566 858 sum,

1912 862 1975 912 ut
2000 858 2196 926 ﬁdelis
2227 876 2405 918 essem
2445 864 2506 929 (Ι
2532 864 2669 919 Cor.
2700 880 2798 933 vn,
2828 867 2942 938 25),
2973 882 3098 924 non
3118 868 3220 941 ait,
3250 871 3399 944 quia
3426 872 3571 931 ﬁde-

1909 944 1980 1000 lis
2010 963 2195 1004 eram.
2230 950 2412 1007 Fideli
2438 967 2581 1019 ergo
2619 953 2798 1011 datur
2839 956 3107 1029 quidem,
3142 958 3247 1015 sed
3293 959 3436 1019 data
3483 967 3572 1020 est

1913 1036 2091 1092 etiam
2139 1042 2204 1093 ut
2249 1044 2401 1097 esset
2430 1040 2645 1099 ﬁdelis.
2675 1045 3022 1103 Rectissime
3052 1048 3255 1122 itaque
3286 1049 3403 1106 alio
3432 1051 3568 1109 loco

1911 1124 1972 1179 in
1999 1125 2214 1183 eodem
2243 1127 2396 1185 libro
2421 1130 2539 1185 dixi
2568 1148 2582 1185 :
2617 1133 2914 1197 Quoniam
2941 1136 2991 1191 si
3018 1152 3141 1194 non
3166 1154 3236 1194 ex
3259 1140 3566 1213 operibus,

1912 1213 2019 1269 sed
2048 1216 2459 1275 misericordia
2500 1219 2600 1275 Dei
2630 1225 2687 1277 et
2728 1239 3019 1280 vocamur
3050 1231 3116 1282 ut
3145 1227 3487 1298 credamus,
3513 1233 3573 1287 et

1911 1305 2294 1362 credentibus
2331 1313 2650 1381 praestatur
2678 1314 2744 1367 ut
2770 1312 2926 1369 bene
2954 1331 3301 1388 operemur,
3328 1334 3453 1374 non
3483 1324 3573 1377 est

1910 1395 2186 1466 gentibus
2211 1398 2324 1453 ista
2347 1397 2677 1457 invidenda
2706 1401 3143 1477 misericordia,
3162 1407 3442 1480 quamvis
3463 1408 3571 1465 mi-

134 1487 458 1545 liberalitas
501 1486 681 1542 bonae
728 1484 1082 1553 voluntatis,
1114 1486 1232 1555 ipsi
1258 1486 1459 1556 gloria
1489 1486 1553 1541 in
1578 1485 1800 1541 saecula
1907 1499 2023 1539 nus
2053 1485 2135 1541 ibi
2156 1486 2469 1558 diligenter
2494 1489 2569 1545 de
2598 1489 2718 1558 illa,
2761 1507 2899 1563 quae
2920 1509 3030 1566 per
3059 1494 3158 1552 Dei
3191 1494 3571 1569 propositum

134 1578 511 1644 saeculorum,
544 1578 733 1633 Amen
773 1574 960 1647 (Rom.
992 1591 1067 1641 xx,
1101 1576 1213 1646 36).
1267 1575 1413 1630 Hinc
1446 1578 1655 1630 beatus
1680 1578 1798 1629 Au-

137 1682 243 1736 gus
258 1667 413 1724 tinus
437 1668 499 1722 in
528 1665 947 1721 retractatione
979 1664 1468 1737 propositionum
1520 1662 1796 1736 Epistolas

137 1756 215 1814 ad
242 1760 548 1814 Romanos
572 1754 653 1811 ita
670 1753 938 1827 loquitur
962 1771 974 1808 ε

205 1845 580 1916 Augustinus
627 1846 914 1914 (Relract.
951 1844 1053 1899 lib.
1088 1860 1125 1911 ι,
1156 1859 1291 1913 cap.
1318 1847 1406 1916 23)
1461 1861 1473 1897 :
1522 1842 1797 1915 [Proinde

135 1937 300 2011 quod
333 1936 621 1992 continuo
650 1934 777 1991 dixi
808 1951 821 1990 :
856 1934 1185 1991 Dicitenim
1211 1934 1409 1990 eidem
1434 1933 1796 2007 Apostolus:

141 2027 303 2084 Idem
331 2032 483 2083 Deus
514 2026 618 2098 qui
646 2030 937 2095 operatur
963 2025 1165 2080 omnia
1201 2026 1260 2079 in
1293 2024 1572 2079 omnibus
1592 2024 1799 2094 ([Cor.

136 2133 236 2184 xu,
274 2116 381 2189 i6);
423 2130 732 2187 nusquam
762 2120 961 2171 autem
1014 2112 1243 2169 dictum
1274 2118 1361 2169 est
1392 2131 1404 2168 :
1442 2115 1595 2168 Deus
1620 2112 1806 2168 credit

137 2206 342 2263 omnia
372 2206 435 2261 in
460 2204 745 2262 omnibus
780 2223 793 2273 ;
827 2220 898 2261 ac
919 2203 1139 2260 deinde
1170 2204 1301 2275 subj
1316 2205 1457 2259 unxi
1488 2222 1500 2256 :
1527 2204 1694 2269 Quod
1721 2219 1806 2258 er-

139 2311 214 2366 go
261 2296 570 2352 credimus
599 2299 874 2351 nostrum
916 2299 1055 2362 est;
1112 2294 1279 2366 quod
1320 2300 1525 2349 autem
1573 2293 1805 2349 bonum

137 2402 484 2460 Operamur,
518 2384 677 2441 illius
706 2388 798 2441 est
838 2384 941 2457 Qui
975 2383 1357 2439 credentibus
1389 2382 1493 2440 dat
1520 2382 1807 2456 Spiritum

140 2474 711 2548 sanctum,profecto
730 2490 855 2530 non
876 2473 1141 2530 dicerem
1164 2474 1213 2528 si
1231 2474 1362 2545 jam
1384 2474 1599 2529 scirem
1624 2473 1805 2529 etiam

140 2566 337 2640 ipsam
366 2563 549 2620 ﬁdem
581 2564 733 2621 inter
758 2564 860 2620 Dei
892 2580 1146 2620 munera
1182 2564 1448 2636 reperiri,
1484 2580 1622 2636 quae
1654 2563 1802 2619 dan-

140 2659 233 2711 tur
256 2655 321 2712 in
353 2654 571 2711 eodem
599 2653 838 2727 Spiritu.
876 2657 1205 2727 Utrumque
1236 2669 1382 2723 ergo
1408 2658 1687 2711 nostrum
1719 2657 1805 2709 est

140 2748 386 2818 propter
413 2743 733 2810 arbitrium
762 2743 1109 2813 voluntatis,
1160 2749 1218 2799 et
1245 2749 1568 2816 utrumque
1601 2748 1805 2799 tamen

140 2833 350 2893 datum
377 2849 484 2906 per
515 2832 799 2906 Spiritum
822 2831 965 2889 ﬁdei
994 2838 1050 2889 et
1076 2832 1400 2889 charitatis.
1420 2835 1620 2905 Neque
1643 2832 1803 2887 enim

142 2923 266 2980 sola
287 2923 575 2991 Charitas,
598 2923 705 2977 sed
732 2922 886 2979 sicut
916 2922 1206 2994 scriptum
1237 2927 1345 2978 est:
1369 2923 1653 2979 Charitas
1669 2938 1803 2978 cum

140 3013 254 3082 ﬁde
297 3028 337 3070 a
379 3013 503 3068 Deo
531 3012 718 3068 Patre
750 3016 806 3068 et
856 3012 1105 3067 Domino
1136 3017 1341 3067 nostro
1391 3013 1531 3067 Jesu
1564 3010 1803 3067 Christo

145 3100 525 3173 (Eph.vi,23).
557 3102 624 3155 Et
650 3099 818 3171 quod
857 3099 1040 3171 paulo
1064 3098 1376 3171 postdixi:
1404 3102 1686 3154 Nostrum
1715 3102 1807 3154 est

144 3192 303 3247 enim
343 3189 589 3245 credere
618 3194 675 3244 et
712 3188 883 3258 velle,
916 3188 1073 3244 illius
1105 3192 1308 3245 autem
1348 3188 1494 3243 dare
1521 3186 1808 3243 credenti-

145 3280 256 3337 bus
285 3284 346 3337 et
392 3278 736 3335 volentibus
779 3277 1126 3334 facultatem
1174 3277 1327 3333 bene
1378 3277 1673 3349 operandi
1702 3292 1809 3349 per

150 3370 436 3443 Spiritum
460 3372 760 3436 sanctum,
794 3384 905 3439 per
930 3384 1104 3439 quem
1144 3367 1412 3424 charitas
1452 3369 1562 3423 Dei
1589 3368 1809 3437 (li/fun-

149 3461 315 3517 ditur
341 3461 408 3515 in
438 3458 718 3515 cordibus
745 3460 967 3515 nostris
991 3459 1546 3527 (Rom.v,5),verum
1568 3463 1656 3513 est
1682 3456 1811 3530 qui-

149 3547 425 3617 dem,sed
445 3548 658 3604 eadem
684 3547 978 3618 regula,et
1001 3552 1324 3619 utrumque
1349 3547 1538 3619 ipsius
1554 3545 1813 3620 est,quia

151 3639 275 3711 ipse
306 3642 613 3711 praeparat
637 3637 1008 3694 voluntatem
1042 3657 1053 3703 ;
1087 3641 1142 3693 et
1171 3641 1493 3709 utrumque
1514 3641 1810 3701 nostrum,

152 3728 295 3801 quia
323 3744 451 3785 non
479 3728 548 3784 ﬁt
574 3728 690 3784 nisi
719 3727 1053 3785 volentibus
1073 3727 1358 3784 nobis.Ac
1379 3742 1486 3799 per
1511 3728 1627 3784 hoc
1648 3720 1812 3801 quod

154 3818 330 3876 etiam
354 3821 568 3891 postea
593 3817 738 3887 dixi,
769 3817 916 3891 quia
943 3833 1143 3890 neque
1164 3816 1316 3873 velle
1346 3833 1694 3889 possumus,
1728 3818 1814 3873 ni-

156 3907 203 3965 si
230 3923 517 3965 vocemur
558 3926 572 3975 ;
595 3912 653 3965 et
679 3925 819 3965 cum
847 3913 986 3982 post
1010 3907 1395 3965 vocationem
1423 3907 1813 3980 voluerimus,

154 4012 274 4054 non
298 3997 523 4055 sufﬁcit
552 3997 832 4055 voluntas
857 4003 1084 4068 nostra,
1108 4002 1164 4054 et
1195 4014 1409 4053 cursus
1439 4004 1662 4067 noster,
1695 3997 1815 4054 nisi

158 4089 307 4143 Deus
337 4093 397 4145 et
423 4087 574 4144 vires
605 4088 983 4145 currentibus
1008 4087 1278 4161 praebeat
1297 4092 1354 4144 et
1383 4088 1674 4160 perducat
1691 4104 1816 4162 quo

155 4182 363 4247 vocat;
396 4194 469 4235 ac
490 4177 710 4235 deinde
741 4178 1030 4251 subjunxi
1082 4194 1096 4233 :
1153 4177 1534 4235 Manifestum
1564 4182 1653 4234 est
1671 4194 1815 4249 ergo

160 4281 275 4323 non
319 4268 573 4325 volentis
601 4283 790 4340 neque
827 4268 1147 4334 currentis,
1194 4267 1299 4324 sed
1344 4268 1676 4324 miserentis
1706 4269 1823 4325 Dei

161 4370 276 4413 esse
312 4357 504 4429 (Rom.
534 4374 612 4426 IX,
646 4358 754 4431 16),
781 4357 950 4430 quod
970 4356 1126 4413 bene
1149 4372 1475 4430 operamur
1506 4374 1519 4426 ;
1566 4358 1817 4413 omnino

163 4446 543 4503 verissimum
599 4451 710 4503 est.
754 4446 869 4504 Sed
916 4462 1137 4519 parum
1186 4445 1261 4502 de
1317 4445 1452 4518 ipsa
1500 4445 1817 4503 vocatione

1906 1573 1991 1642 ﬁt,
2020 1576 2329 1633 vocatione
2362 1580 2793 1653 tractaverim.]

1978 1666 2021 1734 -ί-
2048 1666 2220 1730 Quod
2251 1668 2650 1740 apostolicum
2683 1671 3101 1730 testimonium
3128 1689 3252 1747 quo
3276 1689 3460 1732 sensu
3482 1691 3575 1732 ac-

1827 1789 1872 1841 B
1909 1754 2026 1826 cipi
2045 1755 2501 1815 debeat‘beatus
2531 1760 2906 1829 Augustinus
2929 1761 2991 1816 in
3010 1761 3163 1819 libro
3194 1764 3576 1833 Enchiridion

1911 1844 2165 1913 (cap.32)
2190 1846 2539 1902 manifestat
2562 1847 2769 1904 dicens
2800 1850 2970 1913 [Item
2991 1866 3068 1906 ne
3093 1852 3441 1926 quisquam,
3467 1854 3577 1922 etsi

1910 1948 2032 1988 non
2073 1933 2147 1988 de
2180 1934 2487 2007 operibus,
2513 1938 2588 1992 de
2618 1937 2751 2010 ipso
2777 1937 3063 2008 glorietur
3085 1939 3275 1996 libero
3304 1941 3577 1999 volunta-

1912 2022 1986 2077 tis
2038 2023 2303 2092 arbitrio,
2362 2028 2656 2098 tanquam
2700 2027 2780 2084 ab
2828 2027 2961 2101 ipso
2999 2028 3246 2101 incipiat
3270 2031 3573 2107 meritum,

1914 2112 2012 2167 cui
2040 2116 2333 2186 tanquam
2383 2112 2652 2170 debitum
2702 2116 2992 2174 reddatur
3030 2117 3371 2191 praemium,
3419 2120 3576 2179 bene

1915 2201 2209 2273 operandi
2252 2202 2385 2275 ipsa
2424 2203 2669 2261 libertas
2703 2223 2716 2275 ;
2779 2206 2988 2263 audiat
3048 2208 3333 2267 eumdem
3370 2209 3576 2281 gratiae

1914 2307 2257 2363 praeconem
2284 2292 2582 2350 dicentem
2611 2311 2624 2350 :
2666 2296 2826 2352 Deus
2852 2301 2937 2353 est
2967 2298 3121 2353 enim
3155 2313 3260 2370 qui
3289 2304 3579 2371 operatur

1917 2382 1978 2436 in
2011 2381 2171 2437 vobis
2200 2388 2253 2439 et
2304 2383 2459 2439 velle
2503 2390 2557 2440 et
2614 2389 2858 2455 operari
2902 2402 3018 2456 pro
3058 2389 3214 2445 bona
3266 2391 3581 2447 voluntate

1916 2470 2426 2543 (Philip.u,i3).Et
2454 2472 2571 2528 alio
2597 2473 2731 2530 loco
2766 2492 2778 2529 :
2814 2477 3015 2547 Igitur
3042 2493 3162 2534 non
3191 2479 3447 2536 volentis
3482 2495 3579 2536 ne—

1918 2576 2029 2632 que
2059 2563 2379 2632 currentis,
2418 2562 2522 2619 sed
2552 2565 2881 2621 miserentis
2899 2572 2984 2622 est
3010 2568 3121 2623 Dei
3147 2568 3336 2637 (Rom.
3359 2585 3439 2639 Ix,
3467 2568 3575 2638 16);

1916 2654 2065 2707 Cum
2089 2652 2300 2724 procul
2331 2652 2539 2723 dubio,
2587 2654 2636 2709 si
2665 2655 2849 2712 homo
2899 2657 3031 2729 ejus
3066 2658 3251 2715 aetatis
3283 2663 3371 2716 est
3396 2662 3459 2716 ut
3484 2675 3579 2716 ra-

1916 2739 2072 2796 tione
2096 2742 2224 2813 jam
2256 2746 2476 2814 utatur,
2535 2759 2659 2800 non
2712 2746 2903 2818 possit
2949 2747 3212 2817 credere,
3255 2764 3496 2822 sperare
3524 2752 3581 2805 et

1914 2830 2177 2901 diligere,
2206 2832 2319 2887 nisi
2349 2831 2505 2901 velit,
2533 2849 2645 2890 nec
2696 2835 3003 2907 pervenire
3050 2836 3130 2893 ad
3181 2835 3455 2911 palmam
3482 2854 3580 2893 su-

1913 2936 2116 2993 pernas
2142 2922 2468 2978 vocationis
2487 2923 2607 2989 Dei,
2640 2924 2755 2980 nisi
2781 2924 3090 2983 voluntate
3119 2928 3385 2985 currerit.
3430 2930 3583 2997 Quo-

1916 3012 2099 3067 modo
2123 3028 2265 3083 ergo
2289 3028 2411 3068 non
2438 3014 2707 3081 volentis,
2732 3030 2920 3086 neque
2945 3020 3264 3090 currentis,
3286 3019 3392 3076 sed
3408 3021 3581 3077 mise-

1915 3101 2101 3156 rentis
2131 3106 2216 3157 est
2240 3102 2369 3168 Dei,
2392 3100 2510 3156 nisi
2526 3101 2672 3173 quia
2697 3107 2749 3157 et
2783 3103 2918 3175 ipsa
2938 3106 3236 3175 voluntas,
3266 3106 3418 3162 sicut
3437 3107 3578 3163 scri-

1917 3193 2088 3262 ptum
2115 3194 2268 3259 est,a
2298 3190 2547 3245 Domino
2567 3197 2962 3261 praaparatur
2978 3194 3007 3249 ‘l
3032 3194 3439 3265 (Prov.vm,35
3463 3211 3577 3253 sec.

1917 3279 2095 3334 LXX.
2102 3278 2404 3351 )Alioquin
2435 3278 2485 3334 si
2501 3284 2819 3353 propterea
2844 3279 3074 3337 dictum
3098 3286 3205 3355 est,
3233 3299 3354 3341 non
3380 3285 3580 3342 volen-

1920 3370 1995 3424 tis
2014 3383 2204 3440 neque
2231 3370 2549 3437 currentis,
2573 3370 2677 3425 sed
2703 3370 3038 3428 miserentis
3061 3377 3147 3428 est
3175 3373 3306 3442 Dei,
3333 3373 3478 3448 quia
3507 3389 3582 3432 ex

1919 3462 2174 3530 utroque
2203 3456 2289 3527 ﬁt,
2322 3457 2385 3514 id
2413 3463 2506 3515 est
2528 3475 2602 3515 ex
2628 3458 2938 3516 voluntate
2965 3460 3254 3531 hominis,
3272 3465 3330 3519 et
3356 3462 3584 3520 miseri-

1921 3547 2150 3620 cordia,
2177 3548 2355 3605 utsic
2408 3547 2638 3606 dictum
2686 3550 3057 3623 accipiamus
3100 3570 3114 3609 :
3163 3553 3299 3612 Non
3330 3554 3584 3612 volentis

1922 3654 2111 3710 neque
2146 3640 2464 3707 currentis,
2497 3639 2602 3695 sed
2636 3640 2973 3697 miserentis
3001 3647 3087 3698 est
3126 3643 3256 3706 Dei,
3290 3647 3583 3718 tanquam

1921 3727 2258 3784 diceretur:
2300 3729 2435 3784 Non
2477 3727 2698 3785 sufﬁcit
2741 3728 2871 3785 sola
2911 3729 3194 3788 voluntas
3222 3732 3505 3802 hominis,
3535 3732 3586 3788 si

1922 3833 2046 3874 non
2073 3817 2147 3874 sit
2176 3818 2354 3874 etiam
2379 3817 2793 3875 misericordia
2820 3818 2923 3874 Dei
2973 3835 2987 3875 :
3030 3835 3155 3876 non
3185 3836 3329 3891 ergo
3369 3819 3588 3878 sufﬁcit

1924 3905 2052 3963 sola
2081 3906 2491 3963 misericordia
2507 3906 2683 3977 Dei,si
2714 3922 2838 3962 non
2860 3907 2935 3964 sit
2959 3908 3142 3965 etiam
3170 3908 3455 3968 voluntas
3474 3910 3585 3967 ho-

1923 3996 2137 4052 minis:
2171 4012 2242 4052 ac
2270 4011 2379 4069 per
2408 3996 2525 4051 hoc
2556 3995 2604 4051 si
2632 3999 2788 4052 recte
2819 3995 3047 4053 dictum
3071 4000 3304 4069 estnon
3335 3999 3588 4058 volentis

1925 4087 2201 4155 hominis,
2246 4085 2351 4142 sed
2386 4086 2717 4142 miserentis
2743 4092 2830 4143 est
2871 4087 2996 4153 Dei,
3029 4088 3175 4161 quia
3204 4087 3267 4144 id
3310 4087 3590 4146 voluntas

1923 4175 2187 4231 hominis
2227 4174 2356 4231 sola
2384 4190 2509 4231 non
2533 4174 2957 4249 implet,quare
2987 4192 3112 4233 non
3139 4180 3197 4234 et
3225 4193 3257 4233 e
3288 4178 3590 4236 contrario

1927 4268 2083 4321 recte
2105 4263 2322 4320 dicitur
2354 4281 2367 4319 :
2415 4266 2544 4320 Non
2571 4264 2906 4322 miserentis
2929 4270 3018 4323 est
3048 4266 3170 4335 Dei,
3203 4266 3310 4324 sed
3336 4267 3592 4325 volentis

1931 4359 2020 4411 est
2046 4353 2479 4427 hominis,quia
2513 4355 2570 4410 id
2609 4354 3020 4414 misericordia
3048 4357 3150 4414 Dei
3175 4357 3305 4415 sola
3332 4373 3456 4415 non
3485 4359 3596 4415 im-

1934 4444 2103 4518 plet?
2129 4446 2313 4502 Porro
2346 4444 2397 4501 si
2425 4444 2627 4501 nullus
2656 4445 2852 4503 dicere
2902 4446 3276 4504 Christianus
3324 4448 3593 4515 audebit,

165 4533 436 4607 disserui,
466 4551 605 4609 qua:
633 4536 702 4593 ﬁt
739 4507 1075 4593 secundum
1104 4507 1490 4609 propositum
1528 4536 1632 4593 Dei
1659 4551 1672 4592 :
1696 4552 1822 4594 non
1852 4507 1897 4563 Β
1936 4507 2064 4594 l‘ion
2106 4536 2444 4593 miserentis
2471 4535 2594 4605 Dei,
2626 4535 2734 4593 sed
2784 4534 3036 4593 volentis
3066 4542 3155 4593 est
3199 4536 3487 4610 hominis,
3518 4507 3597 4596 ne

169 4624 321 4683 enim
369 4626 650 4684 omnium
679 4626 785 4701 qui
828 4632 1081 4684 vocatur
1109 4626 1247 4684 talis
1291 4630 1397 4695 est,
1458 4625 1565 4682 sed
1594 4630 1829 4684 tantum

171 4713 511 4774 electorum.
546 4720 750 4791 itaque
803 4716 974 4790 quod
1013 4716 1199 4790 paulo
1229 4720 1368 4790 post
1406 4715 1534 4773 dixi
1592 4733 1606 4772 :
1669 4716 1833 4775 Sicut

174 4804 328 4864 enim
355 4807 419 4865 in
448 4804 525 4864 iis
552 4807 722 4881 quod
754 4806 917 4880 eligit
938 4810 1117 4879 Deus,
1146 4823 1272 4865 non
1304 4823 1509 4881 opera,
1554 4807 1660 4863 sed
1679 4806 1831 4863 ﬁdes

175 4895 411 4957 inchoat
460 4898 765 4967 meritum,
799 4902 864 4955 ut
886 4914 994 4972 per
1022 4915 1248 4956 munus
1277 4899 1381 4956 Dei
1400 4898 1557 4956 bene
1581 4914 1832 4972 operen-

177 4988 267 5042 tur
296 5006 310 5056 ;
341 4988 428 5046 sic
458 4988 523 5044 in
563 4986 636 5045 iis
666 5005 822 5062 quos
849 4988 1123 5058 damnat,
1172 4987 1497 5045 inﬁdelitas
1538 4993 1597 5045 et
1625 4988 1836 5061 impie-

179 5076 263 5132 tas
285 5076 528 5136 inchoat
551 5094 750 5152 preme
780 5077 1082 5143 meritum,
1115 5081 1181 5135 ut
1209 5094 1317 5152 per
1355 5078 1557 5151 ipsam
1586 5092 1835 5151 poenam

180 5164 352 5224 etiam
391 5167 551 5225 male
579 5172 948 5242 operentur;
1003 5167 1315 5225 verissime
1368 5167 1511 5237 dixi,
1557 5165 1668 5223 sed
1695 5165 1837 5223 ﬁdei

180 5256 451 5315 meritum
479 5258 663 5317 etiam
690 5259 896 5334 ipsum
926 5275 1061 5316 esse
1099 5258 1329 5316 donum
1361 5257 1461 5316 Dei
1487 5272 1598 5314 nec
1628 5255 1837 5331 putavi

183 5347 571 5418 quaerendum
617 5364 775 5421 esse,
816 5364 930 5407 nec
978 5348 1123 5406 dixi.
1166 5351 1233 5405 Et
1276 5347 1395 5405 alio
1423 5347 1602 5404 loco:
1645 5346 1838 5418 Cujus

185 5434 337 5491 enim
365 5437 702 5512 miseretur,
734 5439 1009 5512 inquam,
1046 5438 1185 5496 facit
1213 5454 1355 5494 eum
1369 5437 1525 5494 bene
1551 5437 1792 5511 operari
1825 5455 1838 5506 ;

188 5527 240 5580 et
255 5541 435 5599 quem
455 5528 739 5601 obdurat,
773 5528 1060 5602 relinquit
1082 5531 1316 5593 eum,ut
1346 5526 1505 5583 male
1536 5530 1839 5599 operetur.

1936 4624 2220 4699 Apostolo
2266 4624 2643 4698 apertissime
2695 4624 3086 4693 contradicat,
3119 4628 3303 4682 restat
3348 4628 3413 4681 ut
3462 4640 3600 4698 pro-

1936 4721 2143 4791 pterea
2160 4718 2317 4771 recte
2340 4713 2566 4770 dictum
2593 4712 2990 4783 intelligatur:
3016 4714 3154 4770 Non
3187 4714 3462 4784 volentis,
3502 4729 3602 4772 ne-

1938 4822 2054 4879 que
2075 4804 2393 4872 currentis,
2429 4802 2535 4859 sed
2561 4802 2893 4858 miserentis
2914 4806 3001 4859 est
3030 4803 3159 4870 Dei,
3188 4805 3255 4858 ut
3283 4806 3478 4859 totum
3500 4800 3602 4860 de-

1940 4901 2036 4955 tur
2061 4898 2203 4965 Deo,
2234 4892 2339 4966 qui
2366 4891 2631 4949 hominis
2673 4889 3047 4948 voluntatem
3103 4890 3332 4948 bonam
3375 4896 3433 4949 et
3456 4908 3607 4966 prea-

1939 4988 2118 5061 parat
2144 4981 2561 5055 adjuvandam
2589 4983 2649 5037 et
2671 4978 2922 5052 adjuvat
2949 4984 3605 5054 prmparatam.Praace-

1942 5077 2030 5133 dit
2047 5074 2210 5132 enim
2240 5072 2403 5130 bona
2429 5070 2711 5128 voluntas
2738 5069 3002 5127 hominis
3032 5070 3225 5130 multa
3282 5072 3386 5129 Dei
3423 5072 3608 5141 dona,

1946 5166 2054 5224 sed
2082 5180 2207 5221 non
2226 5161 2435 5220 omnia
2468 5177 2484 5229 ;
2533 5176 2670 5234 quas
2696 5162 2899 5218 autem
2949 5176 3075 5219 non
3111 5162 3400 5236 praecedit
3452 5163 3612 5235 ipsa,

1944 5257 2009 5313 in
2038 5254 2123 5312 eis
2148 5256 2240 5310 est
2269 5256 2324 5308 et
2349 5250 2502 5324 ipsa.
2528 5252 2678 5305 Nam
2700 5252 3023 5324 utrumque
3052 5249 3271 5322 legitur
3296 5250 3360 5307 in
3390 5249 3616 5308 sanctis

1948 5343 2202 5418 eloquiis
2231 5358 2245 5396 ι
2269 5342 2347 5398 Et
2375 5338 2788 5397 misericordia
2809 5340 2937 5408 ejus
2958 5341 3292 5410 prceveniet
3316 5354 3409 5396 me
3426 5339 3616 5411 (Psal.

1949 5452 2106 5502 Lvm,
2167 5433 2289 5504 ll);
2353 5433 2410 5487 et
2476 5446 2490 5486 :
2556 5428 2972 5485 Misericordia
3037 5432 3163 5499 eius
3228 5429 3623 5502 subsequelur

1951 5542 2044 5584 me
2094 5523 2278 5596 (Psal.
2324 5536 2467 5587 XXII,
2520 5523 2595 5585 6).
2653 5517 2964 5574 Nolentem
3014 5518 3308 5591 praevenit
3343 5522 3409 5575 ut
3434 5517 3621 5588 velit;

190 5613 298 5669 Sed
337 5621 393 5674 et
435 5618 540 5677 illa
570 5619 992 5677 misericordia
1028 5618 1393 5692 praecedenti
1430 5617 1645 5674 merito
1702 5616 1845 5673 ﬁdei
1954 5615 2256 5673 volentem
2298 5608 2686 5682 subsequitur
2728 5623 2805 5663 ne
2858 5605 3081 5664 frustra
3124 5607 3284 5665 velit.
3318 5609 3434 5664 Cur
3463 5607 3625 5665 enim

188 5701 474 5778 tribuitur,
504 5713 564 5768 et
600 5710 716 5769 ista
763 5708 1087 5768 obduratio
1116 5707 1481 5782 praecedenti
1528 5706 1843 5779 impietati.

194 5793 361 5862 Οιιοά
384 5800 632 5872 quidem
659 5816 873 5860 verum
902 5802 995 5859 est
1019 5817 1034 5870 ;
1060 5799 1167 5857 sed
1195 5800 1398 5858 adhuc
1439 5797 1839 5873 quaerendum

1961 5704 2365 5764 admonemur
2414 5715 2588 5757 orare
2644 5713 2755 5771 pro
2814 5695 3073 5754 inimicis
3131 5698 3376 5768 nostris,
3421 5698 3629 5773 utique

1964 5793 2307 5856 nolentibus
2344 5790 2442 5864 pie
2470 5789 2691 5860 vivere,
2731 5785 2848 5845 nisi
2877 5790 2941 5845 ut
2976 5788 3134 5845 Deus
3175 5788 3240 5846 in
3285 5790 3371 5848 eis
3421 5804 3604 5863 opere
