3936 6412
166 285 325 337 1073

1145 283 1236 339 DE
1272 279 1958 340 PREDESTINATIONE
1999 281 2278 342 CONTRA
2317 289 2363 343 J.
2392 288 2667 346 SCOTUM

3486 297 3619 349 1074

159 404 402 478 aliquis
425 405 783 478 angelorum
816 407 1046 479 ejus,ex
1075 423 1199 481 quo
1227 408 1416 465 ruinae
1447 407 1604 465 illius
1634 404 1844 462 merito
1881 407 1928 460 Α
1961 407 2191 466 tulisti?
2221 413 2286 466 Et
2313 415 2516 469 tamen
2546 412 2830 470 instinctu
2861 412 2962 468 Dei
2993 411 3219 470 factum
3264 430 3394 471 esse
3438 415 3626 473 ﬁdeli-

159 495 233 552 in
256 496 425 552 hanc
450 499 591 552 sunt
610 496 952 554 inferiorem
980 497 1204 554 detrusi
1245 497 1588 568 caliginem,
1618 495 1847 552 bonam

160 585 379 660 potuit
401 590 504 643 aut
528 588 744 659 poterit
759 603 1068 652 resumere
1095 587 1640 661 voluntatem,quia
1657 586 1850 658 sipos-

163 675 360 732 sibile
385 680 542 734 esset
569 679 636 733 ut
683 678 958 735 humana
999 681 1240 746 natura,
1277 681 1605 752 postquam
1664 691 1700 733 a
1730 678 1850 732 Deo

161 781 398 823 aversa
412 765 745 823 bonitatem
768 766 1030 841 perdidit
1044 766 1466 838 voluntatis,ex
1488 783 1549 824 se
1574 766 1712 840 ipsa
1730 780 1852 821 rur-

163 872 284 912 sus
303 872 443 912 eam
459 855 686 912 habere
711 856 1218 930 potuisset,multo
1243 856 1591 930 possibilius
1607 857 1721 912 hoc
1746 870 1852 911 na-

162 951 320 1003 tura
340 947 592 1004 haberet
613 947 905 1018 angelica,
929 953 1321 1022 quae,quanto
1343 948 1544 1004 minus
1565 950 1854 1018 gravatur

163 1036 400 1092 terreni
420 1037 690 1110 corporis
706 1037 1166 1110 pondere,tanto
1187 1038 1382 1108 magis
1401 1037 1515 1094 hac
1531 1040 1686 1092 esset
1704 1050 1849 1108 prm-

162 1127 305 1182 dita
328 1125 752 1184 facultate.Sed
774 1127 1030 1184 ostendit
1049 1129 1204 1184 Deus
1217 1127 1377 1183 unde
1389 1126 1552 1184 bona
1571 1125 1850 1182 voluntas

162 1215 532 1273 hominibus
552 1216 940 1290 detur,quam
979 1217 1062 1273 sic
1103 1218 1434 1275 amiserunt
1471 1214 1670 1287 angeli
1709 1230 1850 1271 cum

164 1306 574 1379 haberent,ut
593 1307 890 1363 amissam
904 1307 1190 1381 deinceps
1205 1307 1430 1364 habere
1449 1321 1574 1363 non
1594 1304 1849 1378 possint]

165 1393 202 1458 -ἱ-
227 1391 404 1448 Idem
425 1395 566 1465 post
587 1391 792 1465 aliqua
815 1392 1156 1463 Fulgentius
1184 1409 1196 1448 :
1223 1392 1358 1464 [Qui
1379 1391 1541 1448 enim
1563 1406 1666 1446 eos
1705 1388 1850 1446 tales

163 1480 678 1553 praedestinando
718 1481 1105 1554 przeparavit,
1130 1487 1195 1539 ut
1231 1497 1418 1551 regno
1439 1479 1606 1550 digni
1629 1481 1847 1545 essent,

163 1570 548 1644 praeparavit
568 1571 772 1644 utique
786 1570 1120 1627 secundum
1137 1570 1519 1644 propositum
1537 1566 1848 1625 vocandos

164 1665 237 1716 ut
259 1659 578 1728 obediant,
614 1659 974 1733 prteparavit
1019 1659 1461 1732 justiﬁcandos,
1497 1661 1581 1729 ut,
1605 1661 1851 1730 accepta

1961 499 2066 563 ter,
2105 499 2526 574 sapienterque
2558 500 2779 568 vidisti,
2811 501 3104 557 veraciter
3133 502 3508 577 ﬁdenterque
3528 505 3620 562 di-

1958 586 2111 644 xisti.
2147 589 2284 646 Ideo
2313 592 2515 665 utique
2546 591 2838 665 quoniam
2889 597 3284 661 prwparatur
3337 597 3619 653 voluntas

1959 691 1996 732 a
2025 679 2271 736 Domino
2306 681 2506 753 (Prov.
2560 685 2612 747 8,
2646 697 2758 739 seu.
2794 681 2978 752 LXX),
3021 686 3077 738 et
3107 685 3170 738 ut
3199 681 3343 740 boni
3390 683 3621 758 aliquid

1960 773 2166 835 agant,
2190 771 2458 842 paternis
2490 769 2986 845 inspirationibus
3013 787 3260 827 suorum
3281 772 3410 844 ipse
3431 775 3622 846 tangit

1960 856 2144 914 corda
2172 857 2433 916 filiorum
2465 877 2476 914 :
2507 865 2796 932 quotquot
2818 862 2973 916 enim
3013 860 3248 929 Spiritu
3278 863 3390 918 Dei
3422 878 3619 934 agun~

1961 950 2082 1016 tur,
2114 947 2181 1002 hi
2223 950 2341 1016 ﬁlii
2393 956 2532 1006 sunt
2563 951 2675 1006 Dei
2706 950 2894 1022 (Rom.
2927 953 3067 1021 vui),
3105 951 3213 1022 14).
3250 954 3317 1008 Ut
3345 967 3456 1008 nec
3485 968 3623 1010 nos-

1960 1037 2117 1090 trum
2147 1035 2358 1093 deesse
2390 1039 2722 1094 sentiamus
2753 1038 3088 1107 arbitrium,
3123 1044 3178 1095 ct
3198 1040 3259 1096 in
3289 1040 3465 1097 bonis
3494 1042 3624 1114 qui-

1956 1123 2193 1198 busque
2225 1127 2552 1184 voluntatis
2567 1129 2849 1185 humanae
2868 1129 3117 1198 singulis
3140 1130 3403 1187 motibus
3425 1131 3621 1204 magis

1957 1214 2114 1271 illius
2145 1216 2339 1276 valere
2360 1232 2486 1275 non
2515 1217 2863 1275 dubitemus
2886 1219 3226 1290 auxilium]

2031 1307 2064 1371 7“
2086 1307 2455 1380 Prosper,vir
2473 1307 2998 1381 eloquentissimus
3017 1312 3195 1382 atque
3212 1309 3620 1383 doctissimus,

1961 1395 2228 1452 scribens
2252 1397 2384 1467 jam
2413 1396 2552 1453 inde
2575 1397 2899 1453 adversum
2920 1401 2973 1454 te
2997 1397 3110 1453 sub
3132 1399 3375 1457 nomine
3397 1400 3623 1457 Cassia-

1958 1483 2041 1549 ni,
2074 1483 2402 1556 Pelagianae
2430 1485 2729 1542 hiereseos
2756 1485 3086 1550 assertoris,
3113 1486 3192 1543 ita
3229 1489 3382 1545 inter
3406 1492 3626 1546 czetera

1957 1572 2194 1630 locutus
2225 1576 2586 1646 est(Contra
2616 1576 2857 1642 Collat.,
2910 1591 3044 1645 cap.
3083 1577 3136 1631 lt
3163 1594 3176 1630 :
3210 1577 3387 1648 [Quid
3416 1578 3490 1634 de
3523 1577 3625 1634 eli-

1960 1677 2165 1718 sarum
2197 1665 2792 1734 argumentationum
2816 1663 3167 1721 ratiunculis
3197 1665 3389 1723 fracta
3418 1665 3625 1723 studes

166 1749 396 1820 gratia,
419 1753 577 1806 recte
617 1749 866 1806 credant
903 1754 961 1805 et
999 1749 1153 1807 bene
1193 1749 1440 1817 vivant;
1489 1745 1852 1821 praeparavit
1881 1773 1920 1826 Β
1961 1767 2133 1808 arma
2159 1753 2489 1824 colligere?
2522 1753 2678 1819 Quid
2735 1754 2962 1810 cineres
2994 1755 3269 1811 exstincti
3321 1755 3624 1828 dogmatis

164 1841 363 1897 etiam
387 1839 930 1912 glorificandos,ut,
954 1839 1164 1898 Christi
1185 1839 1528 1897 coheeredes
1547 1835 1852 1903 effecti,re-

163 1945 374 2002 gnum
395 1928 689 1986 caelorum
731 1929 860 1985 sine
883 1929 1002 1985 fine
1024 1929 1413 2002 possideant:
1461 1927 1538 1983 ad
1575 1925 1744 2000 quod
1763 1941 1853 1982 re-

162 2034 373 2090 gnum
393 2016 646 2073 diversis
666 2016 1040 2090 temporibus
1063 2033 1170 2089 per
1190 2018 1590 2083 sacramenta,
1612 2029 1750 2086 quae
1771 2012 1851 2070 ad

160 2108 366 2164 ﬁdem
388 2106 818 2164 incarnationis
839 2123 963 2163 suae
982 2107 1246 2164 Christus
1267 2103 1623 2175 instituit,illi
1644 2118 1852 2177 perve-

161 2202 585 2272 nerunt,quos
606 2199 760 2255 Deus
782 2197 985 2269 gratis,
1010 2196 1176 2254 nullo
1211 2196 1391 2253 bonae
1413 2193 1736 2253 voluntatis
1755 2191 1850 2250 vel

161 2289 324 2346 boni
355 2288 556 2362 operis
583 2289 796 2345 merito
829 2287 1230 2362 praecedente,
1256 2285 1561 2356 salvavit.]

239 2381 278 2446 οἱ·
301 2380 528 2435 Beatus
552 2378 956 2445 Innocentius,
980 2375 1326 2450 apostolicae
1370 2374 1534 2431 sedis
1576 2372 1846 2440 antistes,

165 2471 247 2528 ad
270 2469 460 2526 Afros
477 2469 795 2543 episcopos
817 2471 1025 2525 contra
1036 2466 1342 2536 Pelagium
1365 2465 1632 2522 scribens
1654 2465 1846 2536 (epist.

165 2567 226 2618 61
243 2562 282 2633 );
311 2559 624 2632 [Liberum
645 2558 828 2630 enim,
850 2558 1065 2632 inquit,
1088 2556 1401 2614 arbitrium
1422 2555 1568 2613 olim
1587 2554 1682 2612 ille
1703 2569 1846 2627 per-

164 2665 424 2723 pessus,
447 2648 596 2705 dum
619 2647 744 2704 suis
765 2646 1161 2704 inconsultius
1186 2646 1367 2702 utitur
1385 2644 1586 2712 bonis,
1627 2642 1850 2700 cadens

167 2739 230 2794 in
253 2736 784 2812 prtevaricationis
806 2735 1113 2811 profunda
1131 2732 1620 2803 demersus,nihil
1641 2747 1850 2806 quem-

166 2826 524 2886 admodum
555 2826 771 2884 exinde
802 2841 1045 2897 surgere
1083 2825 1294 2900 possit,
1337 2823 1586 2886 invenit.
1618 2837 1852 2895 suaque

165 2918 228 2974 in
264 2922 570 2974 teternum
592 2915 864 2972 libertate
891 2914 1399 2988 deceptus,hujus
1429 2913 1606 2970 ruina
1623 2911 1850 2984 jacuis-

167 3013 258 3065 set
290 3024 654 3082 oppressus,
687 3006 802 3062 nisi
831 3022 971 3062 eum
991 3009 1127 3078 post
1148 3004 1361 3062 Christi
1379 3021 1490 3078 pro
1529 3019 1639 3060 sua
1659 3001 1854 3073 gratia

167 3099 510 3156 relevasset
538 3095 880 3164 adventus.]
913 3095 948 3159 rt
977 3092 1255 3165 Episcopi
1285 3092 1580 3149 Africanie
1607 3090 1852 3165 provin-

168 3188 278 3245 Olie
315 3186 567 3243 ducenti
608 3183 1072 3258 quatuordecim
1102 3183 1164 3239 in
1195 3181 1449 3256 epistola
1492 3181 1572 3239 ad
1602 3181 1851 3237 beatum

169 3278 515 3346 Zozimum,
540 3277 824 3330 Romanae
861 3271 1018 3329 sedis
1065 3271 1426 3345 episcopum
1451 3271 1641 3343 (apud
1673 3271 1853 3326 Pros-

165 3383 392 3438 perum
428 3370 644 3422 contra
671 3364 917 3432 Collat.,
961 3367 1144 3432 caput
1200 3363 1322 3432 10):
1377 3359 1849 3433 [Constituimus,

171 3456 488 3530 inquiunt,
513 3454 575 3510 in
602 3452 908 3522 Pelagium
937 3456 1118 3525 atque
1165 3449 1509 3508 Coelestium
1540 3465 1648 3522 per
1675 3464 1855 3504 vene-

171 3545 442 3604 rabilem
505 3543 863 3618 episcopum
911 3541 1332 3598 Innocentium
1388 3539 1464 3596 de
1520 3537 1853 3596 beatissimi

175 3633 449 3708 apostoli
474 3633 625 3689 Petri
665 3631 805 3688 sede
844 3630 1146 3705 prolatam
1190 3644 1438 3687 manere
1472 3627 1851 3694 sententiam,

175 3723 378 3780 donec
403 3721 788 3796 apertissima
809 3720 1185 3778 confessione
1207 3719 1505 3776 fateantur
1531 3716 1723 3789 gratia
1755 3715 1854 3772 Dei

174 3829 285 3887 per
322 3817 533 3870 Jesum
565 3811 866 3869 Christum
897 3809 1221 3868 Dominum
1253 3812 1554 3875 nostrum,
1587 3822 1712 3863 non
1763 3821 1856 3862 so-

172 3902 305 3960 lum
327 3902 410 3960 ad
433 3900 942 3972 cognoscendam,
964 3915 1175 3957 verum
1202 3898 1383 3956 etiam
1408 3897 1486 3954 ad
1511 3895 1855 3954 faciendam

175 3993 478 4062 justitiam
504 4007 616 4047 nos
645 4006 754 4064 per
795 3994 962 4046 actus
995 3989 1266 4059 singulos
1314 3986 1631 4059 adjuvari:
1662 3986 1743 4042 ita
1790 3988 1857 4040 ut

181 4081 311 4137 sine
339 4081 444 4138 illa
468 4079 618 4136 nihil
650 4096 806 4136 V’CI‘tB
834 4079 1137 4150 justieque
1170 4078 1294 4149 (aL,
1326 4075 1691 4148 sauciaeque)
1735 4073 1858 4146 pie-

181 4171 319 4227 tatis
346 4171 596 4237 habcre,
627 4169 910 4239 cogitare,
937 4168 1156 4237 dicere,
1213 4182 1389 4237 agere
1435 4164 1795 4234 valeamus.]
1823 4164 1856 4228 ’ἲ

186 4262 446 4316 Sanctus
473 4258 744 4316 Zozimus
771 4273 938 4332 papa
967 4257 1046 4314 ad
1095 4256 1444 4312 universum
1473 4254 1686 4311 orbem
1719 4268 1857 4309 con-

182 4354 273 4406 tra
300 4351 659 4420 Pelagianos
689 4348 990 4404 scribens:
1017 4349 1158 4419 [Nos
1183 4351 1405 4413 tamen,
1440 4344 1541 4415 ait,
1573 4343 1858 4400 instinctu

187 4440 284 4494 Dei
307 4439 541 4508 (omnia
563 4438 722 4495 enim
747 4438 910 4494 bona
938 4437 1016 4494 ad
1045 4440 1357 4493 auctorem
1383 4450 1563 4490 suum
1591 4433 1854 4490 referen-

185 4527 262 4584 da
293 4533 460 4596 sunt,
496 4529 656 4584 unde
686 4527 1067 4598 nascuntur),
1097 4525 1175 4581 ad
1203 4527 1456 4581 fratrum
1482 4527 1539 4580 et
1555 4522 1858 4596 coepisco-

187 4632 406 4688 porum
452 4621 800 4675 nostrorum
855 4615 1288 4672 conscientiam
1341 4613 1622 4669 universa
1663 4610 1860 4668 retuli-

187 4708 367 4780 mus.]
393 4708 427 4775 Τ
461 4708 653 4772 Quam
701 4707 832 4778 ejus
873 4721 1150 4762 veracem
1180 4703 1538 4760 sententiam
1569 4702 1689 4758 Afri
1713 4701 1860 4774 epis-

189 4797 323 4869 copi
353 4796 806 4854 veracissimam
837 4795 1272 4869 approbantes,
1303 4794 1384 4850 ita
1426 4792 1505 4850 ad
1559 4809 1698 4849 eum
1740 4807 1863 4848 res-

192 4885 468 4943 eribunt:
532 4884 710 4956 [Illud
741 4901 884 4941 vero
941 4883 1110 4957 quod
1149 4883 1211 4938 in
1270 4883 1476 4940 litteris
1532 4882 1667 4954 tuis,
1706 4897 1861 4954 quas

197 4972 273 5028 ad
322 4975 636 5031 universas
675 4973 1023 5046 provincias
1070 4971 1292 5028 curasti
1330 4987 1460 5027 esse
1516 4969 1860 5047 mittendas,

195 5063 392 5131 posuit
421 5063 666 5120 dicens:
718 5066 836 5120 Nos
890 5067 1094 5118 tamen
1147 5059 1431 5116 instinctu
1490 5059 1589 5115 Dei
1634 5058 1864 5126 (omnia

197 5151 352 5208 enim
376 5152 544 5210 bona
569 5153 648 5210 ad
678 5155 990 5210 auctorem
1013 5165 1190 5206 suum
1219 5147 1536 5205 referenda
1567 5153 1728 5214 sunt,
1756 5162 1866 5203 un-

197 5238 268 5294 de
288 5243 662 5315 nascuntur),
696 5242 776 5299 ad
808 5242 1057 5298 fratrum
1079 5245 1137 5297 et
1181 5240 1679 5312 coepiscoporum
1729 5253 1864 5294 nos-

200 5331 421 5389 trorum
454 5332 888 5389 conscientiam
913 5330 1199 5386 universa
1220 5329 1561 5394 retulimus,
1588 5327 1672 5383 sic
1703 5343 1868 5384 acce-

200 5417 395 5488 pimus
425 5423 655 5478 dictum
688 5425 751 5478 ut
783 5421 938 5491 illos,
970 5419 1076 5492 qui
1125 5423 1336 5475 contra
1367 5417 1466 5473 Dei
1499 5416 1866 5488 adjutorium

205 5509 487 5570 extollunt
512 5512 765 5569 humani
797 5510 1024 5568 arbitrii
1049 5509 1412 5579 libertatem,
1449 5507 1714 5564 districto
1746 5507 1868 5579 gla‘

206 5594 300 5652 dio
349 5602 614 5659 veritatis
663 5601 824 5658 velut
870 5599 1094 5656 cursim
1146 5598 1443 5655 transiens
1480 5601 1863 5670 amputares;

208 5687 351 5755 quid
379 5692 538 5748 enim
575 5695 700 5748 tam
722 5691 912 5747 libero
972 5687 1159 5745 fecisti
1188 5687 1453 5757 arbitrio,
1486 5702 1671 5759 quam
1701 5687 1869 5760 quod

213 5775 492 5840 universa
547 5781 609 5838 in
639 5787 859 5838 nostrae
899 5777 1252 5837 humilitatis
1306 5776 1739 5836 conscientiam
1784 5793 1872 5836 re-

1959 1840 2286 1898 refovendo
2315 1841 2644 1898 deﬁcientis
2695 1841 2845 1898 fumi
2874 1843 3148 1900 nidorem
3195 1845 3257 1900 in
3288 1845 3626 1902 redivivam

1961 1929 2278 1986 ﬂammam
2309 1930 2545 1987 conaris
2576 1930 2901 1987 ascendere
2923 1931 2950 1985 ?
3000 1935 3126 1987 Non
3158 1936 3250 1989 est
3286 1932 3625 2007 periculum

1958 2018 2127 2076 liberi
2157 2019 2385 2076 arbitrii
2415 2035 2488 2074 ex
2520 2019 2710 2090 gratia
2742 2019 2862 2087 Dei,
2896 2035 3006 2075 nec
3037 2020 3313 2078 voluntas
3357 2021 3626 2079 aufertur

1959 2126 2100 2165 cum
2129 2109 2190 2165 in
2212 2109 2344 2182 ipsa
2365 2108 2518 2166 bene
2541 2109 2690 2166 velle
2714 2114 3059 2180 generatur.
3091 2114 3241 2167 Nam
3265 2111 3312 2167 si
3337 2110 3474 2169 ideo
3498 2126 3626 2168 non

1957 2199 2232 2273 putanda
2258 2204 2349 2255 est
2372 2198 2750 2272 nostra,quia
2769 2198 3083 2267 formatur,
3111 2200 3356 2271 regitur,
3381 2200 3624 2258 ordina-

1959 2295 2072 2352 tur,
2106 2289 2416 2359 imbuitur,
2475 2288 2810 2362 spoliantur
2857 2288 3127 2346 libertate
3185 2290 3292 2347 ﬁlii
3351 2290 3472 2358 Dei,
3521 2291 3629 2362 qui

1959 2385 2231 2451 aguntur
2258 2378 2489 2449 Spiritu
2523 2381 2630 2435 Dei
2649 2380 2841 2446 (Rom.
2866 2395 2989 2442 Vlll,
3021 2380 3124 2450 14),
3155 2379 3419 2452 perdunt
3454 2379 3625 2450 vigo-

1959 2485 2088 2525 rem
2119 2468 2434 2525 rationalis
2463 2467 2670 2538 animi,
2695 2472 2751 2523 et
2777 2469 2944 2523 omni
2977 2467 3327 2524 voluntarias
3357 2467 3627 2524 devotio-

1958 2559 2052 2615 nis
2079 2559 2257 2618 laude
2290 2559 2624 2631 privantur,
2642 2557 2865 2631 quibus
2894 2558 3072 2615 datur
3100 2559 3362 2629 Spiritus
3387 2559 3626 2629 sapien-

1961 2650 2058 2706 tiae
2089 2655 2140 2706 et
2174 2649 2533 2716 intellectus,
2568 2648 2808 2704 consilii
2827 2653 2881 2704 et
2908 2649 3312 2720 fortitudinis,
3339 2649 3626 2715 scientiae,

1960 2755 2032 2797 ac
2057 2741 2318 2810 pietatis,
2352 2745 2404 2795 et
2437 2738 2668 2794 timoris
2692 2738 2938 2794 Domini
2964 2739 3025 2808 (Ι
3052 2739 3189 2794 Cor.
3231 2738 3353 2810 χιι).
3377 2741 3628 2796 Prorsus

1959 2829 2066 2902 qui
2093 2828 2187 2884 his
2215 2826 2749 2885 reformationibus
2778 2842 2840 2882 se
2870 2841 2994 2883 non
3019 2830 3235 2900 putant
3257 2826 3628 2899 indigere,de

1960 2917 2174 2974 veteris
2204 2916 2404 2973 morbi
2429 2915 2863 2972 consuetudine
2894 2916 2956 2972 in
2987 2915 3338 2989 phronesim
3382 2915 3628 2972 transiev

1961 3010 2121 3073 runt;
2154 3005 2964 3078 respuunt(al.,respuentes)
2986 3004 3624 3062 remediumclamant.

1959 3094 2291 3160 insaniunt,
2318 3092 2704 3150 reluctantur.
2742 3092 2854 3148 Sed
2886 3093 2934 3148 si
2963 3093 3379 3165 promissionis
3411 3097 3551 3150 sunt
3565 3093 3631 3148 ﬁ-

1959 3183 2360 3257 lii,quiescent
2375 3181 2841 3239 etsanabuntur.
2853 3182 2868 3251 ]
2882 3183 2916 3248 ῒ
2928 3181 3090 3238 Idem
3107 3182 3165 3237 in
3189 3181 3404 3239 eodem
3420 3181 3625 3253 (Ibid.,

1963 3290 2098 3344 cap.
2131 3274 2205 3345 8).
2236 3271 2429 3344 [Falso
2460 3287 2603 3343 ergo
2637 3271 2973 3328 secundum
3002 3271 3159 3328 hanc
3213 3270 3627 3329 deﬁnitionem

1963 3367 2102 3419 ante
2131 3360 2331 3417 dixisti
2352 3376 2476 3417 non
2509 3359 2706 3417 solum
2737 3363 3007 3432 actuum,
3030 3377 3243 3417 verum
3264 3360 3443 3417 etiam
3468 3359 3628 3430 cogi-

1963 3453 2259 3510 tationum
2301 3452 2605 3508 bonarum
2655 3467 2728 3507 ex
2759 3453 2880 3509 Deo
2928 3468 3060 3508 esse
3090 3450 3476 3525 principium,
3522 3451 3632 3524 qui

1963 3546 2021 3600 ct
2051 3542 2259 3615 incipit
2285 3557 2422 3615 quas
2452 3540 2616 3598 bona
2637 3543 2796 3606 sunt,
2820 3545 2874 3597 et
2895 3541 3240 3614 exsequitur
3255 3544 3312 3598 et
3340 3555 3628 3597 consum-

1963 3637 2091 3689 mat
2119 3631 2180 3688 in
2211 3629 2410 3693 nobis,
2437 3629 2543 3686 sed
2571 3630 2687 3687 hoc
2711 3629 2877 3687 nullo
2903 3631 3089 3687 modo
3129 3647 3200 3686 ex
3229 3629 3434 3703 aliqua
3458 3633 3629 3703 parte

1964 3725 2158 3795 potest
2177 3737 2305 3778 esse
2337 3720 2593 3776 falsum:
2627 3720 2770 3794 quia
2800 3719 2865 3794 [Α
2879 3721 2940 3781 ι.,
2973 3721 3089 3791 cui]
3121 3734 3514 3792 nequaquam
3545 3718 3631 3774 in-

1962 3811 2102 3868 ferri
2141 3809 2439 3867 contraria
2465 3809 2824 3878 debuerunt,
2853 3813 2918 3866 ut
2941 3809 3107 3882 quod
3137 3812 3294 3866 recte
3323 3807 3632 3880 professus

1965 3917 2028 3958 es
2091 3917 2164 3957 ex
2231 3901 2424 3971 gratia
2491 3899 2774 3972 incipere,
2847 3899 2907 3954 id
2979 3903 3186 3971 postea
3269 3897 3631 3954 conﬁrmare

1964 4007 2073 4065 per
2128 3994 2359 4046 naturae
2434 3988 2667 4044 bonum
2727 3992 2784 4044 et
2836 4003 2944 4060 per
2995 3987 3252 4042 liberum
3316 3985 3631 4043 arbitrium

1963 4096 2078 4137 nos
2103 4079 2346 4136 habere.
2380 4078 2528 4134 Dicit
2557 4077 2805 4151 quidem
2827 4077 3043 4134 beatus
3071 4076 3420 4150 Apostolus:
3464 4077 3628 4134 Velle

1965 4171 2122 4227 enim
2153 4169 2392 4240 adjacet
2425 4169 2592 4236 mihi,
2617 4169 2910 4238 perﬁcere
2936 4173 3132 4224 autem
3165 4169 3382 4224 bonum
3405 4181 3522 4223 non
3537 4167 3632 4223 in-

1966 4260 2137 4316 venio
2168 4259 2357 4331 (Rom.
2386 4274 2481 4325 vn,
2515 4262 2596 4325 t8)
2623 4277 2635 4326 ;
2661 4257 2766 4313 sed
2791 4257 2954 4313 idem
2975 4257 3144 4313 dicit:
3174 4259 3308 4314 Non
3334 4257 3479 4330 quia
3508 4256 3634 4314 ido-

1966 4350 2066 4405 nei
2093 4363 2297 4404 sumus
2319 4348 2586 4418 cogitare
2615 4347 2853 4419 aliquid
2872 4363 2909 4404 a
2925 4347 3112 4415 nobis,
3149 4349 3325 4419 quasi
3346 4362 3422 4404 ea:
3440 4346 3635 4404 nobis:

1968 4439 2071 4495 sed
2090 4438 2458 4509 sufﬁcientia
2485 4443 2693 4494 nostra
2723 4453 2798 4494 ea:
2824 4439 2946 4493 Deo
2974 4437 3170 4507 est(1'[
3195 4439 3334 4494 Cor.
3366 4451 3452 4505 ιιι,
3487 4435 3636 4507 5).Et

1969 4527 2130 4582 idem
2160 4526 2344 4583 dixit:
2387 4528 2542 4584 Deus
2598 4533 2680 4582 est
2736 4528 2890 4583 enim
2950 4527 3056 4597 qui
3111 4530 3399 4596 operatar
3437 4525 3503 4581 in
3531 4539 3638 4581 no-

1971 4616 2055 4672 bis
2095 4623 2150 4674 ct
2181 4617 2332 4673 velle
2357 4623 2413 4674 et
2444 4619 2688 4687 operari
2714 4632 2826 4686 pro
2861 4615 3012 4671 bona
3045 4616 3354 4672 voluntate
3378 4613 3632 4681 (Philip.

1972 4723 2030 4773 u,
2069 4705 2173 4776 13).
2198 4709 2324 4762 Non
2348 4720 2490 4774 ergo
2521 4704 2843 4777 Apostolus
2873 4703 2984 4759 sibi
3011 4701 3347 4758 contrarius
3367 4704 3490 4756 est:
3526 4699 3636 4756 sed

1969 4794 2114 4868 quia
2139 4809 2276 4848 cum
2300 4793 2592 4848 donatum
2619 4792 2796 4848 nobis
2840 4790 3015 4847 fuerit
3043 4791 3274 4845 bonum
3303 4787 3478 4860 velle,
3507 4802 3634 4845 non

1972 4881 2176 4939 statim
2205 4881 2542 4936 invenimus
2559 4885 2616 4936 et
2637 4878 2974 4952 facere,nisi
3001 4877 3636 4951 pctentibus,quaaren-

1971 4973 2133 5029 tibus
2164 4976 2342 5044 atque
2375 4969 2784 5044 pulsantibus,
2812 4973 2877 5025 ut
2907 4967 3012 5041 qui
3038 4967 3204 5024 dedit
3241 4965 3630 5036 desiderium,

1971 5064 2210 5135 praestet
2238 5061 2537 5117 effectum.
2569 5062 2692 5116 Vox
2720 5074 2986 5132 namque
3037 5059 3148 5114 ista
3178 5056 3450 5129 dicentis,
3481 5057 3636 5115 velle

1974 5154 2130 5210 enim
2161 5151 2402 5221 adjacet
2430 5150 2600 5218 mihi,
2632 5152 2919 5221 perﬁcere
2944 5155 3142 5207 autem
3171 5149 3387 5206 bonum
3405 5164 3526 5204 non
3545 5148 3635 5204 in-

1976 5241 2167 5310 venio,
2191 5239 2393 5297 vocati
2421 5243 2533 5308 est,
2559 5239 2738 5296 etiam
2785 5239 2900 5296 sub
2930 5238 3123 5309 gratia
3174 5236 3495 5298 constituti,
3529 5235 3634 5307 qui

1977 5329 2421 5386 condelectatur
2449 5327 2694 5401 quidem
2725 5327 2842 5399 legi
2897 5328 2998 5384 Dei
3028 5326 3363 5384 secundum
3390 5323 3634 5380 interio-

1974 5435 2104 5476 rem
2133 5417 2464 5488 hominem,
2499 5417 2605 5473 sed
2658 5417 2816 5473 videt
2846 5424 2901 5473 et
2932 5418 3116 5474 aliam
3151 5417 3334 5486 legem
3365 5415 3429 5470 in
3458 5427 3636 5470 mem-

1979 5510 2098 5565 bris
2129 5509 2250 5564 suis
2280 5513 2718 5578 repugnantem
2773 5507 2893 5576 legi
2936 5506 3148 5562 mentis
3172 5519 3314 5574 sua’,
3347 5508 3400 5560 et
3448 5503 3636 5572 capti-

1978 5605 2212 5656 vantem
2233 5614 2292 5654 se
2311 5599 2370 5654 in
2403 5599 2528 5668 lege
2549 5597 2782 5667 peccati
2801 5597 2991 5668 (Rom.
3009 5611 3110 5660 vn,
3133 5597 3224 5662 23)
3247 5596 3338 5662 ;et
3351 5591 3634 5666 quamvis

1978 5687 2273 5761 acceperit
2297 5685 2608 5744 scientiam
2633 5688 2789 5742 recte
2817 5682 3075 5752 volendi,
3106 5682 3386 5740 virtutem
3431 5685 3634 5739 tamen

1980 5781 2045 5836 in
2077 5794 2138 5836 se
2168 5794 2291 5837 non
2311 5776 2757 5835 inveniteorum
2778 5791 2913 5848 quae
2935 5771 3634 5848 optatoperandi,doneo
