3936 6412
310 245 447 303 1075

1402 260 1458 315 S.
1492 258 1867 315 PRUDENTII
1907 256 2298 314 TRECENSIS
2339 259 2648 315 EPISCOPI

3607 256 3747 315 ιοτσ

307 387 420 444 pro
446 371 611 429 bona
653 373 969 433 voluntate
994 393 1185 450 quam
1216 383 1492 454 sumpsit,
1525 383 1816 439 virtutum
1849 398 1978 438 me-
2004 382 2053 434 A
2089 397 2210 450 vos,
2230 389 2283 439 et
2305 384 2488 452 posui
2517 399 2614 440 vos
2631 387 2697 439 ut
2717 384 2863 439 eatis
2885 388 2939 438 ct
2953 383 3226 453 fructum
3248 381 3519 450 offeratis
3538 381 3744 452 (Joan.

310 463 522 515 reatur
552 458 900 519 facultatem
931 464 1220 535 invenire,
1243 484 1429 541 quam
1455 472 1666 544 quaerit
1690 472 1815 543 (al.,
1852 486 1976 526 me-

316 553 517 604 reatur
542 548 810 607 invenire
832 552 937 624 qui
966 552 1169 611 faciat.

384 637 420 705 ῒ
441 636 694 695 Sanctus
714 640 1175 712 Fulgentius,vir
1196 646 1428 720 absque
1452 651 1829 707 cunctatione
1851 666 1979 707 eru-

314 726 653 784 ditissimus
674 745 743 786 ac
781 730 1196 801 ﬁdelissimus,
1222 735 1286 792 in
1312 737 1467 794 libro
1496 738 1571 795 de
1602 739 1743 795 Fide
1774 739 1853 797 ad
1882 743 1980 797 Pe-

315 818 474 873 trum
495 815 820 876 diaconum
845 820 977 892 (col.
1011 824 1135 896 360)
1161 825 1581 897 :[Firmissime
1606 833 1828 899 tene,et
1852 828 1981 884 nul-

314 904 553 962 latenus
582 906 843 979 dubites,
866 911 1176 969 neminem
1195 914 1293 971 hic
1320 931 1503 988 posse
1531 918 1841 974 hominem
1862 933 1982 991 pce-

315 994 629 1053 nitentiam
657 1013 858 1069 agere.
889 1000 1004 1056 nisi
1049 1018 1232 1075 quem
1263 1005 1417 1060 Deus
1444 1006 1888 1065 illuminaverit.
1925 1010 1983 1062 et

317 1083 576 1151 gratuita
593 1101 707 1142 sua
717 1087 1099 1146 miseratione
1116 1094 1812 1168 converterit.Apostolus
1826 1095 1981 1151 enim

318 1168 497 1229 dicit:
528 1174 624 1231 Ne
645 1175 807 1246 forte
834 1178 931 1234 det
958 1179 1084 1235 illis
1125 1183 1287 1238 Deus
1307 1185 1728 1253 paenitentiam
1782 1186 1864 1241 ad
1892 1201 1984 1241 co-

317 1264 721 1331 gnoscendam
746 1268 1059 1325 veritatem
1091 1275 1143 1325 et
1176 1272 1531 1341 resipiscant
1576 1289 1615 1330 a
1644 1275 1873 1331 diaboli
1897 1276 1982 1331 la-

319 1352 486 1421 queis
520 1352 611 1424 (II
647 1356 794 1412 Tim.
821 1372 890 1423 ιι,
921 1361 1032 1427 25).
1067 1359 1426 1418 Firmissime
1455 1368 1609 1430 tene,
1643 1369 1700 1420 et
1728 1364 1981 1421 nullate-

321 1453 438 1494 nus
465 1440 725 1508 dubites,
754 1461 934 1518 posse
980 1449 1230 1521 quidem
1279 1452 1610 1522 hominem,
1650 1470 1833 1527 quem
1872 1470 1984 1511 nec

319 1526 663 1597 ignorantia
686 1532 1017 1594 litterarum
1037 1554 1148 1595 nec
1177 1539 1381 1614 aliqua
1404 1526 1687 1613 prohibet
1710 1542 1981 1599 imbecil-

320 1615 456 1673 litas
481 1619 571 1675 vel
601 1621 1144 1692 adversitas,verba
1168 1635 1386 1687 sancite
1415 1631 1563 1703 legis
1592 1636 1650 1689 et
1670 1632 1983 1703 Evangelii

2086 488 2185 539 xv,
2220 472 2325 531 16).
2348 474 2413 527 Et
2444 478 2507 527 ut
2534 473 2719 527 vitam
2766 476 3008 543 propter
3033 471 3240 540 tidem,
3272 469 3651 526 dilectionem
3683 476 3748 526 et

2088 576 2274 633 opera
2295 560 2482 633 bona,
2509 562 2916 634 percipiamus
2948 559 3465 627 aeternam,gratia
3494 558 3595 614 Dei
3634 563 3747 626 est,

2087 650 2231 721 quia
2247 666 2322 706 ne
2343 666 2380 707 a
2395 650 2558 707 bono
2584 651 2896 707 deviemus
2924 650 3151 716 itinere,
3169 649 3303 721 ipso
3328 648 3482 704 duce
3504 664 3752 722 semper

2088 753 2244 811 opus
2272 738 2593 805 habemus,
2634 739 2729 795 cui
2755 738 3006 796 dicitur:
3041 739 3247 795 Deduc
3270 752 3381 806 me,
3409 739 3751 806 Domine,in

2090 829 2189 885 via
2218 834 2343 895 tua,
2375 835 2431 885 et
2453 829 2750 886 ambulem
2771 829 2836 884 in
2863 829 3114 886 veritate
3141 833 3247 884 tua
3270 827 3392 898 (Ps.
3416 831 3653 899 Lxxxv,l
3671 831 3691 882 l
3708 828 3748 897 ).

2091 921 2171 972 Ac
2202 917 2252 972 si
2282 922 2484 989 aperte
2504 918 2737 974 dicatur
2763 940 2775 974 :
2802 917 2920 973 Nisi
2947 921 3000 973 te
3037 916 3189 972 duce
3211 915 3554 986 ingrediens
3581 915 3749 971 viam

2090 1006 2374 1069 veritatis.
2406 1023 2590 1080 quam
2633 1008 2786 1080 ccepi
2809 1011 3031 1071 tenere,
3060 1020 3453 1078 nequaquam
3485 1003 3746 1060 suﬂicio.

2092 1097 2171 1151 Ne
2203 1096 2264 1150 in
2287 1096 2463 1151 bonis
2485 1096 2845 1152 deﬁciamus
2879 1096 3185 1169 operibus,
3211 1093 3368 1150 illius
3390 1093 3612 1150 auxilio
3641 1093 3752 1148 de-

2091 1184 2308 1240 bemus
2339 1201 2576 1259 semper
2628 1187 2818 1257 inniti,
2850 1187 2955 1259 qui
2985 1186 3085 1255 ait,
3120 1186 3292 1254 Quia,
3324 1185 3452 1241 sine
3477 1199 3570 1240 me
3592 1182 3756 1239 nihil

2087 1279 2333 1345 potestis
2376 1278 2584 1348 facere
2628 1278 2824 1349 (Joan.
2875 1294 2975 1342 xv,
3005 1278 3079 1349 5).
3114 1275 3280 1333 Unde
3308 1279 3466 1331 recte
3496 1272 3753 1330 Psalmi-

2094 1369 2201 1427 sta.
2228 1372 2293 1421 ut
2311 1367 2545 1423 initium
2574 1368 2715 1423 ﬁdei
2746 1372 2805 1423 et
2831 1367 3008 1423 bonae
3040 1366 3292 1423 actionis
3319 1381 3357 1422 a
3379 1365 3632 1421 Domino
3648 1380 3758 1422 no-

2092 1455 2184 1512 bis
2224 1456 2356 1513 dari
2387 1457 2675 1528 signaret,
2707 1459 2823 1514 ait:
2884 1461 3061 1523 Deus,
3105 1473 3288 1520 meus,
3340 1457 3756 1514 misericordia

2094 1549 2222 1616 ejus
2245 1548 2573 1615 praeveniet
2594 1564 2687 1604 me
2716 1549 2839 1617 (Ps.
2862 1547 3036 1617 Lvm).
3058 1547 3131 1602 Ut
3158 1545 3323 1602 bona
3350 1559 3488 1618 qua:
3515 1545 3757 1614 agimus

2093 1634 2193 1691 illo
2222 1635 2550 1708 opitulante
2576 1636 2941 1708 perﬁcienda
2962 1635 3222 1705 doceret,
3246 1635 3459 1690 iterum
3482 1634 3652 1690 dicit:
3673 1635 3756 1690 Et

325 1705 447 1803 sive
470 1705 819 1803 Ῑθείῖῖθξὲίῖθ
831 1729 906 1770 ex
926 1731 994 1771 01‘
998 1732 1028 1771 θ
1059 1718 1421 1792 cujusquam
1446 1721 1854 1793 praedicatoris
1876 1738 1982 1778 au-
2025 1749 2065 1803 Β
2093 1705 2508 1781 misericordia
2549 1705 2654 1781 tua
2682 1726 3078 1797 subsequetur
3101 1740 3193 1781 me
3223 1723 3494 1780 omnibus
3547 1723 3756 1780 diebus

325 1792 476 1863 dire,
504 1798 611 1854 sed
649 1799 866 1858 divinis
891 1804 1194 1863 mandatis
1239 1792 1484 1865 obedire
1510 1811 1816 1866 neminem
1843 1826 1983 1883 pos-

327 1900 410 1948 se,
445 1886 561 1942 nisi
579 1904 763 1961 quem
790 1892 946 1948 Deus
971 1894 1167 1964 gratia
1197 1912 1311 1953 sua
1336 1900 1703 1969 praevenerit.
1732 1903 1800 1956 Ut
1819 1897 1986 1973 quod

326 1973 495 2032 audit
522 1993 798 2051 corpore,
826 1983 1007 2039 corde
1039 1985 1218 2042 etiam
1249 1993 1448 2044 mente
1474 1989 1784 2062 percipiat,
1807 1994 1866 2045 et
1883 2004 1983 2045 ac-

326 2067 501 2138 cepta
528 2066 817 2127 divinitus
846 2074 1007 2131 bona
1031 2076 1334 2135 voluntate
1356 2084 1536 2153 atque
1556 2080 1793 2149 virtute,
1816 2095 1986 2137 man-

326 2153 469 2211 data
499 2154 600 2212 Dei
625 2157 820 2217 facere
841 2166 897 2218 et
927 2163 1063 2220 velit
1100 2171 1156 2223 et
1186 2168 1378 2240 possit
1402 2186 1415 2224 :
1440 2170 1644 2241 Neque
1685 2172 1841 2227 enim
1885 2170 1989 2242 qui

326 2244 571 2337 plantat
604 2254 687 2304 est
714 2251 973 2322 aliquid,
1004 2270 1195 2326 neque
1217 2258 1324 2328 qui
1336 2258 1521 2329 rigat,
1553 2260 1656 2315 sed
1675 2260 1781 2331 qui
1798 2259 1988 2315 incre-

327 2341 592 2394 mentum
622 2339 748 2404 dat,
780 2343 939 2399 Deus
970 2348 1015 2413 (Ι
1043 2347 1180 2403 Cor.
1217 2364 1295 2413 Ill,
1321 2351 1401 2421 7);
1434 2349 1549 2418 Qui
1576 2353 1752 2407 etiam
1780 2365 1991 2420 opera-

331 2428 434 2480 tur
455 2425 516 2482 in
557 2428 726 2485 nobis
764 2437 820 2487 et
863 2434 1017 2490 velle
1070 2438 1315 2505 operari
1363 2438 1494 2510 [al.,
1522 2438 1828 2512 perﬁcere]
1872 2452 1988 2508 pro

330 2513 486 2595 bona
512 2520 823 2579 voluntate
851 2522 1038 2596 (Phil.
1072 2542 1134 2589 ιι,
1162 2528 1270 2599 13].

400 2605 561 2663 Beda
588 2610 947 2668 venerabilis
975 2614 1291 2687 presbyter
1316 2617 1378 2672 in
1403 2617 1654 2674 homilia
1681 2617 1986 2691 Evangelii

330 2691 405 2749 de
431 2694 697 2754 adventu
722 2700 980 2767 Domini,
1013 2719 1155 2760 cum
1171 2710 1495 2778 exponeret
1517 2724 1529 2762 :
1558 2708 1678 2763 Nos
1698 2723 1897 2763 omnes
1916 2707 1989 2763 de

324 2782 709 2853 plenitudine
737 2791 865 2858 ejus
892 2793 1229 2861 accepimus
1253 2800 1307 2850 et
1335 2796 1599 2866 gratiam
1639 2812 1753 2866 pro
1784 2798 1986 2868 gratia

331 2871 526 2942 (Joan.
555 2889 595 2941 1,
622 2874 736 2949 to),
766 2878 1080 2951 subjunxit
1105 2902 1117 2937 :
1150 2882 1322 2954 [Quia
1343 2900 1486 2955 ergo
1516 2885 1590 2941 de
1619 2886 1989 2958 plenitudine

334 2961 669 3020 Conditoris
699 2968 889 3023 nostri
920 2985 1044 3026 non
1086 2971 1357 3043 quidam,
1410 2974 1519 3029 sed
1567 2991 1781 3030 omnes
1813 2973 1989 3047 quid-

332 3051 478 3123 quid
502 3052 646 3109 boni
664 3055 965 3114 habemus
996 3061 1362 3135 accepimus,
1394 3064 1699 3120 curandus
1729 3080 1994 3120 summo-

330 3156 474 3215 pere
502 3146 591 3198 est
619 3159 694 3201 ne
721 3146 1026 3220 quispiam
1064 3150 1140 3206 de
1182 3151 1349 3209 bona
1374 3154 1606 3210 actione
1636 3154 1727 3210 vel
1774 3154 1996 3225 cogita-
2027 3140 2065 3159 υ

332 3229 494 3289 tione
522 3232 803 3293 incautus
833 3239 1098 3307 extollat,
1153 3242 1270 3299 nisi
1298 3242 1573 3315 ingratus
1603 3243 1870 3315 largitori
1906 3260 1994 3301 re-

331 3322 639 3397 manserit,
689 3326 906 3398 perdat
955 3328 1187 3387 bonum
1234 3333 1403 3404 quod
1430 3334 1679 3406 accepit,
1713 3349 1785 3389 ac
1814 3333 1996 3405 digne

335 3411 670 3483 apostolica
708 3415 1118 3489 increpatione
1159 3421 1537 3493 percellatur,
1585 3438 1710 3495 qua
1738 3423 1993 3479 dicitur:

336 3497 495 3567 Quid
518 3504 677 3558 enim
709 3504 889 3562 habes
911 3509 1073 3579 quod
1092 3525 1213 3566 non
1244 3514 1576 3581 accepisti?
1594 3514 1648 3568 si
1672 3519 1869 3570 autem
1895 3528 1997 3569 ac-

335 3587 563 3657 cepisti,
594 3592 743 3662 quid
760 3594 1052 3664 gloriaris
1072 3598 1248 3668 quasi
1266 3614 1387 3655 non
1416 3603 1713 3670 acceperis
1737 3603 1764 3657 ‘?
1789 3605 1832 3669 (Ι
1858 3602 1995 3658 Cor.

334 3691 414 3746 1v,
447 3678 523 3751 7).
555 3680 721 3738 Unde
733 3683 867 3756 ipse
893 3685 1241 3759 Apostolus,
1263 3688 1407 3761 quia
1426 3689 1575 3745 nihil
1589 3689 1840 3759 dignum
1862 3706 2000 3746 nos-

337 3781 400 3823 se
426 3767 524 3826 vel
554 3773 792 3844 operari
822 3778 1049 3847 posset,
1091 3776 1140 3831 si
1164 3792 1289 3833 non
1309 3777 1383 3833 de
1413 3776 1784 3852 plenitudine
1811 3777 2004 3836 Chris.

335 3857 379 3915 ti
406 3860 722 3936 acciperet,
753 3863 895 3921 alibi
926 3865 1241 3923 manifeste
1283 3871 1551 3935 testatur,
1584 3867 1791 3924 dicens
1826 3886 1838 3921 :
1867 3869 2001 3924 Non

336 3951 479 4023 quia
509 3953 875 4023 sufﬁcientes
933 3956 1117 4012 simus
1164 3958 1434 4029 cogitare
1480 3958 1715 4030 aliquid
1747 3974 1784 4015 a
1813 3957 2001 4025 nobis,

337 4043 513 4112 quasi
541 4058 616 4101 ex
642 4044 941 4116 nobis,sed
967 4048 1311 4118 sufﬁcienta
1332 4054 1542 4105 nostra
1571 4064 1646 4105 ex
1676 4050 1794 4105 Deo
1816 4053 1900 4105 est
1924 4048 2011 4119 (II

340 4127 479 4186 Cor.
510 4146 592 4199 ιιι,
618 4131 695 4203 5).
730 4134 797 4188 Et
843 4132 962 4190 alio
993 4133 1165 4191 loco:
1210 4136 1292 4191 Et
1338 4138 1545 4206 gratia
1593 4139 1745 4207 ejus,
1785 4135 2000 4209 inquit,

337 4218 402 4273 in
429 4233 524 4274 me
545 4233 738 4277 vacua
768 4236 887 4276 non
906 4221 1047 4291 fuit,
1073 4222 1176 4278 sed
1196 4223 1341 4292 plus
1369 4223 1495 4279 illis
1538 4225 1809 4281 omnibus
1843 4224 2005 4281 labo-

338 4307 480 4364 ravi
495 4323 508 4362 :
533 4323 653 4363 non
674 4313 872 4364 autem
902 4324 1031 4380 ego,
1062 4311 1164 4366 sed
1180 4312 1385 4382 gratia
1411 4313 1522 4369 Dei
1542 4329 1770 4370 mecum
1795 4316 1835 4382 (l
1862 4314 1999 4370 Cor.

338 4411 435 4467 xv,
471 4396 578 4469 10).
612 4396 786 4462 Quod
811 4397 1015 4470 ipsum
1047 4399 1173 4453 suis
1191 4398 1566 4457 auditoribus
1582 4400 1885 4457 humiliter
1905 4416 2005 4455 co-

341 4458 659 4557 gitandum
691 4458 939 4543 sedulus
965 4485 1261 4557 inculcat;
1296 4488 1458 4544 unde
1488 4493 1576 4545 est
1621 4488 1807 4545 illud:
1851 4491 2002 4546 Cum
2041 4458 2084 4513 θ

338 4580 500 4633 metu
521 4582 577 4634 et
608 4581 863 4634 tremore
883 4582 1142 4635 vestram
1169 4579 1428 4636 salutem
1450 4580 1789 4649 operamini
1808 4596 1819 4633 :
1844 4580 2004 4635 Deus

341 4671 427 4726 est
446 4668 603 4725 enim
632 4668 739 4740 qui
764 4673 1054 4738 operatur
1079 4670 1144 4724 in
1170 4669 1333 4726 vobis
1361 4676 1417 4726 et
1460 4671 1612 4727 velle
1640 4675 1695 4726 et
1721 4672 2006 4740 perﬁcere

333 4772 453 4829 pro
482 4756 637 4814 bona
656 4758 969 4814 voluntate
998 4758 1243 4830 (Philip.
1271 4775 1334 4825 ιι,
1376 4763 1457 4827 l2,
1488 4758 1596 4831 l3).
1623 4762 1771 4816 Cum
1801 4763 2003 4815 autem

342 4846 591 4904 dixisset
645 4846 1015 4917 evangelista
1060 4863 1174 4903 nos
1230 4863 1443 4904 omnes
1494 4848 1570 4904 de
1634 4848 2004 4921 plenitudine

343 4937 557 4995 Christi
583 4938 908 5011 accepisse,
942 4936 1259 4995 confestim
1305 4938 1618 5009 subjunxit
1648 4942 1704 4994 et
1729 4937 1830 5004 ait,
1860 4952 2002 5008 gra-

347 5027 492 5083 tiam
516 5040 631 5096 per
648 5028 874 5098 gratia.
906 5026 1222 5101 Geminam
1248 5043 1393 5098 ergo
1423 5045 1535 5083 nos
1556 5027 1812 5098 gratiam
1843 5043 2007 5084 acce-

342 5115 509 5190 pisse
539 5117 808 5187 testatur,
831 5131 1022 5173 unam
1052 5116 1328 5174 videlicet
1355 5117 1417 5172 in
1447 5116 2005 5191 priesenti,alteram

343 5222 485 5263 vero
505 5204 570 5262 in
595 5203 796 5262 futuro
820 5223 833 5261 :
861 5205 923 5261 in
949 5208 1232 5280 praesenti
1248 5206 1498 5280 quidem
1514 5206 1720 5275 ﬁdem,
1741 5222 1875 5278 quae
1890 5222 2006 5276 per

344 5295 721 5354 dilectionem
748 5300 1055 5365 operatur,
1087 5296 1149 5351 in
1170 5295 1371 5353 futuro
1401 5300 1602 5353 autem
1634 5296 1818 5353 vitam
1840 5300 2007 5351 aeter-

343 5402 510 5443 nam.
547 5385 718 5444 Fides
738 5384 987 5459 quippe,
1010 5401 1142 5458 quae
1158 5401 1273 5456 per
1296 5387 1674 5443 dilectionem
1696 5391 2000 5454 operatur,

347 5474 537 5546 gratia
560 5475 665 5530 Dei
694 5479 805 5545 est,
829 5473 953 5547 qui,
1007 5478 1072 5530 ut
1103 5475 1444 5545 credamus,
1478 5479 1543 5530 ut
1563 5475 1907 5544 diligamus,
1941 5477 2007 5528 ut

348 5579 669 5636 operemur
687 5563 853 5621 bona
879 5581 1015 5637 quae
1037 5565 1336 5629 novimus,
1361 5581 1484 5619 non
1514 5564 1645 5619 ullis
1667 5563 2005 5635 praeceden—

350 5651 511 5707 tibus
535 5652 760 5708 meritis
797 5654 1038 5725 nostris,
1089 5653 1195 5709 sed
1222 5654 1357 5727 ipso
1398 5653 1708 5724 largiente,
1748 5651 2004 5725 percipi-

349 5751 510 5805 mus,
534 5739 642 5811 qui
663 5739 840 5797 dicit:
866 5741 1003 5797 Non
1035 5757 1134 5798 vos
1157 5757 1249 5799 me
1277 5743 1558 5813 elegistis,
1600 5743 1703 5797 sed
1719 5757 1825 5812 ego
1850 5742 2007 5813 elegi

2096 1815 2232 1869 vita?
2260 1829 2403 1870 mea?
2425 1815 2548 1882 (Ps.
2573 1830 2718 1884 χχιι,
2749 1818 2825 1882 6).
2860 1816 2930 1870 Ut
2954 1814 3296 1869 mercedem
3326 1812 3461 1868 vitae
3490 1816 3754 1867 aeternae;

2095 1918 2233 1973 quae
2261 1902 2439 1959 bonis
2468 1903 2737 1958 redditur
2797 1902 3106 1975 operibus,
3137 1902 3319 1972 gratis
3349 1900 3530 1957 tribui
3578 1899 3758 1957 nobis

2097 1991 2456 2059 ostenderet,
2493 1992 2610 2047 ait:
2646 1993 2760 2060 Qui
2789 1997 3039 2048 coronat
3096 1998 3152 2048 te
3174 1994 3237 2048 in
3268 1992 3652 2048 miseratione
3698 1995 3756 2046 et

2097 2081 2509 2138 misericordia
2535 2083 2661 2149 (Ps.
2691 2098 2782 2149 Cll,
2815 2085 2894 2137 ιω.
2918 2085 2981 2137 ln
3006 2080 3416 2137 misericordia
3444 2079 3670 2153 quippe
3703 2082 3763 2135 et

2098 2169 2481 2227 miseratione
2534 2187 2647 2228 nos
2702 2177 2951 2227 coronat
2996 2171 3247 2243 quando
3295 2174 3542 2243 propter
3593 2169 3761 2225 bona

2099 2276 2287 2332 opera
2337 2278 2474 2334 quae
2525 2262 2702 2317 nobis
2742 2263 2869 2334 ipse
2912 2261 3373 2317 misericorditer
3424 2259 3762 2316 exercenda

2101 2349 2367 2417 donavit,
2418 2367 2691 2424 supernae
2721 2350 3109 2407 beatitudinis
3137 2350 3393 2422 praemia
3446 2347 3757 2415 retribuit;

2104 2443 2159 2494 et
2187 2440 2303 2496 hoc
2331 2444 2424 2496 est
2450 2440 2615 2513 quod
2661 2440 2878 2496 dicitur
2898 2442 3170 2510 accipere
3206 2455 3312 2495 nos
3351 2441 3615 2510 gratiam
3644 2452 3760 2508 pro

2104 2530 2308 2600 gratia
2332 2547 2345 2585 :
2379 2528 2524 2602 quia
2550 2528 2838 2585 nimirum
2870 2544 2979 2601 pro
3009 2528 3203 2598 gratia
3232 2527 3411 2584 bonae
3436 2542 3761 2584 conversa-

2106 2617 2282 2674 tionis
2309 2634 2497 2691 quam
2528 2617 2710 2685 dedit,
2739 2622 2796 2674 et
2833 2634 2909 2674 ne
2938 2618 3191 2673 deiicere
3259 2617 3447 2690 possit
3487 2616 3614 2690 ipse
3644 2631 3766 2671 ser-

2105 2723 2253 2763 vans
2282 2708 2552 2777 adjuvat,
2578 2707 2749 2763 dabit
2773 2707 3027 2777 gratiam
3046 2705 3238 2763 beata:
3257 2704 3762 2763 remunerationis

2104 2797 2164 2851 in
2196 2812 2318 2867 qua
2349 2796 2791 2852 misericordias
2823 2797 2952 2867 ejus
2994 2795 3055 2851 in
3087 2799 3400 2863 aeternum,
3425 2800 3759 2851 cantemus.

2107 2885 2372 2956 Denique
2395 2884 2722 2957 Apostolus
2763 2885 2958 2957 ipsam
2999 2884 3133 2939 vitae
3164 2888 3395 2939 aeternae
3434 2882 3762 2956 perceptio-

2102 2990 2266 3038 nem,
2305 2992 2443 3047 quae
2466 2975 2669 3047 utique
2697 2974 2922 3030 meritis
2946 2973 3426 3046 praecedentibus
3468 2972 3761 3044 redditur,

2105 3064 2358 3134 gratiam
2387 3080 2605 3120 vocare
2638 3079 2761 3119 non
2789 3063 3121 3120 dubitavit:
3153 3063 3259 3136 qui
3280 3079 3420 3119 cum
3441 3062 3766 3136 praemisis-

2105 3157 2193 3209 set
2220 3154 2581 3223 stipendium
2609 3154 2844 3224 peccati
2867 3169 2995 3208 esse
3044 3156 3299 3208 mortem
3340 3152 3529 3222 (Rom.
3562 3167 3619 3219 v,
3657 3150 3761 3223 l3),

2105 3242 2295 3300 noluit
2338 3242 2673 3299 econtrario
2700 3242 2898 3298 dicere
2930 3241 3295 3314 stipendium
3350 3241 3594 3312 justitiaa
3633 3256 3765 3296 esse

2105 3333 2291 3388 vitam
2336 3337 2645 3398 aeternam,
2706 3332 2814 3387 sed
2866 3331 2965 3398 ait,
2997 3332 3204 3402 gratia
3259 3336 3460 3387 autem
3491 3332 3602 3386 Dei
3640 3333 3766 3387 vita

2107 3430 2331 3479 aeterna
2357 3424 2421 3479 in
2446 3423 2686 3479 Christo
2705 3424 2846 3480 Jesu
2869 3423 3124 3478 Domino
3152 3426 3360 3477 nostro
3395 3420 3613 3493 (Ibid);
3640 3435 3764 3476 non

2106 3509 2252 3581 quia
2280 3526 2404 3567 non
2420 3511 2582 3582 juste
2613 3511 2841 3567 meritis
2875 3510 3051 3567 bonis
3091 3526 3129 3567 a
3152 3509 3315 3581 justo
3336 3509 3539 3581 judice
3565 3509 3763 3576 datur,

2109 3599 2213 3655 sed
2251 3599 2395 3672 quia
2420 3600 2553 3672 ipsa
2583 3601 2799 3657 merita
2827 3600 3055 3672 quibus
3112 3599 3352 3667 dantur,
3385 3598 3583 3670 primo
3627 3600 3769 3653 sunt

2110 3689 2293 3759 gratis
2315 3705 2351 3745 a
2380 3689 2481 3760 pio
2511 3689 2815 3746 Salvatore
2839 3688 3109 3761 donata.]

2180 3779 2215 3844 τ
2237 3780 2550 3847 Gregorius
2579 3779 2640 3835 in
2671 3778 3017 3848 Moralibus,
3048 3778 3291 3835 lib.xxu
3322 3779 3476 3850 (cap.
3501 3777 3579 3849 5):
3601 3776 3767 3847 [San-

2112 3867 2190 3923 cti
2211 3872 2408 3922 autem
2443 3868 2555 3923 viri
2585 3868 2781 3923 sciunt
2809 3871 2949 3939 post
2977 3867 3157 3940 primi
3213 3866 3483 3940 parentis
3525 3865 3766 3939 lapsum

2112 3955 2187 4012 de
2219 3955 2589 4027 corruptibili
2646 3955 2827 4027 stirpe
2862 3971 2923 4012 se
2968 3955 3261 4022 conditos,
3294 3960 3351 4012 et
3391 3970 3515 4011 non
3552 3952 3768 4009 virtute

2113 4045 2380 4118 propria.
2414 4045 2521 4101 sed
2550 4044 2947 4117 praeveniente
2979 4060 3244 4118 superna
3275 4044 3469 4115 gratia
3523 4042 3602 4099 ad
3646 4059 3770 4098 me-

2112 4134 2265 4191 liora
2294 4150 2357 4190 se
2389 4140 2531 4190 vota
2549 4134 2643 4190 vel
2678 4150 2864 4207 opera
2894 4138 3333 4190 commutatos:
3368 4138 3426 4190 et
3472 4130 3767 4206 quidquid

2116 4222 2231 4279 sibi
2250 4222 2396 4279 mali
2424 4223 2619 4280 inesse
2640 4226 3033 4293 cognoscunt,
3062 4222 3138 4278 de
3182 4220 3420 4278 mortali
3484 4218 3766 4294 propagi-

2116 4326 2190 4367 ne
2222 4312 2482 4369 sentiunt
2525 4312 2840 4381 meritum;
2894 4310 3194 4384 quidquid
3243 4326 3385 4367 vero
3422 4309 3486 4366 in
3533 4323 3597 4364 se
3625 4306 3769 4362 boni

2118 4401 2467 4474 inspiciunt,
2493 4400 2851 4458 immortalis
2878 4400 3083 4472 gratfae
3119 4403 3494 4469 cognoscunt
3515 4397 3766 4462 donum,

2118 4490 2292 4562 eique
2323 4489 2399 4545 de
2428 4494 2674 4562 accepto
2722 4505 2971 4546 munere
3016 4487 3316 4545 debitores
3359 4487 3531 4553 ﬁunt,
3581 4483 3684 4557 qui
3715 4487 3771 4538 et

2113 4577 2538 4650 prmveniendo
2566 4577 2730 4634 dedit
2766 4578 2848 4633 eis
2873 4577 3103 4633 bonum
3164 4574 3307 4631 velle
3355 4574 3521 4646 quod
3567 4571 3769 4629 nolue-

2112 4671 2265 4738 rant,
2299 4672 2354 4723 et
2381 4667 2808 4740 subsequendo
2834 4664 3129 4721 concessit
3146 4664 3377 4721 bonum
3405 4677 3583 4736 posse
3605 4660 3769 4735 quod

2112 4755 2367 4827 volunt]
2400 4757 2434 4823 ’ί
2457 4758 2594 4811 Haec
2627 4761 2710 4811 tot
2738 4760 3162 4826 tantorumque
3193 4752 3512 4810 doctorum
3555 4754 3768 4821 agente

2114 4845 2175 4901 in
2206 4845 2290 4900 eis
2326 4845 2739 4900 incunctanter
2769 4843 2985 4917 Spiritu
3034 4845 3240 4898 sancto
3298 4840 3771 4897 concordissima

2111 4934 2331 4990 veritas
2363 4934 2871 5006 veracissimaque
2902 4930 3227 4988 concordia
3255 4929 3650 4986 conﬁrmatur
3679 4929 3769 4984 ni-

2113 5021 2436 5080 hilominus
2463 5023 2643 5079 totius
2665 5028 2886 5079 sanctze
2919 5020 3227 5078 catholicae
3259 5017 3534 5075 Ecclesiae
3554 5017 3770 5075 humil-

2111 5112 2257 5170 lima
2286 5112 2758 5185 ﬁdelissimaque
2790 5129 2861 5168 ac
2894 5111 3023 5183 jugi
3057 5109 3361 5183 petitione,
3391 5124 3526 5181 quae
3558 5107 3619 5163 in
3644 5123 3771 5181 pre-

2113 5203 2285 5260 cibus
2318 5203 2570 5259 Domino
2602 5218 2725 5258 non
2752 5206 2950 5258 cessat
2985 5200 3271 5258 continuo
3303 5197 3641 5271 supplicare
3686 5197 3770 5254 di-

2115 5308 2293 5348 cens:
2325 5315 2351 5341 «
2385 5294 2558 5357 Deus,
2581 5292 2684 5364 qui
2716 5307 2928 5347 omnes
2950 5291 3011 5346 in
3043 5288 3271 5345 Christo
3301 5292 3543 5345 renatos
3582 5302 3767 5357 genus

2112 5381 2343 5452 regium
2398 5388 2455 5436 et
2488 5380 2854 5437 sacerdotale
2906 5379 3114 5448 fecisti,
3159 5378 3240 5435 da
3297 5377 3473 5434 nobis
3512 5376 3659 5432 velle
3716 5380 3769 5431 et

2112 5486 2293 5543 posse
2323 5486 2458 5541 quis
2489 5470 2866 5541 praecipis,ut
2888 5468 3116 5541 populo
3143 5466 3222 5523 ad
3253 5466 3638 5523 aeternitatem
3671 5480 3764 5519 vo-

2113 5567 2249 5617 cato
2276 5578 2398 5616 una
2430 5560 2501 5615 sit
2530 5559 2680 5615 fides
2739 5560 3013 5615 cordium
3054 5565 3110 5614 et
3150 5559 3339 5630 pietas
3384 5556 3706 5612 actionum.
3738 5578 3762 5603 ››

2114 5651 2184 5706 Et
2208 5652 2392 5707 item:
2450 5676 2476 5699 ιι
2532 5650 2770 5720 Largire
2827 5650 3022 5718 nobis,
3071 5648 3340 5709 Domine,
3395 5660 3761 5719 quaesumus,

2117 5755 2356 5812 semper
2393 5738 2667 5812 spiritum
2697 5738 2997 5810 cogitandi
3029 5753 3166 5809 quae
3209 5739 3370 5793 recta
3397 5738 3538 5792 sunt
3572 5732 3764 5805 propi-
