3936 6394
168 247 312 304 1077

1115 253 1196 307 EE
1235 246 1914 308 PRIEDESTINATIONE
1954 245 2233 301 CONTRA
2273 245 2326 299 J.
2368 245 2664 302 SCOTUM.

3465 248 3600 304 1078

156 371 278 426 tius
309 376 363 428 et
403 373 643 441 agendi,
680 377 742 429 ut
773 375 878 446 qui
906 373 1034 429 sine
1076 379 1130 431 te
1161 391 1289 430 esse
1323 390 1447 432 non
1479 389 1826 448 possumus,
1858 377 1901 427 A
1935 368 2325 440 impudentiae
2358 373 2660 441 portenta,
2699 369 2950 439 juvante
3010 367 3287 441 Domino,
3343 369 3611 430 videnda

157 461 497 517 secundum
527 466 580 518 te
605 463 797 520 vivere
812 463 1146 520 valeamus.
1186 488 1211 514 ››
1239 470 1379 521 ltem
1407 482 1418 520 :
1456 488 1481 514 ‹‹
1514 467 1691 532 Deus,
1725 462 1831 535 qui

156 549 456 606 hodierna
481 551 576 608 die
604 568 712 624 per
743 553 1122 622 Unigenitum
1149 558 1320 611 tuum
1346 554 1688 611 aeternitatis
1720 567 1828 607 no-

155 639 254 696 bis
269 640 499 698 aditum
516 642 750 699 devicta
767 647 956 700 morte
973 644 1270 714 reserasti,
1293 651 1431 702 vota
1444 649 1674 714 nostra,
1693 657 1829 715 quas

155 730 508 801 praeviendo
537 732 790 805 aspiras,
819 733 1001 790 etiam
1025 734 1376 806 adjuvando
1405 747 1827 808 prosequere.»

153 820 324 876 Unde
345 825 404 877 et
419 827 664 878 sanctus
687 823 1073 880 Innocentius
1104 825 1185 882 ad
1209 825 1382 881 Afros
1417 825 1736 898 episcopos
1767 822 1828 877 in

151 911 728 968 condemnationem
783 913 1085 984 Pelagiani
1123 915 1338 970 erroris
1373 915 1659 980 scribens,
1692 929 1828 986 pre-

153 1015 258 1055 ces
290 1004 575 1058 Romana:
611 1003 886 1060 Ecclesia)
940 1005 1195 1074 gratiam
1244 1005 1347 1060 Dei
1397 1020 1612 1061 sonare
1664 1003 1824 1058 dicit.

154 1093 468 1161 Consurge
498 1108 660 1148 nunc
693 1095 1006 1149 Lernaeum
1051 1099 1414 1158 monstrum,
1469 1099 1527 1150 et
1547 1099 1650 1150 tuo
1675 1107 1826 1165 qua-

150 1177 368 1236 druvio
395 1181 581 1237 ﬁdem
604 1187 783 1254 atque
815 1182 1216 1239 humilitatem
1250 1183 1428 1239 totius
1477 1183 1639 1239 orbis
1691 1182 1827 1237 des-

146 1269 306 1338 true,
340 1265 627 1325 utnullus
659 1275 715 1326 te
742 1271 1097 1343 prohibente
1128 1272 1349 1328 audeat
1392 1272 1631 1328 credere
1663 1269 1829 1343 quod

143 1357 318 1429 petit,
353 1364 457 1414 aut
486 1359 790 1416 humiliter
835 1367 1032 1434 petere
1063 1362 1232 1435 quod
1290 1362 1573 1418 veraciter
1619 1360 1825 1416 credit.

143 1447 306 1504 Inﬂa
339 1453 529 1504 utrem
555 1450 639 1506 tui
665 1450 913 1520 arbitrii,
945 1456 1010 1508 ut
1034 1468 1286 1508 evacues
1308 1453 1563 1522 gratiam
1585 1449 1825 1508 Christi.

137 1551 336 1610 quem
360 1537 705 1612 impugnas,
730 1556 913 1613 quem
934 1543 1329 1615 persequeris,
1365 1543 1538 1612 cujus
1565 1541 1822 1612 gratiam

141 1631 414 1683 evertere
446 1629 706 1684 conaris.
769 1633 993 1703 Nempe
1036 1631 1192 1686 illius
1234 1632 1339 1705 qui
1385 1632 1564 1688 Saulo
1613 1631 1815 1686 adhuc

1942 465 2339 516 transeamus.

2623 583 2858 641 CAPUT
2897 586 2941 638 V

1937 731 2025 786 De
2053 744 2116 786 eo
2163 729 2324 800 quod
2369 729 2755 800 prcescientia
2803 733 2858 784 et
2909 727 3447 798 przedestinatione
3493 732 3607 789 Dei

2045 834 2216 875 nemo
2243 820 2627 888 compellitur
2653 833 2754 874 seu
2785 818 2927 875 bene
2950 833 3052 873 seu
3081 818 3240 874 male
3265 818 3488 887 facere.

2009 911 2147 964 Post
2169 908 2298 963 haec
2347 908 2559 980 quinto
2598 906 3122 980 blasphemiarum
3150 911 3391 963 tuarum
3440 911 3606 966 tomo

1936 997 2144 1053 iterata
2172 996 2412 1068 repetis,
2445 1002 2502 1053 et
2547 998 2799 1069 repetita
2826 994 3192 1052 fastidiosius
3241 995 3452 1052 iterare
3482 1013 3606 1054 non

1914 1085 2181 1156 desinis,
2213 1101 2381 1141 more
2409 1087 2699 1142 nimirum
2723 1085 2884 1141 illius
2899 1086 3005 1159 qui
3034 1084 3180 1151 Eliu,
3207 1087 3312 1158 qui
3338 1101 3461 1142 non
3478 1085 3606 1158 ipse

1937 1175 2182 1248 quidem
2208 1180 2470 1231 meretur
2495 1191 2530 1230 a
2592 1175 2844 1231 Domino
2893 1174 3086 1246 argui,
3122 1175 3228 1230 sed
3286 1174 3362 1231 de
3419 1191 3492 1231 eo
3525 1176 3604 1232 ad

1935 1264 2185 1320 beatum
2215 1264 2330 1319 Job
2361 1264 2578 1320 dicitur
2608 1283 2621 1320 :
2655 1265 2797 1332 Quis
2815 1271 2898 1322 est
2916 1266 3021 1320 ille
3048 1266 3357 1321 involvens
3377 1272 3608 1322 senten-

1937 1355 2053 1410 tias
2079 1354 2448 1411 sermonibus
2471 1355 2764 1424 imperitis
2824 1353 2977 1425 (Job.
3018 1369 3259 1422 xxxvni,
3301 1359 3381 1422 2.)
3431 1354 3605 1420 Quod

1935 1459 2075 1498 cum
2123 1459 2336 1499 cavere
2383 1443 2844 1515 pernecessario
2911 1442 3256 1511 debuisses,
3338 1443 3606 1499 maluisti

1935 1531 2308 1604 multiloquis
2369 1537 2750 1602 arrogantlus
2795 1531 3086 1588 incubare
3132 1547 3322 1605 quam
3368 1532 3603 1588 veritati

1931 1622 2268 1695 purissimae
2316 1623 2584 1678 tenacius
2631 1622 2938 1678 inhaerere.
2998 1621 3153 1678 Dicis
3200 1622 3362 1678 enim
3423 1637 3602 1692 argu-

141 1715 511 1787 praetumido
587 1718 807 1775 caelesti
872 1721 1134 1776 tonitruo
1195 1721 1581 1792 increpitans,
1628 1719 1774 1776 dixit
1804 1736 1817 1774 ε
1852 1741 1894 1796 Β
1934 1717 2138 1767 mento
2198 1711 2574 1783 praescientia
2605 1711 2703 1767 Dei
2753 1711 3280 1784 praedestinatione
3310 1711 3440 1782 ejus
3467 1726 3604 1784 pec-

140 1805 280 1877 Ego
297 1823 426 1862 sum
437 1808 606 1863 Jesus
618 1809 988 1877 Nazarenus,
998 1826 1167 1882 quem
1188 1816 1252 1866 tu
1281 1811 1814 1882 persequeris.Du-

141 1909 286 1951 rum
335 1901 416 1952 est
477 1897 588 1954 tibi
623 1905 838 1956 contra
895 1901 1206 1956 stimulum
1265 1902 1591 1958 calcitrare
1646 1900 1800 1971 (Act.

146 1997 233 2052 ιχ,
267 1984 342 2052 5).

219 2091 504 2150 Finxeras
534 2094 702 2152 initio
730 2095 915 2168 hujus
942 2097 1355 2153 venenivomae
1378 2101 1493 2154 tua;
1506 2097 1818 2171 perioches

142 2182 306 2253 (cap.
341 2185 394 2250 4,
423 2200 483 2239 n.
507 2189 595 2241 29.
619 2191 759 2242 sect.
795 2186 842 2246 l)
873 2185 1052 2243 trium
1092 2185 1399 2243 haereseon
1421 2186 1816 2253 diversitates,

141 2286 411 2344 quarum
442 2273 704 2345 primam
740 2275 1144 2347 Pelagianam,
1200 2276 1541 2333 secundam
1589 2278 1817 2332 Gottes-

140 2358 503 2417 chalcanam
529 2378 1016 2436 nuncupaveras,
1055 2365 1286 2421 tertiam
1315 2365 1544 2438 absque
1576 2369 1818 2422 auctore

139 2452 197 2504 et
217 2451 470 2508 nomine
501 2452 910 2526 interponens,
962 2470 1150 2527 quam
1181 2455 1268 2511 vel
1299 2456 1563 2510 maxime
1594 2455 1655 2510 in
1677 2470 1818 2527 pro-

137 2553 320 2594 cessu
347 2539 537 2613 ipsius
565 2557 921 2614 oppugnare
947 2544 1338 2616 pervicaciter
1369 2559 1493 2599 non
1515 2543 1814 2625 destitisti,

134 2643 330 2702 quam
362 2645 473 2686 nos
507 2645 900 2706 nequaquam
932 2633 1228 2702 haeresim,
1265 2635 1371 2690 sed
1399 2633 1584 2690 fidem
1613 2633 1816 2690 catho-

131 2715 318 2774 licam
349 2723 406 2776 et
434 2721 760 2777 asserimus
784 2726 845 2779 at
873 2722 1228 2795 probamus,
1275 2724 1529 2780 fatentes
1560 2721 1815 2779 veracis-

133 2806 286 2864 sime
321 2815 378 2866 et
401 2811 882 2869 constantissime
912 2812 1199 2870 divinitus
1224 2814 1400 2870 nobis
1429 2812 1811 2870 voluntatem

132 2895 282 2953 boni
334 2899 539 2971 gratis,
594 2899 656 2956 id
687 2906 775 2958 est
815 2917 939 2958 non
969 2903 1340 2959 merentibus
1369 2918 1479 2959 nec
1512 2901 1810 2958 ullatenus

133 2984 524 3056 habentibus,
572 2988 723 3052 dari,
779 2990 1151 3064 perindeque
1205 2991 1486 3063 adjuvari
1533 2996 1601 3047 ut
1643 2990 1812 3063 quod

136 3075 264 3145 ejus
298 3077 694 3148 inspiratione
746 3078 900 3134 bene
949 3080 1228 3136 volumus
1275 3082 1463 3152 ipsius
1510 3079 1810 3150 adjutorio
1850 3110 1888 3164 (π
1919 3075 2258 3146 δυξ¹¹¹ῗ¹¹ἦ⁶ι⁸
2293 3075 2474 3146 υξ¹ῗ³⁵¹
2503 3075 2640 3104 νων
2661 3075 3112 3120 αωίίωδίίυδω
3149 3075 3592 3146 ιδω,“⁶¹¹¹¹⁵““³

143 3163 297 3209 banti.
331 3181 657 3209 nnpl‘nmnr
714 3167 986 3209 thDHIID
1016 3170 1400 3209 nnrﬁninmnc
1464 3185 1583 3209 nnn
1619 3185 1688 3209 DY
1719 3169 1807 3209 Vi-
1877 3145 1889 3164 ‘
3460 3153 3592 3192 mel.

2215 3179 2229 3203 9
2259 3179 2364 3206 ’1⁸⁸⁸
2389 3179 2451 3191 ⁵¹⁴⁵
2475 3179 2698 3206 ⁸⁴νο“⁴¹¹’⁶“⁴
2725 3179 3077 3206 Γ⁵⁹⁹⁹⁸⁵⁵⁴¹¹⁵⁸⁵Ἷ

140 3163 297 3220 bene
331 3181 677 3238 operemur,
711 3167 987 3242 beneque
1016 3170 1422 3242 perﬁciamus,
1464 3185 1586 3226 non
1619 3185 1692 3225 ex
1719 3169 1807 3224 vi-

134 3253 288 3310 tiata-:-
320 3260 552 3311 natura;
575 3255 738 3313 bono
770 3257 829 3313 id
859 3259 1259 3331 possidentes,
1295 3259 1402 3315 sed
1431 3275 1503 3315 ex
1526 3257 1807 3314 indebitae

133 3345 339 3414 gratiae
371 3343 534 3401 dono
565 3351 1022 3420 consequentes.
1058 3348 1462 3405 Praevenimur
1489 3347 1652 3404 enim
1705 3349 1806 3404 Dei

136 3432 348 3501 gratia,
383 3437 446 3489 ut
475 3434 628 3490 bene
681 3436 956 3506 velimus,
1008 3436 1443 3511 subsequimur
1472 3452 1549 3493 ne
1579 3436 1803 3492 frustra

138 3521 390 3578 velimus
425 3541 436 3578 :
473 3529 755 3581 canentes
781 3526 1038 3584 Domino
1058 3543 1198 3583 cum
1249 3526 1569 3583 Psalmista
1598 3544 1610 3582 :
1642 3529 1800 3582 Deus

134 3628 314 3682 meus,
337 3615 750 3672 misericordia
771 3619 899 3686 ejus
924 3620 1244 3686 praeveniet
1269 3633 1356 3674 me
1379 3617 1718 3686 (Ps.Lvm,l
1737 3617 1804 3688 l),

136 3705 611 3762 etmisericordia
628 3716 731 3761 tua
751 3707 1143 3780 subsequetur
1161 3723 1252 3763 me
1271 3708 1585 3763 omnnibus
1602 3708 1807 3764 diebus

136 3793 267 3847 vita
295 3808 440 3849 mea?
470 3795 592 3865 (Ps.
627 3811 771 3863 xxu,
806 3798 880 3868 6).
921 3796 1036 3852 Nisi
1070 3797 1216 3852 forte
1246 3802 1306 3852 tu
1337 3797 1502 3853 solus
1549 3797 1807 3853 auctori-

135 3886 311 3939 tatem
371 3884 715 3966 apostolicze
777 3886 936 3942 sedis
1007 3903 1328 3955 evacuans,
1417 3886 1806 3944 concordiam

136 3971 309 4028 totius
370 3973 585 4030 mundi
642 3976 921 4048 pestifera
971 3975 1294 4050 dissipans,
1349 3992 1563 4033 omnes
1613 3991 1810 4033 sacra.

137 4067 473 4118 mentorum
505 4064 744 4120 codices
765 4069 869 4120 aut
892 4065 1060 4121 eradi
1091 4071 1195 4122 aut
1224 4065 1571 4133 oblitterari,
1596 4081 1810 4121 censor

131 4152 602 4220 potentissimus,
622 4153 944 4226 judicabis,
974 4160 1188 4211 etcum
1211 4155 1568 4210 Autichristo
1599 4158 1810 4211 contra

137 4238 315 4296 Deum
345 4239 602 4297 deorum
630 4242 910 4316 loquens,
928 4243 990 4299 in
1019 4243 1243 4316 templo
1267 4245 1366 4298 Dei
1389 4243 1595 4299 sedere
1627 4257 1810 4299 cona-

133 4324 282 4383 beris
309 4333 606 4402 tanquam
629 4331 701 4386 sit
721 4335 877 4386 Deus
908 4333 999 4400 (ΙΙ
1031 4333 1228 4389 Thess.
1263 4348 1322 4396 ιι,
1355 4335 1432 4399 4).
1468 4331 1624 4398 Quid
1645 4332 1806 4386 enim

137 4418 247 4474 Deo
275 4418 588 4493 relinquis,
623 4421 732 4495 qui
769 4421 874 4477 tibi
907 4439 942 4478 a
969 4427 1023 4479 te
1046 4422 1199 4478 velle
1234 4421 1530 4492 contingis
1554 4423 1585 4477 τ
1609 4422 1722 4478 Sed
1744 4427 1808 4477 tu

136 4506 426 4565 mirificus
473 4509 898 4568 haereticorum
950 4511 1303 4581 debellator,
1339 4513 1418 4568 ita
1457 4510 1808 4582 Pelagianos

137 4599 424 4667 confutas,
456 4604 522 4656 ut
551 4606 754 4658 tamen
784 4602 913 4674 ipse
946 4601 1298 4672 Pelagianos
1320 4617 1450 4658 esse
1480 4602 1804 4658 convinca-

137 4686 234 4740 ris.
267 4687 379 4754 Qui
401 4689 484 4745 sic
519 4706 704 4747 unam
731 4695 964 4764 partem
988 4691 1448 4762 Pelagianorum
1469 4690 1804 4761 detestaris,

139 4779 198 4831 ut
228 4777 478 4834 alteram
510 4781 871 4836 confirmare
907 4781 1106 4836 modis
1136 4781 1423 4837 omnibus
1446 4780 1806 4853 comprobe-

139 4863 244 4921 ris:
278 4883 423 4924 nam
450 4867 710 4924 dicendo
741 4885 855 4926 nos
884 4870 1117 4942 absque
1149 4871 1250 4925 Dei
1282 4871 1479 4942 gratia
1530 4869 1696 4926 bona
1723 4871 1810 4931 in-

139 4955 367 5025 choare,
404 4959 491 5015 vel
521 4976 720 5030 agere,
748 4960 842 5017 vel
895 4960 1180 5034 perficere
1213 4961 1558 5016 nullatenus
1601 4977 1804 5033 posse,

138 5044 445 5103 nobiscum
480 5048 831 5119 Pelagianos
859 5048 1076 5105 refellis
1109 5065 1179 5104 ac
1213 5050 1508 5121 proteris:
1543 5048 1804 5105 dicendo

141 5145 270 5190 vero
323 5137 474 5194 velle
531 5139 710 5194 nobis
769 5140 1092 5195 essentiam
1145 5154 1295 5203 esse,
1347 5137 1559 5210 procul
1613 5137 1800 5193 dubio

139 5221 476 5295 Pelagianos
525 5228 711 5296 foves,
745 5229 851 5302 qui
906 5229 967 5284 in
993 5232 1228 5285 tantum
1273 5229 1348 5284 de
1375 5232 1606 5284 naturae
1633 5227 1798 5285 bono

140 5307 554 5384 intumuerant,
589 5320 655 5373 ut
681 5324 739 5374 et
762 5317 913 5374 velle
939 5322 997 5374 et
1019 5333 1195 5390 posse
1228 5317 1342 5372 sibi
1368 5332 1612 5390 suaeque
1633 5321 1794 5389 pote-

143 5401 262 5458 stati
288 5405 672 5476 ascriberent,
695 5422 894 5480 neque
916 5423 989 5463 ex
1009 5409 1278 5478 gratuitae
1301 5407 1500 5478 gratiae
1521 5406 1793 5477 largitate

144 5485 197 5542 id
213 5507 271 5547 se
295 5495 583 5569 consequi
607 5496 1055 5564 conﬁrmarent,
1086 5496 1308 5569 quibus
1330 5502 1384 5552 te
1414 5495 1794 5569 pertinaciter

147 5587 398 5642 assentiri
431 5585 632 5642 nullus
663 5585 769 5658 qui
790 5602 861 5642 ea
878 5603 1012 5660 quae
1035 5586 1344 5659 praemissa
1379 5591 1517 5642 sunt
1543 5585 1793 5642 fideliter

146 5666 641 5752 intelligenterque
666 5679 828 5751 legit,
849 5677 1065 5751 poterit
1081 5679 1379 5748 ignorare.
1406 5679 1627 5734 Verum
1650 5675 1794 5748 quia

148 5755 215 5814 de
229 5761 316 5820 his
339 5768 482 5826 satis
513 5783 648 5826 esse
667 5772 980 5841 putamus,
1013 5767 1090 5824 ad
1120 5772 1332 5826 cetera
1375 5782 1498 5824 non
1541 5765 1790 5823 minoris

1933 1804 2067 1856 cata
2094 1815 2213 1856 non
2247 1799 2423 1870 eﬂici,
2466 1801 2741 1857 videlicet
2761 1806 2827 1857 ut
2873 1800 3399 1873 quemadmodum
3451 1816 3604 1873 prae-

1930 1889 2177 1944 scientia
2208 1889 2306 1944 Dei
2336 1893 2585 1962 peccata
2611 1905 2750 1962 quae
2787 1889 3075 1962 presserit,
3104 1889 3233 1945 ﬁeri
3258 1904 3384 1945 non
3417 1889 3601 1959 cogit,

1926 1977 2008 2034 ita
2036 1978 2167 2048 ejus
2195 1977 2640 2051 praedestinatio
2661 1981 2909 2051 peccata
2935 1994 3073 2051 quae
3100 1993 3420 2051 nunquam
3448 1993 3601 2050 prte-

1926 2065 2206 2134 destinat,
2227 2066 2356 2123 ﬁeri
2385 2082 2510 2124 non
2528 2066 2766 2136 efﬁciat,

2493 2207 2750 2248 JOANNES
2818 2206 3022 2248 SCOTUS

1998 2299 2164 2372 (Cap.
2192 2303 2246 2367 ὅ,
2278 2313 2446 2355 num.
2482 2298 2528 2370 l,
2565 2302 2686 2356 sect
2719 2301 2794 2370 l.)
2820 2298 2949 2355 Θ.ςί
2977 2299 3156 2366 enim,
3191 2297 3414 2370 inquis,
3439 2309 3599 2367 prae-

1924 2391 2154 2445 scentia
2185 2405 2304 2444 non
2341 2389 2542 2444 omnia
2564 2403 2696 2460 quae
2723 2388 3048 2459 praesciuit,
3077 2388 3251 2457 facit,
3278 2401 3394 2458 quo
3417 2391 3599 2456 pacto

1923 2477 2378 2548 prcedestinatio
2409 2477 2609 2532 omnia
2640 2492 2773 2548 quw
2802 2492 2923 2532 non
2956 2476 3436 2546 praedestinavit,
3468 2475 3601 2544 efﬁ—

1924 2567 2006 2623 cit
2023 2569 2051 2622 ?
2077 2567 2467 2622 Prwsczentia
2483 2581 2596 2622 sua
2626 2568 2783 2623 Deus
2812 2565 3142 2636 malefacta
3169 2565 3476 2621 hominum
3501 2565 3602 2634 fu-

1924 2671 2063 2726 tura
2105 2656 2373 2712 creditur
2423 2659 2544 2711 non
2573 2655 3034 2724 praedestinasse
3060 2671 3084 2712 .°
3127 2653 3422 2726 quomodo
3454 2668 3596 2725 ergo

1913 2751 2179 2815 putatur
2201 2746 2406 2815 facere
2421 2749 2451 2802 ?

2602 2867 2914 2909 OORBECTIO
2923 2893 2936 2908 .

1991 2959 2027 3024 ‘1‘
2055 2961 2119 3014 Et
2157 2963 2392 3028 caetera,
2439 2975 2587 3032 quas
2618 2960 2799 3016 etiam
2830 2962 2890 3016 Β.
2942 2959 3262 3030 Augustini
3297 2958 3595 3016 sententia

1919 3047 2258 3104 conﬁrmat.
2293 3047 2474 3113 Quasi
2498 3063 2640 3104 vero
2661 3053 2767 3104 aut
2783 3047 3112 3120 quisquam
3147 3053 3270 3105 tam
3296 3047 3596 3104 dementis

1921 3225 2230 3282 morabilis
2256 3225 2575 3296 Augustini
2605 3230 2819 3298 praeter
2866 3231 2920 3282 te
2969 3225 3169 3282 nullus
3221 3228 3326 3283 aut
3380 3225 3588 3298 legerit

1917 3320 2022 3374 aut
2046 3315 2398 3373 intellexerit
2432 3334 2445 3385 ;
2479 3314 2792 3372 concludis
2809 3331 2954 3386 ergo
2985 3319 3041 3372 et
3069 3315 3238 3372 dicis.

2489 3457 2741 3500 JOANNBS
2783 3459 3015 3500 SCOTUS.

1991 3553 2154 3623 (Cap.
2180 3556 2233 3617 5,
2274 3566 2444 3607 num~
2489 3555 2542 3618 2,
2578 3554 2721 3608 sect.
2754 3553 2832 3624 3.)
2864 3556 2904 3605 6
2927 3551 3224 3619 Quocirca
3248 3550 3592 3621 ﬁrmissime

1912 3641 2231 3709 fatendum
2263 3647 2348 3696 est
2403 3642 2585 3697 simul
2633 3642 2771 3710 ﬁeri
2814 3657 2936 3698 non
2983 3645 3394 3711 peccatorum,
3451 3654 3588 3712 qua?

1914 3731 2074 3787 Deus
2098 3731 2162 3785 in
2187 3735 2471 3788 creatura
2500 3745 2610 3787 sua
2636 3731 3400 3801 permittit,praescientiam
3433 3733 3586 3799 ejus,

1916 3836 2036 3892 qua
2067 3835 2135 3877 ea
2181 3823 2512 3889 praesciuit,
2567 3836 2810 3878 causam
2853 3837 2972 3877 non
3004 3835 3158 3876 esse:
3192 3819 3592 3890 praedestina-

1918 3910 2132 3966 tionem
2166 3923 2305 3966 vero
2336 3913 2485 3980 ejus,
2519 3924 2640 3980 qua
2669 3925 2740 3966 ea
2763 3925 2886 3966 non
2913 3909 3390 3978 praedestinavit,
3449 3922 3588 3964 cau-

1914 4011 2044 4055 sam
2072 4013 2211 4055 8888.

1990 4089 2024 4153 εἰ·
2052 4088 2175 4142 Hoc
2197 4091 2255 4143 et
2277 4101 2388 4143 nos
2418 4085 2701 4157 dicimus,
2733 4087 2956 4144 Deinde
2983 4087 3266 4159 adjungis
3297 4104 3312 4143 :

1993 4179 2184 4247 (Num.
2211 4179 2288 4244 3.)
2315 4181 2353 4228 Θ
2388 4175 2694 4247 Quidquid
2718 4183 2915 4234 autem
2934 4177 3007 4234 de
3019 4182 3269 4248 peccato
3295 4177 3390 4233 vel
3416 4191 3586 4247 gene-

1919 4265 2042 4320 rali
2070 4265 2164 4320 vel
2182 4266 2434 4334 speciali
2463 4266 2801 4337 conﬁcitur,
2833 4281 3066 4324 necesse
3087 4267 3246 4324 estde
3278 4267 3408 4337 ejus
3437 4280 3582 4337 quo-

1918 4369 2032 4426 que
2053 4369 2233 4425 paena
2261 4356 2579 4410 sentiatur.

2593 4496 2920 4540 CORRECTIO.

1991 4589 2026 4653 τ
2058 4587 2230 4653 Quod
2278 4589 2325 4644 si
2354 4589 2570 4646 eodem
2609 4589 2795 4645 modo
2839 4589 2989 4646 dicis
3031 4593 3096 4646 ut
3124 4587 3500 4661 praescientia
3526 4593 3585 4647 et

1914 4678 2363 4751 prmdestinatio
2399 4678 2518 4747 Dei,
2542 4677 2698 4734 sicut
2720 4693 2846 4734 non
2865 4682 2956 4734 est
2984 4693 3170 4735 causa
3217 4677 3468 4750 peccati,
3499 4678 3584 4734 ita

1917 4783 2041 4824 non
2073 4767 2150 4822 sit
2192 4783 2378 4822 causa
2413 4781 2609 4838 poenae
2649 4767 2902 4838 peccati,
2936 4783 3060 4823 non
3091 4781 3258 4822 erras
3292 4784 3305 4821 :
3341 4765 3390 4820 si
3438 4781 3583 4822 vero

1917 4857 1999 4912 ita
2027 4861 2092 4911 ut
2114 4855 2214 4911 Dei
2271 4854 2717 4926 przescientiam
2747 4859 2806 4912 et
2837 4854 3432 4928 praedestinationem
3457 4870 3583 4912 non

1917 4943 2180 5017 peccatis
2208 4943 2584 5017 disposuisse
2631 4948 2688 5000 et
2742 4944 3040 5014 irrogasse
3071 4943 3281 5000 merito
3334 4959 3583 5016 poenam

1916 5034 2158 5103 sentias,
2190 5033 2451 5090 multum
2480 5049 2674 5102 erras;
2703 5034 3112 5108 continuoque
3143 5034 3450 5093 subnectis
3485 5053 3498 5092 :

2475 5175 2728 5215 JOANNES
2767 5176 2990 5218 SCOTUS.

1981 5269 2179 5332 (Num.
2220 5267 2297 5337 4.)
2324 5270 2363 5320 Θ
2412 5267 2618 5324 Poena
2654 5269 2889 5338 peccati
2924 5283 3084 5326 mors
3119 5274 3205 5326 est
3233 5285 3255 5324 .·
3285 5267 3584 5339 quidquid

1907 5371 2048 5427 ergo
2067 5356 2140 5413 de
2158 5355 2398 5426 pece'ato
2415 5355 2665 5424 dicitur,
2679 5372 2914 5416 necesse
2927 5365 3011 5415 est
3023 5359 3097 5415 de
3111 5363 3303 5414 morte
3313 5357 3580 5412 dicatur.

2548 5497 2885 5538 CORRIOTIO.

1974 5589 2007 5653 -Ι-
2032 5591 2097 5644 Et
2123 5587 2184 5643 in
2214 5587 2330 5642 hoc
2348 5588 2395 5642 si
2421 5588 2522 5644 Dei
2549 5588 2986 5661 praescientiam
3017 5591 3073 5644 et
3102 5587 3583 5661 praedestinatio-

1898 5693 2042 5734 nem
2071 5691 2323 5733 causam
2376 5693 2501 5735 non
2530 5694 2660 5734 esse
2686 5677 2899 5734 mortis
2923 5678 3113 5746 dicas,
3153 5683 3212 5735 et
3241 5694 3362 5734 nos
3381 5679 3583 5750 sequi-

1905 5783 2063 5825 mur.
2088 5767 2145 5824 Si
2170 5781 2313 5825 vero
2340 5767 2927 5844 proedestinatorem,
2957 5767 3406 5842 dispositorem,
3438 5767 3586 5826 irro'
