3936 6372
373 203 510 256 1079

1451 214 1506 271 8.
1550 215 1926 272 PBUDENTII
1966 216 2350 284 TRECENSIS
2394 229 2706 287 EPISCOPI

3669 230 3817 288 1080

363 332 637 395 gatorem
657 326 1202 405 retributoremque
1234 337 1589 395 earumdem
1614 354 1823 409 negas,
1859 341 2030 398 vehe-
2059 348 2107 402 Α
2137 348 2237 404 Dei
2258 354 2697 423 praescientiam
2716 358 2774 411 et
2793 352 3383 427 prmdesﬁnationem
3405 370 3656 413 cansam
3676 371 3813 413 non

362 417 596 469 menter
615 428 800 471 erras.
822 415 969 473 Dicit
998 419 1157 475 enim
1179 423 1483 496 Scriptura
1510 426 1573 483 in
1623 427 1780 485 libro
1834 430 2027 487 Eccle-

363 501 606 559 siastico
638 521 652 560 :
693 504 832 561 Non
863 512 949 562 est
978 508 1178 566 dicere
1211 529 1223 566 :
1259 513 1416 580 Quid
1434 521 1518 573 est
1548 517 1660 573 hoc
1690 524 1744 575 et
1771 520 1916 590 quid
1943 528 2026 577 est

363 590 525 648 illud
554 596 583 649 ?
610 608 812 650 omnia
861 596 1019 652 enim
1065 598 1448 673 in‘tempore
1498 621 1605 663 suo
1655 615 2022 679 quaerentur.

361 679 711 739 Benedictio
735 683 905 739 illius
935 688 1114 756 quasi
1137 690 1360 757 ﬂuvius
1391 693 1735 753 inundabit.
1770 699 2025 764 Qomodo

361 770 766 841 cataclysmus
805 774 1043 832 aridam
1060 777 1405 851 inebriavit,
1437 784 1524 840 sic
1556 786 1652 843 ira
1676 787 1861 855 ipsius
1886 803 2025 858 gen-

362 862 447 915 tes
483 874 614 931 qum
669 876 790 917 non
833 865 1248 934 exquisicrunt
1269 884 1400 927 eum
1443 870 1844 934 haereditabit.
1879 876 2027 943 Quo-

359 947 532 1003 modo
559 952 854 1007 convertit
874 967 1065 1024 aquas
1080 954 1143 1012 in
1175 958 1525 1030 siccitatem,
1579 968 1635 1019 et
1663 965 1891 1021 siccata
1942 971 2026 1021 est

362 1040 550 1105 terra,
578 1045 635 1095 et
676 1042 787 1096 via:
826 1042 994 1099 illius
1049 1046 1160 1101 viis
1190 1047 1438 1107 illorum
1469 1050 1713 1110 directae
1754 1060 1915 1124 sunt,
1942 1057 2027 1111 sic

350 1129 773 1197 peccatoribus
825 1133 1176 1202 offensiones
1231 1138 1295 1194 in
1324 1139 1421 1196 ira
1458 1142 1607 1211 ejus.
1639 1143 1813 1201 Bona
1861 1146 2025 1202 bonis

359 1222 569 1275 creata
597 1225 739 1276 sunt
765 1220 841 1277 ab
864 1222 1055 1295 initio,
1080 1226 1165 1283 sic
1183 1229 1567 1301 nequissimis
1589 1232 1743 1291 bona
1763 1240 1819 1291 et
1835 1236 2022 1293 mala.

358 1306 612 1365 Initium
639 1312 922 1368 12888an
945 1315 1038 1371 rei
1056 1316 1192 1372 vitm
1222 1317 1552 1394 hominum,
1579 1338 1760 1394 aqua,
1779 1325 1937 1396 ignis
1970 1331 2026 1382 et

353 1394 613 1464 ferrum,
651 1399 745 1455 lac
766 1405 823 1456 et
847 1403 1026 1470 panis
1072 1404 1508 1480 similagineus,
1537 1415 1593 1466 et
1638 1413 1777 1482 mel,
1807 1394 1881 1470 fet
1934 1413 2027 1470 bo-

359 1486 491 1538 trus
511 1498 659 1554 uva’,
690 1492 747 1543 et
770 1489 987 1558 oleum,
1012 1496 1067 1547 et
1093 1494 1523 1554 vestimentum.
1544 1499 1692 1557 Παῖς
1710 1502 1913 1558 omnia
1940 1504 2026 1559 sic

355 1573 583 1630 sanctis
613 1582 753 1631 sunt
785 1578 849 1634 in
878 1579 1043 1635 bonis
1063 1580 1189 1652 [al.,
1219 1585 1443 1641 sanctis
1461 1588 1547 1644 sic
1564 1582 1795 1645 sunt'in
1826 1590 2023 1663 bona],

2142 452 2270 495 esse
2301 444 2550 515 peccati,
2579 443 2674 500 vel
2695 444 2824 515 ejus
2846 459 3064 517 pcenin,
3109 443 3341 515 mortis,
3393 448 3608 518 postea
3648 444 3812 502 dice-

2137 527 2319 584 resin
2360 531 2461 588 Dei
2492 532 2868 605 priescientia
2899 536 2957 589 et
2985 531 3504 605 praedestinatione
3548 548 3811 590 causam

2134 629 2258 671 non
2280 634 2408 675 esse
2427 621 2636 678 mortis
2652 636 2784 694 qua}
2802 624 3088 694 sequatur
3106 624 3451 694 peccatum:
3472 637 3615 680 cum
3634 622 3811 681 aliud

2136 704 2410 764 videatur
2420 709 2651 767 diciDei
2672 709 3107 784 praescientiam
3128 714 3184 766 et
3201 710 3811 784 prmdestinationem

2134 809 2258 852 non
2276 813 2403 853 esse
2438 816 2688 857 causam
2718 800 2967 874 peccati,
3018 800 3109 857 vel
3140 816 3357 874 poenae,
3408 800 3497 858 vel
3547 801 3809 874 mortis;

2133 884 2291 941 aliud
2315 887 2375 942 in
2398 890 2500 946 Dei
2524 891 2903 964 prsescientia
2925 894 2981 948 et
3000 890 3526 964 pi‘iedestinatione
3542 906 3811 949 causam

2132 990 2256 1031 non
2289 993 2417 1033 esse
2446 980 2695 1052 peccati,
2717 996 2934 1053 paenae,
2957 979 3053 1036 vel
3081 980 3313 1046 mortis,
3340 980 3441 1036 Dei
3461 980 3623 1038 enim
3651 997 3815 1054 pras-

2135 1066 2378 1123 scientia
2429 1072 2486 1124 et
2537 1069 2984 1141 praedestinatio
3028 1085 3153 1125 non
3193 1073 3281 1126 est
3309 1072 3492 1127 eausa
3541 1071 3805 1143 peccati,

2132 1170 2349 1226 poenae,
2382 1157 2473 1213 vel
2493 1159 2722 1232 mortis,
2747 1160 2891 1233 quia
2919 1175 3046 1216 non
3088 1159 3224 1233 ipsa
3253 1159 3556 1233 compellit
3584 1160 3680 1217 vel
3703 1162 3809 1232 ju-

2132 1244 2233 1300 bet
2255 1246 2605 1321 quempiam
2636 1264 2909 1321 peccare,
2935 1253 3002 1306 ut
3029 1265 3293 1323 peccans
3323 1264 3538 1323 poenas
3584 1248 3714 1306 luat
3738 1254 3809 1307 et

2133 1342 2389 1391 mortem
2422 1336 2652 1406 subeat,
2688 1338 2832 1411 quia
2882 1354 3005 1395 non
3052 1342 3143 1395 est
3171 1344 3380 1395 auctor
3409 1338 3658 1411 peccati,
3693 1338 3809 1395 sed

2092 1450 2103 1459 ‘
2128 1424 2335 1495 iudex,
2360 1425 2516 1483 ultor
2545 1432 2725 1500 atque
2746 1429 3009 1501 punitor.
3039 1431 3101 1484 In
3129 1428 3231 1485 Dei
3256 1432 3457 1486 autem
3481 1428 3809 1503 praescien-

2130 1514 2211 1569 tia
2231 1530 2354 1570 non
2380 1531 2510 1571 esse
2530 1515 2745 1573 dicitur
2774 1533 2961 1574 causa
2986 1518 3234 1591 peccati,
3268 1516 3414 1591 quia
3441 1517 3502 1573 in
3535 1533 3610 1575 ea
3637 1533 3797 1590 prse-

2131 1602 2301 1659 scivit
2341 1603 2713 1662 voluntatem
2761 1606 2981 1663 animas
3038 1606 3346 1664 rationalis
3396 1605 3626 1665 malam
3663 1622 3802 1663 esse

354 1659 443 1716 sic
467 1665 524 1717 et
554 1662 751 1733 impiis
780 1671 835 1722 et
858 1669 1277 1736 peccatoribus
1300 1672 1364 1728 in
1382 1674 1549 1731 mala
1577 1659 2021 1735 convertentur.
2059 1709 2099 1763 Β
2130 1690 2414 1763 futuram,
2453 1709 2610 1766 quae,
2635 1710 2849 1752 aversa
2879 1712 2917 1753 α
2943 1711 3086 1752 vero
3115 1699 3173 1753 (ιι
3199 1711 3438 1752 summa
3466 1694 3654 1765 bono,
3686 1695 3799 1752 de-

350 1745 513 1805 Sunt
539 1752 789 1820 spiritus
818 1757 927 1826 qui
952 1755 1034 1812 ad
1060 1758 1388 1819 vindictam
1420 1766 1614 1821 creati
1656 1772 1822 1838 sunt,
1868 1773 1925 1824 et
1956 1769 2018 1823 in

352 1836 569 1906 furore
594 1854 702 1897 suo
741 1846 1252 1913 conﬁrmaverunt
1279 1855 1580 1910 tormenta
1607 1870 1718 1911 sua
1749 1872 1761 1911 :
1796 1836 1858 1913 in
1881 1863 2023 1914 tem-

345 1940 500 1995 pore
529 1936 1055 1991 consummationis
1086 1938 1398 2007 e/fundent
1424 1943 1706 2001 virtutem
1753 1950 1809 2002 et
1852 1946 2023 2017 furo-

352 2029 479 2105 rem
535 2020 685 2088 ejus,
744 2022 850 2094 qui
894 2024 1041 2093 fecit
1072 2026 1229 2097 illos,
1265 2030 1597 2099 confundet
1646 2032 1770 2105 [al.,
1808 2035 2020 2104 placa-

356 2103 544 2177 bunt].
578 2107 764 2179 Ignis,
814 2114 1073 2187 grando,
1122 2117 1312 2184 famis
1343 2124 1398 2175 et
1448 2136 1628 2193 mors,
1651 2103 1863 2181 omnia
1895 2124 2020 2183 hac

353 2192 436 2249 ad
464 2195 791 2256 vindictam
837 2207 1043 2260 creata
1072 2211 1212 2261 sunt
1249 2225 1262 2271 ;
1318 2192 1643 2268 bestiarum
1706 2212 1931 2282 dentes,
1966 2222 2017 2271 et

353 2283 595 2351 scorpii,
629 2290 685 2341 et
731 2296 1054 2364 serpentes,
1100 2299 1155 2349 et
1205 2295 1561 2368 rhompluea
1601 2301 1911 2359 vindicant
1956 2305 2019 2359 in

352 2372 773 2432 exterminium
794 2378 1025 2449 impios.
1047 2382 1122 2437 In
1142 2385 1448 2443 mandatis
1468 2390 1595 2458 ejus
1609 2391 2020 2458 epulabuntur

352 2463 408 2514 et
432 2474 615 2530 super
643 2470 868 2524 terram
892 2469 957 2525 in
1004 2472 1358 2530 necessitate
1380 2478 1930 2552 prwparabuntur,
1962 2487 2015 2537 et

351 2547 419 2602 in
446 2553 809 2620 temporibus
827 2559 950 2613 suis
974 2574 1092 2614 non
1118 2565 1471 2629 praeterient
1512 2566 1756 2623 verbum
1800 2547 2011 2635 (Eccli.

350 2649 562 2705 XXXIX,
592 2644 783 2700 26-37.
818 2646 885 2701 Et
908 2645 1084 2702 item:
1141 2648 1242 2704 Ad
1289 2650 1415 2708 hac
1456 2668 1635 2722 mors,
1684 2659 1930 2727 sanguis
1962 2664 2014 2715 et

352 2728 669 2795 contentio,
694 2736 746 2785 et
766 2731 1136 2806 rhomphzea,
1156 2739 1561 2807 oppressiones
1575 2744 1780 2815 famis,
1802 2752 1857 2802 et
1881 2762 2015 2803 con-

345 2811 540 2885 tritio,
563 2820 621 2871 et
643 2818 927 2889 ﬂagella:
965 2837 1148 2893 super
1182 2826 1418 2897 iniquos
1449 2811 1654 2889 creata
1694 2811 1837 2890 sunt
1892 2836 2015 2891 haec

348 2901 570 2995 omnia,
595 2909 653 2995 et
668 2913 928 2979 propter
954 2911 1093 2969 illos
1106 2912 1312 2983 factus
1342 2922 1428 2974 est
1456 2922 1857 2991 cataclysmus
1889 2925 2015 2995 (Ec-

348 2987 450 3046 cli.
469 3004 567 3060 XL,
597 2991 676 3065 9).
704 2996 926 3057 Deinde
939 3001 1193 3074 exponis
1216 3002 1292 3060 de
1331 3020 1457 3079 qua
1484 2987 1679 3067 morte
1697 2987 1937 3070 dixeris.

925 3140 1174 3185 JOANNES
1215 3144 1445 3189 SCOTUS.

411 3227 581 3302 (Cap.
616 3234 667 3297 5,
700 3244 870 3287 num.
898 3235 951 3300 5,
981 3237 1124 3291 sect.
1157 3236 1232 3307 3).
1268 3241 1307 3291 Θ
1352 3238 1488 3296 Non
1546 3240 1848 3316 inquiens,
1873 3244 2009 3305 dico

342 3314 416 3371 de
444 3318 607 3373 omni
632 3325 841 3388 morte,
873 3321 977 3378 sed
1001 3328 1236 3382 tantum
1280 3327 1353 3384 de
1390 3329 1503 3386 illa
1571 3314 1705 3403 qua
1745 3336 2010 3406 sequitur

336 3410 675 3471 peccatum.
706 3408 972 3464 Dicimus
997 3412 1177 3483 enim,
1206 3414 1505 3473 Morimur
1522 3427 1772 3489 peccato
1810 3423 1876 3480 id
1925 3431 2011 3482 est

343 3492 558 3548 merito
572 3495 813 3562 peccati
832 3497 1145 3555 morimur.
1164 3503 1631 3572 ltem,Morimur
1641 3518 1894 3579 peccato
1915 3514 2008 3570 di-

346 3578 538 3636 cimus
565 3581 709 3639 dum
741 3583 983 3642 liberati
1011 3602 1050 3644 a
1076 3596 1320 3658 peccato
1337 3595 1597 3663 justitia?
1628 3578 1899 3660 vivimus.
1939 3605 2013 3661 Si

343 3664 486 3741 ergo
515 3673 707 3728 omnis
731 3676 969 3743 peccati
994 3691 1179 3735 causa
1217 3695 1325 3738 nec
1370 3684 1435 3739 in
1489 3691 1846 3754 praescentia
1873 3693 2005 3763 Dei,

343 3772 452 3815 nec
478 3759 544 3816 in
575 3763 704 3832 ejus
721 3765 1364 3843 prwdestinationesit,
1392 3775 1742 3847 constituta,
1770 3759 2009 3838 eviden;

344 3847 565 3906 tissime
587 3852 777 3909 omnis
801 3856 1013 3912 mortis
1038 3873 1171 3929 quae
1193 3862 1466 3933 sequitur
1487 3872 1821 3935 peccatum,
1852 3870 2007 3928 sicut

341 3936 406 3992 in
434 3939 547 3995 Dei
565 3944 949 4011 prmscientia
978 3961 1162 4005 causa
1186 3965 1307 4008 non
1336 3957 1442 4022 est,
1470 3958 1530 4010 in
1564 3956 1696 4025 ejus
1728 3958 2007 4018 similiter

332 4027 869 4095 prwdestinatione
887 4050 1009 4092 non
1025 4050 1146 4096 esse
1164 4040 1559 4102 certissimum
1588 4050 1693 4104 est.

1020 4176 1241 4220 CORREC
1253 4181 1353 4224 ῘΙΟ.

411 4257 448 4323 '1-
477 4258 707 4324 Quibus
734 4263 936 4321 verbis
963 4269 1199 4327 conaris
1224 4288 1489 4334 asserere
1517 4283 1776 4340 mortem
1796 4299 2007 4360 corpo-

336 4343 440 4447 ris,
463 4362 601 4420 quce
622 4348 827 4423 utique
857 4355 1126 4428 sequitur
1182 4367 1522 4436 peccatum,
1574 4374 1819 4428 auctore
1859 4343 2001 4447 Deo,

337 4433 400 4491 id
421 4439 511 4493 est
531 4436 756 4509 judice,
788 4457 916 4500 non
939 4459 1092 4515 esse,
1119 4448 1398 4510 videlicet
1420 4469 1493 4513 eo
1507 4433 1637 4515 tua:
1665 4462 1886 4518 mentis
1915 4433 2003 4522 in:

339 4524 667 4625 tentionem
693 4530 1030 4625 porrigens,
1061 4540 1129 4594 ut
1155 4539 1750 4612 praedestinationem
1779 4565 1817 4608 a
1854 4567 2003 4625 pree-

336 4611 590 4673 scientia
619 4615 683 4673 in
702 4618 873 4677 nullo
902 4621 1144 4683 diﬁerre
1159 4611 1521 4705 conﬁrmes,
1543 4634 1727 4696 veluti
1750 4611 2007 4715 sequen-

334 4701 419 4765 tia
442 4703 970 4771 demonstrabant.
1011 4716 1080 4773 Et
1101 4717 1271 4790 quod
1286 4719 1375 4778 ais
1398 4737 1413 4779 :

904 4854 1152 4900 JOANNES
1172 4859 1400 4904 SCOTUS.

402 4934 571 5009 (Cap.
596 4943 651 5006 5,
673 4956 843 5036 num.
877 4949 931 5018 6,
961 4953 1102 5007 sect.
1137 4952 1214 5025 3.)
1245 4956 1285 5007 Θ
1312 4954 1380 5012 Si
1407 4964 1766 5031 ergoomnis
1788 4980 1999 5036 pecca-

334 5022 386 5128 ti
405 5037 591 5124 causa
608 5043 717 5127 nec
744 5033 807 5089 in
832 5022 1217 5104 praiseientia
1247 5047 1369 5115 Dei,
1402 5022 1509 5106 nec
1546 5051 1610 5107 in
1665 5022 1807 5124 ejus.
1836 5073 1993 5128 pra:-

331 5111 727 5175 destinatione
790 5124 870 5178 sit
923 5132 1268 5204 constituta,
1324 5111 1758 5201 euidentissime
1803 5111 1992 5205 omnis

328 5204 540 5305 mortis
568 5221 701 5277 qua
724 5214 997 5284 sequitur
1014 5229 1358 5293 peccatum,
1387 5229 1544 5287 sicut
1572 5233 1635 5289 in
1692 5236 1805 5293 Dei
1839 5253 1991 5308 prie-

330 5292 550 5393 cientia
578 5311 762 5357 causa
782 5317 903 5359 non
928 5312 1034 5379 est,
1060 5309 1124 5366 in
1154 5314 1283 5382 ejus
1302 5292 1580 5378 similiter
1594 5292 1989 5393 prmdestina-

329 5382 489 5441 tione
508 5401 627 5444 non
649 5403 769 5448 esse
796 5395 1189 5460 certissimum
1217 5410 1323 5466 est.

1004 5543 1307 5592 CORRECI’IO
1316 5578 1329 5593 .

398 5611 436 5712 ’ζ
457 5613 608 5712 Satis
627 5621 837 5712 mirari
850 5643 1086 5705 nequeo
1106 5643 1510 5710 quamobrem
1532 5649 1732 5710 subito
1748 5654 1985 5712 mutare

328 5694 588 5759 Volueris
607 5694 1029 5782 disputationis

2128 1779 2462 1838 ﬂecteretur
2489 1782 2845 1857 voluptuose
2869 1783 2949 1841 ad
2977 1784 3220 1842 infirma
3241 1784 3425 1856 bona,
3446 1784 3509 1841 id
3538 1789 3627 1841 est
3656 1800 3808 1858 pec-

2129 1875 2308 1927 caret.
2340 1871 2553 1938 Quam,
2602 1871 2663 1928 id
2712 1877 2801 1929 est
2829 1873 3152 1930 voluntatis
3185 1873 3604 1946 .aversionem,
3657 1890 3798 1930 esse

2128 1975 2159 2014 c
2183 1976 2379 2016 iusam
2406 1960 2636 2034 peccati
2662 1961 2864 2018 nullus
2885 1962 3139 2035 ambigit
3162 1982 3174 2032 ;
3199 1979 3322 2038 qua
3346 1962 3475 2020 sola
3494 1962 3641 2039 ﬁtut
3673 1962 3802 2019 cul-

2125 2047 2401 2121 pabiliter
2452 2048 2996 2126 damnabiliterque
3056 2057 3353 2125 peccetur,
3422 2067 3534 2108 nec
3590 2055 3802 2110 tamen

2130 2137 2343 2193 eadem
2374 2138 2749 2211 praescientia
2778 2140 2913 2215 quis
2928 2139 3254 2215 impellitur
3275 2140 3353 2198 ad
3373 2141 3796 2214 peccatum.ln

2128 2226 2651 2299 praedestinatione
2724 2245 2970 2303 quoque
3028 2230 3130 2287 Dei
3184 2229 3530 2288 nullatenus
3574 2229 3802 2288 dicitur

2127 2334 2312 2373 causa
2333 2334 2460 2374 esse
2487 2318 2736 2391 peccati,
2772 2320 2919 2394 quia
2948 2320 3183 2377 nullum
3228 2324 3293 2379 ut
3332 2324 3608 2395 peccaret
3642 2335 3801 2395 pras-

2126 2406 2462 2476 destinavit,
2499 2411 2605 2464 aut
2652 2408 2857 2482 jussit,
2888 2413 2993 2467 aut
3031 2409 3325 2484 compulit
3357 2428 3370 2481 ;
3408 2409 3517 2467 sed
3563 2409 3630 2467 in
3661 2410 3798 2482 ejus

2125 2496 2646 2567 praedestinatione
2675 2497 2827 2555 sicut
2855 2503 2911 2555 et
2938 2499 3315 2573 praescientia
3344 2499 3657 2556 retributio
3704 2498 3796 2556 di-

2124 2587 2273 2641 citur
2294 2602 2489 2658 pmnee
2517 2590 2573 2643 et
2600 2587 2827 2657 mortis,
2850 2588 2996 2661 quia
3018 2589 3316 2663 disposuit
3343 2594 3524 2664 atque
3543 2588 3791 2662 judica-

2122 2675 2205 2730 vit
2238 2679 2298 2731 ut
2318 2690 2472 2747 quos
2498 2677 2822 2734 certissime
2851 2682 3208 2750 peccaturos
3237 2681 3419 2752 atque
3445 2679 3508 2735 in
3525 2678 3791 2753 peccatis

2122 2769 2600 2838 perseveraturos
2619 2767 3019 2841 praasciverat,
3044 2769 3202 2841 juste
3257 2768 3456 2844 poenis
3510 2766 3790 2841 dignissi-

2121 2854 2237 2910 mis
2267 2854 2681 2928 plecterentur.
2708 2856 2881 2924 Quod
2903 2861 2967 2914 tu
2986 2857 3132 2933 quia
3160 2873 3383 2930 negare
3405 2875 3784 2935 susceperas,

2122 2946 2398 3000 ettamen
2428 2960 2867 3021 usquequaque
2892 2962 3118 3021 negare
3140 2963 3267 3007 non
3316 2952 3581 3024 poteras,
3637 2951 3787 3010 sub-

2046 3070 2086 3128 C
2116 3031 2322 3104 jungis
2347 3031 2555 3089 dicens
2590 3050 2604 3090 :

2686 3140 2932 3182 JOANNES
2973 3141 3202 3183 SCOTUS.

2188 3212 2414 3287 (Capti,
2437 3228 2607 3272 num.
2637 3219 2689 3284 7,
2724 3216 3015 3290 se‘ct.3.)e
3049 3217 3331 3287 Quamvis
3353 3220 3553 3277 sancti
3580 3227 3788 3280 aucto-

2116 3318 2208 3359 res
2238 3303 2411 3360 modo
2451 3304 2710 3376 quodam
2760 3305 3024 3364 abusivw
3056 3306 3374 3365 locutionis
3419 3309 3652 3367 soleant
3698 3313 3789 3370 di-

2117 3408 2248 3450 cere
2270 3394 2731 3463 pra‘destinatos
2775 3395 2857 3453 ad
2879 3403 3151 3465 mortem,
3184 3399 3279 3457 vel
3307 3400 3639 3468 interitum,
3688 3405 3788 3462 vel

2108 3498 2376 3555 poenam,
2399 3484 2473 3541 de
2491 3500 2607 3557 quo
2630 3490 2864 3557 postea,
2889 3492 3078 3558 prout
3105 3488 3398 3547 Dominus
3451 3494 3782 3567 aperuerit,

2115 3574 2393 3632 dicimus.

2787 3682 3113 3725 CORREC‘HO.

2186 3752 2222 3818 ’ἵ
2247 3752 2354 3808 Ubi
2374 3752 2519 3826 quia
2538 3753 2810 3829 ﬁgmenti
2838 3756 2926 3813 tui
2944 3757 3523 3818 demonstrationem
3549 3761 3783 3835 differs,

2115 3845 2175 3898 et
2199 3856 2312 3898 nos
2333 3843 2795 3916 responsionem
2821 3846 3088 3905 veritatis
3109 3848 3348 3905 interim
3378 3849 3735 3911 differamus
3764 3873 3779 3911 :

2114 3930 2337 4005 quibus
2360 3931 2558 3990 dilatis
2586 3934 2900 3993 reverteris
2922 3935 3004 3994 ad
3023 3936 3088 3994 id
3126 3937 3295 4012 quod
3322 3939 3461 4014 plus
3487 3940 3657 4014 justo
3688 3959 3785 4002 as-

2114 4023 2408 4088 truxeras,
2452 4021 2829 4082 voluntatem
2881 4030 3166 4085 naturam
3197 4027 3304 4086 tibi
3332 4044 3483 4101 esse,
3515 4046 3642 4090 non
3671 4033 3782 4091 do-

2115 4126 2285 4169 num.
2321 4111 2474 4170 Dicis
2494 4113 2658 4171 enim
2691 4132 2704 4171 :

2684 4221 2823 4263 JOAN
2831 4223 2866 4261 N
2875 4223 2938 4264 ΕΒ
2978 4223 3183 4267 SCOTUS
3193 4250 3206 4266 .

2185 4294 2350 4366 (Cap.
2373 4299 2425 4363 5,
2456 4310 2628 4352 num.
2668 4298 2722 4369 8,
2749 4301 2889 4354 sect.
2921 4297 2999 4371 4.)
3034 4303 3072 4352 Θ
3093 4299 3275 4357 Nunc
3318 4302 3555 4361 interim
3588 4308 3779 4364 consi-

2114 4382 2329 4440 derare
2357 4383 2632 4442 debemus
2661 4391 2864 4444 utrum
2895 4388 3049 4445 sicut
3079 4390 3238 4446 Deus
3261 4406 3370 4448 nec
3383 4395 3780 4461 proescientia

2112 4487 2220 4529 nec
2242 4474 2778 4543 praidestinationc
2813 4491 2926 4533 sua
2974 4479 3267 4536 neminem
3299 4484 3603 4553 compellit
3636 4501 3781 4555 pec-

2111 4576 2271 4635 care,
2304 4564 2391 4620 ita
2416 4566 2708 4623 neminem
2761 4567 3082 4637 compellat
3127 4568 3230 4639 pie
3268 4571 3483 4629 vivere.
3550 4573 3664 4630 Ubi
3686 4576 3778 4632 in-

2112 4652 2401 4709 tuendum
2432 4659 2515 4711 est
2542 4656 2773 4711 nullius
2798 4656 3127 4714 voluntatis
3154 4674 3274 4716 esse
3300 4675 3501 4719 veram
3533 4663 3778 4723 liberta.

2110 4747 2244 4808 tem,
2276 4744 2330 4798 si
2383 4744 2594 4816 aliqua
2644 4760 2828 4802 causa
2878 4760 3009 4804 eam
3038 4750 3317 4820 coegerit.
3340 4751 3541 4822 Igitur
3582 4755 3638 4811 si
3664 4756 3779 4812 liu-

2107 4846 2351 4889 manam
2382 4833 2752 4892 voluntatem
2782 4835 2993 4908 aliqua
3040 4852 3227 4919 causa
3281 4842 3595 4910 praecedit,
3641 4860 3776 4916 qua:

2106 4937 2236 4980 eam
2265 4922 2518 4981 invitam
2540 4930 2900 4998 extorqueat
2940 4925 3023 4985 ad
3054 4927 3209 4985 bona
3238 4931 3477 4989 malave
3501 4934 3597 4989 vel
3617 4938 3778 5007 cogi-

2107 5014 2297 5072 tanda
2325 5016 2418 5072 vel
2473 5016 2733 5088 agenda,
2788 5018 3061 5090 sequitur
3106 5035 3226 5076 non
3265 5021 3460 5078 solum
3508 5039 3628 5080 non
3653 5042 3781 5085 esse

2105 5118 2231 5160 eam
2256 5119 2390 5161 vere
2421 5104 2693 5175 liberam,
2725 5105 2831 5162 sed
2868 5106 3111 5177 penitus
3170 5122 3300 5166 eam
3330 5125 3451 5167 non
3481 5126 3622 5170 esse.
3668 5116 3784 5173 Ubi

2105 5195 2259 5251 enim
2282 5205 2362 5251 est
2395 5210 2580 5253 causa
2600 5211 2735 5267 quae
2778 5196 3106 5266 compellit,
3140 5197 3223 5255 ibi
3248 5215 3365 5256 non
3413 5206 3501 5259 est
3547 5209 3779 5265 natura

2098 5301 2231 5359 qua:
2261 5286 2423 5343 velit.
2456 5285 2648 5357 Atqui
2666 5285 2931 5343 humana
2956 5292 3183 5345 natura
3203 5305 3326 5347 non
3347 5291 3539 5348 solum
3562 5295 3777 5352 volun-

2100 5389 2191 5439 tas
2230 5389 2336 5452 est,
2378 5384 2482 5441 sed
2525 5389 2581 5441 et
2609 5383 2818 5453 libera,
2850 5400 2958 5443 nec
2996 5388 3124 5458 ejus
3157 5388 3400 5447 libertas
3424 5389 3614 5462 falsa,
3645 5392 3751 5449 sed

2098 5488 2246 5530 vera
2284 5479 2394 5530 est.

2781 5580 3111 5624 CORRECTIO.

2165 5653 2203 5719 -'r
2232 5655 2313 5709 De
2334 5653 2428 5710 his
2458 5654 2597 5713 licet
2649 5656 3071 5730 superioribus
3097 5661 3155 5715 et
3198 5659 3550 5719 auctoritate
3581 5666 3639 5720 et
3666 5665 3775 5719 Pa-

2099 5746 2259 5799 trum
2287 5744 2612 5803 concordia
2644 5746 2789 5805 satis
2820 5750 3025 5806 actum
3055 5749 3148 5817 sit,
3181 5763 3306 5807 non
3337 5748 3449 5809 abs
3470 5766 3533 5806 re
3565 5754 3773 5811 tamen
