3936 6368
116 260 255 314 1081

1044 256 1135 312 DE
1173 245 1850 312 PRAEDESTINATIONE
1890 248 2169 308 CONTRA
2207 254 2259 309 J.
2303 255 2599 313 SCOTUM.

3425 257 3563 313 1082

108 382 360 440 videtur
383 380 431 437 si
458 383 658 439 tecum
685 378 1004 454 paululum
1050 380 1447 455 desipiamus,
1478 378 1537 433 et
1572 390 1646 431 ex
1690 388 1786 429 su-
1817 375 1864 429 Α
1901 389 1963 430 se
1994 377 2210 451 corripi
2235 379 2520 453 postulat,
2550 379 2840 436 nimirum
2864 394 2990 436 non
3016 379 3079 435 in
3103 378 3411 436 voluntate
3431 394 3568 452 pro-

110 471 356 546 perﬂuo
380 469 596 528 eadem
622 475 990 544 repetamus.
1024 470 1199 538 Quod
1218 485 1363 541 ergo
1390 468 1514 526 ais:
1537 464 1788 523 Nullius

111 561 457 619 voluntatis
485 575 607 618 esse
636 575 839 618 veram
894 560 1227 619 libertatem
1284 561 1340 616 si
1364 558 1575 631 aliqua
1603 568 1790 612 causa

113 666 254 708 eam
290 649 566 721 coegerit,
595 649 835 707 conaris
866 654 1131 707 astruere
1174 647 1546 706 voluntatem
1575 643 1791 701 huma-

112 756 270 797 nam
298 739 465 797 nullo
493 739 712 797 divinae
741 738 1153 814 inspirationis
1174 753 1424 797 munere
1443 732 1787 811 praeveniri,

112 828 271 903 quia
297 829 548 887 invitam
594 829 674 887 ad
701 829 937 888 bonum
985 829 1233 905 aliquod
1261 844 1387 886 non
1414 827 1507 884 vis
1536 823 1785 898 impelli.

113 920 255 982 Qua
282 917 357 975 de
396 934 460 975 re
506 934 647 975 cum
677 917 1306 990 argumentationibus
1336 915 1508 975 vanis
1549 918 1788 987 tempus

114 1006 544 1081 insumpseris,
561 1021 761 1079 operte
785 1006 1045 1080 pretium
1070 1006 1263 1063 fuerat
1288 1010 1343 1062 te
1364 1002 1676 1062 consulere
1692 1017 1790 1058 ve-

112 1096 381 1166 ritatem,
414 1099 471 1154 et
497 1094 797 1170 quidquid
844 1094 1166 1153 auctoi-itas
1205 1095 1485 1152 suaderet
1533 1091 1785 1150 edicere.

116 1184 284 1252 Quid
310 1190 419 1257 est,
451 1202 659 1259 quaeso
685 1190 760 1255 te,
792 1185 961 1259 quod
989 1184 1308 1260 postulans
1333 1184 1633 1258 Propheta
1660 1196 1790 1255 pre-

113 1279 333 1333 catur:
369 1276 652 1334 Converte
671 1291 797 1344 nos,
820 1276 1092 1340 Domine,
1112 1281 1166 1333 et
1199 1281 1615 1333 convertemur
1633 1272 1714 1329 ad
1733 1277 1789 1328 te

112 1365 616 1439 (Thren.v,21)?
646 1365 963 1433 Quomodo
993 1365 1155 1422 enim
1188 1364 1477 1422 convertit
1504 1362 1785 1431 nos,nisi,

108 1455 530 1529 praeveniente
561 1455 772 1526 gratia,
798 1455 1171 1512 voluntatem
1202 1452 1591 1512 convertendi
1616 1452 1790 1509 mise-

108 1544 437 1602 ricorditer
462 1543 838 1601 infundendo
860 1544 888 1600 ?
933 1548 1063 1617 lpse
1096 1545 1256 1601 enim
1283 1543 1447 1616 prior
1477 1541 1785 1609 convertit,

109 1633 270 1707 quia
289 1631 661 1690 voluntatem
688 1633 767 1690 ad
794 1649 856 1690 se
882 1632 1271 1690 convertendi
1291 1631 1569 1707 inspirat;
1598 1634 1657 1688 et
1675 1647 1787 1687 nos

1897 465 2030 539 pria
2054 470 2485 526 correctionem
2510 486 2708 541 suam,
2733 469 2841 526 sed
2865 469 2927 526 in
2947 469 3049 525 Dei
3071 468 3407 525 miserentis
3434 483 3573 525 cor-.

1897 556 2167 628 reptione
2185 558 2585 617 saluberrima
2612 558 2936 617 consistere
2953 556 3495 615 manifestat.Unde
3511 561 3569 616 et

1898 643 2048 701 alias
2071 646 2410 705 admonens
2451 653 2707 723 paterno
2729 648 2949 706 affectu
2980 647 3174 704 ﬁlium
3198 646 3455 716 instruit,
3487 646 3568 703 di'

1899 751 2040 792 cens
2064 755 2077 794 :
2111 740 2236 795 Fili
2252 741 2354 804 mi,
2374 756 2450 798 ne
2459 741 2700 811 deﬁcias
2715 755 2753 797 a
2770 739 3094 810 disciplina
3113 737 3569 810 Domini,neque

1896 827 2175 898 fatigeris
2187 829 2328 886 dum
2347 830 2422 911 ab
2433 846 2498 887 eo
2515 831 2790 901 argueris
2802 844 3004 901 .°quem
3023 828 3178 885 enim
3196 826 3397 897 diligit
3410 827 3567 883 Deus

1899 917 2451 989 corripit,/lagellat
2472 924 2671 975 autem
2695 933 2925 974 omnem
2942 917 3140 987 ﬁlium
3158 931 3329 989 quem
3352 915 3567 985 recipit

1901 1002 2101 1075 (Prov.
2151 1022 2231 1075 ιιι,
2259 1010 2352 1074 11;
2402 1007 2586 1063 Hebr.
2617 1023 2727 1072 xu,
2770 1011 2823 1074 5,
2849 1006 2923 1077 6).
2967 1008 3036 1062 Et
3073 1005 3291 1062 iterum
3330 1007 3568 1078 patrem

1884 1099 2282 1151 commonet:
2319 1097 2525 1153 Tunde
2556 1097 2753 1153 latera
2795 1096 2915 1164 ﬁlii
2941 1096 3033 1152 tui
3072 1095 3215 1150 dum
3244 1095 3451 1165 infans
3481 1098 3567 1149 est

1897 1182 2244 1255 (Eccli.xxx,
2259 1185 2315 1240 l2
2327 1184 2515 1256 ).Noli
2526 1185 2880 1242 subtrahere
2901 1200 2938 1242 a
2952 1199 3140 1255 puero
3156 1183 3563 1253 disciplinam:

1896 1272 1951 1328 si
1960 1273 2487 1342 cnimpcrcusseris
2504 1290 2634 1331 eum
2651 1276 2973 1346 virga,non
2985 1274 3295 1330 morietur.
3310 1273 3395 1327 Tu
3409 1271 3569 1337 enim

1899 1361 2072 1432 virga
2085 1365 2349 1432 percutis
2361 1379 2492 1421 eum
2501 1370 2574 1433 ,et
2589 1364 2853 1420 animam
2866 1364 2994 1433 ejus
3006 1362 3080 1419 de
3089 1363 3192 1432 inf
3188 1376 3331 1419 erno
3349 1360 3566 1417 liberas

1897 1453 2101 1519 (Prov.
2124 1470 2286 1519 xxm,
2310 1454 2524 1524 13,14).
2544 1452 2946 1526 EtApostolus
2972 1469 2985 1508 :
3013 1452 3215 1508 Omnis
3237 1449 3566 1520 disciplina

1899 1542 1963 1598 in
1991 1545 2278 1612 praesenti
2308 1545 2545 1601 videtur
2572 1559 2695 1600 non
2726 1558 2847 1600 esse
2873 1541 3106 1614 gaudii,
3126 1540 3229 1597 sed
3252 1540 3520 1596 maeroris
3543 1551 3566 1611 ,°

1893 1638 2101 1702 postea
2131 1631 2329 1690 autem
2355 1634 2629 1704 fructum
2655 1632 3113 1704 pacatissimam
3153 1629 3361 1687 reddet
3381 1628 3567 1699 justi-

111 1722 531 1780 convertimur
558 1722 637 1779 ad
664 1738 825 1791 eum,
855 1723 1002 1797 quia
1040 1722 1311 1779 vocantis
1357 1722 1613 1793 gratiam
1655 1720 1787 1795 ipso
1820 1736 1861 1790 Β
1900 1723 1999 1779 tite
2021 1725 2363 1781 exercitatis
2385 1724 2592 1795 (Hebr.
2610 1723 2844 1791 xu,ll).
2864 1722 3123 1779 Etitem:
3152 1721 3226 1777 In
3242 1719 3568 1790 disciplina

110 1811 396 1883 adjutore
412 1811 716 1868 humiliter
730 1811 1061 1885 sequimur.
1081 1811 1366 1886 Nunquid
1386 1810 1627 1868 dicendi
1649 1814 1791 1867 sunt

110 1900 309 1959 corda
336 1916 461 1958 non
488 1900 799 1970 habuisse,
829 1901 1054 1976 quibus
1093 1901 1398 1958 secundus
1422 1899 1791 1959 Machabaeo-

108 2007 257 2047 rum
287 1989 438 2047 liber
461 1990 615 2049 inter
640 1991 943 2048 orandum
971 1990 1257 2048 fratribus
1279 1989 1599 2064 imprecari
1614 1989 1784 2046 dicit:

110 2080 220 2136 Det
254 2079 415 2136 vobis
444 2094 549 2137 cor
576 2080 870 2148 omnibus,
904 2084 972 2135 ut
1004 2079 1217 2137 colatis
1265 2095 1395 2137 eum
1440 2084 1496 2137 et
1538 2079 1788 2150 faciatis

110 2170 247 2239 ejus
280 2169 649 2227 voluntatem
680 2168 774 2241 (II
796 2169 1001 2227 Much.
1030 2185 1068 2238 ι,
1102 2169 1200 2237 3)?
1251 2168 1308 2226 Si
1337 2168 1500 2225 enim
1546 2184 1648 2225 cor
1681 2183 1786 2225 eos

108 2256 409 2315 habuisse
438 2257 695 2315 dubium
725 2274 852 2316 non
880 2262 990 2325 est,
1017 2257 1165 2331 quid
1192 2273 1435 2316 necesse
1467 2257 1661 2316 fuerat
1686 2274 1790 2332 pe-

113 2352 238 2405 tere
270 2347 356 2405 eis
384 2346 516 2405 dari
542 2347 712 2422 quod
738 2346 1068 2416 habebant,
1100 2347 1218 2405 nisi
1264 2346 1410 2422 quia
1453 2347 1651 2405 cordis
1680 2364 1789 2405 no-

110 2436 283 2495 mine
309 2437 685 2495 voluntatem
730 2436 985 2501 bonam,
1012 2436 1287 2494 videlicet
1330 2436 1568 2494 colendi
1597 2439 1787 2496 Deum

112 2530 171 2584 et
222 2525 491 2585 faciendi
541 2527 673 2600 ejus
724 2525 1119 2591 voluntatem,
1169 2525 1458 2584 volebant
1515 2526 1784 2597 intelligi.

112 2614 386 2674 Dicendo
432 2631 595 2687 ergo,
625 2617 738 2674 Det
786 2615 947 2673 vobis
991 2632 1096 2674 cor
1137 2616 1433 2688 omnibus,
1463 2621 1533 2673 ut
1573 2618 1787 2675 colatis

111 2721 250 2764 eum
282 2711 342 2765 et
362 2706 612 2777 faciatis
637 2707 764 2777 eius
785 2707 1178 2777 voluntatem,
1203 2704 1354 2763 nihil
1380 2704 1545 2763 aliud
1572 2721 1784 2780 quam,

112 2794 218 2853 det
253 2793 425 2853 vobis
470 2794 870 2867 voluntatem,
900 2799 968 2853 ut
1013 2794 1224 2854 colatis
1266 2811 1407 2854 eum
1451 2798 1509 2853 et
1553 2794 1785 2855 faciatis

113 2884 247 2957 ejus
272 2883 672 2953 voluntatem,
705 2884 885 2943 debet
911 2884 1135 2943 sentiri.

182 2974 245 3032 Si
275 2978 484 3032 autem
508 2973 589 3031 ad
615 2973 952 3033 amandum
977 2974 1415 3049 timendunque
1446 2976 1636 3032 Deum
1658 2975 1785 3032 nul-

111 3062 208 3122 lus
220 3062 778 3137 compellitur,quid
797 3066 887 3120 est
903 3062 1074 3138 quod
1093 3062 1384 3121 Dominus
1401 3078 1511 3137 per
1523 3064 1783 3137 Prophe-

112 3157 241 3211 tam
265 3152 417 3211 dicit
439 3169 452 3208 :
473 3153 722 3210 Faciam
738 3157 807 3209 ut
820 3154 885 3210 in
900 3155 1219 3224 praeceptis
1233 3153 1379 3210 meis
1398 3152 1714 3211 ambuletis
1731 3159 1789 3211 et

105 3243 353 3314 judicia
395 3258 529 3301 mea
574 3241 927 3300 custodiatis
955 3241 1195 3314 (Ezech.
1226 3257 1310 3307 χι,
1341 3243 1429 3314 20)
1453 3242 1481 3298 ?
1518 3241 1673 3309 Quid
1701 3244 1792 3300 est

115 3337 265 3406 quot
309 3334 400 3390 tot
443 3330 1022 3389 comminationibus
1065 3332 1128 3388 in
1156 3331 1525 3405 propheticis
1556 3330 1791 3405 scriptis

117 3436 387 3497 superna
400 3420 707 3478 miseratio
718 3436 863 3491 erga
872 3423 1220 3494 peccatores
1232 3420 1317 3477 uti
1327 3419 1792 3495 legitur,quibus

118 3526 220 3568 eos
240 3511 322 3569 ab
339 3525 538 3569 errore
554 3509 970 3567 converteret?
992 3512 1144 3580 Lege
1164 3509 1492 3583 prophetas
1506 3514 1564 3567 et
1578 3525 1790 3567 eorum

118 3599 580 3659 veracissimum
591 3598 1049 3674 explanatorem
1065 3598 1498 3672 Hieronymum
1501 3598 1792 3673 ,etibipa-

119 3694 309 3748 tenter
337 3689 609 3747 invenies
639 3689 784 3763 quia
810 3692 965 3746 Deus
995 3688 1200 3747 multis
1234 3693 1529 3747 terrorum
1561 3688 1792 3760 generi-

121 3779 256 3847 bus,
274 3784 334 3837 et
348 3784 491 3837 tunc
512 3795 661 3836 usus
682 3778 943 3845 fuerit,et
962 3794 1126 3836 nunc
1147 3779 1233 3836 uti
1253 3795 1378 3836 non
1399 3777 1792 3853 desinat,qui—

123 3867 236 3926 bus
252 3872 577 3944 peccantes
597 3867 677 3926 ad
687 3867 1123 3942 paenitentiam,
1146 3867 1211 3925 id
1227 3871 1315 3926 est
1334 3867 1564 3925 bonam
1586 3867 1792 3925 volun-

123 3963 326 4033 tatem,
350 3962 681 4021 convertat.
699 3958 779 4017 ad
796 3974 985 4033 quam
1014 3958 1264 4016 minime
1288 3961 1656 4017 verterentur
1675 3957 1791 4015 nisi

126 4049 312 4105 aversi
327 4047 600 4105 fuissent.
623 4048 772 4105 Cum
797 4051 1001 4105 autem
1023 4047 1309 4104 divinitus
1336 4050 1787 4117 convertuntur,

125 4136 427 4195 humiliter
451 4137 735 4212 prostrati
764 4135 1071 4212 postulare
1100 4152 1225 4195 non
1254 4135 1590 4193 desisttmt:
1624 4136 1793 4211 quod

126 4227 480 4302 poposcisse
504 4227 714 4300 legunt
741 4243 882 4285 eum
912 4227 1021 4300 qui
1060 4225 1354 4284 adulterio
1384 4225 1648 4284 foedatus
1680 4227 1792 4284 ho-

128 4316 490 4391 micidioque
528 4320 827 4392 turpatus,
858 4316 1229 4390 tandemque
1270 4331 1309 4373 a
1334 4316 1650 4390 propheta,
1682 4318 1795 4373 Do-

1893 1817 2288 1882 persevcrale.
2303 1815 2615 1886 Tanquam
2628 1813 2776 1883 filiis
2789 1812 2951 1870 vobis
2964 1812 3138 1881 o/l‘ert
3149 1826 3211 1867 se
3225 1811 3418 1866 Deus:
3434 1809 3568 1880 quis

1897 1902 2053 1958 enim
2068 1903 2253 1971 ﬁlius,
2272 1918 2445 1976 quem
2462 1918 2583 1958 non
2601 1903 2851 1972 corripit
2862 1904 3078 1971 pater?
3090 1900 3160 1956 Si
3171 1903 3368 1956 autem
3391 1904 3568 1954 extra

1897 1990 2283 2061 disciplinam
2316 1992 2474 2055 estis,
2508 1990 2701 2048 videte
2746 1992 2921 2060 cujus
2958 1989 3078 2059 ﬁlii
3114 1988 3249 2044 estis
3281 1986 3476 2059 (Ibid.,
3508 1992 3563 2056 7,

1895 2080 1972 2152 8).
2007 2082 2074 2137 Et
2092 2080 2308 2137 iterum
2336 2099 2351 2138 :
2386 2080 2687 2151 Corripite
2726 2080 3021 2151 inquietos
3053 2077 3108 2150 (Ι
3131 2077 3330 2134 Thess.
3362 2092 3424 2145 v,
3453 2075 3562 2148 14).

1897 2173 1966 2227 Et
1991 2187 2271 2227 rursum:
2297 2172 2623 2229 Peccantes
2649 2185 2852 2228 coram
2878 2168 3151 2226 omnibus
3180 2183 3394 2239 argue,
3417 2171 3482 2222 ut
3509 2170 3565 2223 et

1898 2262 2099 2319 σκιενί
2120 2262 2391 2318 timorem
2413 2261 2676 2318 habeant
2705 2260 2765 2333 (I
2785 2259 2933 2316 Tim.
2958 2275 3019 2315 v.
3040 2257 3153 2330 20).
3175 2258 3254 2313 Et
3273 2258 3439 2313 item:
3459 2258 3567 2312 Ar-

1893 2367 2030 2423 gue,
2061 2351 2324 2415 obsecra,
2358 2352 2629 2421 increpa,
2663 2366 2798 2408 cum
2828 2348 2994 2407 omni
3020 2348 3269 2419 imperio
3300 2346 3388 2419 (II
3412 2347 3561 2403 Tim.

1895 2456 1976 2508 ιν,
2023 2440 2101 2513 2).
2133 2443 2290 2497 Deus
2340 2456 2608 2514 quoque,
2661 2438 2815 2496 sicut
2863 2438 2926 2495 in
2975 2435 3295 2507 Evangelio
3350 2435 3567 2493 dicitur

1895 2530 2096 2603 (.Ioan.
2122 2546 2190 2598 ιι,
2236 2530 2346 2602 15),
2375 2545 2515 2586 cum
2562 2528 2800 2586 fecisset
2829 2527 3008 2602 quasi
3035 2525 3342 2597 ﬂagellum
3374 2524 3449 2582 de
3479 2524 3567 2581 fu-

1894 2618 2129 2685 niculis,
2143 2635 2345 2677 omnes
2366 2619 2538 2690 ejecit
2570 2619 2642 2676 de
2674 2618 2914 2689 tempto.
2930 2617 3040 2684 Qui
3054 2616 3235 2674 etiam
3256 2615 3317 2673 in
3336 2619 3565 2689 Apoca-

1892 2709 2057 2783 lypsi
2103 2708 2405 2783 loquitur:
2455 2709 2587 2781 Ego
2632 2724 2777 2782 quos
2825 2722 2980 2777 amo,
3013 2722 3206 2778 arguo
3245 2712 3301 2765 et
3339 2706 3565 2777 castigo

1895 2798 2102 2871 (Apoc.
2134 2813 2216 2864 ιιι,
2245 2799 2352 2870 19).
2377 2798 2493 2854 Cur
2521 2800 2581 2854 et
2606 2797 2909 2871 Propheta
2938 2792 3420 2867 gratulabundus
3448 2790 3567 2849 aie-

1890 2886 2000 2945 bat
2023 2904 2037 2944 :
2075 2887 2401 2958 Castigasti
2426 2901 2538 2958 me,
2560 2886 2832 2953 Domine,
2854 2892 2910 2943 et
2939 2885 3212 2944 eruditus
3239 2899 3369 2942 sum
3392 2888 3573 2956 quasi

1890 2976 2257 3047 juvenculus
2274 2973 2917 3032 indomitus.Converte
2935 2989 3028 3032 me
3046 2979 3103 3032 et
3123 2971 3566 3044 revertar,quia

1817 3094 1860 3151 ο
1903 3070 1970 3122 tu
1997 3065 2290 3121 Dominus
2308 3065 2467 3121 Deus
2487 3078 2670 3121 meus.
2684 3064 3012 3137 Postquam
3035 3062 3191 3119 enim
3222 3059 3573 3118 convertiin

1901 3171 2012 3224 me,
2045 3155 2141 3226 egi
2156 3154 2597 3225 paenitentiam,
2630 3159 2687 3211 et
2711 3158 3026 3226 postquam
3058 3151 3371 3210 ostendisti
3392 3150 3565 3219 mihi,

1893 3244 2170 3315 percussi
2219 3244 2423 3315 femur
2463 3258 2680 3300 meum.
2715 3241 3020 3313 Confusus
3049 3256 3181 3297 sum
3235 3245 3289 3298 et
3328 3239 3565 3307 erubui,

1900 3331 2183 3404 quoniam
2224 3331 2487 3388 sustinui
2531 3322 2921 3401 opprobrium
2965 3328 3381 3387 adolescentia,
3421 3342 3567 3384 mea:

1900 3423 2049 3491 (Jer.
2081 3437 2245 3492 xxxr,
2281 3424 2366 3491 18,
2400 3421 2507 3495 19).
2536 3423 2604 3477 Et
2633 3419 2787 3476 alius
2835 3419 3125 3491 gloriatur
3165 3418 3411 3476 dicens:
3456 3417 3567 3474 Ca-

1898 3512 2130 3584 stigans
2149 3512 2470 3583 castigavit
2494 3525 2586 3569 me
2604 3511 2920 3583 Dominus,
2942 3516 2998 3568 et
3027 3510 3212 3567 morti
3233 3525 3353 3567 non
3380 3503 3571 3565 tradi-

1899 3602 1990 3659 dit
2018 3616 2112 3659 me
2138 3601 2263 3674 (Ps.
2291 3616 2466 3670 cxvu,
2505 3601 2628 3673 18);
2671 3602 2731 3658 et
2755 3599 2948 3658 multa
2975 3598 3114 3669 alia,
3143 3615 3281 3673 quin
3312 3597 3568 3670 longum

1900 3694 1959 3749 et
1984 3706 2109 3748 non
2145 3689 2560 3749 necessarium
2588 3693 2678 3748 est
2701 3689 3006 3764 persequi,
3038 3687 3332 3763 quoniam
3360 3686 3565 3758 legen-

1900 3780 2058 3838 tibus
2087 3779 2149 3836 in
2176 3779 2498 3854 propatulo
2524 3783 2681 3837 sunt.

1971 3873 2188 3927 Verum
2232 3869 2378 3943 quia
2404 3868 2468 3927 in
2495 3869 2613 3926 hac
2648 3872 2764 3925 tute
2793 3866 3201 3942 perversitatis
3233 3864 3567 3923 assertione

1901 3963 2056 4035 (cap.
2103 3967 2156 4031 5,
2204 3977 2368 4017 num.
2423 3960 2511 4031 10,
2563 3964 2704 4017 sect.
2747 3959 2801 4032 5)
2848 3957 3349 4032 compulsativam
3399 3959 3566 4013 tuam

1900 4066 2152 4109 causam
2204 4048 2547 4123 frequenter
2589 4047 2893 4116 nominas,
2924 4045 3188 4122 petenda
3226 4044 3569 4103 necessaria

1900 4138 2078 4197 nobis
2123 4142 2213 4196 est
2262 4137 2642 4212 sempiternae
2687 4136 2995 4212 sapientiae
3042 4135 3256 4208 gratia,
3285 4138 3351 4192 ut
3385 4132 3567 4191 nobis

1903 4228 2136 4303 aperire
2177 4227 2459 4300 dignetur
2505 4227 2668 4286 idem
2717 4226 3089 4289 vocabulum
3136 4226 3220 4284 ita
3274 4224 3336 4282 in
3384 4223 3569 4282 sacris

1905 4317 2160 4393 eloquiis
2189 4317 2477 4392 positum,
2507 4333 2633 4391 quo
2674 4321 2779 4376 tua
2824 4321 3067 4375 mortua
3090 4315 3383 4389 iactantia
3409 4330 3572 4371 com-

130 4406 290 4465 mino
314 4408 589 4507 ju-bente,
621 4411 954 4507 correptus,
978 4411 1123 4482 post
1148 4405 1449 4507 prolatam
1488 4406 1551 4463 in
1581 4406 1794 4507 hujus-
1821 4453 1866 4507 Β
1903 4410 2220 4507 primatur.
2252 4407 2446 4466 Refert
2486 4410 2731 4465 sanctus
2778 4407 3155 4507 evangelista
3189 4408 3399 4505 Lucas,
3430 4419 3572 4507 cum

132 4498 398 4555 scemodi
423 4514 461 4555 a
476 4497 678 4572 seipso
695 4496 904 4556 mortis
919 4496 1297 4565 sententiam,
1317 4512 1457 4554 cum
1480 4496 1713 4555 audiret
1729 4513 1792 4555 se

133 4584 327 4658 ipsum
355 4603 488 4645 esse
513 4586 619 4662 qui
637 4586 836 4644 eidem
866 4586 1175 4644 sententiae
1205 4585 1565 4658 subjaceret,
1587 4586 1793 4644 dicen-

134 4674 210 4732 do
230 4678 507 4749 (mortem
526 4677 814 4735 continuo
836 4676 1308 4751 subsequentem
1327 4678 1618 4751 metuens)
1629 4678 1794 4749 ,Pec-

137 4768 265 4823 cavi
289 4768 381 4836 (II
401 4769 548 4838 Reg.
577 4783 681 4837 xu,
710 4772 768 4836 7,
804 4766 967 4839 etc.,)
996 4765 1392 4840 postmodum
1420 4766 1575 4824 inter
1620 4767 1795 4824 ﬂetus

138 4856 192 4910 et
230 4854 536 4931 lacrymas
581 4855 929 4931 suppliciter
970 4855 1331 4929 precabatur
1376 4855 1621 4913 dicens:
1675 4857 1797 4914 Cor

139 4946 420 5003 mundum
447 4960 591 5005 crea
618 4946 682 5002 in
719 4960 831 5017 me,
861 4946 1041 5010 Deus,
1072 4948 1186 5001 etc.
1225 4944 1417 5016 (Psal.
1451 4962 1503 5015 ι.,
1543 4946 1649 5017 t2).
1684 4945 1796 5012 Qui

139 5033 334 5108 utique
358 5052 465 5094 cor
491 5034 779 5102 habebat,
802 5034 911 5093 sed
931 5033 1342 5106 immundum,
1374 5034 1601 5109 quique
1628 5034 1797 5109 quod

143 5136 178 5179 a
199 5139 258 5181 se
287 5127 403 5185 sibi
446 5141 645 5201 neque
674 5142 829 5195 esse,
863 5140 1061 5199 neque
1102 5123 1232 5181 ﬁeri
1260 5140 1440 5198 posse
1470 5124 1797 5181 certissime

145 5212 376 5287 sciebat,
434 5232 473 5275 a
509 5215 766 5274 Domino
814 5215 1003 5274 creari
1048 5213 1353 5271 humiliter
1407 5213 1795 5287 deposcebat.

146 5300 665 5365 Quemadmodum
710 5309 769 5363 et
808 5304 964 5362 alius
999 5303 1295 5378 propheta
1322 5302 1577 5360 Domino
1609 5301 1797 5359 conti-

147 5389 286 5462 tens,
315 5394 516 5453 aiebat
541 5410 557 5450 :
587 5395 746 5464 Scio,
776 5394 1047 5466 Domine,
1074 5394 1218 5465 quia
1248 5408 1369 5450 non
1408 5397 1507 5452 est.
1543 5391 1798 5448 hominis

148 5478 241 5536 via
281 5485 424 5553 ejus,
457 5498 567 5542 nec
618 5485 738 5542 viri
793 5489 879 5541 est
924 5488 993 5541 ut
1047 5483 1314 5541 ambulet
1365 5487 1420 5540 et
1466 5482 1709 5552 dirigat
1743 5487 1800 5539 et

152 5572 402 5643 corrigat
437 5589 677 5647 gressus
723 5589 880 5631 suos.
914 5573 1170 5643 Corripe
1216 5587 1328 5643 me,
1368 5571 1652 5628 Domine:
1702 5586 1798 5629 ve-

153 5666 475 5721 rumtamen
492 5663 817 5736 injudicio,
834 5668 888 5720 et
916 5678 1038 5721 non
1067 5663 1131 5719 in
1157 5662 1373 5733 furore
1393 5666 1516 5731 tuo,
1548 5674 1623 5717 ne
1639 5659 1801 5731 forte

155 5744 231 5800 ad
254 5750 508 5812 nihilum
556 5753 799 5825 redigas
842 5767 934 5812 me
966 5752 1107 5827 (Jer.
1140 5769 1201 5826 Χ,
1241 5755 1332 5819 23,
1360 5750 1469 5826 24).
1514 5748 1619 5819 Qui
1648 5748 1797 5809 dum

1904 4496 2262 4573 parabolam
2277 4496 2542 4556 hominis
2558 4513 2798 4555 ccenam
2822 4512 3113 4568 magnam
3129 4493 3400 4552 facientis
3419 4491 3573 4550 mul-

1903 4592 2118 4663 tosque
2136 4587 2411 4646 vocantis
2438 4586 2824 4651 describeret,
2852 4584 3076 4642 dixisse
3106 4583 3423 4641 dominum
3454 4596 3571 4637 ser-

1902 4693 2020 4734 vo:
2070 4677 2197 4734 Exi
2240 4677 2306 4733 in
2338 4677 2465 4734 vias
2496 4680 2551 4732 et
2578 4689 2763 4746 sepes,
2794 4680 2851 4732 et
2902 4673 3190 4743 compelle
3218 4672 3471 4736 intrare,
3504 4674 3570 4724 ut

1903 4767 2233 4836 impleatur
2260 4765 2471 4821 domus
2494 4778 2627 4820 mea
2655 4764 2822 4830 (Luc.
2849 4778 2974 4829 xw,
2998 4761 3088 4833 23)
3116 4779 3129 4829 ;
3154 4758 3316 4816 unde
3345 4760 3402 4815 et
3424 4756 3570 4814 bea-
3684 4778 3689 4783 ί

1903 4859 2002 4913 tus
2050 4853 2370 4926 Gregorius
2397 4852 2461 4909 in
2488 4851 2739 4910 homilia
2770 4849 3045 4923 ejusdem
3079 4847 3351 4907 lectionis
3385 4846 3566 4919 (hom.

1905 4949 1995 5014 36,
2029 4945 2094 5001 in
2118 4942 2381 5015 Evang.)
2408 4941 2490 5000 ait
2517 4959 2530 4998 :

1979 5032 2502 5106 [Notandumvero
2516 5029 2684 5105 quod
2700 5029 2762 5087 in
2774 5030 2890 5087 hac
2906 5028 3254 5088 invitatione
3266 5028 3436 5087 tertia
3448 5043 3571 5085 non

1906 5123 2120 5181 dicitur
2156 5121 2362 5192 Invita,
2395 5120 2506 5178 sed
2532 5120 2831 5191 Compelle
2862 5120 3115 5178 intrare.
3147 5117 3258 5176 Alii
3284 5117 3446 5175 enim
3469 5133 3573 5174 vo-

1907 5216 2138 5282 cantur,
2171 5214 2230 5268 et
2253 5209 2453 5267 venire
2477 5212 2912 5280 contemnunt;
2944 5209 3045 5268 alii
3072 5212 3366 5266 vocantur
3390 5211 3448 5264 et
3474 5221 3573 5262 vc-

1906 5302 2081 5359 niunt
2098 5318 2112 5370 ;
2134 5298 2233 5356 alii
2252 5301 2455 5357 autem
2469 5313 2865 5372 nequaquam
2881 5297 3095 5355 dicitur
3104 5296 3250 5370 quia
3259 5298 3569 5366 vocantur,

1909 5390 2017 5448 sed
2063 5388 2506 5463 compelluntur
2555 5391 2621 5445 ut
2659 5387 2899 5444 intrent.
2933 5389 3233 5442 Vocantur
3275 5387 3333 5441 et
3369 5381 3571 5440 venire

1909 5482 2323 5549 contemnunt,
2354 5475 2460 5551 qui
2489 5477 2721 5534 donum
2761 5475 3011 5549 quidem
3050 5473 3383 5530 intellectus
3412 5471 3571 5529 acci-

1908 5568 2101 5644 piunt,
2129 5567 2235 5625 sed
2263 5565 2547 5624 eumdem
2578 5564 2946 5622 intellectum
2989 5561 3274 5636 operibus
3320 5576 3443 5618 non
3486 5576 3573 5619 se-

1909 5662 2198 5733 quuntur.
2234 5658 2540 5713 Vocantur
2563 5658 2622 5712 et
2646 5653 2916 5722 veniunt,
2940 5652 3046 5726 qui
3072 5654 3385 5725 acceptam
3406 5649 3575 5709 intel-

1906 5748 2094 5807 lectus
2127 5746 2379 5821 gratiam
2412 5743 2726 5821 operando
2753 5741 3104 5819 perﬁciunt;
3145 5739 3398 5815 quidam
3427 5755 3571 5799 vero
