3936 6388
345 322 482 378 1083

1406 319 1461 375 S.
1504 316 1876 374 PRUDENTll
1916 312 2298 371 TRECENSIS
2338 312 2672 371 EPlSCOPl.

3633 311 3769 369 1084

340 444 746 515 sicvocantur,
770 449 834 501 ut
854 446 1030 501 etiam
1054 442 1510 517 compellantur.
1534 446 1684 501 Nam
1701 445 1841 499 sunt
1855 456 2001 497 non-
2026 442 2075 495 Α
2110 442 2350 511 repente
2381 438 2669 495 dulcescit
2691 438 2751 493 in
2782 436 3096 506 memoria,
3125 438 3181 492 et
3210 436 3511 509 peccatrix
3542 436 3768 504 anima,

338 533 485 590 nulli
512 533 617 606 qui
643 533 809 590 bona
834 532 1110 590 facienda
1138 533 1494 604 intelligunt,
1521 533 1627 589 sed
1652 533 1782 588 haec
1804 531 1999 587 facere

339 622 666 691 desistunt;
698 622 899 679 vident
942 638 1080 696 quae
1111 637 1289 692 agere
1314 621 1598 693 debeant,
1632 621 1738 678 sed
1766 621 1895 676 haec
1927 636 2000 676 ex

341 710 636 768 desiderio
656 726 781 767 non
805 716 1161 786 sequuntur.
1184 711 1385 781 His,ut
1411 712 1687 786 superius
1712 710 1996 778 diximus,

339 799 692 874 plerumque
717 799 965 870 contigit
998 803 1061 856 ut
1091 815 1196 857 eos
1227 800 1289 856 in
1316 800 1661 859 carnalibus
1690 798 1999 855 desideriis

340 888 463 944 suis
495 887 706 944 mundi
735 887 917 961 hujus
945 887 1276 946 adversitas
1306 889 1513 958 feriat;
1548 887 1998 962 apprehendere

341 976 730 1050 temporalem
752 977 1005 1049 gloriam
1028 983 1319 1035 conentur
1339 983 1395 1035 et
1415 981 1717 1051 nequeant
1738 996 1751 1045 ;
1775 980 1832 1033 et
1850 976 1999 1032 dum

335 1081 443 1139 per
463 1066 583 1123 alta
601 1066 799 1140 pelagi
824 1068 1001 1141 quasi
1022 1069 1101 1124 ad
1123 1068 1473 1139 grandiores
1490 1085 1664 1124 curas
1685 1067 1866 1139 hujus
1889 1082 1997 1121 see-

336 1155 454 1211 culi
481 1155 765 1226 navigare
790 1162 1158 1230 proponunt,
1184 1173 1422 1230 semper
1453 1155 1721 1214 adversis
1754 1153 1997 1211 ﬂatibus

337 1245 414 1301 ad
445 1244 795 1319 dejectionis
826 1263 950 1302 suae
979 1246 1179 1304 littora
1215 1246 1599 1320 repellantur.
1634 1247 1905 1318 Cumque
1936 1261 1997 1301 se

334 1335 533 1407 frangi
559 1335 623 1392 in
650 1336 960 1393 desideriis
1007 1338 1150 1405 suis,
1184 1337 1538 1394 adversante
1569 1336 1822 1407 mundo,
1851 1350 1995 1392 con-

336 1422 616 1498 spiciunt,
646 1425 794 1499 quid
824 1425 899 1482 de
946 1442 1008 1482 se
1051 1427 1279 1483 auctori
1308 1443 1418 1483 suo
1447 1426 1706 1483 debeant
1729 1441 1993 1481 comme-

335 1518 650 1571 morantur
679 1515 811 1587 [al.,
840 1517 1345 1588 commonentur],
1376 1516 1458 1572 ita
1486 1520 1552 1572 ut
1580 1515 1661 1572 ad
1690 1531 1830 1571 eum
1859 1531 1994 1571 eru-

334 1602 647 1659 bescentes
671 1603 1050 1679 redeant,qui
1066 1621 1204 1662 eum
1231 1604 1642 1679 superbientes
1662 1620 1772 1678 pro
1784 1603 1996 1660 mundi

337 1707 543 1748 amore
568 1691 945 1749 deserebant.
969 1696 1135 1768 Saepe
1158 1710 1422 1767 namque
1449 1693 1723 1751 nonnulli
1750 1692 1829 1750 ad
1856 1696 1998 1749 tem-

2108 544 2245 601 quae
2297 528 2567 584 adultera
2615 531 2831 583 conata
2881 530 3154 593 estesse,
3186 539 3297 581 nec
3328 529 3529 580 tamen
3561 527 3770 597 aperto

2108 633 2288 691 opere
2335 617 2546 691 potuit,
2580 615 2844 672 decernit
2891 628 3019 671 esse
3069 612 3349 670 ﬁdelibus
3379 613 3621 685 conjux.
3658 611 3769 679 Qui

2108 722 2251 778 ergo
2296 707 2479 779 hujus
2532 705 2745 762 mundi
2811 704 3269 761 adversitatibus
3317 702 3486 759 fracti
3538 701 3617 759 ad
3670 701 3773 758 Dei

2107 814 2378 855 amorem
2398 796 2671 863 redeunt,
2692 801 2870 869 atque
2901 811 2936 851 a
2960 793 3268 869 praesentis
3300 793 3433 849 ViltB
3457 791 3772 849 desideriis

2108 887 2506 958 corriguntur,
2537 886 2685 959 quid
2730 885 2844 953 isti,
2878 885 3089 941 fratres
3121 883 3480 952 cllarissimi,
3513 883 3631 939 nisi
3661 882 3766 955 qui

2108 976 2548 1050 compelluntur
2576 979 2642 1030 ut
2670 974 2888 1030 intrent
2903 974 2962 1045 ‘2]

2178 1066 2213 1133 ’1-
2246 1070 2389 1122 Ecce
2418 1064 2643 1120 Veritas
2695 1063 2855 1130 dicit,
2888 1063 3189 1132 Compelte
3216 1064 3469 1132 intrare,
3502 1065 3559 1117 et
3583 1066 3647 1117 tu
3674 1061 3766 1116 di-

2108 1156 2190 1211 cis
2219 1155 2448 1211 nullam
2475 1151 2981 1226 compulsativam
3021 1167 3267 1208 causam
3294 1151 3628 1225 praecedere
3656 1165 3767 1205 vo-

2105 1245 2395 1301 luntatem
2422 1242 2682 1300 hominis
2712 1241 2791 1298 ad
2820 1239 3071 1296 bonum.
3104 1239 3462 1297 Praedicator
3482 1239 3765 1306 veritatis,

2106 1338 2160 1391 te
2190 1349 2432 1407 quoque
2481 1331 2840 1387 assentiente
2869 1329 3319 1399 veracissimus,
3352 1328 3538 1386 modo
3575 1328 3767 1385 etiam

2106 1422 2350 1496 exponit
2394 1421 2616 1495 quibus
2655 1420 2870 1477 animae
2903 1419 3186 1476 humanae
3233 1418 3310 1475 ad
3364 1419 3547 1487 bona,
3580 1421 3645 1473 ut
3688 1417 3772 1473 ita

2105 1511 2378 1581 dixerim,
2409 1510 2672 1567 volcnda
2703 1508 3179 1582 compellantur:
3223 1513 3279 1565 et
3308 1512 3371 1565 tu
3397 1511 3643 1564 econtra
3668 1523 3770 1563 su-

2104 1618 2306 1658 surras
2344 1615 2461 1657 non
2492 1599 2687 1656 solum
2720 1615 2841 1654 non
2884 1615 3015 1654 esse
3045 1614 3182 1654 vere
3212 1597 3463 1654 liberam
3495 1595 3775 1653 volunta-

2107 1698 2246 1758 tem,
2280 1690 2383 1747 sed
2415 1690 2652 1764 penitus
2697 1707 2830 1745 eam
2880 1704 3002 1745 non
3030 1705 3178 1745 esse.
3220 1689 3331 1745 Ubi
3360 1689 3516 1745 enim
3546 1693 3651 1754 est,
3683 1686 3771 1742 in-

336 1780 608 1854 poralem
667 1782 919 1851 gloriam
971 1783 1259 1857 proﬁcere
1310 1784 1594 1853 volentes,
1656 1787 1760 1841 aut
1813 1783 1997 1852 longa
2027 1796 2067 1850 B
2104 1782 2263 1856 quis,
2293 1795 2476 1837 causa
2501 1795 2632 1852 qum
2653 1779 2975 1849 compellit,
3009 1777 3092 1833 ibi
3118 1794 3239 1833 non
3262 1782 3347 1833 est
3377 1783 3606 1833 natura
3635 1790 3768 1848 qua:

335 1869 687 1941 aegritudine
737 1871 1073 1946 tabescunt,
1106 1877 1211 1930 aut
1261 1872 1459 1930 afﬂicti
1507 1873 1740 1946 injuriis
1796 1872 1995 1929 conci-

335 1957 505 2022 dunt,
536 1963 640 2015 aut
668 1962 937 2033 percussi
969 1962 1253 2032 gravibus
1278 1962 1520 2020 damnis
1546 1961 1917 2033 afﬂiguntur,
1941 1966 1999 2018 et

332 2046 397 2102 in
425 2047 639 2104 mundi
693 2049 898 2106 dolore
941 2050 1147 2107 vident
1191 2051 1337 2125 quia
1374 2050 1522 2108 nihil
1569 2051 1870 2108 conﬁdere
1921 2048 1997 2105 de

335 2135 465 2208 ejus
492 2136 797 2211 voluptate
823 2138 1180 2208 debuerunt,
1216 2156 1403 2214 seque
1426 2140 1590 2212 ipsos
1618 2141 1680 2196 in
1703 2138 1827 2196 suis
1852 2137 1997 2195 desi-

334 2224 513 2281 deriis
540 2227 1069 2302 reprehendentes,
1093 2229 1172 2287 ad
1194 2232 1381 2287 Deum
1407 2230 1593 2287 corda
1623 2232 1993 2287 convertunt.

336 2316 417 2369 De
466 2315 560 2370 his
617 2318 844 2390 quippe
891 2318 1182 2376 Dominus
1235 2335 1343 2392 per
1398 2320 1756 2393 Prophetam
1814 2317 1995 2375 dicit:

334 2402 491 2460 Ecce
543 2420 649 2476 ego
707 2407 930 2477 sepiam
984 2408 1143 2465 viam
1195 2413 1360 2464 tuam
1413 2410 1623 2479 spinis,
1673 2415 1729 2465 et
1773 2409 1997 2478 sepiam

335 2505 464 2548 eam
514 2496 800 2566 maceria,
849 2501 904 2552 et
960 2498 1200 2553 sem-itas
1246 2512 1387 2554 suas
1432 2512 1549 2554 non
1606 2497 1892 2563 inveniet,
1941 2500 1998 2553 et

334 2587 613 2652 sequetur
677 2589 976 2641 amatores
1045 2599 1203 2654 suos,
1263 2590 1319 2641 et
1392 2600 1513 2641 non
1590 2584 1998 2654 apprehendet

334 2683 429 2725 eos
445 2682 471 2742 ,'
498 2676 722 2743 quaeret
750 2677 803 2729 et
837 2687 958 2728 non
988 2673 1249 2729 inveniet
1296 2687 1412 2743 eos,
1443 2678 1501 2729 et
1538 2674 1731 2730 dicet:
1770 2672 1998 2729 Vadam

334 2761 391 2812 et
418 2764 693 2815 revertar
738 2759 821 2815 ad
869 2761 1066 2817 virum
1117 2775 1315 2817 meum
1341 2762 1631 2832 priorem,
1664 2763 1807 2834 quia
1858 2761 2001 2817 bene

336 2846 489 2902 mihi
513 2852 644 2903 erat
682 2852 826 2904 tunc
857 2849 1051 2920 magis
1101 2864 1282 2922 quam
1331 2864 1494 2907 nunc
1522 2846 1669 2922 (Ose.
1706 2866 1765 2919 ιι,
1799 2851 1874 2923 6).
1903 2849 1999 2905 Vir

334 2933 814 3008 uniuscujusque
838 2934 1030 2992 ﬁdelis
1053 2936 1269 2993 animae
1299 2940 1454 2994 Deus
1474 2942 1583 3011 est,
1601 2939 1746 3011 quia
1770 2939 1898 2994 haec
1915 2939 1999 2994 vi-

333 3019 546 3079 delicet
573 3023 627 3079 ei
673 3027 762 3081 est
808 3025 1132 3096 conjuncta
1179 3041 1287 3099 per
1314 3026 1520 3083 ﬁdem.
1558 3027 1671 3085 Sed
1702 3027 1821 3099 illa,
1854 3043 1992 3102 quas

332 3110 655 3182 conjuncta
680 3114 799 3168 Deo
834 3113 1027 3170 fuerat
1067 3114 1599 3186 anima,amatores
1620 3132 1762 3173 suos
1793 3116 1991 3190 sequi—
2021 3151 2067 3206 υ

334 3204 448 3266 tur,
479 3200 728 3274 quando
758 3217 931 3259 mens
972 3219 1109 3277 quae
1152 3204 1281 3275 jam
1332 3220 1442 3279 per
1488 3202 1674 3262 ﬁdem
1721 3205 1989 3275 credidit,

333 3288 534 3346 adhuc
574 3304 637 3347 se
676 3290 1011 3348 immundis
1043 3291 1349 3365 spiritibus
1378 3292 1440 3349 in
1467 3294 1815 3365 operatione
1847 3292 1993 3351 sub-

332 3375 602 3446 bstemit,
629 3379 845 3435 mundi
874 3379 1128 3450 gloriam
1148 3381 1382 3454 quaerit,
1409 3381 1635 3438 carnali
1650 3381 1994 3440 delectatio-

332 3481 410 3523 ne
438 3465 726 3537 pascitur,
766 3467 1073 3540 exquisitis
1118 3467 1524 3542 voluptatibus
1566 3470 1843 3528 nutritur.
1879 3472 1994 3529 Sed

333 3553 692 3627 plerumque
717 3555 1100 3628 omnipotens
1130 3558 1285 3613 Deus
1316 3556 1497 3614 talem
1516 3559 1790 3615 animam
1819 3561 1995 3617 mise-

332 3640 645 3698 ricorditer
683 3643 943 3716 respicit,
971 3647 1028 3698 et
1056 3643 1186 3715 ejus
1215 3640 1619 3717 voluptatibus
1649 3647 1995 3704 amaritudi-

332 3745 441 3786 nes
481 3731 818 3803 permiscet.
857 3731 1020 3788 Unde
1048 3730 1224 3789 dicit:
1267 3734 1425 3790 Ecce
1452 3748 1557 3805 ego
1601 3737 1827 3804 sepiam
1864 3738 1993 3794 vias

335 3825 469 3876 tuas
496 3821 706 3890 spinis.
738 3821 855 3876 Vite
904 3821 1068 3877 enim
1115 3826 1334 3879 nostrae
1387 3822 1576 3895 spinis
1622 3828 1803 3897 septa)
1833 3830 1990 3895 sunt,

332 3908 583 3981 quando
607 3908 669 3965 in
692 3910 807 3965 hoc
828 3909 996 3984 quod
1020 3910 1180 3967 male
1210 3912 1511 3984 cupimus,
1543 3911 1823 3969 dolorum
1842 3929 1996 3987 pun-

333 3997 560 4054 ctiones
582 3998 945 4055 invenimus.
970 4000 1049 4056 Et
1079 4001 1301 4071 sepiam
1331 4016 1433 4058 eas
1458 4003 1723 4059 maceria
1754 4009 1809 4060 et
1829 4005 1995 4060 semi-

335 4092 426 4143 tas
455 4102 594 4144 suas
623 4103 744 4144 non
774 4088 1179 4145 invenietNiae
1206 4089 1367 4145 enim
1387 4092 1607 4147 nostras
1624 4093 1886 4149 maceria
1907 4107 1995 4149 se-

333 4174 599 4247 piuntur,
613 4192 752 4232 cum
772 4175 1088 4234 desideriis
1108 4177 1326 4234 nostris
1347 4177 1513 4236 duras
1534 4179 1597 4236 in
1625 4179 1740 4237 hoc
1763 4180 1994 4238 mundo

333 4262 701 4334 objectiones
726 4264 1025 4321 resistunt.
1060 4268 1127 4322 Et
1156 4266 1400 4324 semitas
1441 4273 1682 4326 nostras
1728 4270 1994 4327 invenire

333 4365 458 4407 non
486 4368 835 4425 possumus,
871 4354 1015 4427 quia
1055 4353 1172 4411 hoc
1220 4355 1387 4429 quod
1437 4357 1593 4414 male
1638 4359 1989 4432 quaerimus,

334 4439 585 4514 adipisci
613 4440 1023 4514 prohibemur.
1039 4443 1121 4500 Et
1140 4451 1423 4518 sequetur
1440 4453 1738 4504 amatores
1757 4463 1913 4516 suos,
1939 4456 1995 4508 et

332 4544 454 4587 non
483 4531 891 4601 apprehendat
915 4547 1009 4589 eos
1026 4549 1052 4605 ,ο
1074 4539 1302 4605 qureret
1333 4540 1388 4591 et
1429 4550 1552 4592 non
1580 4537 1842 4593 inveniet
1862 4552 1990 4606 eos;

332 4620 477 4693 quia
504 4618 805 4692 malignos
833 4622 1097 4694 spiritus,
1120 4623 1343 4696 quibus
1365 4638 1430 4680 se
1451 4624 1513 4680 in
1537 4624 1845 4682 desideriis
1868 4627 1992 4682 suis

332 4709 539 4766 anima
568 4709 853 4779 subdidit,
871 4711 950 4767 ad
976 4711 1411 4768 desideriorum
1439 4728 1687 4769 suorum
1716 4712 1995 4771 effectum

332 4798 579 4855 minime
610 4799 1083 4873 comprehendit.
1111 4799 1223 4857 Sed
1253 4800 1330 4857 de
1371 4802 1489 4857 hac
1526 4801 1752 4859 salubri
1790 4802 1997 4861 adver-

332 4886 500 4943 sitate
529 4893 758 4959 quanta
774 4888 995 4945 utilitas
1009 4893 1315 4957 nascatur,
1333 4888 1430 4961 adj
1440 4889 1610 4959 ungit
1638 4906 1777 4947 cum
1795 4891 1997 4948 subdi-

334 4980 447 5043 tur,
479 4976 556 5031 Et
583 4977 737 5034 dicet
763 4994 775 5033 :
802 4979 1029 5035 Vadam
1068 4984 1121 5035 et
1152 4984 1428 5036 revertar
1462 4979 1545 5036 ad
1574 4982 1772 5037 virum
1800 4995 1995 5038 meum

325 5065 614 5134 priorem,
649 5068 791 5138 quia
819 5068 971 5124 mihi
1019 5068 1162 5125 bene
1207 5074 1341 5126 erat
1383 5075 1528 5127 tunc
1574 5072 1765 5143 magis
1813 5086 1994 5144 quam

331 5168 511 5210 nunc.
547 5156 871 5227 Postquam
893 5172 1037 5226 ergo
1061 5156 1193 5213 vias
1224 5173 1364 5214 suas
1395 5158 1583 5231 spinis
1606 5163 1809 5232 septas
1834 5160 1997 5216 inve-

332 5243 439 5314 nit,
471 5248 803 5317 postquam
850 5249 1151 5302 amatores
1190 5262 1336 5303 suos
1385 5249 1837 5320 apprehendere
1871 5264 1995 5306 non

331 5331 539 5401 valuit,
566 5332 646 5388 ad
673 5348 945 5390 amorem
974 5334 1082 5390 viri
1110 5334 1324 5406 prioris
1348 5335 1530 5406 redit;
1563 5338 1709 5411 quia
1733 5338 1998 5411 plerum-

332 5436 450 5493 que
463 5424 788 5495 postquam
800 5422 987 5479 inhoc
1000 5421 1229 5480 mundo
1244 5439 1368 5480 non
1381 5440 1709 5498 possumus
1725 5427 1994 5484 obtinere

333 5524 469 5580 quas
498 5510 803 5580 volumus,
831 5514 1157 5585 postquam
1203 5512 1265 5568 in
1306 5515 1550 5571 terrenis
1580 5516 1889 5572 desideriis
1919 5516 1993 5571 de

334 5595 808 5667 impossibilitate
838 5599 1159 5668 lassamur,
1195 5607 1335 5658 tunc
1379 5604 1458 5659 ad
1498 5611 1759 5661 mentem
1806 5608 1993 5661 Deum

334 5682 700 5756 reducimus,
732 5691 871 5743 tunc
895 5689 1130 5760 placere
1151 5690 1359 5762 incipit
1383 5693 1489 5764 qui
1519 5695 1647 5764 [al.,
1666 5693 1852 5765 quod]
1879 5694 1995 5749 (lis-

334 5768 613 5845 plicebat,
631 5775 690 5827 et
712 5773 761 5830 ie
785 5775 956 5844 cujus
979 5777 1156 5834 nobis
1177 5790 1387 5834 amara
1413 5780 1650 5838 fuerant
1668 5786 1985 5853 praecepta,

2105 1869 2600 1928 velit.Videamus
2620 1868 2768 1942 quid
2798 1868 2979 1924 etiam
3006 1869 3249 1924 sanctus
3281 1866 3685 1938 Hieronymus
3704 1865 3766 1920 in

2106 1959 2484 2034 Expositione
2515 1959 2660 2015 Osee
2688 1957 2998 2031 prophetae
3031 1958 3112 2028 (in
3144 1972 3277 2027 cap.
3312 1970 3372 2023 ιι,
3401 1969 3555 2013 vers.
3587 1956 3644 2019 6)
3677 1970 3769 2010 su-

2103 2066 2212 2125 per
2239 2053 2573 2107 memorato
2604 2045 2866 2121 capitulo
2898 2046 3133 2113 sentiat,
3160 2045 3268 2119 qui
3295 2060 3435 2101 cum
3454 2043 3765 2101 historiam

2099 2141 2273 2212 juxta
2338 2142 2657 2210 utramque
2717 2135 3040 2192 editionem
3088 2136 3356 2209 poneret,
3408 2132 3767 2208 exponendo

2105 2227 2411 2301 adjunxit:
2446 2224 2708 2298 [Dixerat
2736 2223 3050 2281 meretrix:
3096 2224 3322 2281 Vadam
3356 2228 3493 2294 post
3536 2227 3765 2279 amato-

2102 2333 2196 2375 res
2225 2332 2401 2383 meos,
2433 2314 2538 2389 qui
2566 2314 2841 2371 omnium
2884 2329 3086 2370 rerum
3126 2312 3272 2369 mihi
3326 2308 3766 2369 abundantiam

2104 2407 2527 2482 praebuerunt;
2586 2402 2896 2476 respondit
2963 2402 3285 2459 Dominus:
3352 2402 3477 2473 Ego
3542 2402 3765 2472 sepiam

2106 2500 2262 2555 viam
2297 2501 2462 2552 tuam
2488 2495 2695 2565 spinis,
2731 2493 2853 2549 sive
2882 2491 3155 2560 sudibus,
3183 2508 3258 2549 ne
3288 2491 3487 2567 possis
3515 2491 3600 2549 ire
3642 2502 3767 2566 quo

2105 2585 2432 2652 desideras,
2465 2587 2521 2640 et
2548 2584 2930 2655 interponam
2962 2581 3309 2649 maceriam,
3342 2581 3466 2638 sive
3498 2597 3766 2651 murum,

2105 2680 2163 2733 et
2191 2673 2433 2731 semitas
2462 2677 2596 2730 tuas
2644 2687 2798 2745 quas
2828 2670 3037 2727 crebro
3085 2670 3370 2728 triverant
3415 2669 3600 2745 pedes
3630 2670 3764 2742 [al.,

2104 2764 2344 2821 triverat
2388 2760 2564 2835 pede]
2592 2776 2717 2817 non
2769 2759 3059 2831 invenies,
3089 2776 3165 2817 ne
3196 2759 3612 2834 apprehendas
3638 2775 3764 2828 eos,

2106 2868 2261 2927 quos
2311 2856 2475 2908 tanto
2525 2849 2722 2906 studio
2774 2849 3143 2923 sequebaris,
3194 2853 3250 2907 et
3297 2865 3507 2906 verum
3564 2864 3766 2906 neces-

2108 2941 2275 2998 sitate
2324 2939 2642 3013 compulsa
2705 2939 3018 2995 revertaris
3074 2940 3153 2997 ad
3214 2941 3410 2996 virum
3464 2941 3660 3011 tuum,
3711 2942 3768 2995 et

2104 3029 2270 3087 dicas
2308 3028 2456 3086 illud
2502 3028 2577 3085 de
2624 3028 2983 3099 Evangelio:
3038 3030 3264 3098 Quanti
3303 3029 3662 3086 mercenarii
3703 3030 3765 3085 in

2106 3119 2278 3177 domo
2321 3121 2519 3190 patris
2572 3118 2688 3174 mei
2743 3117 3057 3175 abundant
3102 3119 3383 3190 panibus,
3416 3134 3519 3190 ego
3567 3123 3767 3174 autem

2107 3209 2204 3266 hic
2221 3209 2385 3280 fame
2407 3222 2605 3277 pereo.
2636 3205 2893 3278 Surgam
2926 3212 2981 3264 et
3003 3206 3098 3263 ibo
3125 3207 3206 3265 ad
3223 3213 3459 3277 patrem
3490 3221 3684 3262 meum
3713 3212 3767 3263 et

2103 3298 2299 3354 dicam
2331 3298 2415 3354 ei:
2446 3298 2651 3365 Pater,
2680 3298 2927 3366 peccavi
2952 3300 3015 3352 in
3048 3296 3263 3353 cretum
3294 3302 3348 3353 et
3378 3310 3581 3353 coram
3605 3300 3680 3366 te,
3713 3301 3768 3352 et

2093 3389 2228 3459 jam
2251 3402 2371 3442 non
2402 3401 2531 3442 sum
2566 3385 2785 3455 dignus
2815 3387 3022 3442 vocari
3046 3386 3213 3455 ﬁlius
3253 3391 3410 3451 tuus,
3431 3384 3539 3457 fac
3567 3399 3660 3441 me
3686 3385 3767 3440 si-

2103 3482 2205 3534 cut
2234 3492 2422 3533 unum
2450 3476 2524 3532 de
2550 3475 2937 3532 mercenariis
2970 3477 3085 3533 tuis
3115 3476 3284 3544 (Luc.
3315 3490 3412 3543 xv,
3449 3474 3653 3547 l7-l9).
3685 3476 3766 3529 Ex

2102 3581 2226 3640 quo
2256 3564 2642 3636 intelligimus
2674 3564 2840 3637 quod
2871 3564 3245 3638 providentia
3273 3564 3371 3621 Dei
3402 3578 3559 3637 smpe
3588 3562 3766 3620 nobis

2104 3655 2380 3712 accidant
2406 3654 2589 3717 mala,
2622 3668 2696 3709 ne
2739 3653 3077 3710 habeamus
3107 3669 3177 3711 ea
3213 3669 3349 3727 quae
3376 3653 3675 3726 cupimus,
3710 3655 3766 3709 et

2102 3744 2283 3801 variis
2328 3742 2768 3800 calamitatibus
2820 3743 3002 3815 hujus
3056 3742 3252 3800 saeculi
3302 3759 3371 3800 ac
3401 3742 3654 3799 miseriis
3684 3741 3765 3797 ad

2106 3834 2206 3889 Dei
2256 3833 2599 3889 servitutem
2638 3831 2827 3889 redire
2878 3848 3187 3903 cogamur.
3220 3833 3532 3890 Amatores
3563 3836 3766 3888 autem

2102 3920 2432 3978 Jerusalem
2484 3924 2541 3977 et
2589 3921 2780 3991 gentis
2809 3922 3051 3993 Judaeae,
3084 3922 3418 3979 secundum.
3453 3920 3766 3977 historiam

2102 4011 2259 4067 illius
2285 4010 2592 4083 temporis,
2628 4006 2900 4084 Assyrios
2925 4015 3104 4085 atque
3128 4010 3436 4068 Chaldaeos
3458 4013 3514 4067 et
3538 4011 3769 4081 IEgyp-

2102 4100 2236 4167 tios,
2269 4099 2668 4173 nationesque
2718 4104 2961 4156 caeteras
2998 4099 3424 4171 intelligamus,
3459 4114 3598 4155 cum
3623 4114 3773 4171 quo-

2103 4204 2242 4244 rum
2322 4186 2499 4244 idolis
2566 4187 2859 4244 fornicata
2925 4192 3035 4258 est,
3102 4204 3139 4246 a
3196 4188 3420 4261 quibus
3472 4185 3773 4243 bellorum

2102 4280 2376 4350 tempore
2408 4280 2463 4333 et
2486 4276 2904 4349 prementibus
2934 4276 3109 4334 malis
3133 4277 3354 4334 frustra
3377 4276 3643 4350 speravit
3667 4291 3775 4332 au-

2102 4365 2334 4422 xilium.
2368 4368 2482 4422 Hos
2508 4372 2826 4429 amatores.
2846 4366 3022 4439 juxta
3051 4365 3500 4438 intelligentiam
3538 4365 3772 4439 spirita-

2102 4455 2243 4527 lem,
2276 4460 2617 4530 sequuntur
2664 4456 2944 4523 haeretici,
2978 4472 3015 4513 a
3065 4455 3288 4529 quibus
3333 4471 3492 4529 saepe
3532 4454 3769 4523 deserti,

2102 4542 2405 4601 malorum
2433 4543 2705 4616 pondere
2737 4545 2815 4600 ad
2865 4545 3065 4600 sinum
3117 4545 3329 4601 matris
3380 4543 3650 4601 Ecclesiae
3680 4558 3771 4600 re-

2102 4636 2431 4689 vertuntur.
2466 4634 2577 4688 Per
2606 4633 2814 4690 omnia
2839 4633 3002 4690 enim
3033 4634 3274 4706 ﬂagella
3300 4638 3480 4709 atque
3508 4637 3772 4690 tormen-

2106 4725 2164 4778 ta
2193 4721 2463 4777 eruditur
2494 4719 2694 4777 Israel.

2175 4806 2211 4876 ·Ῑ-
2227 4809 2627 4865 Advertamus
2650 4812 3000 4868 utrumnam
3021 4812 3313 4885 prodigus
3324 4810 3483 4867 ﬁlius
3502 4810 3775 4884 compul-

2105 4913 2208 4954 sus
2232 4912 2310 4953 an
2335 4901 2547 4969 sponte
2571 4896 2827 4965 redierit,
2856 4901 2960 4972 qui
2987 4917 3123 4956 cum
3153 4901 3213 4956 in
3240 4898 3509 4974 potando
3531 4903 3770 4970 partem

2106 4983 2461 5041 substantiae
2512 5000 2635 5040 suae
2687 4986 3046 5059 prodigeret,
3080 4993 3135 5044 et
3163 5000 3410 5060 peregre
3439 4983 3768 5056 profectus;

2104 5072 2351 5129 adhaesit
2371 5072 2475 5128 uni
2490 5074 2709 5130 civium
2727 5075 2985 5144 regionis
3001 5072 3290 5145 illius,ubi
3306 5089 3445 5129 cum
3457 5072 3621 5129 horis
3640 5075 3773 5147 (sic)

2104 5176 2427 5234 porcorum
2477 5162 2634 5217 illius
2673 5163 3002 5234 inserviret,
3037 5162 3217 5235 cmpit
3258 5165 3315 5219 et
3358 5177 3554 5232 egere,
3583 5168 3641 5219 et
3671 5180 3773 5220 cu-

2104 5251 2307 5324 piebat
2324 5251 2577 5307 saturari
2593 5250 2667 5307 de
2689 5250 2916 5324 siliquis
2928 5268 3082 5324 quas
3102 5251 3268 5325 porci
3289 5251 3767 5325 manducabant,

2105 5343 2161 5396 et
2181 5356 2360 5396 nemo
2382 5339 2463 5394 illi
2484 5338 2710 5397 dabat?
2732 5339 3097 5414 tandemque
3117 5341 3178 5398 in
3201 5358 3267 5398 se
3288 5357 3562 5398 reversus
3584 5341 3764 5398 dixit:

2106 5429 2332 5498 Qnanti
2340 5430 2699 5486 mercenarii
2707 5431 2899 5501 patris
2920 5432 3036 5487 mei
3051 5431 3769 5503 abundantpanibus,ego

2103 5523 2302 5574 autem
2322 5518 2419 5574 hic
2436 5519 2604 5587 fame
2624 5534 2821 5589 pereo.
2850 5522 3049 5589 Longe
3078 5521 3305 5593 quippe
3335 5536 3373 5577 a
3401 5536 3463 5576 se
3484 5519 3770 5575 discesse-

2101 5613 2192 5663 rat
2213 5608 2461 5680 quando
2489 5609 2798 5681 peccabat,
2827 5616 2881 5667 et
2912 5610 2958 5666 si
2989 5627 3112 5667 non
3140 5610 3436 5679 csurisset,
3460 5611 3520 5666 in
3553 5614 3767 5666 semet-

2101 5697 2304 5769 ipsum
2332 5697 2579 5754 minime
2607 5699 2893 5757 redisset:
2926 5700 3031 5773 qui
3062 5704 3390 5773 postquam
3413 5698 3659 5756 terrenis
3679 5713 3767 5755 re-

2097 5785 2212 5840 bus
2236 5785 2510 5855 indiguit,
2544 5791 2683 5843 tunc
2716 5787 2976 5859 cogitare
3007 5787 3185 5861 coepit
3214 5788 3361 5864 quid
3382 5788 3455 5851 de
3484 5786 3764 5861 spiritali-

2712 6371 3339 6382 ...ΔΑ-.-ᾠζ-
