3936 6376
132 282 260 340 1085

1057 288 1145 342 DE
1183 278 1851 344 PRAEDESTINATIONE
1893 277 2186 336 CONTRA
2229 279 2281 336 Ι.
2327 281 2363 336 S
2425 280 2682 338 (UTEM.

3423 277 3561 339 1088

122 409 237 464 bus
264 408 480 465 amisit.
521 407 719 465 Refert
746 425 990 483 quoque
1019 409 1169 466 liber
1198 411 1581 482 Dabrejamin
1621 406 1787 483 quod
1817 412 1863 463 A
1904 403 2032 460 lum
2063 403 2195 472 cogi
2225 406 2253 460 ?
2281 405 2394 461 Sed
2419 405 2560 478 quia
2592 404 2718 460 fieri
2750 419 2872 460 non
2901 405 3092 478 potest
3117 410 3181 463 ut
3211 404 3377 462 electi
3402 407 3462 461 in
3498 407 3566 462 il-

125 502 423 554 Manasses
458 499 660 554 multis
691 499 1099 571 impietatibus
1124 516 1252 555 sese
1281 500 1572 556 adversus
1603 503 1789 554 Deum

124 588 390 657 erexerit,
441 604 478 645 a
505 605 629 661 quo
660 589 1010 645 humiliatus
1042 595 1098 646 et
1136 590 1478 663 Babyloniis
1510 589 1788 658 traditus,

127 682 307 749 atque
337 677 394 732 in
429 694 666 735 carcere
695 681 1026 748 catenatus,
1058 677 1409 735 recordatus
1434 679 1668 735 Domini
1692 677 1789 734 Dei

126 766 737 840 egeritpoenitentiam
758 767 958 824 adhuc
978 768 1036 823 in
1061 784 1298 825 carcere
1326 768 1790 840 vinctus,sicque

125 858 180 911 et
208 871 244 912 a
275 855 526 912 vinculis
556 855 998 912 absolutionem
1031 861 1086 914 et
1114 858 1282 928 regni
1310 857 1539 930 pristini
1562 872 1791 913 merue-

123 943 198 999 rit
225 945 655 1002 restitutionem
687 947 780 1016 (II
799 948 946 1002 Par.
994 963 1204 1018 xxxul,
1241 950 1348 1014 Η).
1393 947 1548 1012 Quid
1575 945 1650 1002 de
1679 951 1792 1001 An-

127 1033 321 1091 tiocho
347 1050 486 1105 rege
507 1035 736 1092 nefario
758 1035 1039 1108 replicem
1059 1037 1087 1092 ‘?
1109 1036 1213 1108 qui
1236 1053 1394 1101 cum,
1428 1041 1491 1092 ut
1511 1035 1626 1092 alia
1654 1051 1790 1108 quin

127 1139 306 1196 super
336 1141 406 1180 eo
437 1124 776 1181 referuntur
805 1128 1058 1182 taceam.
1105 1130 1313 1181 contra
1343 1125 1443 1181 Dei
1471 1124 1789 1198 populum,

126 1211 352 1269 cultum
387 1215 801 1288 templumque
830 1218 960 1286 ejus
994 1215 1145 1270 adeo
1180 1215 1420 1285 fureret,
1452 1220 1508 1271 et
1546 1214 1794 1270 circum-

124 1301 415 1358 eisionem
446 1303 808 1375 prohiberet,
839 1303 1000 1374 leges
1032 1303 1189 1359 illius
1213 1303 1496 1369 aboleret,
1530 1306 1711 1375 atque
1732 1302 1792 1358 in

123 1389 350 1462 templo
381 1390 810 1463 Hierosolymis
844 1393 1024 1448 suam
1050 1393 1335 1464 Jovisque
1379 1391 1637 1464 Olympii
1682 1395 1796 1446 sta-

121 1483 291 1535 tuam
322 1480 719 1548 constitueret,
737 1480 813 1536 ad
844 1487 1176 1537 extremum
1208 1497 1532 1554 percussus
1563 1480 1792 1536 caelitus

117 1567 335 1625 morbo
380 1569 728 1636 insanabili,
770 1571 853 1625 ita
902 1575 966 1626 ut
1017 1569 1264 1626 fetorem
1309 1570 1464 1626 illius
1503 1569 1795 1626 exercitus

120 1657 272 1712 ferre
297 1657 639 1714 nullatenus
655 1662 876 1731 posset,
893 1659 1264 1715 infructuosa
1284 1659 1637 1732 pcenitentia
1655 1675 1796 1714 con-

119 1743 314 1801 fessus
341 1750 429 1802 est
459 1747 646 1802 Deum
679 1763 806 1802 esse
837 1764 1068 1816 verum,
1099 1765 1284 1821 quem
1316 1753 1564 1804 eatenus
1595 1747 1793 1820 impu-
1829 1767 1867 1820 Β

118 1841 436 1905 gnaverat;
470 1852 720 1909 seseque
746 1836 1023 1892 Judaeum
1070 1838 1360 1900 futurum.
1399 1841 1515 1893 Deo
1547 1837 1797 1892 servitu-

118 1941 276 1993 rum,
297 1924 537 1998 aliaque
558 1924 734 1999 plura
756 1925 1056 1982 facturum
1090 1927 1484 2000 compellente
1507 1926 1794 1982 nimirum

118 2013 328 2070 dolore
394 2014 582 2070 nimio
647 2015 832 2070 cassis
897 2015 1433 2088 pollicitationibus
1495 2015 1797 2071 fatebatur

121 2104 206 2174 (Il
226 2103 429 2160 Much.
463 2120 544 2174 ιχ,
578 2105 750 2165 7-17).

190 2194 367 2259 Quod
429 2199 631 2250 autem
704 2194 783 2251 ad
840 2195 1003 2250 mala
1060 2195 1239 2250 etiam
1298 2192 1469 2250 multi
1529 2191 1794 2266 compel-

116 2282 340 2350 lantur,
364 2283 471 2340 etsi
503 2283 782 2356 exempla
803 2283 1148 2351 deﬁcerent,
1174 2283 1565 2356 quotidianus
1595 2299 1796 2338 rerum

119 2371 315 2428 exitus
345 2377 578 2444 poterat
616 2373 889 2438 edocere,
932 2389 1070 2429 cum
1116 2372 1428 2427 videamus
1464 2371 1796 2444 stepissime

122 2461 430 2534 quosdam
462 2462 644 2530 fame,
679 2463 826 2518 alios
872 2462 1120 2524 morbis,
1163 2461 1485 2535 plerosque
1525 2461 1704 2516 minis
1742 2464 1800 2517 et

117 2551 448 2606 terroribus
480 2551 636 2620 cogi,
669 2556 724 2607 et
755 2551 831 2608 ad
867 2555 1092 2608 tantam
1129 2551 1421 2607 scelerum
1455 2549 1798 2607 immanita-

118 2641 237 2695 tem
265 2655 694 2714 prorumpere,
727 2644 792 2696 ut
819 2640 970 2696 ﬁdes
999 2640 1269 2696 fortassis
1317 2638 1654 2695 dicentibus
1700 2639 1799 2695 de-

118 2735 404 2801 meretur,
429 2731 474 2785 si
502 2746 624 2787 non
653 2730 937 2787 instantia
967 2730 1302 2786 manifestis
1332 2730 1580 2786 visionis
1611 2730 1796 2785 facto-

114 2835 251 2874 rum
288 2819 710 2876 certitudinem
740 2819 1062 2876 intimaret.
1094 2820 1314 2886 Quanti
1343 2835 1454 2891 pro
1480 2819 1654 2874 dolor
1688 2820 1700 2874 ι
1737 2819 1796 2874 in

119 2908 418 2980 martyrio
443 2909 623 2980 positi
651 2908 731 2964 ab
760 2910 1002 2964 ineunte
1034 2915 1203 2964 (etate
1229 2908 1628 2978 integritatem
1657 2908 1796 2963 ﬁdei

113 3013 361 3052 morum
411 2997 710 3070 probitate
757 2998 1278 3065 commendantes,
1332 2997 1410 3052 ad
1465 3002 1797 3053 extremm

115 3087 435 3143 tormentis
466 3087 894 3158 exquisitisque
914 3103 1234 3159 poenarum
1261 3087 1580 3156 generibus
1607 3086 1796 3142 coacti

117 3177 253 3227 sunt
275 3186 504 3239 negare
535 3171 701 3242 quod
734 3171 1027 3226 hactenus
1053 3176 1400 3226 constanter
1419 3172 1530 3225 visi
1561 3170 1797 3225 fuerant

116 3261 501 3334 praedicasse.
524 3259 695 3315 Unde
727 3265 784 3315 et
806 3260 864 3314 in
898 3259 1052 3315 libro
1076 3260 1558 3316 Machabaeorum
1583 3259 1799 3330 legitur

117 3351 260 3422 quia
283 3351 464 3421 jussu
517 3350 675 3418 regis
726 3349 1000 3405 Antiochi
1049 3348 1568 3421 compellabantur
1607 3348 1797 3420 Judaei

117 3440 433 3512 porcinam
465 3454 710 3494 carnem
740 3438 1134 3503 manducare,
1164 3443 1220 3493 et
1248 3437 1366 3493 alia
1399 3437 1586 3493 multa
1619 3453 1797 3508 agere

119 3533 330 3585 contra
360 3527 522 3597 leges
552 3527 835 3583 divinitus
881 3527 1295 3600 promulgatas
1341 3530 1425 3595 (II
1465 3527 1667 3583 Maeli.
1713 3543 1794 3612 vr,

124 3623 224 3684 18;
265 3634 368 3689 vn,
428 3617 498 3689 l).
553 3619 841 3684 Quamvis
883 3623 940 3674 et
979 3618 1299 3690 Apostolus
1343 3618 1669 3673 identidem
1721 3617 1796 3673 de

123 3708 321 3780 seipso
376 3707 628 3780 parique
680 3707 1021 3764 conditione
1080 3707 1613 3777 ingemiscentibus
1671 3723 1794 3762 non

122 3802 313 3855 taceat
362 3813 501 3852 cum
553 3797 694 3853 dicit
737 3814 750 3852 :
802 3799 941 3854 Non
988 3800 1143 3854 enim
1189 3799 1350 3869 quod
1393 3799 1526 3854 volo
1576 3797 1792 3853 bonum

124 3887 230 3943 hoc
251 3903 392 3958 ago,
423 3887 526 3943 sed
556 3887 720 3958 quod
753 3888 892 3943 nolo
937 3888 1184 3953 malum,
1219 3887 1377 3942 illud
1405 3889 1569 3958 facio
1598 3889 1789 3956 (Rom,

122 3992 220 4046 vn,
253 3980 365 4048 15).
401 3978 466 4031 Et
504 3991 747 4031 rursum
781 3993 794 4031 :
839 3977 1013 4032 Video
1043 3982 1241 4032 autem
1286 3978 1472 4032 aliam
1517 3977 1701 4046 legem
1728 3977 1791 4032 in

120 4067 399 4121 membris
439 4067 580 4122 meis
626 4072 1063 4137 repugnantem
1107 4067 1226 4136 legi
1264 4067 1476 4121 mentis
1524 4081 1687 4134 meae,
1735 4071 1789 4121 et

123 4157 422 4224 captivum
458 4170 548 4211 me
575 4154 885 4212 ducentem
915 4157 978 4210 in
1012 4157 1138 4224 lege
1167 4156 1418 4224 peccati,
1450 4170 1582 4225 quae
1607 4164 1687 4210 est
1727 4155 1789 4210 in

121 4244 398 4300 membris
427 4244 591 4300 meis.
621 4245 852 4314 Infelix
876 4260 980 4315 ego
1013 4244 1206 4312 homo,
1230 4246 1361 4315 quis
1392 4259 1482 4300 me
1513 4243 1789 4300 liberabit

123 4332 191 4388 de
235 4348 488 4404 corpore
535 4335 740 4390 mortis
785 4336 912 4404 ejus
945 4337 972 4388 ?
1021 4335 1234 4390 Gratia
1278 4335 1390 4390 Dei
1427 4349 1542 4403 per
1585 4331 1789 4389 Jesum

124 4422 431 4479 Christum
471 4423 793 4479 Dominum
833 4427 1102 4478 nostrum
1135 4423 1336 4494 (1bid.,
1366 4422 1572 4493 23-25),
1601 4425 1659 4477 et
1687 4438 1789 4478 Cte-

124 4515 244 4567 tera
290 4528 430 4585 quae
470 4511 550 4568 ad
599 4511 879 4567 eumdem
928 4527 1176 4567 sensum
1218 4512 1574 4584 pertinentia
1611 4511 1790 4566 latius

125 4601 487 4675 exsequitur.
520 4602 916 4657 Antichristus
959 4617 1204 4675 quoque
1251 4606 1479 4674 quanta
1509 4601 1789 4657 fidelibus

126 4690 397 4763 aliisque,
430 4691 650 4763 partim
696 4691 1102 4758 suasionibus,
1148 4691 1366 4763 partim
1417 4691 1789 4757 muneribus,

128 4797 283 4836 nunc
314 4781 522 4852 signis,
556 4797 716 4837 nunc
751 4781 1077 4837 terroribus
1110 4782 1187 4838 sit
1215 4782 1508 4852 illaturus,
1541 4786 1608 4837 ut
1637 4784 1793 4837 Deus

129 4871 424 4938 credatur,
467 4875 524 4926 et
571 4871 936 4944 prophetica;
985 4875 1042 4928 et
1085 4871 1428 4943 apostolicae
1481 4871 1796 4943 Scripturte

130 4964 398 5030 patenter
426 4960 709 5032 innuunt,
741 4965 797 5016 et
825 4960 1128 5033 prmcipue
1158 4959 1286 5032 ipse
1330 4960 1644 5026 Dominus,
1693 4975 1798 5033 qui

131 5065 263 5105 cum
295 5050 597 5105 adventus
639 5050 768 5120 ejus
797 5049 1131 5121 praestigias
1182 5049 1654 5121 efﬁcientiasque
1698 5049 1800 5104 de-

131 5139 427 5195 testabiles
480 5137 855 5212 perindeque
910 5138 1324 5212 importabiles
1376 5137 1728 5210 praediceret
1784 5173 1795 5211 ε

131 5227 261 5283 Erit
294 5230 474 5298 enim,
513 5229 728 5301 inquit,
763 5235 907 5285 tunc
939 5229 1252 5284 tribulatio
1298 5228 1641 5300 talisqualis
1679 5242 1800 5284 non

129 5318 243 5385 fuit
282 5319 358 5374 ab
391 5319 564 5373 initio
593 5319 802 5374 saeculi
839 5333 1027 5390 neque
1059 5319 1185 5388 ﬁet,
1217 5320 1300 5374 ita
1333 5323 1400 5372 ut
1435 5320 1498 5372 in
1537 5330 1799 5374 errorem

133 5407 518 5474 inducantur,
567 5409 620 5463 si
670 5409 806 5476 ﬁeri
843 5413 1060 5478 potest,
1111 5409 1291 5463 etiam
1344 5406 1516 5463 electi
1555 5405 1795 5474 (Matth.

134 5513 242 5563 xw,
274 5501 386 5564 23‘).
422 5501 567 5554 Ecce
591 5499 782 5570 judex
819 5499 1092 5554 omnium
1126 5496 1329 5553 induci
1365 5502 1659 5552 terrorum
1688 5496 1796 5552 im-

136 5589 538 5654 manitatibus,
575 5589 626 5644 si
655 5589 781 5644 fieri
814 5590 1022 5660 possit,
1053 5588 1231 5644 etiam
1272 5587 1490 5643 electos
1528 5590 1793 5657 testatur,

135 5679 189 5730 et
225 5682 282 5731 tu
313 5678 500 5733 audes
530 5678 898 5750 obstrepere,
940 5677 1107 5733 nulla
1139 5676 1575 5750 compulsativa
1610 5691 1798 5733 causa

135 5766 525 5835 praecedente,
556 5767 909 5840 quempiam
936 5765 1033 5822 vel
1070 5766 1150 5824 ad
1179 5765 1409 5823 bonum
1438 5764 1535 5822 vel
1563 5763 1642 5822 ad
1663 5780 1793 5821 ma-

1900 495 2025 551 lum
2061 511 2324 551 errorem
2353 496 2528 569 plene
2551 497 2932 566 inducantur,
2959 497 3136 553 datur
3164 497 3407 567 intelligi
3424 499 3568 571 quia

1901 585 2072 659 plene
2102 587 2462 643 inducentur
2491 589 2596 661 qui
2625 603 2748 644 non
2781 591 2920 645 sunt
2949 588 3135 645 electi.
3164 589 3349 645 Audis
3386 589 3570 646 tribu-

1899 675 2184 732 lationem
2216 675 2396 732 talem
2447 676 2710 734 futuram
2745 677 2942 751 qualis
2976 693 3099 734 non
3136 679 3311 734 fuerit
3354 677 3432 734 ab
3461 677 3568 735 ini-

1900 764 1980 821 tio
2031 764 2255 835 saeculi,
2300 781 2424 838 qua
2473 766 2836 822 inducantur
2877 767 2938 822 in
2970 783 3252 834 errorem,
3294 771 3352 824 et
3379 765 3568 824 audes

1901 853 2125 923 garrire
2156 853 2386 910 nullam
2410 855 2916 928 compulsativam
2938 871 3188 913 causam
3206 857 3564 929 praecedere.

1973 944 2115 1008 Quae
2145 959 2286 998 cum
2323 943 2404 999 ita
2432 946 2570 1009 sint,
2601 945 2944 1001 nullatenus
2973 949 3177 1001 tamen
3206 945 3472 1001 aufertur
3499 944 3568 1001 li-

1880 1031 2100 1108 bertas
2134 1031 2381 1096 arbitrii,
2429 1033 2532 1088 sed
2589 1033 2807 1089 talibus
2855 1035 3231 1107 sempiterna:
3264 1033 3568 1107 sapientiae

1899 1119 2533 1191 modis,voluntatibus
2565 1125 2744 1194 atque
2767 1122 3030 1178 consiliis
3047 1122 3141 1179 vel
3165 1123 3243 1178 ad
3264 1122 3379 1178 hoc
3409 1133 3571 1179 com-

1901 1207 2157 1281 pellitur,
2192 1213 2254 1263 ut
2286 1225 2360 1266 ex
2407 1209 2599 1265 servili
2630 1211 2734 1266 fiat
2760 1210 3041 1278 liberalis,
3075 1216 3133 1268 et
3161 1211 3236 1268 de
3268 1216 3481 1268 caetero
3508 1209 3571 1267 li-

1901 1300 2047 1354 bera
2063 1297 2342 1354 servitute
2364 1298 2663 1356 liberatori
2696 1317 2808 1356 suo
2829 1300 3080 1358 liberata
3101 1303 3434 1368 deserviat;
3469 1305 3573 1357 aut

1903 1387 2139 1444 deserta
2169 1403 2279 1460 pro
2310 1388 2535 1444 meritis
2571 1389 2837 1446 tenacius
2879 1389 3412 1463 delectabiliusque
3457 1401 3572 1446 ser-

1904 1475 2005 1532 vili
2027 1476 2286 1533 libertati
2307 1478 2613 1543 inhaareat,
2642 1485 2704 1535 ut
2722 1479 3043 1552 impleatur
3063 1485 3386 1554 utrumque
3406 1479 3570 1552 quod

1904 1566 1966 1622 in
1995 1567 2365 1640 Apocalypsi
2393 1568 2728 1624 terribiliter
2755 1569 2970 1625 dicitur
3013 1587 3024 1624 :
3063 1571 3325 1627 Sanctus
3352 1570 3573 1626 sancti-

1901 1657 2118 1725 ﬁcetur
2145 1657 2367 1726 adhuc,
2409 1664 2462 1714 et
2494 1661 2700 1728 justus
2737 1660 3104 1729 iustiﬁcetur
3133 1659 3354 1727 adhuc,
3387 1663 3441 1715 et
3471 1657 3577 1731 qui

1906 1747 1970 1801 in
1996 1746 2271 1802 sordibus
2300 1753 2404 1814 est,
2437 1749 2739 1805 sordescat
2767 1750 2968 1805 adhuc
2999 1749 3206 1820 (Apoc.
3252 1765 3392 1813 xxu,
3443 1748 3570 1820 “)3;

1907 1839 2131 1908 quaten
2140 1853 2207 1890 us
2222 1837 2538 1909 utrobique
2551 1837 2797 1910 propria
2807 1837 3116 1894 voluntate
3127 1838 3572 1910 delectabiliter,

1907 1925 2014 1979 sed
2060 1924 2295 1981 diverso
2325 1924 2531 1981 fomite
2576 1925 2927 1996 nitentibus,
2972 1927 3170 1998 justus
3195 1925 3382 1997 judex
3417 1927 3574 1996 juste

1907 2011 2198 2085 rependat
2235 2013 2562 2086 unicuique
2592 2014 2760 2086 quod
2786 2020 3109 2071 merentur.
3142 2013 3396 2071 Proinde
3425 2013 3577 2069 nulli

1905 2101 2239 2174 quamlibet
2283 2103 2538 2158 tenuiter
2569 2102 2974 2159 consideranti
3002 2107 3184 2160 restat
3216 2103 3574 2174 ambiguum

1905 2191 2051 2263 quia
2077 2190 2300 2247 falsum
2332 2191 2408 2248 sit
2435 2191 2601 2264 quod
2654 2191 2853 2247 dixisti
2891 2209 2904 2248 :
2952 2192 3064 2249 Ubi
3091 2194 3246 2249 enim
3277 2199 3360 2250 est
3390 2205 3576 2249 causa

1905 2296 2037 2353 qua?
2066 2283 2388 2351 compellit,
2425 2281 2513 2337 ibi
2536 2297 2656 2338 non
2702 2288 2785 2337 est
2813 2288 3039 2340 natura
3065 2298 3196 2354 quae
3229 2283 3389 2339 uelit.
3420 2280 3576 2348 Quid

1905 2372 2062 2426 enim
2094 2372 2122 2428 ?
2151 2371 2429 2444 nunquid
2461 2387 2584 2426 non
2616 2376 2703 2427 est
2732 2376 2950 2428 natura
2985 2371 3193 2440 homo,
3226 2371 3330 2445 qui
3359 2385 3574 2428 secun-

1905 2459 2053 2516 dum
2104 2461 2543 2534 praecedentem
2592 2461 3028 2530 auctoritatem,
3076 2478 3237 2518 nunc
3279 2461 3359 2518 ad
3389 2462 3573 2532 bona,

1905 2566 2068 2606 nunc
2099 2551 2177 2606 ad
2209 2550 2390 2619 mala,
2423 2555 2601 2623 prout
2634 2551 2755 2606 vult
2784 2551 2878 2607 ille
2926 2551 3030 2624 qui
3081 2552 3287 2608 omnia
3320 2551 3573 2623 judicat,

1908 2640 2283 2713 compellitur
2315 2659 2327 2696 :
2362 2640 2514 2696 alius
2549 2641 2654 2704 sic,
2703 2640 2856 2697 alius
2902 2645 3103 2698 autem
3143 2642 3226 2697 sic
3258 2641 3286 2696 ?
3333 2641 3574 2697 Certum

1908 2735 1997 2786 est
2025 2734 2226 2786 autem
2253 2730 2744 2802 praevaricatores
2774 2729 3023 2802 angelos
3069 2731 3394 2786 Dominum
3437 2746 3568 2786 nos-

1907 2824 2066 2875 trum
2091 2823 2292 2876 Jesum
2321 2820 2647 2876 Christrum
2676 2836 2996 2893 nunquam
3017 2820 3280 2876 voluisse
3304 2824 3407 2876 aut
3429 2819 3576 2875 velle

1907 2926 1943 2966 a
1963 2910 2255 2982 quopiam
2281 2910 2632 2982 praedicari:
2662 2927 2818 2982 quos
2846 2916 3046 2967 tamen
3071 2910 3280 2966 Filium
3315 2909 3413 2966 Dei
3441 2926 3578 2965 con-

1909 3000 2100 3055 fessos
2149 2998 2499 3068 evangelica
2544 3004 2750 3056 narrat
2790 3000 3076 3068 historia;
3109 3001 3318 3055 dicunt
3363 2999 3522 3055 enim
3559 3017 3572 3054 :

1853 3123 1868 3175 ι
1909 3087 2066 3154 Quid
2092 3089 2280 3153 nobis,
2327 3093 2380 3142 et
2427 3087 2556 3156 tibi,
2586 3087 2713 3143 Fili
2748 3088 2878 3157 Dei,
2919 3089 3136 3144 venisti
3177 3093 3318 3144 ante
3347 3093 3577 3156 tempus

1910 3182 2187 3248 torquere
2214 3191 2320 3231 nos
2341 3179 2368 3230 γ
2399 3176 2637 3243 (Matth.
2670 3191 2793 3242 vui,
2817 3179 2924 3242 29).
2953 3175 3182 3241 Quibus
3211 3174 3410 3231 verbis
3435 3187 3576 3247 prae

1907 3265 2060 3321 fecto
2118 3265 2388 3320 indicant
2443 3280 2654 3321 eorum
2711 3264 3120 3320 testimonium
3183 3279 3577 3337 nequaquam

1907 3355 2088 3410 fuisse
2115 3354 2339 3410 amoris
2372 3359 2430 3410 et
2449 3354 2666 3417 laudis,
2699 3355 2803 3410 sed
2829 3354 3079 3414 timoris.
3103 3369 3214 3410 nec
3235 3353 3572 3415 voluntarii,

1909 3443 2017 3498 sed
2049 3443 2240 3511 inviti,
2270 3459 2467 3516 neque
2496 3443 2743 3498 honoris
2781 3443 2992 3498 munia
3028 3448 3241 3515 sponte
3272 3442 3574 3511 solventis,

1907 3533 2013 3588 sed
2038 3533 2190 3588 inter
2216 3537 2516 3589 tormenta
2544 3538 2602 3589 et
2629 3532 2881 3588 verbera
2910 3532 3078 3605 quod
3107 3532 3578 3605 extorquebatur

1904 3623 2080 3678 invite
2113 3622 2484 3678 conﬁtentis.~
2508 3621 2683 3688 Quod
2713 3638 2854 3678 cum
2881 3621 3092 3692 negari
3120 3623 3404 3695 nequeat,
3435 3622 3575 3694 quis

1905 3727 2008 3767 eos
2035 3716 2268 3766 asserat
2287 3711 2622 3783 perdidisse
2644 3718 2924 3767 naturam
2951 3727 3089 3766 cum
3108 3711 3237 3777 jam
3266 3710 3411 3765 olim
3432 3709 3576 3764 irre-

1904 3799 2324 3872 cuperabiliter
2348 3799 2576 3855 bonam
2596 3799 2965 3871 perdiderint
2990 3799 3360 3854 voluntatem
3382 3799 3409 3854 ‘?
3439 3814 3575 3869 quia

1902 3907 2042 3946 cum
2067 3906 2191 3946 non
2215 3891 2285 3946 sit
2310 3905 2578 3962 unquam
2599 3905 2706 3961 per
2729 3889 3049 3945 Dominum
3070 3893 3347 3945 nostrum
3369 3887 3576 3943 Jesum

1901 3979 2204 4035 Christum
2231 3977 2550 4034 liberanda
2581 3982 2761 4050 atque
2793 3977 3090 4045 sananda,
3116 3978 3213 4033 cui
3234 3992 3358 4032 non
3376 3980 3579 4048 pateat

1899 4063 2115 4125 falsam
2159 4083 2290 4123 esse
2333 4066 2748 4122 definitionem
2791 4069 2960 4122 tuam
3003 4082 3129 4139 qua
3158 4066 3355 4122 dixisti
3401 4082 3414 4120 :
3466 4065 3578 4122 Ubi

1899 4159 2052 4213 enim
2085 4163 2168 4213 est
2201 4172 2382 4213 causa
2415 4172 2546 4228 quae
2579 4156 2900 4227 compellit,
2933 4155 3018 4213 ibi
3039 4171 3160 4213 non
3203 4160 3288 4213 est
3326 4160 3580 4212 natura-

1899 4262 2036 4318 quae
2065 4248 2206 4303 velit
2238 4247 2266 4300 ‘I

1974 4335 2331 4408 Compulsos
2353 4350 2482 4390 esse
2504 4334 2581 4391 ad
2600 4335 3012 4391 conﬁtendum
3039 4339 3227 4392 Deum
3244 4335 3576 4405 daemones,

1900 4420 2037 4493 ipsa
2057 4435 2268 4476 eorum
2293 4419 2477 4476 verba
2498 4425 2790 4476 testantur
2809 4419 3034 4491 quibus
3057 4419 3265 4475 dicunt
3299 4438 3310 4475 :
3357 4420 3582 4476 Venisti

1903 4517 2044 4569 ante
2095 4518 2324 4582 tempus
2375 4517 2654 4582 torquere
2696 4523 2844 4578 nos;
2875 4509 3140 4581 profecto
3193 4509 3300 4581 qui
3343 4513 3579 4581 torque-

1900 4599 2144 4668 bantur,
2165 4603 2396 4656 constat
2422 4600 2568 4672 quia
2591 4599 2757 4654 inviti
2778 4597 3240 4654 conﬁtebantur.
3266 4600 3411 4653 Ecce
3439 4613 3577 4652 cum

1904 4692 2325 4762 apostatarum
2360 4692 2642 4743 naturam
2685 4686 3040 4756 angelorum
3088 4701 3356 4758 nequeas
3395 4685 3580 4740 abne-

1905 4792 2072 4848 gare,
2101 4776 2473 4832 voluntatem
2505 4791 2716 4831 eorum
2745 4774 2973 4830 bonam
3005 4778 3144 4847 post
3173 4773 3384 4846 primae
3407 4788 3578 4829 aver-

1908 4865 2098 4922 sionis
2141 4865 2383 4920 ruinam
2423 4862 2950 4936 irrecuperabilem
2995 4878 3313 4935 nunquam
3356 4862 3580 4936 poteris

1906 4953 2197 5026 invenire,
2225 4970 2488 5027 quorum
2523 4971 2626 5009 cor
2657 4958 2822 5009 tanta
2855 4952 3261 5009 obstinatione
3290 4952 3577 5024 induruit,

1907 5050 2308 5117 utnunquam
2332 5043 2410 5100 ad
2424 5044 2653 5099 bonum
2675 5057 2885 5098 eorum
2907 5041 3235 5114 pertinacia
3254 5041 3579 5100 molliatur.

1910 5137 1991 5192 De
2022 5150 2286 5208 quorum
2317 5133 2496 5190 etiam
2529 5133 2723 5205 capite
2767 5132 3058 5188 Dominus
3086 5132 3162 5188 ad
3192 5132 3442 5190 beatum
3469 5132 3580 5189 Job

1907 5223 2174 5296 loquitur
2206 5241 2218 5279 :
2257 5223 2446 5293 Cujus
2501 5239 2602 5278 cor
2632 5222 3046 5293 indurabitur,
3097 5228 3165 5279 ut
3206 5223 3581 5279 malleatoris

1908 5316 2119 5382 incus;
2148 5315 2213 5368 Et
2237 5328 2478 5368 rursum
2514 5330 2527 5368 :
2564 5313 2680 5379 Qui
2693 5313 2898 5382 factus
2923 5317 3028 5381 est,
3051 5317 3119 5366 ut
3144 5312 3384 5367 nultum
3417 5313 3580 5365 time-

1908 5409 1997 5459 ret
2026 5403 2178 5472 (Job.
2203 5418 2283 5469 x1,
2320 5407 2403 5467 15,
2433 5404 2548 5468 24).
2585 5401 2694 5466 Qui
2725 5401 2887 5455 enim
2919 5399 3154 5454 nullum
3200 5400 3388 5462 timet,
3417 5397 3582 5453 vide~

1905 5493 2040 5548 licet
2069 5507 2178 5547 nec
2209 5491 2410 5563 ipsum
2453 5495 2659 5554 Deum,
2707 5490 2891 5546 claret
2938 5487 3150 5561 procul
3201 5487 3387 5544 dubio
3436 5488 3581 5559 quia

1905 5582 2134 5638 bonam
2186 5581 2549 5636 voluntatem
2585 5581 2925 5653 perdiderit,
2960 5592 3084 5632 non
3119 5582 3422 5633 naturam.
3477 5582 3583 5634 Na.

1903 5677 2041 5731 tura
2065 5677 2269 5729 autem
2299 5672 2428 5742 ejus
2450 5672 2595 5744 quia
2619 5671 2784 5727 bona
2818 5670 2908 5738 sit,
2938 5668 3076 5741 quis
3106 5667 3381 5737 ignoret?
3423 5669 3580 5725 Vidit

1905 5763 2063 5820 enim
2107 5762 2267 5819 Deus
2312 5766 2531 5818 cuncta
2570 5775 2702 5833 qua?
2739 5760 2906 5830 fecit,
2940 5762 2994 5812 et
3017 5762 3191 5813 erant
3223 5758 3400 5815 valde
3428 5757 3584 5815 bona
