3936 6386
355 262 492 320 1087
1423 250 1480 308 8.
1519 242 1899 304 PRUDENTII
1934 243 2020 300 TR

2202 242 2311 301 'SlS
2349 242 2682 300 EPISCOPI.
3658 241 3812 297 1088

351 386 521 459 (Gen.
554 399 595 454 ι,
624 383 738 447 3t).
764 377 929 436 Unde
952 379 1010 434 et
1038 390 1201 449 saepe
1225 374 1288 432 in
1312 372 1627 447 Scripturis
1656 368 1876 428 sanctis
1907 370 2018 425 Do-
2047 384 2095 438 Α
2133 367 2316 425 habet
2343 383 2515 435 sana,
2545 366 2882 425 orthodoxa
2906 364 3321 459 catholicaque
3346 364 3644 459 doctrina)
3663 364 3813 459 nul-

350 454 502 533 mini
552 469 803 543 Spiritus
852 465 1210 540 appellatur,
1262 463 1369 520 sed
1420 478 1561 519 cum
1607 459 2021 518 additamento
2130 459 2226 515 lus
2251 459 2488 516 initium
2514 459 2729 517 saltem
2763 459 2941 515 honre
2971 456 3297 513 voluntatis
3323 456 3643 531 concipere
3664 454 3810 513 vale

351 563 449 622 vel
478 560 697 630 malus,
718 557 811 615 vel
830 571 1117 630 nequam,
1149 552 1244 610 vel
1272 552 1437 611 aliud
1456 550 1643 626 quid;
1677 565 1754 607 ne
1781 547 2023 605 bonitas

350 650 678 713 voluntatis
707 648 838 721 ejus
870 644 996 703 ulla
1021 647 1352 719 putaretur,
1402 657 1595 717 quam
1649 655 1790 697 cum
1838 635 2024 694 semel

354 740 641 809 amiserit,
668 751 990 811 nunquam
1016 736 1388 808 recepturus,
1413 746 1733 805 nunquam
1762 727 2024 785 creditur

351 831 689 891 habiturus.
722 825 846 884 Nisi
873 824 1023 881 forte
1049 822 1101 880 ei
1131 839 1272 880 cum
1313 822 1563 892 Origene
1605 816 2020 894 pcenitentiam

351 917 743 995 repromittis,
794 918 849 973 et
898 918 1036 988 post
1080 911 1273 970 multa
1319 911 1680 969 saeculorum
1727 906 2024 966 curricula

356 1013 547 1070 status
576 1006 791 1083 perditi
821 1005 1008 1061 decus
1037 1003 1340 1074 integrum
1369 1005 1550 1075 atque
1575 1000 1949 1071 dignitatem,
1969 1001 2026 1054 et

349 1095 873 1160 honorificentiam
921 1106 1109 1167 quam
1151 1091 1215 1149 in
1262 1090 1607 1149 conditione
1650 1090 2022 1164 perceperat,

350 1187 691 1265 polliceris;
724 1201 864 1243 cum
903 1182 1193 1240 Dominus
1224 1196 1288 1238 se
1325 1181 1388 1237 in
1412 1179 1640 1252 judicio
1670 1177 1870 1251 impiis
1896 1176 2022 1232 dic-

352 1284 558 1338 turum
588 1279 833 1333 testetur
864 1291 877 1330 :
905 1273 1014 1340 Ile,
1041 1270 1344 1345 inquiens,
1375 1270 1439 1326 in
1469 1270 1666 1340 ignem
1708 1272 2019 1333 aeternum,

354 1369 463 1444 qui
483 1371 739 1439 paratus
769 1368 855 1422 est
884 1362 1125 1420 diabolo
1147 1366 1201 1418 et
1223 1360 1455 1432 angelis
1480 1361 1607 1430 ejus
1638 1356 2018 1426 (Matth.xxv,

352 1461 470 1528 41).
484 1457 819 1514 ίΕιενηωη
836 1451 984 1509 dixit
1000 1466 1124 1508 non
1141 1449 1457 1519 ﬁnitivum,
1476 1464 1585 1505 nec
1604 1446 2017 1520 temporalem,

353 1562 541 1622 quem
577 1548 633 1602 et
674 1542 820 1601 alibi
866 1539 1389 1612 inextinguibilem
1436 1539 1767 1610 nuncupat,
1801 1539 1863 1591 ut
1891 1535 2020 1605 ejus

354 1633 646 1696 terminus
678 1630 881 1689 nullus
926 1644 1202 1702 unquam
1238 1626 1370 1683 fieri
1410 1624 1707 1682 credatur.
1759 1624 1929 1691 Quod
1973 1623 2020 1679 si

351 1741 578 1798 negare
602 1720 883 1792 volueris,
913 1719 1109 1795 parati
1139 1734 1370 1786 sumus,
1413 1716 1701 1787 largiente
1738 1714 2015 1781 Domino,
2047 1746 2087 1799 Β

351 1831 466 1892 pro
491 1814 715 1872 viribus
740 1810 1132 1885 respondere.
1157 1808 1213 1865 Si
1232 1824 1375 1865 vero
1395 1822 1518 1863 non
1543 1806 1604 1862 id
1628 1805 1703 1861 dc
1725 1804 2016 1876 angelica,

357 1905 469 1964 sed
488 1905 563 1962 de
583 1904 858 1962 humana
877 1904 1094 1958 natura
1116 1903 1168 1955 te
1190 1898 1410 1955 dixisse
1434 1894 1837 1970 responderis,
1862 1892 2019 1950 cohi-

351 1995 588 2054 bebunt
614 1994 779 2052 hunc
809 2004 1058 2048 sensum
1088 2004 1160 2045 ea
1188 2005 1325 2062 qua:
1343 1987 1474 2060 jam
1504 1985 1778 2059 superius
1806 1984 2022 2040 multo-

354 2085 463 2144 ties
515 2081 878 2142 inculcasti:
936 2077 1245 2137 rationalis
1302 2081 1612 2144 creaturae,
1664 2074 2020 2145 angelorum

356 2174 578 2232 scilicet
605 2176 791 2245 atque
819 2169 1158 2238 hominum,
1189 2167 1349 2224 hanc
1373 2166 1558 2223 fuisse
1588 2164 1814 2222 arbitrii
1846 2163 2022 2220 liber-

355 2266 561 2321 tatem.
580 2263 685 2318 Est
706 2260 886 2331 igitur
904 2262 1142 2322 natura,
1163 2261 1229 2314 ut
1246 2256 1327 2314 ad
1345 2254 1655 2312 hominem
1676 2254 2017 2316 redeamus,

356 2367 495 2426 quae
528 2348 906 2423 compellitur
932 2350 999 2404 ut
1024 2346 1165 2404 velit
1187 2346 1420 2403 bonum
1438 2343 1604 2419 quod
1626 2342 2021 2412 nolebat,imo

355 2439 627 2511 fugiebat
654 2442 834 2512 atque
864 2435 1280 2512 oppugnabat.
1315 2432 1703 2507 Compellitur
1727 2433 1932 2505 utique
1960 2434 2025 2487 ut

355 2529 497 2587 velit
515 2528 720 2597 libere,
741 2527 948 2601 utique
973 2524 1205 2583 crelitus
1223 2523 1373 2581 boni
1391 2522 1697 2579 voluntate
1716 2524 2019 2596 percepta,

359 2619 645 2694 deinceps
679 2617 871 2675 libera
897 2619 1173 2674 teneatur
1203 2613 1489 2671 divinitus
1521 2616 1701 2685 atque
1743 2610 2024 2667 iniciatur

355 2723 432 2766 ne
460 2709 682 2766 frustra
708 2707 866 2765 velit.
903 2705 1179 2779 Sequeris
1208 2702 1427 2760 deinde
1456 2706 1514 2759 et
1537 2701 1685 2759 dicis
1717 2718 1731 2758 :

935 2828 1173 2869 JOANNES
1212 2826 1440 2868 SCOTUS.

431 2906 604 2978 (Cap.
633 2908 689 2975 5,
717 2918 888 2959 num.
918 2906 1001 2966 t3,
1032 2905 1173 2958 sect.
1201 2901 1282 2972 4.)
1317 2904 1356 2953 Θ
1391 2899 1588 2971 Atque
1612 2897 1880 2955 humana
1900 2913 2019 2954 non

353 2995 548 3051 solum
581 2993 863 3050 voluntas
891 2997 995 3061 est,
1014 2991 1118 3048 sed
1144 2997 1198 3048 et
1226 2989 1458 3060 libera;
1480 3004 1588 3045 nec
1612 2990 1739 3059 ejus
1775 2987 2020 3043 libertas

2129 553 2234 605 aut
2262 548 2505 605 valebit.

2202 640 2350 697 Cum
2380 654 2523 696 vero
2545 638 2692 694 dicis
2722 656 2734 693 :
2765 640 2845 694 De
2874 653 2999 711 qua
3020 635 3265 693 miseria
3292 636 3590 694 liberatur
3607 639 3698 707 (ut
3714 637 3816 693 ait

2127 728 2473 802 Apostolus)
2512 729 2718 800 gratia
2756 730 2870 785 Dei
2904 743 3019 799 per
3058 729 3261 785 Jesum
3300 727 3631 791 Christum,
3672 742 3817 784 ma-

2127 822 2306 875 nente
2334 822 2535 875 tamen
2575 817 2775 875 adhuc
2822 815 3083 875 naturali
3124 815 3432 885 libertate;
3474 815 3699 873 mirum
3749 816 3813 873 si

2127 925 2252 965 non
2282 909 2463 966 etiam
2489 909 2847 975 libertatem,
2868 908 3023 965 sicut
3046 911 3104 965 et
3124 907 3492 965 voluntatem
3511 911 3813 965 naturam

2128 1014 2439 1055 asseveras
2475 1017 2489 1056 :
2519 1014 2659 1054 cum
2704 997 2922 1055 veritas
2966 1013 3039 1055 ea
3079 1001 3309 1054 naturae
3337 996 3623 1054 divinitus
3655 1013 3813 1054 con-

2128 1104 2298 1145 cessa
2326 1093 2506 1163 atque
2546 1088 2833 1146 attributa
2875 1086 3161 1161 praedicet
3198 1091 3257 1144 et
3284 1086 3586 1144 defendat.
3627 1086 3811 1144 Unde

2127 1181 2285 1251 post,
2320 1177 2377 1235 Si
2402 1177 2692 1234 Dominus
2723 1176 2974 1234 voluerit
3018 1175 3385 1233 videbimus.
3430 1174 3606 1243 Quod
3650 1191 3810 1232 vero

2126 1266 2292 1323 nullo
2319 1267 2503 1324 modo
2523 1266 3001 1335 concedendum,
3019 1281 3230 1323 censes
3256 1265 3524 1339 aliquam
3544 1280 3812 1323 causam

2127 1355 2652 1430 compulsativam,
2705 1356 2828 1430 sive
2876 1355 3108 1413 bonam
3144 1355 3279 1411 vive
3309 1354 3536 1413 malam
3578 1370 3815 1429 praece-

2126 1428 2287 1500 dere
2306 1444 2679 1526 voluntatem
2715 1428 3000 1511 hominis,
3048 1460 3157 1500 seu
3194 1442 3439 1501 alterius
3486 1428 3811 1501 rationalis

2126 1538 2380 1599 naturae,
2404 1550 2480 1592 ne
2502 1534 2580 1592 ab
2602 1551 2673 1592 ea
2692 1534 2974 1591 meritum
3006 1551 3129 1590 suae
3150 1532 3440 1591 libertatis
3462 1532 3803 1603 auferatur,

2127 1624 2244 1679 sive
2291 1624 2525 1680 bonum
2584 1624 2636 1681 si
2681 1623 2837 1680 bene
2884 1624 3114 1692 vixerit,
3165 1627 3527 1697 cooperante
3586 1622 3810 1681 divina.

2127 1712 2339 1782 gratia,
2370 1713 2493 1770 sive
2516 1713 2771 1779 malum,
2791 1712 2841 1770 si
2861 1712 3019 1770 male
3044 1712 3274 1781 vixerit,
3309 1728 3421 1769 suo
3453 1715 3623 1770 motu
3650 1710 3811 1770 irra:

2125 1801 2394 1858 tionabili
2425 1818 2852 1876 pel-versoque,
2885 1802 3026 1859 satis
3051 1806 3303 1875 apparet
3336 1800 3811 1873 Pelagianorum

2126 1895 2181 1949 te
2211 1892 2440 1963 dogma
2468 1892 2991 1966 perversissimum
3023 1891 3403 1949 conﬁrmare.
3448 1893 3612 1959 Quos
3657 1907 3810 1949 cum

2128 1982 2189 2038 in
2215 1998 2339 2040 una
2364 1989 2532 2056 parte
2563 1982 2989 2052 confutaveris,
3012 1982 3072 2039 in
3098 1980 3285 2039 altera
3305 1980 3597 2038 defendis.
3647 1984 3809 2039 Cum

2126 2088 2270 2129 vero
2314 2072 2375 2128 in
2424 2072 2796 2147 quibusdam
2848 2071 3259 2147 compellentis
3307 2072 3510 2143 gratia:
3562 2071 3809 2130 donum

2126 2163 2459 2220 orthodoxe
2489 2163 2553 2220 in
2599 2163 2777 2220 bonis
2808 2162 3185 2237 praedicetur,
3233 2162 3576 2220 nullatenus
3622 2162 3812 2220 liber-

2128 2253 2265 2309 tatis
2295 2254 2574 2311 meritum
2615 2252 2903 2323 aufertnr,
2951 2253 3061 2310 sed
3089 2257 3155 2310 ut
3188 2269 3320 2310 esse
3350 2253 3560 2327 possit,
3595 2252 3812 2309 tribui-

2127 2345 2224 2398 tur
2249 2346 2433 2416 atque
2462 2342 2807 2415 adjuvetur.
2844 2344 2991 2401 Cum
3021 2359 3164 2400 vero
3194 2344 3258 2399 in
3300 2341 3477 2399 malis
3520 2340 3808 2415 compul-

2129 2431 2323 2489 sativa
2352 2432 2676 2489 necessitas
2706 2432 2941 2501 dicitur,
2968 2448 3167 2506 neque
3190 2431 3274 2489 ibi
3315 2431 3599 2489 meritum
3625 2430 3809 2488 liber-

2127 2522 2262 2578 tatis
2306 2522 2595 2592 aufertur,
2640 2521 2746 2579 sed
2775 2521 3255 2580 accrescentibus
3284 2520 3478 2585 malis,
3510 2523 3694 2594 atque
3722 2519 3805 2577 de

2129 2611 2293 2669 bono
2336 2612 2501 2686 quod
2550 2612 2718 2687 prius
2762 2611 3061 2670 habuerat
3108 2611 3172 2669 in
3214 2610 3447 2669 malum
3490 2610 3807 2669 conversis

2129 2702 2397 2761 severius
2422 2702 2733 2775 judicatur
2755 2706 2936 2776 atque
2960 2702 3304 2761 damnatur.

2699 2826 2941 2867 JOANNES
2993 2825 3219 2868 BCOTUS.

2203 2905 2373 2973 (Cap.
2405 2904 2459 2969 5,
2489 2914 2659 2956 num.
2698 2900 2781 2969 l5,
2816 2903 2960 2957 sect.
2993 2900 3067 2973 5).
3095 2904 3134 2953 Θ
3164 2898 3432 2956 Proinde
3472 2898 3536 2955 in
3575 2899 3798 2972 quibus

2134 2991 2312 3047 nulla
2332 3004 2516 3047 causa
2546 2990 2906 3062 constringit
2925 2990 3220 3047 hominem
3237 3003 3339 3045 seu
3358 2987 3500 3045 bene
3516 3003 3620 3045 seu
3640 2989 3805 3046 male

348 3086 537 3156 falsa,
568 3082 673 3141 sed
692 3096 835 3140 vera
854 3087 986 3140 est:
1013 3080 1285 3153 quamvis
1306 3080 1439 3150 ipsa
1471 3079 1715 3135 libertas
1738 3082 1871 3149 post
1890 3092 2024 3147 pec-
2052 3106 2093 3159 ο
2131 3082 2347 3137 vivere.

351 3178 554 3233 catum
602 3173 665 3229 in
707 3175 943 3229 tantum
992 3171 1207 3228 vitiata
1237 3171 1337 3239 sit,
1370 3175 1438 3225 ut
1464 3182 1643 3238 paena
1669 3168 1798 3238 ejus
1838 3167 2021 3236 impe-

351 3264 564 3321 diatur
600 3278 677 3320 ne
712 3266 819 3319 aut
850 3266 1007 3319 recte
1043 3261 1240 3318 vivere
1287 3259 1454 3331 velit,
1495 3264 1601 3315 aut
1643 3258 1699 3314 si
1735 3257 1874 3313 velit
1900 3272 2021 3313 non

349 3354 537 3424 possit
570 3370 584 3407 :
614 3352 690 3407 de
726 3365 847 3422 qua
876 3349 1119 3406 miseria
1143 3348 1532 3417 liberatur,ut
1561 3347 1647 3403 ait
1674 3345 2035 3417 Apostolus,

354 3442 548 3513 gratia
578 3439 681 3496 Dei
704 3455 812 3512 per
830 3441 1036 3495 Jesum
1068 3438 1367 3495 Christum
1397 3439 1693 3503 (Rom.vu,
1726 3436 1822 3508 25)
1850 3454 1864 3505 ;
1891 3450 2021 3492 ma-

352 3534 533 3586 nente
555 3534 754 3585 tamen
785 3528 987 3585 adhuc
1014 3527 1295 3584 naturali
1321 3527 1613 3594 libertate,
1641 3540 1771 3597 qua:
1800 3526 2021 3582 intelli-

354 3619 527 3691 gitur
556 3616 943 3676 beatitudinis
972 3617 1263 3687 appetitu,
1289 3616 1392 3688 qui
1416 3616 1471 3673 ei
1490 3616 1860 3672 naturaliter
1882 3616 2022 3672 insi-

358 3715 453 3765 tus
483 3714 589 3766 08’.

1020 3792 1356 3835 CORRECTIO.

426 3874 469 3943 1-
495 3873 625 3939 Quo
645 3870 826 3943 igitur
850 3874 1027 3944 pacto
1061 3868 1331 3937 afﬁrmas
1361 3866 1636 3932 liberam,
1667 3881 1855 3939 quam
1884 3870 2021 3940 post

354 3967 673 4037 peccatum
692 3962 756 4019 in
783 3966 1016 4019 tantum
1040 3960 1258 4019 asscris
1282 3960 1571 4022 vitiatam,
1595 3961 1662 4015 ut
1688 3973 1871 4031 paena
1890 3958 2021 4029 ejus

354 4051 739 4125 impediatur,
770 4067 846 4108 ne
888 4055 994 4108 aut
1037 4054 1195 4108 recte
1239 4051 1434 4107 vivere
1483 4048 1643 4114 velit,
1675 4052 1780 4105 aut
1807 4047 1857 4103 si
1885 4046 2021 4104 velit

356 4156 480 4197 non
509 4141 751 4214 possit?
783 4138 1100 4206 Quomodo
1118 4138 1310 4196 libera
1334 4138 1569 4201 dicitur,
1597 4154 1734 4211 quae
1762 4140 1918 4194 recte
1936 4135 2021 4194 vi-

355 4244 492 4285 vere
514 4244 638 4285 non
658 4228 832 4285 vult?
860 4226 1172 4300 quomodo
1197 4226 1386 4284 libera
1406 4225 1784 4300 prtedicatur,
1806 4243 1944 4300 quae
1968 4226 2019 4282 si

355 4320 513 4376 recte
542 4317 734 4374 vivere
762 4316 917 4385 velit,
945 4332 1069 4373 non
1097 4316 1335 4389 possit?
1379 4316 1520 4383 Quis
1551 4315 1713 4372 enim
1737 4314 1888 4372 liber
1925 4315 2015 4370 di-

2804 3166 3126 3207 CXRRECTIO.

2202 3242 2243 3311 -ἶ-
2271 3243 2338 3298 Et
2374 3238 2622 3313 quidem
2671 3239 2838 3313 quod
2885 3238 3208 3313 Apostolus
3254 3237 3421 3314 apud
3464 3237 3806 3297 Corinthios

2132 3345 2272 3387 eum
2302 3328 2408 3402 qui
2438 3344 2690 3385 uxorem
2716 3329 2901 3402 patris
2934 3328 3049 3385 sibi
3084 3331 3294 3386 contra
3341 3328 3433 3385 fas
3479 3327 3805 3401 copulave-

2129 3419 2412 3488 rat,tradi
2425 3418 2599 3490 jubet
2624 3419 2961 3493 Satanarin
2986 3420 3295 3477 interitum
3326 3419 3550 3491 carnis,
3584 3424 3650 3475 ut
3676 3420 3803 3489 spi-

2131 3510 2287 3566 ritus
2311 3509 2518 3566 salvus
2548 3510 2625 3565 sit
2652 3509 2715 3565 in
2746 3509 2843 3567 die
2871 3509 3103 3566 Domini
3128 3508 3324 3582 (ICor.
3346 3510 3467 3582 v,5)
3495 3526 3508 3565 :
3540 3508 3691 3582 quid
3711 3511 3805 3566 est

2130 3598 2299 3672 quod
2328 3601 2385 3654 et
2422 3597 2744 3656 auctoritas
2782 3598 3076 3656 canonica
3112 3598 3396 3673 praecipit,
3447 3601 3504 3655 et
3547 3613 3806 3655 consue-

2132 3686 2279 3745 tudo
2312 3686 2585 3743 Ecclesiae
2618 3690 2775 3744 tenet
2807 3687 2886 3744 ad
2912 3687 3246 3746 coercenda
3273 3688 3438 3759 vitia,
3469 3686 3554 3745 uti
3599 3687 3805 3745 verbe-

2130 3775 2320 3842 ribus,
2374 3775 2739 3847 carceribus,
2793 3777 3019 3851 nervis,
3072 3776 3802 3835 excommunicationibus

2131 3864 2386 3938 aliisque
2416 3863 2831 3938 compluribus
2879 3865 3207 3940 disciplinae
3239 3866 3534 3923 medentis
3575 3866 3801 3938 generi.

2127 3952 2268 4011 bus.
2302 3953 2467 4010 Unde
2495 3953 2710 4011 beatus
2729 3955 3097 4026 Augustinus
3115 3958 3177 4012 in
3213 3955 3367 4013 libro
3389 3954 3797 4019 Enchiridion,

2129 4059 2269 4100 cum
2294 4042 2369 4099 de
2398 4042 2771 4101 dimittendis
2798 4044 3058 4118 peccatis
3088 4049 3289 4116 ageret
3319 4045 3477 4117 (cap.
3498 4047 3612 4117 72),
3644 4045 3801 4102 inter

2130 4137 2343 4192 caetera
2372 4132 2561 4191 dixit:
2596 4131 2686 4207 [Et
2730 4133 2835 4208 qui
2883 4134 3168 4192 emendat
3211 4134 3459 4192 verbere
3506 4134 3568 4191 in
3608 4151 3797 4208 quem

2128 4227 2393 4297 potestas
2422 4222 2619 4286 datur,
2646 4223 2742 4280 vel
2770 4228 3004 4282 coercet
3031 4224 3237 4298 aliqua
3265 4224 3604 4299 disciplina,
3626 4229 3688 4283 et
3715 4230 3800 4283 ta-

2128 4330 2269 4370 men
2293 4316 2608 4388 peccatum
2631 4314 2761 4386 ejus
2781 4314 2948 4388 quod
2969 4313 3047 4372 ab
3074 4314 3176 4372 illo
3196 4314 3376 4371 lassus
3399 4319 3501 4372 aut
3526 4314 3798 4372 oﬂensus

356 4406 527 4477 citur,
560 4406 612 4462 si
655 4420 779 4462 non
824 4404 1095 4462 libertate
1137 4404 1384 4479 propria
1429 4420 1540 4478 pro
1585 4404 1677 4461 sui
1707 4403 2014 4461 voluntate
2047 4465 2086 4479 η
2132 4408 2241 4471 est,
2273 4404 2512 4461 dimittit
2549 4420 2622 4460 ex
2657 4403 2859 4475 corde,
2894 4403 2991 4461 vel
3034 4409 3171 4462 orat
3202 4408 3267 4462 ut
3314 4404 3367 4461 ei
3414 4404 3796 4464 dimittatur:

355 4465 557 4553 utatur
582 4495 610 4552 ἰ
642 4494 783 4562 Quis
814 4510 1012 4551 caecus
1037 4465 1471 4551 lumen.videre
1498 4492 1707 4566 possit,
1736 4492 1788 4549 si
1816 4492 1957 4548 velit
1987 4492 2015 4548 ?
2047 4465 2090 4519 θ
2130 4465 2254 4551 non
2286 4494 2483 4550 solum
2512 4494 2574 4552 in
2604 4511 2675 4552 eo
2704 4465 2869 4568 quod
2896 4494 3136 4552 dimittit
3155 4494 3250 4551 vel
3280 4496 3383 4567 [αι.
3414 4496 3615 4570 atque]
3642 4501 3800 4562 orat,

353 4584 491 4658 quis
524 4584 779 4642 claudus
810 4587 914 4641 aut
942 4582 1177 4653 debilis,
1225 4581 1319 4639 vel
1348 4597 1546 4655 agere,
1578 4580 1673 4637 vel
1701 4579 2016 4638 ambulare
2125 4600 2334 4640 verum
2364 4584 2543 4641 etiam
2572 4584 2635 4642 in
2665 4600 2737 4642 eo
2765 4584 2935 4659 quod
2973 4584 3219 4659 corripit
3262 4590 3320 4642 et
3364 4585 3567 4659 aliqua
3595 4601 3800 4643 emen-

352 4675 567 4750 possit,
593 4675 643 4732 si
665 4674 850 4733 velit?
878 4677 1076 4733 Potest
1094 4673 1147 4731 ei
1165 4674 1363 4731 inesse
1390 4672 1660 4731 voluntas
1692 4690 1705 4742 ;
1738 4670 2017 4744 nunquid
2125 4672 2360 4731 datoria
2388 4690 2571 4748 poena
2597 4674 2819 4749 plectit,
2860 4675 3311 4750 eleemosynam
3336 4675 3458 4739 dat,
3490 4675 3637 4749 quia
3681 4678 3800 4734 mi-

351 4764 594 4821 libertas
625 4764 653 4820 ‘l
684 4767 813 4821 Non
855 4764 1016 4821 enim
1048 4767 1137 4820 est
1165 4762 1422 4819 liberum
1465 4761 1559 4818 vel
1590 4777 1751 4818 caeco
1790 4759 2013 4829 videre,
2130 4763 2456 4821 sericordia
2477 4764 2922 4837 praestat.Multa
2951 4765 3112 4823 enim
3137 4765 3302 4822 bona
3329 4770 3691 4839 praestantur
3709 4766 3800 4823 in-

352 4853 448 4911 vel
484 4854 703 4913 claudo
746 4853 1084 4923 ambulare,
1115 4852 1211 4911 vel
1251 4856 1422 4909 muto
1458 4850 1645 4925 loqui,
1695 4850 1790 4908 vel
1831 4849 2015 4908 surdo
2121 4852 2572 4926 justis,quando
2594 4869 2806 4911 eorum
2828 4854 3157 4912 consulitur
3177 4855 3555 4923 utilitati,non
3586 4855 3799 4912 volun‘

354 4941 585 5009 audire,
629 4942 727 4999 vel
776 4946 978 5000 mente
1025 4946 1203 5016 capto
1241 4940 1586 5013 intelligere.
1640 4944 1774 4997 Haec
1816 4943 2017 4997 tamen

354 5030 631 5102 exempla
662 5032 743 5088 ad
769 5031 886 5089 hoc
917 5035 1059 5089 sunt
1089 5028 1379 5103 adhibita,
1421 5035 1487 5088 ut
1522 5029 1764 5087 libertas
1806 5030 1877 5101 [Γ.
1909 5044 2017 5086 vo-

351 5118 575 5184 luntas]
610 5119 818 5176 deesse
845 5119 1035 5178 libera
1065 5120 1512 5194 comprobetur,
1555 5136 1679 5177 non
1708 5123 1774 5177 ut
1801 5118 2016 5176 volun-

353 5208 489 5267 tatis
517 5207 695 5266 bona:
724 5207 822 5264 vel
847 5208 1023 5265 male
1052 5208 1320 5267 inductio
1357 5208 1450 5266 vel
1490 5208 1767 5283 depulsio
1797 5208 2016 5266 conﬁr-

352 5301 570 5355 metur.
601 5298 811 5355 Mirum
834 5296 1062 5370 quippe
1091 5296 1266 5353 valde
1296 5302 1383 5356 est
1411 5297 1662 5355 liberam
1683 5297 1882 5354 dicere
1913 5312 2015 5354 vo-

352 5386 664 5457 luntatem,
698 5403 835 5461 qua:
880 5390 984 5444 aut
1010 5401 1135 5443 non
1165 5386 1305 5444 velit
1347 5387 1515 5461 quod
1552 5386 1881 5445 volendum
1921 5385 2012 5452 sit,

353 5479 458 5534 aut
487 5474 537 5532 si
559 5476 719 5542 velit,
750 5476 1000 5533 omnino
1025 5491 1150 5533 non
1179 5475 1386 5550 possit.
1429 5479 1550 5533 Hoc
1585 5476 1720 5534 licet
1762 5476 1861 5549 jus
1891 5474 2013 5532 dis-

353 5562 781 5634 putatiunculis
802 5568 1062 5633 astruas,
1084 5580 1403 5638 nunquam
1424 5566 1772 5623 auctoritate
1790 5564 2013 5641 poteris

356 5652 714 5721 approbare.
740 5655 970 5728 Quippe
999 5655 1060 5711 in
1090 5654 1151 5711 id
1181 5655 1316 5712 totis
1345 5655 1573 5713 vu‘ibus
1601 5656 1919 5715 elaborans
1948 5658 2014 5711 ut

355 5751 603 5809 prorsus
628 5741 883 5812 gratiam
912 5742 1170 5814 abroges
1194 5742 1519 5813 liberantis,
1552 5745 1678 5803 sine
1698 5762 1824 5819 qua
1840 5746 1926 5817 (ut
1945 5760 2016 5803 se

2126 4942 2380 5015 tati,qua
2392 4942 2505 5016 ipsi
2520 4941 2635 4999 sibi
2647 4943 3032 5001 inveniuntur
3044 4944 3414 5002 esseinimici
3431 4963 3444 5014 ;
3461 4944 3798 5002 amicivero

2128 5048 2337 5089 eorum
2367 5032 2565 5106 potius
2595 5032 2678 5090 illi
2702 5050 2855 5108 quos
2884 5033 3161 5092 inimicos
3190 5038 3423 5107 putant,
3456 5038 3513 5092 et
3534 5031 3801 5092 reddunt

2127 5121 2386 5179 errando
2411 5121 2574 5180 mala
2600 5139 2711 5196 pro
2734 5122 2930 5193 bonis,
2960 5139 3100 5180 cum
3128 5123 3379 5180 reddere
3409 5123 3575 5180 mala
3603 5124 3798 5180 Chris-

2128 5211 2252 5268 tian
2261 5229 2325 5266 us
2351 5226 2473 5268 non
2490 5210 2845 5275 debeat,nec
2868 5228 2977 5285 pro
2991 5212 3210 5285 malis.)
3224 5214 3266 5284 -ἶ-
3280 5212 3423 5269 Hinc
3435 5212 3646 5269 beatus
3658 5213 3798 5269 Gre-

2128 5300 2332 5373 gorius
2357 5304 2416 5357 in
2438 5300 2808 5375 expositione
2819 5301 3530 5376 beatiJob,1ib.v1,cap.13
3548 5320 3560 5357 :
3578 5299 3797 5375 [Porro

2126 5392 2359 5447 salvum
2398 5391 2584 5461 faciet
2614 5407 2860 5462 egenum
2906 5392 2978 5447 lle
3010 5392 3216 5463 gladio
3255 5394 3377 5449 oris
3406 5408 3609 5449 eorum
3640 5398 3693 5448 et
3724 5392 3800 5448 de

2124 5496 2310 5537 manu
2344 5482 2593 5538 violenti
2612 5497 2944 5552 pauperem
2976 5482 3296 5554 (Jobv,15).
3316 5485 3549 5554 Pauper
3567 5480 3797 5554 quippe

2126 5569 2503 5643 estquisquis
2535 5571 2698 5644 apud
2729 5571 3121 5645 semetipsum
3143 5571 3331 5628 elatus
3360 5586 3483 5627 non
3516 5570 3797 5626 est.Unde

2124 5676 2231 5732 per
2258 5660 2643 5730 Evangelium
2672 5661 2895 5718 Veritas
2927 5662 3071 5719 dicit
3102 5678 3115 5718 :
3151 5663 3329 5719 Beati
3344 5675 3644 5732 pauperes
3678 5662 3798 5731 spi-

2125 5750 2204 5806 rit
2213 5752 2558 5820 u,quoniam
2576 5751 2838 5820 ipsorum
2858 5757 2941 5809 est
2961 5767 3214 5824 regnum
3242 5752 3527 5810 calorum
3547 5750 3794 5819 (Matth-
