3936 6384
205 289 348 350 1089

1147 301 1236 355 DE
1277 299 1949 360 PREDESTINATIONE
1990 298 2271 356 CONTRA
2308 302 2356 357 J.
2402 301 2696 360 SCOTUM.

3508 307 3646 367 1090

194 398 617 489 v,3).Duobus
633 416 835 477 autem
864 421 1060 479 modis
1088 423 1166 480 ad
1185 424 1426 498 culpam
1450 425 1866 505 unusquisque
1898 432 1940 480 Α
1982 422 2261 481 docibiles
2280 426 2393 483 Dei
2411 426 2613 499 (Ibid,
2648 442 2801 484 vers.
2831 426 2941 499 45).
2978 427 3035 485 Si
3065 441 3210 499 ergo
3239 444 3451 487 omnes
3480 432 3648 504 quia

196 506 592 578 pertrahitur;
617 513 718 566 aut
741 509 1132 569 delectatione
1162 514 1323 569 enim
1349 515 1606 586 ducitur,
1631 519 1735 572 aut
1762 520 1868 569 ter-

191 608 338 650 rore
367 601 702 669 superatur.
739 599 982 656 Gladius
1012 615 1280 674 namque
1311 603 1432 659 oris
1464 609 1557 660 est
1584 604 1868 677 iniquitas

191 685 614 755 persuasionis
637 705 649 755 ;
674 704 892 745 manus
915 694 1118 747 autem
1141 690 1384 749 violenti
1415 698 1507 750 est
1532 692 1867 750 adversitas

189 773 537 845 potestatis.
571 776 685 833 Sed
711 777 856 850 quia
882 779 1167 836 veraciter
1193 780 1458 851 humilis,
1478 782 1584 856 qui
1598 782 1715 838 hoc
1734 782 1868 839 loco

188 877 437 938 pauper
476 870 746 938 vocatur,
779 885 902 943 quo
933 869 1101 927 nulla
1130 871 1312 944 hujus
1334 872 1547 929 mundi
1576 889 1867 947 prospera

189 954 450 1026 appetit,
469 971 541 1013 eo
558 957 849 1015 audenter
865 960 1047 1017 etiam
1068 961 1326 1019 adversa
1343 963 1692 1033 contemnit,
1709 968 1867 1020 recte

187 1040 434 1100 dicitur:
451 1045 703 1102 Salvum
715 1048 903 1117 faciet
925 1064 1169 1120 egenum
1185 1050 1259 1107 de
1268 1051 1474 1122 gladio
1489 1066 1713 1121 eorum,
1728 1052 1869 1109 etde

185 1147 385 1188 manu
400 1133 647 1191 violenti
666 1151 1016 1207 pauperem.
1035 1143 1112 1194 Ac
1131 1138 1179 1195 si
1201 1144 1403 1213 aperte
1425 1133 1746 1198 diceretur:
1774 1141 1867 1198 Sic

183 1218 260 1275 in
280 1235 343 1277 se
367 1223 521 1278 Deus
541 1227 776 1279 mentes
794 1223 1118 1282 humilium
1150 1225 1392 1299 solidat,
1415 1231 1481 1285 ut
1501 1244 1604 1285 eas
1637 1228 1715 1285 ad
1736 1245 1866 1302 per-

179 1309 564 1381 petrandum
580 1311 913 1384 nequitiam
939 1329 1050 1370 nec
1070 1313 1486 1373 blandimenta
1509 1316 1863 1374 suasionum

178 1398 571 1471 pertrahunt,
606 1416 716 1458 nec
761 1400 1000 1459 dolores
1054 1404 1487 1478 suppliciorum
1535 1407 1863 1479 frangant]

268 1489 311 1557 -ἷ-
342 1490 473 1544 Jam
505 1505 647 1546 vero
687 1490 855 1563 quod
893 1491 1088 1565 addis,
1120 1496 1308 1551 Deum
1354 1497 1619 1553 omnium
1682 1497 1861 1554 bono-

177 1591 333 1632 rum
364 1593 484 1634 non
516 1594 638 1635 esse
685 1594 929 1637 causam
981 1586 1400 1654 necessariam,
1436 1587 1540 1642 sed
1580 1587 1860 1644 volunta-

176 1666 372 1735 riam,
399 1666 605 1724 volens
637 1685 707 1725 eo
735 1677 1092 1742 argumento
1120 1689 1471 1747 perversum
1503 1680 1738 1733 motum
1766 1693 1860 1733 ra-

1978 516 2147 570 Patre
2178 515 2497 572 trahuntur
2525 515 2605 573 ad
2635 515 2852 572 Filium
2881 522 3060 573 erunt
3091 518 3373 577 docibiles
3400 520 3534 593 Dei,
3574 521 3645 578 li-
3742 567 3761 585 .

1976 606 2122 675 quet
2149 604 2418 677 profecto
2444 606 2590 679 quia
2616 621 2741 663 non
2769 621 2841 663 ex
2873 621 2936 662 se
2973 605 3241 665 habeant
3269 608 3644 667 voluntatem

1938 700 1943 708 ‘
1976 694 2369 752 veniendi‘ad
2402 696 2637 767 Filium,
2660 696 2769 753 sed
2796 713 2833 753 a
2853 698 3022 754 Patre
3051 698 3322 756 trahente
3343 699 3644 772 accipiant

1975 784 2350 841 voluntatem
2403 789 2584 860 atque
2612 786 2945 858 scientiam,
2976 792 3042 845 ut
3069 792 3125 845 et
3153 788 3339 847 velint
3367 793 3426 846 et
3453 789 3645 847 sciant

1975 873 2177 930 venire
2207 873 2286 931 ad
2314 890 2499 949 quem
2530 876 2870 934 trahuntur.

2047 966 2127 1020 De
2153 963 2269 1020 hac
2301 965 2494 1034 gratia
2516 966 2793 1036 gratuita,
2816 981 3003 1040 quam
3028 971 3337 1042 tantopere
3357 968 3643 1040 negando

1939 1118 1942 1122 ,
1974 1051 2553 1125 impugnas,beatus
2570 1055 2947 1126 Augustinus
2975 1055 3036 1112 in
3058 1055 3212 1113 libro
3235 1056 3640 1128 Enchiridion,

1973 1158 2113 1198 cum
2142 1142 2219 1199 de
2249 1147 2507 1216 utraque
2532 1142 2876 1201 substantia
2909 1144 3033 1201 Filii
3055 1146 3156 1202 Dei
3174 1146 3539 1220 loqueretur,
3557 1147 3643 1206 ait

1971 1232 2130 1303 (cap.
2163 1233 2255 1306 36)
2281 1249 2294 1288 :
2330 1230 2458 1306 [Hic
2480 1233 2732 1291 omnino
2761 1234 3069 1306 granditer
3097 1239 3155 1293 et
3181 1236 3486 1295 evidenter
3507 1251 3641 1309 gra-

1970 1321 2054 1379 tia
2085 1321 2185 1379 Dei
2211 1322 2693 1394 commendatur,
2732 1323 2887 1391 Quid
2918 1324 3079 1382 enim
3121 1330 3341 1384 natura
3367 1325 3641 1384 humana

1970 1412 2033 1468 in
2058 1412 2304 1469 homine
2331 1414 2563 1471 Christo
2596 1414 2834 1485 meruit,
2857 1419 2921 1471 ut
2949 1415 3013 1471 in
3042 1415 3336 1473 unitatem
3363 1431 3637 1490 persona

1970 1501 2132 1558 unici
2161 1502 2289 1559 Filii
2320 1503 2421 1559 Dei
2452 1502 2836 1575 singulariter
2893 1508 3049 1561 esset
3097 1510 3413 1578 assumpta
3433 1506 3462 1563 ?
3492 1507 3636 1573 Quae

1968 1589 2135 1647 bona
2162 1589 2464 1661 voluntas,
2489 1591 2661 1665 cujus
2691 1591 2837 1649 boni
2865 1592 3159 1666 propositi
3190 1592 3482 1661 studium,
3502 1609 3636 1667 quae

1969 1679 2135 1737 bona
2182 1695 2370 1754 opera
2416 1685 2877 1754 praecesserunt,
2909 1682 3135 1756 quibus
3166 1687 3497 1740 mereretur
3523 1683 3637 1741 iste

175 1754 399 1812 tionali
429 1756 783 1815 substantiae
816 1762 1133 1820 ostendere
1162 1779 1286 1820 non
1325 1780 1454 1821 esse
1486 1781 1733 1822 causam
1759 1783 1858 1823 uc-
1885 1783 1929 1837 Β
1968 1768 2153 1825 homo
2182 1767 2311 1825 ﬁeri
2341 1770 2469 1841 [al.,
2514 1775 2577 1827 ut
2606 1770 2793 1842 ﬁeret]
2823 1754 2949 1829 una
2989 1787 3253 1845 persona
3298 1787 3440 1830 cum
3466 1772 3637 1830 Deo?

174 1844 540 1916 cessariam,
584 1847 689 1904 sed
735 1848 1161 1926 voluntariam,
1206 1853 1504 1911 debueras
1548 1856 1855 1913 advertere

172 1932 350 1991 beati
379 1937 694 2008 Augustini
727 1940 1107 2013 sententiam,
1140 1958 1329 2016 quam
1361 1948 1423 2000 tu
1445 1961 1690 2019 quoque
1719 1951 1857 2003 ante

171 2024 453 2082 inserere
482 2025 721 2084 voluisti
755 2044 829 2084 ex
851 2029 1006 2087 libro
1038 2031 1169 2102 ejus
1197 2049 1381 2106 quem
1412 2033 1487 2090 de
1535 2034 1699 2092 dono
1728 2038 1860 2091 Pcr-

170 2115 539 2173 severantias
591 2117 895 2191 sapienter
950 2119 1323 2195 ﬁdeliterque
1373 2124 1749 2198 conscripsit,
1794 2126 1854 2181 in

167 2219 306 2277 quo
336 2204 420 2261 ita
447 2204 714 2280 loquitur
735 2209 891 2280 (cap.
920 2214 975 2277 7)
1005 2228 1017 2266 :
1051 2210 1135 2283 [Si
1167 2227 1310 2283 ergo
1343 2212 1460 2271 alia
1489 2214 1856 2273 documenta

165 2307 306 2349 non
357 2300 574 2364 essent,
615 2295 746 2353 haec
789 2298 1101 2357 Dominica
1149 2301 1339 2358 oratio
1386 2302 1564 2359 nobis
1608 2303 1689 2360 ad
1718 2320 1852 2361 eau-

166 2400 316 2441 sam
374 2386 601 2457 gratiae,
644 2403 834 2461 quam
888 2388 1292 2462 defendimus,
1348 2393 1477 2450 sola
1532 2393 1852 2465 sufﬁceret,

163 2472 325 2548 quia
356 2474 503 2531 nihil
532 2475 710 2533 nobis
737 2476 978 2552 reliquit
1005 2478 1068 2536 in
1097 2496 1221 2555 quo
1241 2484 1535 2556 tanquam
1556 2483 1617 2540 in
1647 2488 1853 2541 nostro

165 2562 528 2634 gloriemur.
581 2565 888 2641 Siquidem
935 2572 1001 2625 ut
1046 2584 1171 2627 non
1214 2570 1600 2629 discedamus
1652 2589 1689 2630 a
1731 2575 1852 2631 Deo

162 2669 304 2711 non
356 2654 618 2712 ostendit
664 2657 940 2716 dandum
989 2675 1118 2718 esse
1161 2661 1279 2719 nisi
1322 2678 1360 2720 a
1398 2666 1539 2733 Deo,
1573 2680 1714 2722 cum
1743 2681 1850 2740 po-

165 2744 480 2802 scendum
511 2746 770 2804 ostendit
799 2763 836 2804 a
867 2751 1015 2806 Deo:
1048 2750 1154 2824 qui
1185 2751 1346 2809 enim
1364 2767 1489 2810 non
1504 2753 1758 2812 infertur
1785 2754 1849 2811 in

161 2833 593 2907 tentationem,
624 2851 751 2893 non
780 2835 1036 2896 discedit
1064 2855 1101 2896 a
1129 2841 1273 2898 Deo.
1307 2845 1437 2899 Non
1460 2846 1551 2900 est
1575 2843 1693 2901 hoc
1720 2859 1849 2902 om-

159 2923 320 2981 nino
351 2923 414 2981 in
457 2925 689 2983 viribus
728 2926 899 2985 liberi
930 2929 1198 3001 arbibrii,
1229 2932 1442 3006 quales
1470 2950 1633 2992 nunc
1665 2940 1845 3005 sunt;

159 3011 369 3071 fuerat
397 3014 459 3070 in
487 3014 734 3072 homine
763 3021 1094 3091 antequam
1125 3018 1384 3078 caderet.
1437 3024 1579 3088 Quae
1635 3027 1847 3081 tamen

1968 1857 2250 1932 Nunquid
2274 1864 2454 1915 antea
2470 1860 2581 1916 fuit
2602 1860 2815 1931 homo,
2832 1864 2889 1917 et
2911 1861 3028 1917 hoc
3049 1861 3103 1918 ei
3128 1861 3432 1933 singulare
3452 1861 3637 1919 bene-

1966 1946 2175 2002 ﬁcium
2206 1946 2539 2020 praestitum
2561 1951 2670 2016 est,
2694 1953 2761 2005 ut
2785 1948 3164 2019 singulariter
3190 1955 3637 2024 promereretur

1964 2035 2153 2092 Deum
2175 2035 2204 2090 ?
2237 2038 2461 2109 Nempe
2483 2052 2558 2093 ex
2585 2053 2709 2110 quo
2741 2053 2871 2094 esse
2890 2038 3077 2095 homo
3097 2038 3296 2112 coepit,
3311 2053 3439 2096 non
3465 2037 3634 2096 aliud

1966 2125 2142 2199 C(Bpit
2169 2142 2302 2183 esse
2331 2126 2517 2184 homo
2546 2143 2737 2201 quam
2770 2126 2871 2184 Dei
2900 2126 3100 2200 Filius,
3128 2133 3187 2185 et
3214 2128 3331 2186 hoc
3388 2129 3633 2199 unicus,

1965 2219 2021 2272 et
2046 2220 2291 2290 propter
2317 2217 2506 2272 Deum
2535 2215 2819 2288 Verbum,
2851 2216 3018 2290 quod
3047 2216 3149 2274 illo
3178 2220 3461 2292 suscepto
3489 2232 3631 2277 caro

1962 2304 2189 2362 factum
2241 2308 2350 2374 est,
2378 2305 2586 2379 utique
2643 2308 2839 2361 Deus:
2873 2309 2939 2362 ut
2988 2305 3513 2380 quemadmodum
3542 2311 3634 2366 est

1961 2410 2085 2451 una
2110 2410 2373 2469 persona
2397 2393 2648 2468 quilibet
2667 2395 2876 2467 homo,
2898 2394 3105 2453 anima
3121 2395 3342 2453 scilicet
3368 2395 3632 2455 rationa-

1959 2482 2030 2540 lis
2059 2488 2116 2541 et
2141 2500 2306 2555 caro,
2339 2483 2453 2542 ista
2484 2484 2561 2541 sit
2589 2483 2859 2541 Christus
2888 2500 3016 2541 una
3044 2500 3330 2559 persona,
3364 2485 3629 2544 Verbum

1960 2578 2017 2630 et
2044 2573 2251 2631 homo.
2286 2573 2452 2631 Unde
2479 2577 2710 2631 naturae
2742 2574 3028 2631 humanas
3056 2578 3226 2632 tanta
3251 2574 3463 2647 gloria,
3493 2574 3629 2632 nul-

1957 2661 2030 2718 lis
2047 2662 2525 2735 praeeedentibus
2546 2662 2772 2721 meritis
2794 2663 2922 2721 sine
2946 2662 3319 2721 dubitatione
3341 2664 3623 2736 gratuita,

1958 2751 2073 2807 nisi
2098 2752 2243 2826 quia
2292 2768 2519 2824 magna
2547 2752 2645 2810 hic
2674 2757 2732 2809 et
2761 2752 2891 2810 sola
2921 2751 3024 2810 Dei
3065 2752 3260 2825 gratia
3286 2752 3541 2810 ﬁdeliter
3567 2756 3628 2810 et

1960 2840 2158 2898 sobrie
2184 2840 2708 2899 considerantibus
2741 2841 3049 2900 evidenter
3077 2841 3433 2913 ostenditur,
3452 2844 3521 2899 ut
3538 2841 3626 2899 in-

1956 2929 2224 3001 telligant
2253 2930 2532 2988 homines
2560 2946 2670 3005 per
2699 2931 2981 2988 eamdem
3015 2929 3272 3002 gratiam
3320 2946 3384 2988 se
3406 2929 3624 3004 justiﬁ-

1957 3019 2078 3075 cari
2129 3035 2166 3076 a
2203 3019 2486 3093 peccatis,
2513 3035 2621 3093 per
2666 3035 2855 3092 quam
2902 3019 3131 3076 factum
3180 3024 3270 3076 est
3317 3023 3386 3077 ut
3433 3019 3621 3078 homo

158 3102 422 3202 libertas
452 3104 778 3162 voluntatis
805 3105 869 3202 in
895 3106 1054 3164 illius
1075 3108 1286 3182 primas
1311 3111 1674 3202 conditionis
1694 3129 1847 3188 pras-
1873 3146 1915 3202 ο
1957 3107 2233 3202 Christus
2268 3107 2504 3164 nullum
2533 3111 2752 3202 posset
2784 3107 3008 3202 habere
3061 3110 3399 3202 Ρθοςιδῑιξηξι
3421 3107 3536 3202 Δδίο
3564 3110 3625 3166 οἱ

158 3193 395 3251 stantia
424 3197 726 3268 quantum
751 3194 1007 3254 valuerit
1035 3200 1319 3272 apparuit
1346 3200 1410 3256 in
1429 3201 1683 3273 angelis,
1714 3202 1845 3276 qui,

160 3282 416 3341 diabolo
447 3300 589 3340 cum
618 3283 742 3341 suis
772 3283 1044 3358 cadente,
1075 3287 1138 3343 in
1166 3287 1408 3347 veritate
1450 3294 1757 3361 steterunt,
1786 3297 1846 3348 et

158 3373 243 3430 ad
293 3373 681 3431 securitatem
731 3380 1090 3450 perpetuam
1137 3393 1264 3436 non
1314 3379 1595 3450 cadendi,
1625 3379 1690 3437 in
1720 3396 1843 3455 qua

159 3478 336 3521 nunc
361 3479 465 3521 eos
503 3479 634 3521 esse
664 3464 980 3522 certissimi
1010 3482 1243 3540 sumus,
1270 3469 1581 3543 pervenire
1611 3486 1844 3528 merue-

158 3559 333 3611 runt.
363 3556 499 3611 Post
525 3569 739 3611 casum
764 3560 972 3613 autem
1001 3555 1267 3615 hominis
1298 3559 1542 3616 nonnisi
1590 3559 1672 3617 ad
1700 3576 1840 3632 gra-

161 3640 319 3702 tiam
350 3659 526 3700 suam
558 3646 713 3701 Deus
740 3643 931 3702 voluit
957 3645 1254 3720 pertinere
1283 3652 1350 3706 ut
1374 3648 1560 3706 homo
1589 3650 1842 3710 accedat

164 3732 245 3789 ad
276 3748 447 3801 eum,
476 3748 677 3808 neque
705 3733 822 3790 nisi
848 3733 927 3791 ad
954 3735 1214 3807 gratiam
1241 3754 1419 3795 suam
1443 3738 1633 3796 voluit
1662 3740 1841 3813 perti-

162 3837 309 3880 nere
338 3828 406 3880 ut
433 3823 620 3881 homo
650 3839 777 3881 non
803 3824 1048 3883 recedat
1093 3826 1173 3884 ab
1222 3842 1314 3884 eo.
1372 3828 1540 3885 Hanc
1581 3830 1837 3899 gratiam

162 3912 369 3984 posuit
400 3912 463 3969 in
491 3911 591 3970 illo
621 3912 683 3970 in
704 3929 830 3988 quo
851 3918 1075 3972 sortem
1100 3916 1412 3974 consecuti
1437 3934 1673 3988 sumus,
1691 3936 1840 3994 prte-

163 3998 451 4057 destinati
482 4001 823 4059 secundum
849 4004 1229 4077 propositum
1258 4004 1389 4076 ejus
1421 4005 1527 4079 qui
1554 4007 1839 4064 universa

164 4096 453 4165 operatur
479 4092 722 4165 (Ephes.
754 4108 794 4165 1,
826 4093 973 4166 11).]
999 4095 1041 4165 -ί-
1080 4093 1266 4151 Audis
1294 4094 1438 4169 quia
1480 4096 1631 4154 nihil
1659 4099 1836 4154 nobis

162 4178 426 4254 reliquit,
458 4180 634 4238 audis
664 4196 790 4239 non
816 4198 949 4239 esse
977 4182 1095 4240 hoc
1123 4183 1375 4241 omnino
1404 4183 1469 4242 in
1513 4185 1745 4243 viribus
1773 4185 1838 4243 li-

164 4264 292 4324 beri
321 4267 574 4340 arbitrii,
615 4269 825 4343 quales
855 4285 1021 4327 nunc
1051 4275 1195 4328 sunt
1224 4288 1238 4328 :
1267 4272 1462 4330 fuerat
1492 4272 1554 4329 in
1587 4273 1835 4331 homine

164 4362 496 4432 antequam
526 4358 817 4416 caderet?
844 4359 1056 4433 Audis,
1082 4365 1219 4434 post
1251 4376 1461 4419 casum
1489 4366 1694 4420 autem
1722 4363 1833 4421 ho-

164 4445 346 4504 minis
370 4448 615 4504 nonnisi
645 4448 725 4505 ad
751 4448 1010 4520 gratiam
1040 4465 1215 4506 suam
1246 4452 1402 4507 Deus
1430 4450 1619 4508 voluit
1648 4453 1832 4526 perti-

162 4548 326 4609 nere,
348 4541 416 4593 ut
440 4537 628 4595 homo
648 4538 897 4596 accedat
924 4538 1005 4596 ad
1031 4537 1193 4611 eum,
1212 4544 1269 4597 et
1295 4538 1483 4597 audes
1505 4541 1829 4615 impuden-

165 4623 396 4684 tissime
424 4627 718 4702 tantisper
768 4626 879 4685 tibi
937 4643 1221 4701 arrogare
1252 4629 1507 4687 liberam
1559 4630 1832 4690 volunta-

165 4715 281 4772 tem
301 4716 331 4773 ?
362 4715 557 4774 fuerat
604 4721 761 4774 certe
813 4717 876 4774 in
925 4718 1175 4777 homine
1205 4723 1535 4794 antequam
1565 4721 1831 4787 caderet,

166 4804 269 4861 sed
296 4805 580 4880 nunquid
609 4806 841 4881 absque
864 4807 1097 4880 gratia?
1121 4807 1308 4866 Absit.
1333 4812 1469 4867 Post
1494 4825 1706 4868 casum
1730 4827 1834 4869 au—

165 4894 282 4951 tem
324 4895 591 4952 hominis
640 4896 887 4954 nonnisi
931 4897 1012 4954 ad
1039 4898 1298 4968 gratiam
1329 4897 1432 4957 Dei
1476 4900 1736 4973 pertinet
1765 4906 1832 4957 ut

165 4978 345 5043 homo
376 4984 628 5043 accedat
649 4985 729 5042 ad
753 5000 916 5057 eum,
947 4985 1011 5042 id
1040 4991 1129 5043 est
1158 4986 1403 5043 nonnisi
1429 5002 1539 5061 per
1567 4989 1829 5059 gratiam

167 5067 263 5128 Dei
288 5074 666 5133 voluntatem
711 5075 933 5150 accipit
961 5079 1027 5134 ut
1049 5074 1188 5133 velit
1213 5075 1497 5133 accedere
1526 5076 1607 5134 ad
1638 5080 1830 5134 Deum

166 5175 267 5233 per
292 5167 496 5223 Jesum
524 5166 827 5225 Christum
872 5166 1196 5224 Dominum
1224 5170 1501 5224 nostrum
1527 5183 1543 5234 ;
1575 5166 1730 5224 sicut
1773 5171 1830 5225 et

168 5247 287 5323 ipse
316 5255 504 5313 dixit:
531 5257 719 5314 Nemo
741 5261 934 5328 potest
984 5258 1187 5315 venire
1229 5257 1312 5315 ad
1351 5272 1464 5326 me,
1496 5256 1617 5313 nisi
1642 5257 1832 5314 Pater

168 5343 267 5410 qui
304 5346 465 5403 misit
510 5361 605 5404 me
653 5348 917 5404 traxerit
967 5362 1100 5405 eum
1127 5346 1324 5419 (Joan.
1357 5362 1436 5415 v1,
1468 5346 1582 5420 44).
1642 5345 1828 5402 Audis

171 5429 519 5504 trahentem,
554 5438 611 5493 et
634 5436 740 5494 ubi
783 5436 935 5494 liber
954 5438 983 5495 ?
1010 5436 1194 5494 Audis
1222 5441 1503 5508 tractum,
1536 5441 1593 5494 et
1623 5435 1728 5493 ubi
1755 5435 1826 5493 li-

170 5515 307 5579 bera
333 5525 618 5582 voluntas
641 5527 671 5583 ?
698 5526 810 5593 Qui
838 5526 1113 5598 trahitur,
1143 5525 1411 5600 profecto
1460 5525 1684 5583 invitus
1712 5528 1829 5583 tra-

173 5605 356 5670 hitur:
394 5615 441 5669 si
476 5615 699 5672 invitus
726 5615 997 5688 trahitur,
1030 5615 1239 5691 procul
1268 5616 1456 5672 dubio
1484 5615 1696 5671 nolens
1719 5613 1827 5670 (lu—

174 5698 333 5761 citur.
366 5707 482 5763 Sed
509 5711 575 5764 ut
606 5722 681 5764 ex
708 5706 947 5764 nolente
991 5706 1057 5765 ﬁt
1095 5707 1328 5779 volens,
1358 5705 1501 5764 audi
1527 5704 1693 5779 quod
1725 5703 1831 5762 ad-

170 5785 357 5858 iunxit
383 5798 538 5855 :‘Est
563 5797 855 5869 scriptum
888 5797 949 5855 in
988 5798 1294 5868 prophetis
1328 5814 1340 5853 :
1377 5798 1577 5853 Erunt
1628 5809 1828 5852 omnes

1954 3196 2086 3268 ejus
2114 3201 2367 3254 matrem
2392 3197 2643 3269 angelus
2667 3195 2966 3266 salutavit,
2988 3195 3240 3269 quando
3265 3194 3321 3252 ei
3347 3194 3620 3254 futurum

1951 3284 2253 3342 nuntiavit
2280 3285 2442 3342 hunc
2466 3288 2744 3360 partum:
2773 3284 2919 3356 Ave,
2942 3283 3161 3358 inquit,
3189 3284 3393 3356 gratia
3411 3284 3615 3356 plena.

1951 3377 2019 3430 Et
2048 3374 2231 3447 paqu
2262 3378 2434 3449 post:
2470 3375 2784 3447 Invenisti,
2814 3374 2915 3444 ait,
2946 3374 3212 3447 gratiam
3238 3373 3407 3445 apud
3428 3374 3618 3431 Deum

1955 3462 2117 3535 (Luc.
2163 3479 2202 3535 1,
2233 3466 2323 3532 28,
2357 3466 2469 3533 30).
2503 3465 2571 3520 Et
2598 3463 2730 3520 haec
2784 3461 3033 3537 quidem
3082 3461 3273 3534 gratia
3327 3461 3528 3536 plena,
3562 3465 3620 3520 et

1950 3552 2247 3609 invenisse
2277 3551 2444 3627 apud
2475 3554 2665 3610 Deum
2696 3551 2956 3625 gratiam
2987 3550 3225 3621 dicitur,
3256 3555 3325 3610 ut
3376 3550 3619 3610 Domini

1953 3641 2065 3715 sui,
2093 3642 2217 3700 imo
2244 3642 2483 3700 Domini
2513 3643 2788 3700 omnium
2816 3645 3010 3700 mater
3033 3645 3208 3700 esset.
3242 3643 3324 3699 De
3348 3640 3484 3716 ipso
3513 3657 3619 3700 au-

1951 3736 2068 3790 tern
2101 3732 2332 3790 Christo
2356 3735 2621 3791 Joannes
2650 3731 3024 3806 evangelista
3047 3747 3189 3788 cum
3215 3730 3463 3788 dixisset
3491 3747 3507 3787 :
3532 3731 3617 3788 Et

1957 3821 2211 3879 Verbum
2243 3837 2386 3880 caro
2411 3824 2647 3895 factum
2680 3827 2765 3880 est
2794 3827 2848 3879 et
2908 3820 3204 3878 habitavit
3234 3820 3298 3876 in
3323 3819 3538 3892 nobis;
3559 3824 3615 3877 et

1949 3913 2224 3981 vidimus,
2249 3912 2463 3986 inquit,
2493 3913 2755 3984 gloriam
2785 3914 2937 3982 ejus,
2967 3910 3231 3983 gloriam
3271 3910 3449 3982 quasi
3474 3909 3612 3967 uni-

1945 4003 2137 4074 geniti
2159 4018 2197 4059 a
2224 4003 2433 4072 Patre,
2461 4003 2710 4073 plenum
2749 4000 2967 4073 gratiae
3009 4004 3064 4056 et
3109 3998 3380 4057 veritatis
3411 3998 3608 4073 (Joan.

1948 4108 1984 4162 1,
2023 4092 2107 4161 li,
2148 4092 2252 4163 l5).
2288 4091 2463 4159 Quod
2505 4091 2588 4148 ait
2641 4090 2893 4149 Verbum
2925 4104 3068 4147 caro
3095 4089 3330 4161 factum
3359 4094 3463 4154 est,
3493 4087 3610 4147 hoc

1945 4185 2035 4239 est
2062 4180 2312 4255 plenum
2364 4180 2594 4252 gratiae,
2621 4179 2790 4255 quod
2836 4179 2918 4238 ait
2956 4180 3217 4253 gloriam
3246 4179 3546 4253 unigeniti
3571 4194 3610 4238 τι

1945 4271 2152 4337 Patre,
2183 4269 2299 4326 hoc
2338 4274 2427 4326 est
2464 4271 2715 4342 plenum
2766 4271 3059 4329 veritatis.
3100 4268 3334 4327 Veritas
3383 4268 3610 4344 quippe

1944 4358 2098 4433 ipsa,
2117 4358 2463 4431 unigenitus
2494 4359 2598 4417 Dei
2623 4359 2823 4431 Filius,
2853 4375 2978 4418 non
2998 4359 3211 4432 gratia,
3235 4359 3336 4418 sed
3369 4364 3606 4430 natura,

1946 4450 2141 4523 gratia
2169 4451 2432 4525 suscepit
2459 4450 2773 4509 hominem
2825 4456 2996 4509 tanta
3040 4450 3270 4509 unitate
3306 4465 3606 4524 persona,

1945 4545 2011 4598 ut
2047 4541 2209 4599 idem
2234 4540 2364 4616 ipse
2395 4544 2553 4599 esset
2580 4541 2761 4599 etiam
2790 4539 3055 4598 hominis
3084 4539 3265 4597 ﬁlius.

2015 4632 2058 4702 -Ξο
2088 4634 2170 4688 De
2199 4631 2314 4688 hac
2352 4631 2649 4704 Propheta
2675 4629 2941 4704 loquitur
2961 4628 3041 4687 ad
3071 4629 3291 4686 Deum:
3314 4628 3604 4697 Quoniam

1937 4720 2295 4793 praevenisti
2350 4734 2480 4776 eum
2546 4720 2611 4776 in
2694 4717 3200 4777 benedictionibus
3267 4716 3605 4774 dulcedinis

1941 4808 2132 4881 (Psal.
2176 4825 2276 4877 xx,
2310 4807 2387 4881 4).
2427 4807 2744 4872 Quomodo
2787 4807 2949 4863 enim
3001 4809 3341 4881 praeventus
3392 4809 3485 4862 est
3539 4805 3603 4862 in

1938 4896 2463 4955 benedictionibus
2515 4895 2872 4961 dulcedinis,
2924 4895 3039 4952 nisi
3093 4894 3240 4970 quia
3313 4893 3444 4951 sola
3499 4893 3603 4952 Dei

1939 4987 2198 5059 gratuita
2253 4986 2450 5060 gratia
2503 4985 2731 5044 factum
2786 4988 2875 5042 est
2921 4989 2988 5042 ut
3041 4999 3240 5060 neque
3293 4984 3602 5043 nascendo

1938 5075 2197 5133 traheret
2222 5075 2459 5146 vitium,
2480 5090 2679 5149 neque
2698 5072 2958 5131 vivendo
2983 5073 3397 5132 committeret.
3418 5074 3602 5132 Beata

1939 5164 2241 5239 siquidem
2268 5164 2369 5223 Dei
2401 5165 2656 5237 genitrix
2687 5179 2927 5239 semper
2955 5164 3144 5238 virgo,
3176 5180 3317 5222 cum
3346 5179 3600 5222 consue-

1938 5254 2147 5312 tudine
2191 5254 2519 5325 generandi
2551 5257 2732 5329 atque
2774 5253 3065 5311 nascendi
3092 5256 3380 5325 generata
3404 5257 3462 5309 et
3488 5266 3599 5309 na-

1938 5346 2017 5412 ta,
2076 5344 2321 5401 traxerit
2379 5359 2453 5400 ex
2509 5342 2861 5417 parentibus
2913 5341 3204 5414 originale
3257 5344 3597 5415 peccatum,

1936 5434 2251 5509 quomodo
2279 5433 2511 5506 absque
2541 5428 2757 5491 eodem
2801 5431 3050 5490 traduce
3093 5445 3380 5501 generare
3406 5428 3598 5486 ﬁlium

1939 5524 2255 5598 potuisset,
2284 5522 2401 5579 nisi
2431 5522 2547 5580 hoc
2576 5522 2637 5579 in
2665 5538 2736 5579 eo
2765 5519 3150 5592 singulariter
3178 5518 3280 5575 Dei
3305 5517 3497 5591 gratia
3534 5518 3605 5574 ina

1940 5616 2070 5689 ipso
2122 5613 2532 5687 eonecptionis
2583 5611 2836 5667 articulo
2876 5610 3114 5677 faceret,
3146 5614 3212 5664 ut
3262 5614 3405 5665 esset
3436 5610 3601 5665 salus

1938 5706 2097 5762 inter
2150 5708 2415 5761 mortuos
2466 5700 2882 5775 liber?(Psal.
2932 5713 3191 5769 Lxxxvn,
3242 5702 3321 5769 ϐ.)
3363 5703 3444 5754 Ac
3490 5713 3600 5772 per

1937 5794 2055 5852 hoc
2084 5796 2261 5851 natus
2308 5791 2540 5866 absque
2588 5789 3030 5867 propagatione
3072 5788 3328 5847 humani
3373 5801 3603 5846 concu-L
