3936 6378
384 276 515 333 1091

379 400 568 469 bitus,
598 398 910 469 factusque
956 396 1143 451 homo
1195 395 1294 450 Dei
1345 392 1552 461 Filius,
1585 392 1749 449 solus
1802 389 2032 447 nullam
2067 399 2113 446 Α

382 487 863 562 compulsionem
891 484 1240 555 nullamque
1262 483 1681 539 necessitatem
1698 480 1777 537 ad
1804 479 2037 536 bonum

380 580 687 638 malumve
739 590 1059 647 perpessus
1113 578 1221 630 est.
1271 572 1475 631 Caeteri
1532 578 1735 629 autem
1763 569 2039 626 homines

380 674 519 743 post
543 667 749 740 primae
784 662 1281 733 transgressionis
1325 661 1686 731 admissum,
1717 658 1898 718 tantis
1946 673 2041 714 ne-

381 755 757 817 cessitatibus
811 752 1036 810 astricti
1090 757 1385 823 tenentur,
1417 756 1483 809 ut
1538 751 1801 808 volentes
1858 748 2039 805 etiam

380 849 672 916 cogantur
721 858 900 913 agere
955 858 1091 914 quae
1120 858 1232 898 nec
1262 841 1550 898 deberent
1578 856 1690 897 nec
1718 838 1933 896 vellent
1957 856 1971 906 ;
2002 853 2040 893 a

376 934 603 1008 quibus
628 948 690 988 se
716 930 957 988 liberari
985 931 1275 1004 poscebat
1305 928 1740 1004 Propheta,qui
1761 926 1998 983 dicebat
2022 944 2035 981 :

380 1023 821 1080 Tribulationes
872 1020 1069 1077 cordis
1116 1020 1229 1077 mei
1273 1020 1694 1089 multiplicata
1750 1022 1888 1074 sunt
1924 1032 1937 1071 :
1968 1016 2041 1071 de

375 1112 824 1169 necessitatibus
876 1111 1019 1165 meis
1064 1124 1209 1166 erue
1250 1124 1344 1165 me
1388 1109 1575 1180 (Psal.
1607 1123 1756 1174 xxrv,
1792 1106 1895 1178 l7).
1928 1104 2038 1171 Qui

376 1200 539 1257 enim
569 1203 782 1272 sponte
811 1197 1021 1271 lapsus
1052 1203 1140 1254 est
1170 1198 1233 1254 in
1282 1201 1622 1271 peccatum,
1647 1210 1894 1251 necesse
1952 1198 2041 1250 est

377 1295 443 1346 ut
464 1288 677 1346 merito
703 1286 978 1357 eiusdem
1018 1285 1371 1343 voluntarias
1402 1282 1805 1359 prolapsionis
1835 1281 2039 1339 multis

376 1378 720 1436 involvatur
762 1374 1239 1445 difﬁcultatibus,
1270 1375 1349 1432 ab
1398 1374 1493 1431 his
1550 1389 1676 1430 non
1734 1372 2039 1429 voluntate

377 1473 483 1527 aut
525 1467 798 1524 libertate
826 1465 1095 1539 propria,
1132 1464 1241 1521 sed
1286 1464 1385 1521 Dei
1417 1463 1613 1534 gratia
1665 1461 2036 1519 liberandus.

377 1555 911 1626 Quemadmodum
963 1555 1177 1611 beatus
1226 1553 1598 1625 Augustinus
1643 1551 1707 1608 in
1743 1550 1898 1608 libro
1927 1553 2039 1606 En-

376 1646 673 1704 chiridion
707 1646 860 1717 (cap.
895 1647 985 1713 80,
1013 1645 1106 1714 8t)
1134 1642 1398 1717 loquitur
1431 1661 1444 1699 :

1471 273 1528 326 S.
1569 264 1938 325 PRUDENTII
1977 258 2359 325 TRECENSIS
2399 268 2713 327 EPISCOPI

3673 271 3851 327 i092

2152 390 2352 464 itaque
2379 393 2599 450 animae
2630 393 2937 450 rationalis
2958 398 3095 450 ante
3118 398 3432 467 peccatum
3460 399 3588 451 tam
3618 394 3850 449 fuerat

2148 478 2298 536 liber
2325 498 2511 554 quam
2542 482 2939 551 Voluntarius;
2970 488 3101 555 post
3132 488 3447 555 peccatum
3465 488 3671 539 autem
3693 499 3848 539 ser-

2152 570 2288 625 vitio
2316 570 2653 628 durissimae
2687 572 3060 628 necessitatis
3092 572 3392 641 addictus,
3416 572 3675 629 Domino
3702 588 3849 629 suo

2148 658 2329 714 etiam
2355 660 2568 716 nolens
2588 661 2804 717 servire
2827 661 3228 733 compellitur.
3248 661 3412 717 Unde
3440 666 3495 718 et
3521 661 3846 717 Dominus

2147 747 2442 804 mentium
2453 749 2864 806 humanarum
2877 749 3433 823 perspicacissimus
3445 750 3845 822 speculator,

2147 836 2557 894 vivacissimus
2588 843 3010 913 perscrutator,
3021 839 3389 911 justissimus
3410 840 3842 908 examinator,

2146 924 2209 980 in
2254 925 2385 996 lege
2437 943 2547 984 sua
2593 928 2976 1000 peccantium
3025 927 3389 985 differentias
3432 928 3843 985 oblationum

2147 1013 2501 1071 discretione
2533 1017 2748 1087 corrigi
2780 1017 3156 1090 praecipiens,
3179 1016 3484 1074 nolentem
3508 1033 3546 1074 a
3575 1016 3843 1073 volente

2147 1103 2430 1162 discrevit
2461 1124 2474 1162 :
2509 1106 2678 1163 aliter
2706 1107 2890 1177 hunc,
2922 1107 3092 1163 aliter
3120 1106 3292 1163 illum
3341 1107 3438 1163 vel
3485 1107 3691 1181 puniri
3719 1107 3844 1162 vel

2146 1193 2430 1250 mundari
2447 1194 2761 1251 deﬁniens.
2779 1196 2923 1251 Hinc
2941 1196 3122 1253 etiam
3138 1195 3404 1252 civitates
3420 1195 3839 1267 fugitivorum

2148 1283 2414 1355 separari
2441 1283 2738 1347 discrevit,
2774 1285 2851 1341 ad
2876 1300 3030 1358 quas
3059 1285 3163 1357 qui
3194 1284 3407 1341 nolens
3449 1286 3839 1356 sanguinem

2147 1369 2442 1440 funderet,
2457 1372 2781 1443 confugere
2803 1372 3342 1446 persequentisque
3360 1374 3631 1443 gladium
3648 1374 3840 1444 fuge-

2147 1476 2209 1517 re
2239 1461 2553 1534 potuisset.
2585 1462 2883 1536 Scriptum
2923 1469 3017 1519 est
3058 1462 3219 1519 enim
3249 1463 3312 1518 in
3340 1462 3493 1519 libro
3519 1463 3776 1520 Numeri
3817 1482 3832 1518 :

2147 1552 2251 1606 Ait
2282 1553 2569 1607 Dominus
2601 1553 2683 1609 ad
2711 1553 2956 1623 Moysen
2990 1570 3002 1607 :
3033 1554 3301 1625 Loquere
3331 1554 3478 1623 ﬁliis
3509 1554 3728 1622 Israel,
3769 1560 3834 1611 et

2150 1639 2307 1696 dices
2323 1639 2405 1696 ad
2424 1656 2517 1697 eos
2539 1656 2559 1696 :
2583 1640 2835 1709 Quando
2852 1642 3215 1713 transgressi
3224 1642 3466 1712 fueritis
3480 1642 3831 1699 Jordanem

447 1737 564 1807 [Sic
594 1734 816 1791 nostris
836 1732 1211 1807 temporibus
1236 1732 1321 1789 ita
1350 1730 1545 1788 multa
1570 1729 1755 1800 mala,
1778 1728 1887 1785 etsi
1916 1744 2036 1784 non
2067 1749 2115 1807 Β
2150 1728 2213 1783 in
2233 1733 2399 1785 terra
2416 1728 2753 1798 Chanaam,
2769 1731 3069 1787 decernite
3089 1745 3219 1803 qua?
3234 1731 3408 1787 urbes
3425 1731 3832 1788 essedebeant

375 1824 542 1891 talia,
571 1824 634 1880 in
664 1827 939 1897 apertam
970 1821 1468 1879 consuetudinem
1493 1821 1623 1892 jam
1649 1822 1956 1883 venerunt,
1976 1822 2040 1873 ut

374 1931 486 1988 pro
506 1915 599 1971 bis
618 1930 743 1971 non
763 1912 965 1969 solum
981 1911 1507 1969 excommunicare
1532 1908 1796 1983 aliquem
1814 1907 2039 1963 laicum

373 2019 499 2061 non
526 2002 884 2071 audeamus,
913 2001 1021 2059 sed
1045 2018 1157 2058 nec
1186 2001 1469 2057 clericum
1496 1998 1852 2070 degradare.
1875 1997 2039 2054 Unde

376 2110 517 2149 cum
548 2108 914 2166 exponerem
962 2094 1099 2148 ante
1130 2090 1358 2163 aliquot
1381 2104 1575 2146 annos
1604 2086 1931 2162 Epistolam
1960 2085 2039 2143 ad

376 2182 635 2252 Galatas,
657 2182 720 2237 in
750 2196 821 2237 eo
850 2180 983 2254 ipso
1013 2179 1146 2237 loco
1175 2179 1281 2236 ubi
1307 2179 1392 2235 ait
1444 2176 1763 2251 Apostolus
1797 2193 1809 2231 :
1845 2177 2039 2232 Timeo

375 2286 452 2328 ne
478 2272 638 2341 forte
668 2271 795 2327 sine
842 2284 1026 2327 causa
1057 2269 1456 2326 laboraverim
1486 2268 1549 2323 in
1575 2266 1737 2322 vobis
1767 2264 1930 2333 (Gal.
1960 2281 2036 2335 1v,

383 2359 490 2431 ti),
517 2358 856 2416 exclamare
906 2357 1259 2432 compulsus
1289 2372 1424 2412 sum
1454 2373 1468 2412 :
1497 2358 1595 2411 Vae
1637 2354 1900 2428 peccatis
1927 2353 2036 2410 ho-

377 2449 637 2520 minum,
648 2463 787 2521 quae
812 2446 943 2504 sola
962 2446 1248 2503 inusitata
1273 2442 1756 2500 exhorrescimus
1781 2461 1793 2499 :
1821 2442 2038 2498 usitata

380 2554 540 2607 vero,
571 2552 683 2611 pro
709 2536 934 2610 quibus
962 2534 1281 2593 abluendis
1313 2532 1434 2589 Filii
1480 2532 1581 2588 Dei
1612 2531 1858 2601 sanguis
1889 2529 2037 2586 effu-

379 2644 481 2683 sus
534 2630 642 2695 est,
674 2624 954 2699 quamvis
1011 2630 1136 2681 tam
1192 2637 1422 2694 magna
1477 2622 1614 2691 sint,
1666 2625 1732 2677 ut
1787 2618 2038 2676 omnino

378 2716 579 2773 claudi
623 2720 836 2771 contra
883 2729 1014 2769 sese
1060 2727 1318 2783 regnum
1358 2709 1458 2766 Dei
1489 2708 1734 2777 faciant,
1768 2724 1927 2781 saepe
1952 2708 2036 2763 vi-

378 2804 580 2861 dendo
633 2802 842 2860 omnia
890 2801 1162 2871 tolerare,
1192 2815 1351 2873 saepe
1388 2798 1699 2855 tolerando
1744 2796 2038 2854 nonnulla

378 2893 560 2950 etiam
589 2891 784 2948 facere
811 2889 1121 2962 cogimur!
1174 2894 1365 2961 Atque
1395 2888 1650 2953 utinam,
1687 2903 1723 2943 ο
1764 2885 2035 2955 Domine,

377 2997 502 3039 non
527 2981 733 3038 omnia
756 2997 892 3054 quae
923 2996 1047 3037 non
1071 2980 1442 3053 potuerimus
1473 2976 1810 3050 prohibere,
1852 2974 2037 3031 facia-

376 3087 537 3128 mus.
559 3070 674 3128 Sed
702 3069 909 3126 videro
939 3073 1142 3125 utrum
1161 3065 1725 3158 meimmoderatus
1754 3063 1928 3158 dolor
1948 3063 2036 3119 in-
2066 3104 2109 3158 ο

376 3165 550 3218 caute
581 3159 811 3234 aliquid
840 3157 1199 3232 compulerit
1225 3157 1441 3213 dicere.
1475 3158 1593 3212 Hoc
1621 3170 1784 3211 nunc
1812 3153 2034 3220 dicam,

374 3248 544 3322 quod
559 3248 807 3322 quidem
829 3253 886 3304 et
905 3248 970 3304 in
994 3247 1125 3303 aliis
1150 3245 1583 3321 opusculorum
1599 3259 1876 3301 meorum
1890 3243 2038 3300 locis

378 3354 541 3411 saepe
565 3338 697 3408 jam
722 3337 848 3393 dixi
879 3354 893 3392 :
928 3336 1175 3392 Duabus
1203 3351 1278 3391 ex
1302 3334 1504 3391 causis
1549 3349 1902 3407 peccamus,
1933 3338 2039 3390 aut

379 3426 659 3482 nondum
689 3425 954 3481 videndo
983 3424 1130 3497 quid
1157 3423 1355 3480 facere
1382 3422 1737 3491 debeamus,
1769 3426 1874 3479 aut
1912 3436 2036 3477 non

376 3513 654 3571 faciendo
678 3512 846 3586 quod
872 3512 1093 3569 debere
1116 3512 1246 3568 ﬁeri
1264 3512 1394 3584 jam
1422 3511 1698 3568 videmus
1728 3527 1741 3566 :
1774 3526 2037 3584 quorum

377 3602 640 3660 duorum
664 3601 811 3658 illud
841 3601 1193 3673 ignorantiae
1224 3600 1457 3658 malum
1500 3605 1612 3671 est,
1640 3601 1757 3657 hoc
1785 3599 2034 3656 inﬁrmi-

377 3690 535 3749 tatis.
587 3691 808 3747 Contra
852 3706 1044 3764 quam
1086 3690 1218 3762 [al.,
1267 3689 1427 3762 quae]
1470 3687 1718 3761 quidem
1765 3703 2036 3761 pugnare

375 3796 488 3838 nos
513 3779 793 3838 convenit
820 3796 833 3836 :
871 3778 979 3836 sed
1024 3777 1289 3853 perfecto
1318 3772 1633 3842 vincimur,
1662 3776 1778 3833 nisi
1819 3776 2034 3833 divini-

378 3869 882 3942 tus’adjuvemur,
916 3872 983 3925 ut
1007 3883 1134 3925 non
1162 3866 1356 3924 solum
1412 3866 1732 3924 videamus
1770 3864 1919 3939 quid
1947 3865 2035 3922 fa-

376 3956 658 4014 ciendum
689 3957 783 4031 sit,
814 3957 921 4015 sed
951 3955 1133 4014 etiam
1180 3954 1500 4015 accedente
1545 3954 1797 4012 sanitate
1845 3953 2037 4011 delec-

373 4046 521 4105 tatio
544 4046 788 4120 justitim
815 4046 1020 4104 vincat
1038 4045 1102 4102 in
1121 4045 1300 4103 nobis
1322 4060 1534 4102 earum
1558 4059 1762 4101 rerum
1785 4042 2038 4101 delecta-

375 4135 592 4207 tiones,
621 4150 775 4210 quas
824 4135 922 4192 vel
975 4135 1200 4192 habere
1256 4132 1579 4208 cupiendo,
1624 4133 1717 4189 vel
1767 4133 2035 4191 amittere

375 4224 701 4281 metuendo
759 4223 1013 4280 scientes
1059 4223 1451 4296 videntesque
1501 4239 1864 4297 peccamus;
1903 4224 2036 4297 jam

374 4327 503 4369 non
548 4311 746 4368 solum
790 4316 1160 4386 peccatores,
1188 4311 1357 4385 quod
1402 4328 1645 4369 eramus
1669 4298 1866 4370 etiam
1893 4330 2034 4370 cum

375 4416 485 4476 per
510 4400 916 4472 ignorantiam
965 4401 1397 4475 peecabamus,
1428 4417 1641 4458 verum
1671 4401 1852 4458 etiam
1883 4400 2032 4472 legis

374 4491 886 4564 praevaricatores,
920 4508 1059 4548 cum
1088 4490 1149 4548 id
1179 4506 1305 4548 non
1332 4488 1590 4547 facimus
1609 4490 1777 4564 quod
1806 4490 2031 4547 facien-

374 4581 524 4638 dum
573 4597 703 4640 esse
743 4583 877 4655 jam
926 4581 1230 4650 novimus,
1260 4579 1356 4637 vel
1399 4579 1655 4638 facimus
1696 4578 1862 4654 quod
1909 4596 2034 4639 non

370 4671 717 4731 faciendum
742 4688 875 4730 esse
894 4672 1026 4746 jam
1056 4672 1326 4744 scimus.)

443 4765 486 4835 -ι-
516 4763 618 4819 Hae
644 4767 785 4821 sunt
804 4762 1187 4821 necessitates
1204 4760 1427 4835 quibus
1445 4760 1529 4818 ita
1547 4759 1893 4832 astringitur
1918 4759 2032 4817 hu-

371 4869 558 4912 mana
583 4853 923 4926 inﬁrmitas,
955 4858 1022 4911 ut
1042 4850 1228 4910 semel
1255 4851 1318 4908 in
1346 4849 1660 4925 quodlibet
1714 4854 2033 4923 peccatum

371 4947 586 5015 sponte
631 4959 835 5014 ruens,
858 4943 973 5001 nisi
997 4941 1359 5017 quantocius
1414 4955 1690 5014 supernae
1714 4938 1921 5013 gratiae
1945 4955 2034 4997 re-

2150 1819 2213 1872 in
2242 1818 2530 1888 praesidia
2559 1820 2953 1890 fugitivorum
2998 1820 3104 1891 qui
3144 1820 3408 1876 nolentes
3455 1822 3831 1892 sanguinem

2144 1906 2419 1977 fuderint
2451 1908 2653 1980 (Num.
2682 1924 2864 1981 xxxv,
2887 1908 3055 1981 9-11).
3086 1908 3325 1966 Etinfra
3349 1927 3362 1965 :
3390 1910 3464 1968 Ut
3494 1912 3831 1982 confugiat

2149 1996 2231 2053 ad
2255 2012 2372 2065 eas,
2406 2002 2511 2069 qui
2541 1999 2748 2055 nolens
2775 2000 3130 2071 sanguinem
3177 2000 3410 2070 fuderit
3443 2000 3644 2071 (Ibid,
3704 2003 3826 2073 15).

2149 2077 2214 2142 In
2243 2086 2458 2143 eodem
2487 2104 2499 2142 :
2532 2088 2611 2143 Et
2642 2089 2877 2159 rogabit
2906 2089 3181 2146 sacerdos
3202 2105 3320 2160 pro
3350 2091 3514 2146 omni
3541 2092 3832 2146 multitu-
3896 2146 3899 2153 ,

2148 2175 2287 2233 dine
2336 2176 2601 2245 ﬁliorum
2652 2178 2865 2246 Israel,
2901 2184 2955 2234 et
3010 2178 3348 2235 dimittetur
3392 2180 3495 2250 eis,
3526 2182 3825 2251 quoniam

2148 2280 2268 2322 non
2288 2270 2497 2336 sponte
2519 2272 2925 2336 peccaverunt
2957 2266 3157 2337 (Num.
3187 2283 3286 2335 xv,
3318 2271 3432 2336 25).

2221 2354 2389 2411 Hanc
2421 2355 2609 2411 secuti
2629 2356 3047 2413 auctoritatem
3088 2357 3457 2414 venerabiles
3480 2359 3690 2415 Patres
3723 2375 3826 2415 sa-

2148 2458 2389 2500 crorum
2406 2460 2713 2501 canonum
2737 2445 3177 2512 constitutores,
3191 2450 3246 2502 et
3268 2445 3395 2520 ipse
3416 2446 3677 2504 nolentis
3703 2447 3825 2504 ho-

2146 2531 2457 2589 micidium
2483 2548 2519 2589 a
2538 2532 2874 2590 voluntario
2896 2533 3325 2604 discernentes,
3344 2534 3464 2592 alia
3483 2535 3666 2600 hunc,
3694 2536 3825 2593 alia

2147 2619 2315 2678 illum
2345 2621 2706 2693 paenitentiae
2755 2623 3157 2680 satisfactione
3206 2623 3515 2682 sanandos
3563 2641 3827 2683 censue-

2146 2713 2304 2766 runt.
2324 2710 2444 2766 Has
2463 2711 2886 2768 necessitatum
2907 2711 3344 2770 inextricabiles
3370 2713 3822 2771 vicissitudines

2145 2798 2361 2856 beatus
2378 2816 2538 2874 papa
2555 2800 2871 2872 Gregorius
2883 2803 3225 2859 acutissime
3242 2802 3565 2860 discutiens
3577 2804 3636 2860 in
3654 2804 3821 2863 libro

2148 2887 2456 2946 Moralium
2474 2905 2592 2945 xxv
2608 2890 2765 2961 (cap.
2781 2891 2858 2963 9),
2872 2890 2954 2948 ita
2968 2890 3259 2965 loquitur:
3280 2892 3625 2963 [Sciendum
3647 2910 3820 2951 sum-

2147 2991 2393 3050 mopere
2424 2982 2511 3033 est
2534 2977 2701 3050 quod
2741 2979 2983 3051 iniquus
3031 2979 3287 3054 quisque
3336 2981 3577 3038 duobus
3607 2982 3817 3039 modis

2147 3067 2211 3122 in
2240 3072 2411 3123 nocte
2440 3068 2792 3139 conteritur,
2823 3068 2914 3124 vel
2943 3085 3083 3125 eum
3114 3070 3418 3127 exterioris
3441 3070 3652 3143 judicii
3672 3073 3816 3143 [al.,

2148 3158 2366 3230 prensa}
2420 3158 2800 3215 tribulatione
2853 3159 3197 3233 percutitur,
3226 3160 3320 3217 vel
3375 3178 3514 3218 cum
3572 3162 3819 3220 occulta

2147 3250 2438 3303 sententia
2478 3247 2726 3303 interius
2758 3252 3030 3305 caecatur.
3073 3249 3146 3305 In
3196 3256 3366 3307 nocte
3391 3251 3635 3318 corruit,
3666 3267 3815 3308 cum

2146 3352 2253 3411 per
2279 3341 2614 3393 extremum
2639 3336 2938 3409 judicium
2963 3337 3208 3395 videndi
3253 3338 3461 3396 lumen
3504 3339 3563 3397 in
3594 3357 3816 3415 perpe-

2146 3430 2317 3483 tuum
2350 3426 2599 3495 amittit;
2623 3426 2784 3483 unde
2814 3427 3103 3502 scriptum
3123 3433 3212 3485 est
3235 3447 3248 3485 :
3271 3431 3503 3502 Ligatis
3526 3432 3813 3489 manibus

2146 3522 2203 3573 et
2239 3517 2516 3587 pedibus,
2555 3517 2773 3573 mittite
2828 3532 2960 3574 eum
3022 3519 3083 3575 in
3150 3519 3422 3578 tenebras
3480 3522 3812 3579 exteriores

2146 3606 2388 3673 (Matth.
2420 3621 2560 3673 xxn,
2600 3605 2703 3678 13).
2739 3603 2909 3662 Tunc
2938 3606 3100 3663 enim
3146 3613 3389 3665 coactus
3430 3609 3493 3665 in
3521 3609 3810 3668 tenebras

2146 3694 2465 3751 exteriores
2486 3694 2753 3763 mittitur,
2767 3695 2913 3767 quia
2932 3711 3094 3752 nunc
3114 3696 3177 3752 in
3203 3696 3583 3756 interioribus
3613 3716 3808 3756 excae-

2146 3788 2315 3840 catur
2342 3782 2699 3840 voluntarie.
2731 3783 2993 3842 Rursum
3021 3787 3085 3841 in
3115 3793 3286 3845 nocte
3332 3788 3573 3861 iniquus
3603 3797 3808 3848 conte-

2146 3873 2326 3940 ritur,
2359 3888 2498 3928 eum
2527 3877 2913 3946 peccatorum
2941 3875 3410 3948 praecedentium
3453 3877 3809 3938 confusione

2145 3961 2494 4033 damnatur,
2524 3966 2582 4018 et
2606 3962 2868 4019 veritatis
2893 3962 3098 4022 lumen
3128 3981 3253 4022 non
3280 3966 3525 4038 invenit,
3552 3972 3609 4024 et
3656 3968 3808 4042 quid

2146 4049 2432 4124 deinceps
2456 4066 2634 4122 agere
2658 4050 2876 4109 debeat
2904 4068 3027 4110 non
3049 4054 3342 4127 agnoscit.
3370 4057 3559 4113 Omne
3579 4057 3808 4132 quippe

2144 4145 2483 4215 peceatum,
2532 4140 2701 4214 quod
2730 4145 2934 4199 tamen
2963 4143 3134 4199 citius
3158 4144 3505 4218 paenitendo
3534 4161 3661 4203 non
3691 4154 3805 4205 ter-

2114 4306 2117 4309 _
2145 4230 2323 4302 gitur,
2357 4234 2459 4287 aut
2483 4233 2795 4303 peccatum
2829 4236 2918 4289 est
2945 4236 3049 4289 aut
3072 4233 3205 4305 [al.,
3235 4234 3315 4306 et]
3362 4251 3546 4292 causa
3573 4238 3807 4310 peccati

2145 4324 2249 4376 aut
2271 4325 2586 4392 peccatum
2613 4324 2667 4376 et
2698 4335 2880 4393 paena
2904 4323 3156 4394 peccati.
3185 4325 3507 4382 Peccatum
3537 4341 3804 4401 namque

2143 4407 2310 4482 quod
2338 4409 2690 4483 pcenitentia
2718 4425 2843 4467 non
2871 4410 3061 4481 diluit,
3089 4412 3222 4485 ipso
3243 4429 3352 4470 suo
3373 4414 3642 4487 pondere
3661 4433 3805 4475 mox

2145 4499 2225 4556 ad
2252 4498 2419 4557 aliud
2449 4499 2663 4557 trahit:
2708 4500 2868 4558 unde
2897 4501 2965 4558 fit
3020 4507 3083 4559 ut
3108 4518 3232 4560 non
3262 4503 3456 4562 solum
3485 4512 3805 4579 peccatum

2145 4587 2242 4657 sit,
2278 4587 2385 4645 sed
2414 4593 2731 4662 peccatum
2762 4594 2819 4647 et
2848 4606 3033 4649 causa
3062 4592 3312 4665 peccati.
3334 4596 3417 4649 Ex
3443 4593 3545 4652 illo
3575 4597 3803 4671 quippe

2140 4676 2284 4734 vitio
2313 4676 2493 4751 culpa
2524 4677 2902 4751 subsequens
2930 4680 3136 4750 oritur,
3167 4698 3241 4738 ex
3264 4698 3387 4756 quo
3417 4700 3579 4741 caeca
3628 4702 3802 4743 mens

2139 4764 2377 4822 ducitur
2397 4770 2460 4823 ut
2480 4766 2654 4838 pejus
2681 4783 2755 4823 ex
2771 4767 2889 4825 alio
2909 4767 3144 4841 ligetur.
3163 4769 3278 4829 Sed
3301 4777 3618 4845 peccatum
3633 4774 3801 4847 quod

2140 4871 2213 4912 ex
2243 4859 2492 4928 peccato
2521 4855 2728 4928 oritur,
2754 4872 2879 4913 non
2903 4858 3035 4931 jam
3087 4864 3402 4933 peccatum
3433 4866 3799 4920 tantummo-

2139 4944 2241 5016 do,
2274 4944 2382 5001 sed
2410 4949 2726 5017 peccatum
2755 4950 2845 5003 est
2871 4952 2930 5005 et
2956 4965 3142 5022 poena
3196 4951 3447 5024 peccati,
3473 4951 3616 5025 quia
3635 4953 3798 5024 justo

373 5036 583 5105 spectu
605 5033 940 5107 resipiscat,
969 5032 1310 5091 necessario
1337 5031 1401 5088 in
1432 5029 1597 5088 aliud
1622 5029 1909 5104 deterius,
1937 5029 2034 5088 vel
2134 5033 2364 5107 judicio
2408 5033 2795 5109 omnipotens
2825 5039 2979 5094 Deus
3005 5053 3108 5095 cor
3135 5039 3439 5111 peccantis
3482 5040 3801 5099 obnubilat

369 5137 564 5179 unum
592 5120 689 5177 vel
730 5121 909 5194 plura
937 5126 1213 5193 corruat;
1242 5138 1314 5180 ac
1344 5123 1753 5194 competenter
1775 5119 2028 5193 dicatur,

370 5213 514 5287 quia
523 5216 808 5284 peccator
820 5226 955 5269 cum
972 5213 1198 5269 venerit
1224 5212 1287 5268 in
1302 5210 1682 5284 profundum
1705 5210 2027 5279 malorum,

367 5303 693 5362 contemnit
713 5303 913 5375 (Prov.
927 5317 1092 5368 xvui,
1107 5301 1285 5372 3).Ab
1305 5301 1398 5358 his
1417 5316 1479 5357 se
1502 5300 1797 5358 salvatum
1816 5298 2030 5372 gloria-

366 5391 546 5450 batur
564 5390 1001 5465 Propheta,qui
1025 5390 1264 5448 dicebat
1292 5407 1306 5447 :
1333 5391 1464 5462 Ego
1504 5395 1703 5448 autem
1734 5390 1798 5446 in
1824 5390 2026 5445 Domi-

366 5498 444 5539 no
470 5482 743 5553 sperabo,
774 5482 1087 5539 exsultabo
1118 5487 1173 5540 et
1222 5482 1469 5538 laetabor
1502 5482 1563 5536 in
1613 5479 2027 5537 misericordia

370 5576 496 5637 tua,
512 5571 797 5644 quoniam
822 5572 1141 5641 respexisti
1158 5572 1558 5629 humilitatem
1579 5584 1791 5631 meam,
1823 5569 2025 5625 salva-

370 5657 448 5711 sti
472 5658 546 5715 de
564 5658 1010 5716 necessitatibus
1034 5661 1301 5718 animam
1320 5674 1533 5725 meam,
1555 5673 1663 5716 nec
1682 5657 2030 5716 conclusisti

369 5756 463 5798 me
508 5745 574 5801 in
615 5745 891 5802 manibus
944 5748 1174 5805 inimici
1219 5747 1409 5816 (Psal.
1438 5764 1581 5820 xxx,
1612 5751 1666 5815 8,
1705 5745 1809 5821 10).
1838 5748 2028 5806 Motus

2138 5128 2204 5182 ut
2228 5123 2618 5198 praecedentis
2638 5125 2871 5199 peccati
2895 5126 3108 5185 merito
3135 5128 3316 5187 etiam
3336 5128 3400 5186 in
3419 5128 3552 5187 aliis
3584 5131 3795 5190 cadat:

2137 5227 2323 5286 quem
2351 5211 2514 5269 enim
2560 5211 2801 5270 liberari
2842 5214 3054 5287 noluit,
3104 5215 3438 5275 deserendo
3481 5220 3797 5292 percussit.

2138 5304 2268 5358 Non
2298 5317 2441 5372 ergo
2466 5302 2766 5362 immerito
2795 5320 2978 5378 pcena
3006 5307 3237 5378 peccati
3262 5307 3684 5381 dicitur,quod
3701 5310 3797 5382 ju-

2138 5395 2230 5448 sta
2256 5390 2515 5465 desuper
2541 5391 2807 5464 irrogata
2835 5394 3097 5453 caecitate
3128 5413 3203 5452 ex
3231 5397 3625 5469 praecedentis
3655 5415 3793 5472 pec-

2137 5480 2254 5537 cati
2282 5480 2507 5537 ultione
2537 5487 2914 5556 perpetratur
2947 5502 2959 5540 :
2992 5486 3158 5558 quod
3188 5486 3462 5544 videlicet
3493 5488 3692 5557 agitur
3720 5488 3796 5544 di-

2138 5569 2463 5642 spositione
2480 5572 2755 5644 superius
2783 5573 3082 5643 ordinata,
3097 5574 3203 5631 sed
3224 5575 3468 5631 inferius
3489 5575 3796 5649 iniquitate

2135 5659 2412 5733 confusa,
2444 5665 2509 5718 ut
2549 5666 2607 5718 et
2659 5662 3005 5735 praecedens
3052 5664 3231 5738 culpa
3281 5664 3356 5722 sit
3384 5681 3568 5724 causa
3597 5666 3799 5723 subse-

2134 5748 2394 5821 quentis,
2406 5753 2465 5808 et
2481 5765 2722 5810 rursum
2741 5750 2923 5825 culpa
2943 5753 3322 5828 subsequens
3344 5755 3419 5814 sit
3443 5770 3631 5830 pinna
3647 5771 3796 5830 prae-
