3936 6384
131 261 267 317 1093

1086 258 1177 313 DE
1215 250 1901 314 ΡΗΑΕΟΕΒΤΙΝΑΤΙΟΝΕ
1940 256 2222 314 CONTRA
2259 256 2307 314 ι.
2348 250 2622 315 SCOTUM

3427 260 3568 320 1094

128 381 594 448 cedentis.Quod
618 381 773 437 bene
793 381 856 438 in
871 380 1216 438 inﬁdelibus
1234 380 1552 439 etlubricis
1565 379 1784 436 Paulus
1826 384 1873 438 Α
1913 384 2008 436 tur
2035 381 2258 448 adhuc,
2285 386 2352 440 ut
2377 385 2776 453 augmentum
2800 381 3079 457 supplicii
3116 382 3405 455 subroget
3433 399 3567 456 pec-

128 471 306 546 quasi
322 470 637 544 quoddam
664 487 871 527 semen
888 471 1105 527 erroris
1131 476 1449 544 aspexerat
1469 486 1608 527 cum
1625 469 1785 525 dice-

128 560 267 619 bat:
303 560 419 629 Qui
439 576 575 617 cum
604 562 1254 633 cognovissent,Deum,
1289 577 1409 618 non
1429 561 1581 617 sicut
1602 562 1788 616 Deum

126 651 650 722 glorificaverunt,
671 654 781 706 aut
809 651 1047 721 gratias
1079 654 1351 721 egerunt,
1379 650 1482 706 sed
1533 663 1790 706 evanue-

128 744 275 796 runt
302 739 368 795 in
394 738 856 809 cogitationibus
884 740 1007 795 suis
1052 739 1244 810 (Rom.
1276 755 1318 812 1_,
1336 738 1448 812 2|);
1477 736 1584 793 sed
1623 736 1791 809 quod

129 845 204 885 ex
225 829 357 901 ejus
388 808 607 886 erroris
648 827 877 885 semine
920 808 1237 901 pullalavit
1274 808 1446 885 (illico
1495 808 1788 899 adjunxit,

128 918 338 975 dicens
363 936 375 975 :
407 919 673 989 Propter
701 918 863 989 quod
890 918 1147 975 tradidit
1174 918 1313 974 illos
1344 919 1504 975 Deus
1552 918 1617 972 in
1641 916 1795 972 desi-

128 1008 299 1064 deria
327 1009 525 1064 cordis
552 1022 784 1076 eorum;
807 1008 873 1062 in
902 1008 1368 1077 immunditiam,
1400 1012 1468 1062 ut
1500 1010 1797 1062 contume-

132 1098 229 1154 liis
259 1100 541 1169 afﬁciant
572 1112 830 1168 corpora
859 1112 971 1153 sua
1002 1099 1066 1153 in
1095 1097 1421 1166 semetipsis
1458 1094 1659 1167 (Ibid.,
1684 1097 1796 1161 24)-

130 1187 281 1252 Quia
301 1187 926 1260 enim,cognoscentes
949 1187 1480 1259 Deum,peccatum
1504 1183 1800 1258 superbiae

127 1276 523 1349 intelligendo
545 1275 999 1343 commiserunt,
1042 1279 1344 1331 caecantur
1373 1273 1575 1340 etiam,
1603 1288 1679 1329 ne
1716 1272 1805 1329 in-

126 1366 400 1438 telligant
422 1366 573 1440 quid
595 1365 998 1423 committunt.
1030 1367 1096 1421 Et
1111 1364 1218 1439 qui
1239 1363 1693 1435 intelligentiam
1706 1378 1804 1418 su-

124 1472 231 1513 am
260 1456 436 1529 sequi
462 1454 677 1512 nolunt
700 1456 764 1510 in
790 1459 1041 1528 peccato
1062 1459 1120 1511 et
1144 1470 1332 1512 causa
1366 1452 1622 1527 peccati,
1645 1456 1704 1508 et
1719 1451 1803 1525 ip.

125 1561 267 1600 sum
289 1544 500 1601 lumen
521 1543 924 1615 intelligentite
946 1542 1210 1616 perdunt
1243 1543 1306 1599 in
1325 1547 1578 1616 peccato
1604 1545 1663 1597 et
1680 1556 1805 1614 pce.

123 1649 209 1690 na
228 1633 708 1706 peccati.Prioris
730 1648 873 1704 ergo
903 1631 1135 1706 peccati
1165 1631 1380 1689 merito
1412 1635 1803 1705 peccatorum

1901 475 2105 526 catum
2133 475 2189 527 et
2244 488 2428 545 poena
2474 471 2724 544 peccati.
2776 471 3133 545 Plerumque
3175 487 3320 529 vero
3368 488 3560 530 unum

1912 559 2195 633 idemque
2223 565 2561 633 peccatum,
2584 565 2642 617 et
2670 566 2985 635 peccatum
3027 565 3085 617 et
3130 577 3314 635 poena
3363 565 3455 619 est
3498 567 3557 619 et

1901 664 2091 705 causa
2121 650 2372 722 peccati,
2394 649 2563 723 quod
2592 649 2809 707 melius
2858 650 3234 707 ostendimus
3267 651 3319 706 si
3345 666 3444 708 res
3482 651 3569 724 ip-

1904 756 2002 795 sas
2027 739 2107 797 ad
2137 740 2406 797 medium
2436 739 2833 798 deducamus.
2868 740 3168 798 Effrenata
3224 741 3390 799 enim
3426 751 3572 800 ven‘

1910 828 2015 885 tris
2045 829 2337 900 ingluvies
2361 829 2424 887 in
2453 829 2685 888 fervore
2712 830 2959 888 luxuriae
2980 830 3417 905 plenitudinem
3436 847 3569 889 car-

1906 919 2000 974 nis
2030 919 2304 991 instigat:
2340 924 2683 993 perpetrata
2723 926 2925 978 autem
2984 920 3226 978 luxuria
3253 938 3413 996 stupe
3466 927 3572 979 aut

1906 1007 2172 1079 perjurio
2196 1010 2301 1063 aut
2319 1007 2647 1064 homicidio
2681 1009 2917 1078 tegitur,
2950 1024 3025 1064 ne
3053 1009 3464 1066 humanarum
3491 1009 3574 1065 le-

1875 1111 1879 1115 ‘
1910 1111 2057 1165 gum
2090 1095 2314 1151 ultione
2352 1095 2661 1168 puniatur.
2703 1100 3011 1154 Conamus
3039 1113 3182 1169 ergo
3229 1103 3367 1156 ante
3394 1114 3571 1155 occu-

1908 1185 1999 1242 los
2022 1184 2189 1258 quod
2221 1185 2474 1258 quidam
2494 1186 2830 1243 voracitatis
2852 1187 2966 1243 sibi
2986 1186 3416 1260 frenalaxavit,
3446 1203 3571 1262 qua

1909 1275 2235 1332 voracitate
2264 1280 2604 1348 superatus,
2638 1274 2916 1332 adulterii
2945 1275 3179 1332 facinus
3224 1277 3568 1346 admiserit;

1910 1365 2325 1438 deprehensus
2366 1369 2569 1422 autem
2619 1364 2681 1421 in
2727 1365 3046 1427 adulterio.
3077 1365 3328 1424 latenter
3375 1366 3571 1422 virum

1910 1453 2216 1511 adulterae.
2254 1470 2330 1510 ne
2352 1454 2431 1511 ad
2457 1453 2758 1527 judicium
2801 1455 3156 1526 traheretur,
3184 1454 3420 1512 occidit.
3449 1456 3573 1511 Hoc

1910 1545 2115 1619 itaque
2137 1545 2499 1601 adulterium
2509 1544 2665 1601 inter
2688 1544 3075 1602 voracitatem
3099 1549 3157 1601 et
3174 1544 3571 1602 homicidium

1913 1634 2197 1706 positum,
2228 1634 2302 1691 de
2326 1633 2429 1691 illa
2448 1633 2723 1691 videlicet
2758 1650 3037 1704 nascens,
3086 1634 3203 1692 hoc
3255 1649 3569 1706 generans,

126 1722 635 1796 subsequentium
666 1722 839 1778 fovea
872 1722 1106 1792 tegitur,
1128 1725 1193 1777 ut
1221 1720 1327 1795 qui
1347 1719 1581 1777 malum
1610 1718 1802 1775 sciens
1834 1739 1879 1799 Β
1914 1728 2229 1797 peccatum
2259 1726 2351 1779 est
2372 1728 2431 1780 et
2455 1739 2640 1796 poena
2668 1728 2727 1780 et
2753 1739 2944 1781 causa
2962 1723 3229 1797 peccati:
3256 1728 3572 1797 peccatum

124 1816 452 1887 perpetrat,
477 1810 764 1885 deinceps
781 1812 942 1883 juste
969 1811 1029 1867 in
1047 1811 1179 1867 aliis
1202 1811 1385 1869 etiam
1414 1810 1692 1867 nesciens
1710 1824 1805 1866 ca.

126 1900 385 1958 dat.Hoc
410 1900 639 1974 quippe
657 1888 949 1971 agitur,ut
978 1900 1172 1973 culpis
1196 1898 1375 1972 culpa
1405 1899 1655 1955 feriatur
1669 1899 1800 1975 [al.,

124 1989 321 2064 culpas
333 1990 929 2064 feriatur],quatenus
948 1988 1403 2061 suppliciaﬁant
1421 1986 1804 2062 peccantium

125 2079 265 2153 ipsa
293 2079 668 2137 incrementa
705 2078 1011 2135 vitiorum.
1046 2081 1197 2135 Nam
1227 2077 1375 2151 quia
1418 2076 1802 2150 omnipotens

125 2171 285 2226 Deus
305 2170 383 2226 ad
407 2168 827 2244 paenitentiam
854 2171 1093 2241 tempus
1112 2166 1579 2240 indulget,quod
1599 2170 1801 2221 tamen

124 2259 404 2315 humana
419 2258 652 2315 malitia
674 2258 753 2314 ad
777 2274 955 2314 usum
973 2274 1100 2313 suae
1122 2255 1456 2329 iniquitatis
1474 2256 1797 2328 intorquet,

126 2348 420 2404 nimirum
442 2348 608 2420 justo
629 2346 862 2420 judicio
887 2345 1096 2417 augeri
1127 2345 1308 2419 culpa
1336 2343 1715 2419 permittitur,
1739 2346 1804 2399 ut

127 2436 206 2494 ad
231 2436 575 2494 feriendum
625 2436 803 2493 altius
850 2434 1226 2509 quandoque
1260 2433 1620 2491 cumuletur.
1653 2430 1801 2487 Hinc

129 2525 294 2582 enim
325 2542 569 2582 rursum
596 2525 671 2581 de
705 2523 1080 2598 quibusdam
1128 2522 1355 2580 Paulus
1381 2520 1690 2596 apostolus
1715 2519 1799 2577 di-

128 2614 238 2672 cit:
286 2616 361 2674 Ut
390 2615 702 2685 ampleant
725 2619 986 2686 peccata
1014 2628 1130 2670 sua
1160 2626 1395 2683 semper
1427 2612 1483 2683 (Ι
1516 2610 1713 2667 Thess.
1736 2626 1800 2678 ιι,

132 2706 240 2771 16).
276 2704 427 2760 Hinc
454 2719 603 2760 voce
629 2702 907 2773 angelica
931 2701 1009 2759 ad
1041 2704 1342 2759 Joannem
1396 2699 1649 2757 dicitur:
1687 2697 1808 2767 Qui

127 2799 299 2850 nocet
331 2800 536 2850 noceat
586 2792 810 2863 adhuc,
844 2795 899 2849 et
928 2793 1037 2863 qui
1065 2792 1129 2848 in
1154 2789 1432 2848 sordibus
1464 2795 1546 2847 est
1572 2787 1802 2844 sordes-

126 2888 225 2940 cat
249 2882 462 2954 (Apoc.
503 2898 647 2955 XXII,
685 2881 792 2952 tl).
845 2881 990 2937 Hinc
1045 2879 1233 2937 David
1266 2879 1350 2937 ait
1378 2879 1666 2949 :Appone
1686 2877 1801 2934 ini-

127 2972 420 3044 quitatem
446 2986 630 3041 super
654 2971 1036 3042 iniquitatem
1061 2971 1353 3040 ipsorum,
1375 2974 1560 3025 etnon
1576 2960 1805 3023 intrent

130 3062 191 3119 in
219 3068 396 3119 tuam
414 3062 724 3131 justitiam
757 3060 883 3131 (Ps.
915 3075 1112 3126 vam,
1145 3059 1259 3130 28).
1293 3057 1441 3114 Hinc
1494 3071 1703 3113 rursus
1728 3054 1804 3110 de

132 3152 392 3209 Domino
426 3149 505 3207 ab
531 3148 747 3206 eodem
773 3147 1093 3204 Psalmista
1119 3146 1338 3204 dicitur
1361 3165 1375 3203 :
1408 3146 1805 3203 Immissioncs

127 3256 234 3311 per
256 3241 513 3312 angelos
540 3240 733 3295 malos
765 3255 778 3294 :
805 3238 965 3294 viam
992 3238 1141 3308 fecit
1155 3238 1381 3293 semita:
1402 3236 1509 3292 irae
1528 3250 1650 3291 sate
1677 3234 1802 3302 (Ps.

129 3347 347 3395 Lxxvn,
381 3333 473 3402 49,
504 3329 616 3400 50).
645 3329 758 3383 Cor
776 3327 1003 3401 quippe
1028 3325 1324 3382 Dominus
1349 3323 1655 3399 prioribus
1684 3337 1806 3379 me.

132 3420 254 3477 ritis
285 3422 692 3491 aggravatum
722 3416 876 3488 iuste
915 3414 1203 3489 permittit
1226 3414 1408 3470 etiam
1433 3412 1808 3486 subsequen-

134 3510 291 3567 tibus
312 3507 731 3578 malignorum
763 3504 1084 3579 spirituum
1106 3502 1610 3578 persuasionibus
1640 3500 1802 3570 falli;

135 3600 299 3673 quod
324 3598 478 3656 dum
502 3597 685 3668 digne
711 3596 773 3652 in
806 3593 989 3668 culpa
1038 3594 1313 3666 trahitur,
1353 3596 1556 3650 reatus
1581 3591 1713 3663 ejus
1743 3590 1807 3645 in

135 3705 314 3762 pinna
340 3686 710 3754 cumulatur,
732 3684 896 3742 unde
917 3688 975 3741 et
997 3683 1099 3740 irae
1121 3700 1245 3739 suae
1275 3683 1434 3739 viam
1457 3683 1588 3754 [al.,
1610 3679 1808 3737 Domi-

135 3793 248 3837 nus
266 3778 435 3837 viam
455 3776 532 3834 de
561 3775 796 3834 semina
822 3774 1036 3832 fecisse
1054 3772 1423 3848 perhibetur,
1445 3771 1620 3829 latior
1644 3769 1806 3827 enim

144 3874 234 3926 est
263 3868 366 3926 via
407 3883 595 3941 quam
653 3865 904 3923 semita:
940 3879 1013 3920 ex
1053 3863 1269 3920 semita
1316 3877 1462 3919 vero
1518 3861 1618 3917 irae
1678 3875 1805 3916 snas

143 3959 324 4029 viam,
353 3959 494 4031 etc.)
524 3957 721 4015 facere
743 3959 832 4013 est
865 3955 971 4011 ira;
1000 3970 1215 4012 causas
1244 3952 1506 4010 districte
1528 3950 1808 4024 judican-

139 4048 214 4107 do
234 4049 513 4108 dilatare.
548 4050 619 4105 Ut
648 4046 756 4121 qui
808 4044 1131 4102 illuminati
1185 4058 1366 4115 agere
1418 4046 1575 4099 recte
1600 4039 1806 4097 nolue-

137 4144 290 4209 runt,
318 4140 484 4212 juste
530 4136 736 4196 caecati
786 4134 988 4193 adhuc
1030 4132 1276 4203 faciant,
1326 4131 1488 4188 unde
1540 4128 1804 4203 amplius

138 4228 333 4302 puniri
362 4230 731 4285 mereantur.
762 4224 913 4281 Hinc
941 4239 1050 4298 per
1078 4225 1322 4295 Moysen
1361 4220 1614 4277 dicitur:
1645 4219 1804 4275 Non-

142 4318 278 4377 dum
311 4319 610 4390 completa
640 4320 783 4375 sunt
804 4322 1058 4386 peccata
1079 4311 1579 4370 Amorrhceorum
1599 4310 1798 4379 (Deut.

141 4424 319 4479 nm,
349 4408 464 4481 32);
498 4407 640 4464 hinc
670 4422 779 4481 per
811 4404 1096 4462 eumdem
1143 4405 1385 4476 Moysen
1439 4402 1595 4457 Deus
1622 4398 1803 4455 dicit:

144 4498 239 4557 Es:
266 4501 442 4558 vinea
473 4498 629 4555 enim
657 4496 1052 4554 Sodomorum
1095 4493 1232 4550 vitis
1262 4506 1466 4549 eorum
1493 4495 1549 4548 et
1569 4504 1801 4561 propa-

146 4605 216 4661 go
236 4605 443 4648 eorum
470 4603 546 4646 ex
576 4586 915 4647 Gomorrha
939 4597 964 4657 ;
991 4599 1111 4642 uva
1140 4598 1344 4641 eorum
1374 4595 1494 4638 uva
1524 4580 1719 4652 fellis,
1748 4584 1804 4635 et

153 4678 352 4737 botrus
372 4677 806 4738 amaritudinis
835 4676 1013 4748 ipsis:
1027 4675 1214 4747 furor
1241 4674 1575 4730 draconum
1602 4673 1807 4729 vinum

150 4783 369 4843 eorum,
398 4774 457 4827 et
484 4767 669 4839 furor
695 4765 974 4838 aspidum
1017 4763 1395 4822 insanabilis.
1426 4762 1643 4819 Nonne
1684 4761 1809 4819 haec

158 4865 523 4934 congregata
553 4864 695 4916 sunt
726 4857 897 4929 apud
926 4870 1040 4921 me,
1067 4860 1121 4913 et
1151 4858 1396 4927 signata
1414 4854 1478 4910 in
1511 4852 1809 4912 thesauris

153 4955 333 5007 meis?
388 4952 463 5008 In
511 4949 608 5006 die
644 4948 894 5004 ultionis
925 4944 1176 5001 reddam
1218 4944 1302 5000 eis
1350 4942 1542 5016 (ibid.,
1600 4940 1808 5013 23-35).

154 5040 337 5106 Quam
367 5038 563 5098 multa
586 5054 800 5097 eorum
818 5034 985 5094 mala
1008 5031 1321 5093 narravit?
1350 5036 1407 5088 et
1429 5036 1634 5089 tamen
1652 5029 1811 5087 illico

155 5127 458 5202 adiunxit:
482 5130 557 5187 In
579 5139 843 5199 tempore
860 5141 978 5199 quo
1006 5125 1209 5195 lapsus
1232 5122 1424 5195 fuerit
1448 5135 1552 5191 pes
1583 5134 1807 5178 eorum.

155 5219 295 5277 Ecce
321 5218 705 5279 atrocissima
725 5216 971 5275 illorum
997 5212 1269 5272 facinora
1298 5208 1743 5280 describuntur,
1756 5210 1814 5266 et

158 5310 351 5368 tamen
378 5309 461 5368 ad
489 5308 733 5367 ultionis
780 5305 943 5363 diem
968 5303 1169 5362 adhuc
1196 5301 1578 5374 subsequens
1599 5296 1812 5372 lapsus

160 5400 457 5473 aspicitur,
480 5414 606 5473 quo
635 5412 851 5457 eorum
877 5394 1071 5468 culpa:
1111 5390 1497 5449 cumulentur
1514 5391 1542 5446 ?
1576 5386 1816 5446 Habent

155 5487 276 5558 jam
299 5490 550 5563 quidem
580 5488 743 5546 unde
774 5485 933 5545 feriri
954 5486 1327 5549 mereantur;
1352 5480 1461 5537 sed
1487 5474 1815 5536 sustinetur

160 5581 352 5637 tamen
412 5581 614 5639 adhuc
655 5582 983 5656 peccatum
1027 5588 1316 5636 crescere,
1370 5574 1438 5627 ut
1496 5572 1816 5645 peccantes

160 5670 342 5742 possit
371 5670 629 5729 atrocior
655 5684 840 5744 poena
866 5664 1157 5724 cruciare.
1202 5662 1339 5719 Jam
1381 5666 1645 5718 meretur
1675 5674 1815 5733 sup-

1910 1813 2178 1886 profecto
2209 1817 2299 1869 est
2335 1828 2446 1887 per
2472 1829 2536 1869 se
2572 1812 2796 1886 ipsum,
2826 1828 3009 1886 poana
3038 1828 3180 1870 vero
3204 1813 3437 1885 peccati
3462 1817 3571 1883 est,

1910 1901 2056 1974 quia
2077 1901 2318 1975 culpam
2344 1901 2690 1958 voracitatis
2722 1901 2921 1971 auxit;
2956 1917 3143 1957 causa
3193 1905 3396 1957 autem
3437 1917 3574 1974 pec-

1911 1991 2028 2048 cati
2042 1996 2131 2049 est
2159 1991 2304 2064 quia
2332 1991 2710 2065 subsequens
2730 1990 2911 2047 etiam
2935 1990 3327 2047 homicidium
3344 1990 3569 2062 genuit.

1913 2082 2108 2137 Unum
2139 2096 2283 2151 ergo
2312 2080 2597 2154 idemque
2626 2084 2943 2153 peccatum
2965 2085 3022 2135 et
3047 2095 3231 2153 pcena
3250 2078 3572 2153 preceden-

1908 2170 2008 2239 tis,
2036 2174 2094 2226 et
2123 2185 2309 2227 causa
2335 2168 2528 2242 culpte
2555 2168 2980 2242 subsequentis
3000 2174 3090 2225 est
3113 2185 3126 2223 :
3156 2167 3303 2241 quia
3330 2172 3388 2225 et
3414 2171 3571 2225 tran-

1910 2264 2076 2315 sacta
2102 2258 2251 2314 dum
2280 2257 2959 2329 exaggeratdamnat,et
2978 2255 3179 2313 adhuc
3208 2255 3576 2329 subsequen-

1911 2347 2007 2410 tia,
2041 2363 2178 2421 quae
2211 2346 2494 2405 damnari
2524 2346 2806 2416 debeant,
2864 2346 3143 2404 seminat.
3195 2345 3380 2418 Igitur
3427 2346 3573 2420 quia

1908 2438 2173 2509 peccatis
2202 2435 2682 2511 praecedentibus
2712 2436 3192 2493 caecaturoculus
3214 2434 3573 2509 cordis,ipsa

1909 2524 2146 2582 caecitas
2172 2542 2306 2599 quae
2335 2525 2642 2599 peccantis
2668 2524 2940 2582 animam
2963 2541 3038 2581 ex
3062 2529 3352 2582 anteacta:
3377 2523 3571 2597 culpa

1909 2614 2301 2671 damnatione
2328 2614 2663 2684 confundit,
2705 2613 2920 2671 merito
2946 2629 3072 2671 nox
3107 2618 3380 2685 vocatur,
3427 2613 3574 2687 quia

1908 2721 2017 2778 per
2044 2705 2204 2761 hanc
2236 2704 2315 2762 ab
2363 2704 2554 2762 oculis
2595 2704 2998 2779 delinquentis
3048 2702 3257 2761 lumen
3308 2701 3572 2759 veritatis

1912 2792 2331 2852 absconditur.
2363 2794 2524 2851 Bene
2550 2794 2754 2869 itaque
2776 2793 3029 2851 dicitur:
3057 2795 3240 2852 Novit
3269 2795 3423 2850 enim
3435 2807 3571 2864 ope-

1912 2899 1984 2941 ra
2015 2899 2221 2942 eorum
2247 2891 2302 2941 et
2326 2884 2552 2942 idcirco
2581 2883 2817 2942 inducit
2844 2889 3077 2941 noctem
3098 2887 3155 2940 et
3187 2887 3574 2940 conterentur

1914 2973 2065 3044 (Job.
2099 2988 2298 3040 xxxrv,
2327 2972 2415 3044 25)
2446 2990 2460 3039 ;
2495 2971 2662 3045 quia,
2688 2975 2752 3027 ut
2777 2987 2935 3046 saepe
2963 2970 3191 3028 dictum
3217 2975 3324 3042 est,
3355 2985 3574 3044 praece-

1913 3061 2119 3119 dentia
2148 3060 2438 3117 nimirum
2465 3059 2628 3117 mala
2656 3060 2886 3116 faciunt
2946 3063 3010 3116 ut
3059 3062 3139 3116 ad
3193 3058 3574 3133 peccandum

1913 3150 2131 3207 iterum
2150 3149 2413 3206 tenebris
2443 3148 2953 3222 subsequentibus
2977 3146 3385 3219 involvantur,
3408 3151 3475 3204 ut
3501 3162 3574 3204 eo

1909 3241 2039 3312 jam
2068 3240 2278 3296 lumen
2304 3238 2548 3311 justitiaa
2569 3237 2776 3295 videre
2794 3253 2920 3295 non
2970 3235 3226 3312 possint,
3257 3252 3382 3311 qua
3425 3235 3576 3293 illud

1914 3333 1973 3384 et
1995 3327 2245 3401 quando
2294 3331 2593 3402 poterant,
2644 3326 2840 3383 vicere
2895 3325 3238 3383 noluerunt.
3290 3324 3577 3382 lnducere

1915 3422 2119 3474 autem
2145 3421 2387 3474 noctem
2416 3416 2710 3473 Dominus
2739 3415 2976 3489 dicitur,
2999 3429 3124 3471 non
3142 3413 3311 3489 quod
3333 3413 3463 3489 ipse
3492 3417 3576 3468 te-

1913 3507 2135 3564 nebras
2163 3506 2400 3576 inferat,
2441 3505 2549 3563 sed
2574 3504 2744 3581 quod
2790 3506 3054 3563 obscura
3099 3504 3286 3561 corda
3315 3518 3576 3578 peccan-

1915 3596 2069 3653 tium
2094 3595 2560 3652 misericorditer
2603 3609 2731 3651 non
2787 3593 3059 3662 illustret,
3087 3597 3154 3651 ut
3201 3594 3319 3650 hoc
3371 3592 3578 3667 ipsum

1913 3690 2155 3742 noctem
2175 3683 2489 3741 induxisse
2519 3684 2654 3757 [al.,
2672 3683 2736 3739 in
2760 3688 2936 3740 nocte
2964 3688 3248 3750 caecasse]
3281 3681 3374 3754 sit,
3402 3696 3442 3739 ε,
3473 3696 3578 3737 οω-

1915 3774 2110 3831 citatis
2138 3773 2401 3831 tenebris
2424 3773 2682 3830 liberare
2720 3770 3034 3844 noluisse.)

1985 3863 2258 3932 fDeinde
2275 3862 2608 3936 respondes
2623 3860 2718 3917 his
2736 3860 2843 3934 qui
2857 3858 3277 3928 nolentes,imo
3297 3872 3579 3931 spernen-

1915 3957 2023 4023 tes,
2057 3968 2171 4010 sua
2198 3955 2455 4026 peccata
2492 3949 2816 4022 corrigere,
2857 3952 3196 4022 queruntur
3241 3945 3318 4004 de
3372 3946 3582 4006 divina

1913 4042 2283 4115 operatione,
2308 4056 2416 4097 cur
2448 4042 2604 4096 Deus
2651 4036 2883 4094 dederit
2934 4035 3194 4094 liberum
3238 4034 3578 4108 arbitrium,

1913 4147 2037 4206 quo
2067 4129 2195 4187 solo
2216 4144 2469 4204 peccare
2496 4126 2913 4185 convincatur.
2940 4129 3006 4183 In
3035 4141 3160 4200 qua
3184 4124 3580 4200 responsione

1914 4219 2084 4294 quod
2111 4220 2286 4292 dicis,
2303 4220 2496 4277 Deum
2524 4222 2888 4277 occasionem
2909 4221 3300 4289 peccatorum
3329 4215 3577 4286 dedisse,

1914 4309 2138 4368 falsum
2169 4315 2289 4367 est:
2312 4326 2436 4367 non
2463 4308 2625 4366 enim
2655 4307 2823 4365 dedit
2846 4306 3249 4378 occasionem,
3272 4304 3380 4363 sed
3405 4305 3584 4363 liber-

1915 4404 2124 4459 tatem.
2153 4401 2209 4457 Si
2239 4415 2404 4473 ergo,
2439 4399 2595 4457 sicut
2622 4397 2917 4469 annectis,
2942 4412 3065 4455 non
3093 4401 3176 4453 est
3203 4397 3456 4454 liberum
3484 4410 3582 4453 ar-

1920 4491 2166 4549 bitrium
2190 4496 2577 4564 peccatorum
2603 4503 2808 4557 causa,
2843 4503 2981 4545 cum
3007 4488 3087 4544 sit
3115 4486 3364 4558 donum,
3390 4484 3581 4559 sequi-

1916 4586 2014 4639 tur
2039 4587 2105 4640 ut
2131 4597 2243 4639 nec
2277 4580 2519 4639 occasio
2547 4581 2938 4653 peccatorum
2969 4576 3061 4634 sit.
3090 4575 3149 4634 Si
3168 4574 3349 4646 igitur
3370 4589 3583 4631 secun-

1917 4672 2070 4730 dum
2100 4676 2157 4729 te
2194 4670 2447 4729 libertas
2501 4673 2682 4742 atque
2734 4665 3014 4723 voluntas
3054 4665 3328 4721 humana
3348 4665 3578 4719 natura

1920 4765 2084 4833 sunt,
2114 4758 2428 4833 quomodo
2452 4761 2670 4815 natura
2698 4757 3085 4830 peccatorum
3116 4750 3358 4809 occasio
3385 4749 3582 4807 dicen-

1918 4852 2001 4910 da
2030 4850 2107 4908 sit
2142 4864 2266 4906 non
2306 4848 2498 4905 video.
2548 4847 2628 4915 Si,
2655 4860 2931 4918 inquam,
2960 4843 3219 4900 liberum
3267 4839 3582 4898 arbitrium

1919 4956 2044 4999 non
2073 4942 2162 4996 est
2181 4954 2370 4995 causa
2392 4936 2642 5011 peccati,
2690 4933 2797 4991 sed
2853 4933 2984 5006 ejus
3017 4934 3217 4989 motus
3263 4944 3582 5005 pervorsus

1921 5034 2103 5103 atque
2123 5028 2187 5085 in
2215 5027 2431 5085 inﬁma
2453 5030 2512 5084 et
2528 5023 2783 5083 inhibita
2800 5020 3168 5080 damnabilis
3187 5018 3582 5094 inﬂexio,quo

1920 5123 2101 5194 pacto
2119 5117 2352 5193 peccati
2364 5115 2603 5175 occasio
2631 5114 2849 5172 dicitur
2868 5113 2896 5169 Ἰ
2916 5110 3278 5171 Mandatum
3296 5110 3582 5186 equidem

1919 5212 2157 5283 poterat
2203 5206 2322 5264 dici
2364 5204 2604 5264 occasio
2663 5202 2917 5278 peccati,
2964 5200 3490 5276 quemadmodum
3525 5202 3586 5258 et

1921 5296 2247 5373 Apostolus
2274 5295 2449 5354 dicit:
2502 5295 2829 5353 Peccatum
2883 5298 3107 5359 autem,
3146 5290 3457 5349 occasione
3479 5300 3583 5346 ac-

1922 5394 2093 5460 cepta
2106 5403 2224 5459 per
2261 5386 2639 5453 mandatum,
2671 5398 2789 5455 per
2832 5383 2995 5440 illud
3031 5380 3248 5440 occidit
3271 5380 3583 5447 me(Rom.

1921 5494 2023 5542 vn,
2072 5478 2180 5549 lt).
2215 5480 2345 5535 Non
2372 5474 2522 5531 dixit
2548 5488 2656 5547 per
2697 5472 2957 5529 liberum
3022 5467 3359 5538 arbitrium,
3415 5467 3585 5540 quod

1924 5570 2015 5624 est
2042 5567 2274 5624 donum
2306 5564 2430 5632 Dei,
2472 5579 2585 5621 nec
2613 5577 2722 5636 per
2770 5564 3076 5626 naturam,
3116 5574 3253 5631 quae
3292 5559 3383 5615 est
3427 5572 3587 5630 opus

1922 5656 2047 5729 Dei,
2102 5656 2213 5714 sed
2255 5670 2367 5726 per
2402 5652 2780 5722 mandatum,
2820 5647 2990 5723 quod
3016 5646 3137 5706 dici
3190 5650 3389 5721 potest
3413 5661 3592 5720 expe-

160 5734 397 5831 plicium
434 5734 751 5836 peccatum
769 5762 825 5816 et
876 5770 1065 5815 causa
1092 5750 1324 5827 peccati
1354 5751 1462 5808 sed
1505 5751 1817 5824 exspecta-
1895 5747 2237 5806 rimentum
2268 5744 2420 5817 ejus,
2463 5758 2588 5816 quo
2651 5737 2991 5815 experiatur
3029 5736 3180 5811 quid
3208 5734 3590 5814 sequendum
