3936 6410
398 319 533 374 1095

1467 308 1523 365 S.
1565 300 1938 362 PRUDENTII
1986 294 2364 353 TRECENSIS
2407 293 2745 362 EPISCOPI,

3685 297 3837 351 1096

396 441 577 512 eligat
629 441 912 495 creaturae
951 432 1258 491 rationalis
1305 430 1676 489 voluntarius
1723 425 2045 503 appetitus.
2085 426 2133 479 Α
2163 420 2433 512 cundum
2463 437 2535 478 ea
2564 437 2699 495 quae
2719 422 2843 493 jam
2875 419 3034 477 dicta
3051 422 3209 489 sunt,
3237 418 3416 476 etiam
3445 423 3551 475 tua
3575 417 3837 475 assertio

397 534 542 588 ltem
573 527 821 585 eosdem
851 524 1164 597 alloquens
1197 521 1382 578 dicis:

988 628 1239 670 JOANNES
1266 626 1471 668 SCOTUS

468 710 624 780 (cap.
645 710 699 776 5,
722 706 1138 774 num.l9,sect.
1163 701 1240 773 7),
1264 705 1303 755 Θ
1323 700 1393 758 Si
1410 704 1614 757 autem
1636 698 1833 755 vivere
1850 695 2050 759 vultis,

396 799 575 855 dicite
602 801 807 851 utrum
831 792 997 850 beate
1024 806 1105 849 an
1125 791 1374 849 misere:
1401 790 1612 846 nullus
1634 793 1717 844 est
1736 787 1843 860 qui
1866 786 2054 843 vitam

394 888 669 944 miseram
710 883 872 951 velit,
906 881 1393 955 quandoquidem
1421 880 1626 936 nvllus
1674 882 1757 934 est
1813 876 1920 947 qui
1969 874 2053 930 vi-

395 979 515 1029 tam
551 971 785 1026 beatam
814 984 935 1024 non
960 972 1227 1038 appetat.

1068 1072 1373 1113 CORRECTIO

460 1150 657 1217 qum
686 1147 922 1205 dicatur
949 1146 1129 1204 beata
1157 1145 1281 1202 vita
1310 1148 1495 1213 caste,
1522 1138 2058 1213 sobric,juste,pie-

390 1256 509 1314 que
546 1239 768 1309 vivere,
814 1236 1148 1312 probisque
1203 1234 1479 1292 moribus
1535 1231 1768 1289 caelitus
1825 1228 2056 1287 collatis

393 1329 730 1402 abundare,
763 1331 883 1385 Deo
911 1326 1205 1383 inhaerere
1234 1328 1292 1381 et
1320 1322 1400 1381 ad
1424 1327 1710 1379 aeternam
1735 1318 2056 1377 beatitudi-

392 1435 537 1476 nem
558 1417 693 1475 totis
718 1416 951 1474 viribus
994 1413 1304 1472 anhelare:
1362 1412 1585 1469 misera
1625 1414 1850 1480 autem,
1877 1407 2055 1478 vitiis,

398 1506 724 1565 sceleribus
750 1510 929 1580 atque
950 1504 1194 1576 ﬂagitiis
1222 1503 1533 1574 incubare,
1568 1504 1799 1572 certum
1830 1502 1919 1555 est
1933 1514 2058 1555 om-

393 1614 502 1656 nes
530 1612 830 1671 paganos,
859 1599 935 1667 et,
948 1595 1117 1669 quod
1144 1593 1475 1652 dolendum
1500 1590 1834 1659 est,multos
1858 1588 2057 1645 Chris-

396 1689 701 1746 tianorum
722 1686 889 1744 illam
917 1701 1042 1743 non
1076 1688 1379 1759 appetere,
1413 1684 1536 1740 imo
1566 1682 1867 1752 refugere;
1898 1681 2057 1737 hanc

2163 510 2525 568 confutatur.
3080 558 3085 564 .

2238 598 2352 656 Sed
2380 599 2549 673 quod
2574 600 2685 668 ais,
2709 615 2841 673 qua?
2872 606 3070 657 tamen
3102 599 3276 655 nulla
3289 603 3394 666 est,
3413 598 3466 653 si
3495 598 3592 654 vel
3621 603 3839 654 coacta

2164 689 2475 746 voluntate
2494 690 2857 762 acquiritur,
2889 689 2981 745 vel
3000 687 3129 744 sine
3153 688 3429 743 libertate
3448 686 3839 757 possidetur;

2166 775 2218 832 si
2245 775 2412 833 nulla
2435 781 2543 843 est,
2575 776 2831 851 qualiter
2859 791 3226 850 quocunque
3255 774 3441 831 modo
3470 774 3839 848 acquiritur?

2168 865 2226 923 Si
2263 865 2431 924 nulla
2455 871 2566 937 est,
2597 871 2905 940 quatenus
2938 865 3118 923 etiam
3161 864 3290 921 sine
3332 864 3608 922 libertate
3638 864 3840 937 possi-

2166 952 2383 1010 detur?
2414 957 2540 1011 Non
2590 955 2752 1011 enim
2807 953 2902 1010 vel
2960 952 3308 1027 acquiritur,
3357 951 3453 1009 vel
3484 951 3841 1026 possidetur

2166 1043 2336 1116 quod
2365 1043 2613 1101 omnino
2638 1060 2763 1100 non
2793 1048 2899 1100 est.
2933 1043 3224 1110 Quocirca
3251 1040 3565 1099 fatendum
3582 1044 3674 1098 est
3702 1057 3839 1098 esse

2165 1132 2353 1189 vitam
2382 1132 2645 1197 beatam,
2670 1137 2728 1190 et
2755 1132 2852 1189 hic
2877 1149 3014 1190 eam
3054 1131 3274 1188 divinae
3327 1131 3528 1201 gratiae
3575 1130 3840 1204 inspira-

2168 1222 2327 1278 tione
2348 1222 2702 1295 appetitam,
2742 1238 2984 1279 morum
3004 1221 3290 1294 deinceps
3318 1220 3642 1295 probitate,
3668 1220 3839 1292 adju-

2168 1310 2320 1367 torio
2348 1311 2550 1382 gratiae
2582 1311 2843 1384 acquiri;
2877 1316 2935 1368 et
2980 1309 3372 1384 postmodum
3417 1308 3567 1381 justi
3603 1309 3837 1381 judicis

2168 1400 2553 1458 retributione
2578 1400 2848 1458 libertate
2872 1399 3180 1458 liberrima
3208 1397 3521 1473 possideri.
3546 1398 3839 1457 Miseram

2167 1505 2309 1547 vero
2330 1490 2537 1555 vitam,
2571 1490 2620 1547 si
2644 1506 2682 1547 a
2706 1490 3007 1548 contrario
3030 1489 3371 1561 gehennam
3401 1487 3838 1562 appellas,cer-

2168 1585 2294 1638 tum
2321 1584 2412 1637 est
2437 1581 2744 1638 neminem
2774 1585 2987 1655 sponte
3027 1579 3227 1637 subire
3257 1598 3270 1649 ;
3296 1594 3508 1636 omnes
3537 1583 3748 1636 tamen
3774 1583 3840 1636 ut

2170 1669 2429 1727 subeant
2451 1674 2665 1744 sponte
2696 1668 3372 1743 contrahere,quamvis
3401 1668 3481 1726 ad
3508 1673 3837 1743 utramque

396 1780 600 1835 autem
629 1779 795 1834 tanto
826 1757 1468 1846 desideriditantaque
1501 1771 1674 1845 sequi
1718 1768 2055 1840 ﬂagrantia,
2086 1778 2129 1834 Β
2168 1758 2385 1815 divinae
2422 1759 2891 1833 dispensationis
2939 1758 3187 1816 occultis
3215 1757 3837 1832 inscrutabilibusque

393 1872 462 1926 ut
488 1882 807 1941 nunquam
839 1864 918 1923 ab
944 1881 1017 1922 ea
1042 1863 1245 1921 divelli
1269 1864 1534 1937 cupiant,
1571 1862 1677 1919 sed
1698 1861 1760 1918 in
1789 1874 1961 1917 coeno
1975 1859 2061 1915 vi-

394 1961 471 2015 tae
504 1955 874 2014 damnabilis
900 1952 1535 2024 delectabiliterintixi,
1569 1952 1648 2009 ad
1675 1950 1841 2008 illam
1872 1965 1947 2006 ne
1968 1964 2059 2005 as-

391 2048 592 2122 pirare
641 2045 891 2121 quidem
941 2048 1048 2102 aut
1076 2044 1152 2101 de
1183 2059 1257 2101 ea
1284 2042 1383 2099 vel
1414 2042 1625 2100 audire
1655 2040 1750 2097 vel
1795 2039 2058 2111 cogitare

392 2137 713 2212 quippiam
740 2134 961 2192 velint:
987 2133 1155 2208 quod
1177 2137 1233 2190 et
1256 2132 1304 2189 si
1336 2131 1545 2189 audire
1573 2129 1903 2200 contigerit,
1922 2143 2061 2184 con-

392 2229 561 2285 tinuo
587 2226 1001 2296 advertuntur,
1029 2223 1447 2295 indignantur,
1492 2220 1816 2291 refugiunt,
1866 2234 2061 2291 perse-

391 2317 681 2389 quuntur.
715 2315 795 2370 De
818 2312 1043 2387 quibus
1072 2316 1129 2369 et
1167 2310 1467 2384 Propheta
1496 2309 1803 2383 loquitur:
1848 2309 2061 2364 Noluit

393 2404 737 2475 intelligere
766 2408 834 2459 ut
884 2402 1026 2459 bene
1067 2406 1292 2472 ageret,
1323 2400 1702 2472 iniquitatem
1738 2398 2059 2455 meditatus

391 2498 477 2552 est
502 2493 566 2550 in
597 2491 784 2549 cubili
810 2506 917 2548 suo
945 2503 967 2561 ,°
993 2491 1187 2548 astitit
1232 2489 1397 2546 omni
1418 2489 1531 2545 vite
1560 2503 1679 2544 non
1712 2487 1898 2557 bonae,
1929 2502 2058 2544 ma-

392 2583 589 2640 titiam
615 2586 813 2639 autem
843 2596 965 2638 non
989 2580 1176 2637 adivit
1206 2578 1395 2651 (Psal.
1415 2592 1591 2645 xxxv,
1614 2580 1670 2648 4,
1702 2576 1774 2647 5).
1801 2578 2060 2643 Quomo-

391 2670 472 2728 do
494 2670 656 2728 enim
686 2669 914 2743 appetit
938 2667 1038 2725 vel
1068 2682 1348 2741 paganus
1377 2664 1544 2739 quod
1568 2664 1936 2736 ignorat,ch
1954 2664 2060 2723 fal-

386 2775 461 2817 so
489 2758 737 2816 nomine
769 2756 1141 2814 Christianus
1162 2753 1329 2829 quod
1350 2756 1711 2828 oppugnat?
1734 2758 1878 2811 Nam
1896 2754 1971 2810 de
1988 2754 2056 2811 il-

390 2846 465 2904 lis
490 2845 746 2903 dicitur:
777 2845 894 2914 Qui
918 2845 1161 2916 ignorat
1189 2843 1574 2915 ignorabitur
1601 2843 2053 2915 (ICor.x1v,38);

389 2930 467 2988 de
498 2930 623 2987 istis
644 2933 849 2986 autem
883 2946 896 2985 :
930 2929 1120 2985 Multi
1145 2928 1343 2985 dicent
1374 2926 1528 2984 mihi
1554 2928 1616 2983 in
1649 2928 1762 2984 illa
1795 2928 1910 2996 die,
1944 2929 2057 2983 Do-

389 3022 571 3094 mine,
599 3022 870 3079 Domine.
903 3034 1105 3076 nonne
1143 3019 1206 3075 in
1253 3018 1493 3075 nomine
1548 3023 1649 3075 tuo
1670 3018 2056 3088 prophetavi-

388 3125 541 3181 mus,
573 3114 629 3167 et
658 3110 720 3165 in
748 3098 988 3166 nomine
1016 3114 1119 3165 tuo
1148 3107 1449 3165 dcemonia
1476 3108 1837 3177 ejecimus,et
1866 3107 1932 3162 in
1953 3111 2055 3162 tuo
2083 3136 2126 3191 ο

387 3199 629 3256 nomine
650 3198 901 3255 virtutes
927 3196 1159 3253 multas
1188 3196 1443 3267 fecimus
1464 3198 1494 3251 ?
1544 3195 1622 3251 Et
1647 3200 1791 3253 tunc
1816 3196 2055 3264 conﬁte~

391 3289 498 3345 bor
523 3287 671 3359 illis,
694 3287 838 3359 quia
867 3301 1181 3358 nunquam
1206 3285 1353 3342 novi
1370 3299 1495 3341 vos.
1525 3284 1827 3341 Discedite
1873 3299 1911 3341 a
1939 3299 2052 3355 me,

387 3376 655 3448 operarii
683 3376 1022 3447 iniquitatis
1048 3374 1288 3445 (Matth.
1320 3389 1425 3447 vn,
1448 3374 1656 3446 22-23),

460 3467 547 3521 Tu
573 3478 717 3521 vero
747 3466 816 3519 ut
844 3461 1166 3520 conﬁrmes
1210 3477 1475 3519 errorem
1503 3466 1696 3533 tuum,
1742 3478 1866 3535 quo
1920 3478 2053 3534 gra-

389 3551 538 3609 tiam
564 3550 667 3607 Dei
693 3564 941 3607 omnem
967 3549 1114 3607 boni
1130 3549 1502 3607 voluntatem
1526 3549 1589 3607 in
1609 3550 1787 3607 nobis
1800 3567 2051 3625 operan-

389 3643 514 3699 tem
535 3654 831 3699 evacuare
858 3638 1110 3713 moliris,
1143 3655 1417 3697 asserens
1436 3656 1514 3697 ex
1542 3644 1618 3711 te,
1646 3639 1768 3696 imo
1789 3640 2052 3714 teipsum

388 3730 496 3788 tibi
526 3746 655 3788 esse
683 3729 857 3803 velle,
891 3732 949 3786 et
974 3744 1099 3787 non
1129 3728 1192 3786 id
1212 3728 1376 3786 dono
1407 3744 1684 3803 supernae
1718 3729 2054 3802 inspiratio-

386 3820 482 3879 nis
505 3820 851 3895 percipere:
882 3834 1198 3876 asseveras
1220 3819 1387 3875 omni
1412 3818 1643 3876 homini
1680 3820 2054 3876 naturaliter

386 3910 576 3968 inesse
604 3909 938 3981 appetitum
962 3908 1370 3979 beatitudinis,
1404 3907 1468 3963 id
1510 3911 1600 3964 est
1626 3906 1782 3964 bene
1811 3905 2052 3964 vivendi

386 3997 783 4065 desiderium,
814 4001 871 4055 et
894 3996 1128 4054 nullum
1150 4011 1369 4071 cupere
1398 3997 1683 4054 miseram
1709 3997 1917 4067 vitam,
1935 3997 2052 4053 hoc

389 4091 480 4145 est
502 4087 869 4159 ﬂagitiosam
901 4090 1084 4160 atque
1110 4086 1486 4154 sceleratam,
1539 4102 1679 4143 cum
1728 4085 2050 4159 utrobique

389 4178 516 4232 tam
544 4176 621 4231 sit
648 4175 895 4232 evidens
926 4173 1221 4232 certitudo
1273 4189 1462 4248 quam
1509 4174 1893 4248 quotidiana,
1925 4174 2050 4233 imo

387 4263 677 4321 continua
702 4262 1048 4319 multitudo.
1099 4262 1265 4320 Unde
1288 4266 1346 4319 et
1374 4263 1664 4320 Dominus
1690 4263 1754 4320 in
1781 4266 2052 4335 Evange-

385 4350 468 4410 lio
493 4368 507 4409 :
544 4351 900 4409 Contendtte
918 4351 1154 4409 intrare
1174 4366 1286 4423 per
1306 4358 1626 4424 angustam
1637 4354 2050 4425 portam,quia

385 4446 649 4514 angusta
675 4445 857 4512 porta
888 4445 943 4498 et
976 4432 1151 4499 arcta
1190 4441 1290 4498 via
1302 4447 1387 4498 est
1417 4458 1548 4513 qua?
1575 4443 1743 4499 ducit
1771 4443 1853 4499 ad
1864 4443 2047 4499 vitam

384 4535 443 4590 et
464 4531 656 4602 pauci
692 4536 835 4587 sunt
889 4531 997 4605 qui
1030 4531 1347 4588 inveniunt
1395 4546 1522 4587 eam
1554 4531 1797 4600 (Matth.
1827 4546 1923 4599 vii,
1959 4535 2045 4604 l3,

394 4619 501 4694 14).
524 4620 625 4678 Isti
648 4623 790 4677 sunt
816 4619 1043 4694 quibus
1071 4619 1401 4694 inspiratur
1429 4619 1712 4677 divinitus
1736 4619 2050 4677 beatitudi-

383 4710 480 4769 nis
508 4710 840 4785 appetitus,
889 4725 1015 4768 non
1064 4709 1315 4767 inﬂatur
1350 4713 1583 4767 naturae
1626 4709 1870 4784 typhus.
1903 4713 2047 4768 Item

380 4795 464 4852 ait
495 4813 509 4865 ;
545 4796 731 4865 Quam
759 4796 887 4853 lata
916 4800 1099 4867 porta
1122 4801 1207 4852 est
1233 4801 1287 4852 et
1317 4797 1583 4866 spatiosa
1606 4797 1703 4852 via
1726 4809 1862 4869 qua?
1879 4795 2045 4853 ducit

380 4885 463 4942 ad
490 4884 913 4955 perditionem,
932 4891 986 4943 et
1012 4887 1196 4944 multi
1222 4891 1365 4943 sunt
1395 4890 1498 4958 qui
1521 4888 1757 4942 intrant
1781 4901 1897 4956 per
1915 4901 2046 4943 eam

380 4971 581 5043 (Ibid.,
607 4976 718 5043 t3).
750 4975 978 5032 Horum
992 4974 1196 5032 nullus
1216 4975 1445 5049 appetit
1466 4974 1641 5031 beate
1658 4975 1877 5045 vivere,
1901 4976 2046 5048 quia

379 5054 474 5111 vel
501 5054 903 5130 ignoratquid
932 5058 1026 5131 sit,
1039 5058 1133 5116 vel
1161 5075 1287 5117 non
1315 5058 1444 5116 vult
1464 5058 1636 5133 sequi
1664 5059 1831 5132 quod
1855 5060 2040 5118 novit.

381 5146 578 5211 Quam
604 5146 899 5218 peccandi
918 5146 1315 5207 differentiam
1344 5148 1562 5206 beatus
1595 5149 2043 5221 Augustinusin

379 5234 678 5293 sententia
703 5234 890 5309 paulo
917 5236 1195 5310 superius
1227 5238 1546 5313 praemissa
1572 5238 1806 5312 liquido
1831 5239 2044 5314 perdo-

378 5320 519 5379 cuit.
546 5323 665 5378 Nos
695 5323 901 5378 autem
929 5325 987 5378 et
1016 5322 1351 5396 appetitum
1380 5324 1537 5380 bene
1565 5322 1831 5395 vivendi,
1865 5324 2041 5382 etde-

377 5411 665 5469 siderium
685 5426 865 5485 atque
913 5411 1258 5470 facultatem
1312 5413 1585 5471 miserias
1613 5414 1911 5471 evadendi
1956 5418 2041 5473 at-

376 5515 496 5573 que
541 5501 771 5558 vitandi
801 5502 1007 5572 gratiae
1047 5503 1321 5574 gratuitae
1366 5503 1530 5560 dono
1581 5502 1758 5559 nobis
1806 5503 1937 5561 dari
1975 5503 2041 5561 Ιί-

375 5583 517 5641 bere
547 5586 904 5643 conﬁtemur
936 5591 995 5643 et
1018 5587 1321 5645 humiliter
1365 5588 1775 5661 postulamus.
1830 5588 1886 5644 Si
1928 5605 2037 5646 au-

379 5672 499 5726 tem
526 5674 711 5730 vitam
761 5675 1004 5731 beatam
1034 5676 1214 5733 vitam
1245 5681 1530 5734 asternam
1578 5693 1917 5749 nuncupas,
1951 5694 2038 5734 se-

450 5825 467 5849 '
486 5823 719 5883 Additio
750 5827 1125 5898 marginalis.

2164 1848 2405 1921 judiciis
2433 1849 2605 1906 multi
2634 1848 2957 1919 adigantur
2984 1852 3166 1922 atque
3196 1851 3508 1919 cogantur,
3529 1847 3615 1904 ita
3639 1850 3713 1905 ut
3725 1863 3837 1904 nec

2167 1938 2413 1995 libertas
2442 1938 3009 2006 arbitriiaufcratur,
3032 1954 3143 1995 nec
3171 1937 3422 1995 omnino
3448 1936 3839 2008 gratiadene-

2170 2034 2359 2100 gctur.
2384 2030 2423 2102 [³
2455 2030 2524 2086 Et
2552 2029 2800 2103 quidem
2831 2029 3007 2102 juxta
3037 2028 3098 2085 id
3127 2027 3295 2103 quod
3321 2027 3555 2086 homini
3583 2027 3835 2086 libertas

2170 2118 2368 2177 adicta
2398 2123 2577 2192 atque
2627 2118 2857 2176 servilis
2880 2119 3191 2188 remansit,
3222 2117 3438 2175 dicitur
3467 2117 3519 2175 ei
3548 2117 3628 2175 ad
3679 2118 3838 2176 testi-

2168 2208 2441 2265 monium
2471 2225 2593 2264 suae
2622 2207 3034 2265 damnationis
3060 2206 3301 2265 relictus
3322 2206 3714 2264 beatitudinis
3735 2223 3837 2281 ap«

2171 2298 2411 2371 petitus,
2442 2302 2527 2368 ut,
2573 2298 2689 2354 hoc
2721 2297 2929 2354 audito
2969 2296 3293 2369 vocabulo,
3325 2296 3457 2369 ejus
3510 2295 3836 2354 dulcedine

2167 2388 2399 2445 illectus
2428 2392 2673 2462 appetat
2698 2387 3156 2454 beatitudinem,
3200 2386 3280 2443 ad
3303 2387 3475 2459 cujus
3499 2386 3836 2462 perceptio-

2168 2492 2311 2533 nem
2331 2476 2506 2546 bene,
2540 2481 2697 2534 recte
2727 2477 2948 2551 pieque
3003 2475 3287 2548 vivendo,
3338 2476 3654 2549 pervenire
3708 2492 3834 2533 non

2168 2566 2309 2623 vult.
2338 2569 2406 2623 Et
2425 2565 2572 2639 quia
2594 2565 2728 2623 talis
2781 2565 3080 2639 appetitus
3110 2581 3182 2623 ex
3230 2564 3593 2635 testimonio,
3642 2569 3712 2623 ut
3753 2565 3835 2623 ita
3884 2556 3893 2571 ³

2166 2654 2443 2724 dixerim,
2476 2655 2705 2712 servilis
2753 2654 3063 2725 libertatis,
3094 2670 3220 2712 non
3286 2671 3361 2712 ex
3424 2654 3588 2713 dono
3624 2655 3835 2727 gratiae

2164 2743 2455 2818 procedit,
2487 2744 2550 2801 in
2582 2760 2712 2801 sese
2733 2743 2943 2800 relisus
2971 2748 3151 2818 atque
3182 2743 3593 2802 comminutus
3635 2760 3833 2803 emar-

2166 2833 2366 2905 cescit,
2398 2833 2685 2890 continuo
2711 2837 2769 2891 et
2796 2833 3147 2901 evanescit.]

2234 2924 2367 2980 Jam
2396 2938 2541 2980 vero
2570 2921 2815 2980 libertas
2846 2923 3074 2980 arbitrii
3100 2922 3296 2997 qualis
3318 2927 3455 2981 ante
3485 2928 3825 2997 peccatum,

2164 3012 2361 3088 qualis
2384 3017 2525 3086 post
2549 3016 2869 3087 peccatum
2897 3011 3074 3070 fuerit
3095 3013 3238 3070 satis
3277 3028 3580 3087 superque
3621 3030 3827 3071 mons-

2164 3106 2385 3160 tratum
2416 3101 2704 3169 est.Quod
2728 3117 2869 3159 vero
2893 3101 3151 3158 liberum
3178 3101 3493 3159 arbitrium
3515 3118 3585 3159 ac
3613 3103 3828 3160 volun-

2165 3194 2347 3249 tatem
2377 3191 2439 3248 in
2464 3190 2709 3250 homine
2736 3192 2927 3249 Deum
2947 3207 3110 3249 nunc
3132 3208 3364 3249 creasse
3395 3191 3826 3263 etcondidisse,

2163 3296 2326 3339 nunc
2355 3280 2599 3339 dedisse
2633 3280 2867 3337 homini
2888 3280 3099 3337 scribis
3130 3297 3143 3337 :
3178 3281 3405 3340 mirum
3452 3281 3570 3339 nisi
3612 3298 3827 3339 secun-

2162 3366 2310 3423 dum
2335 3367 2689 3440 Pelagianos
2714 3372 2915 3441 patres
2928 3372 3065 3426 tuos
3088 3368 3286 3443 ipsam
3311 3374 3594 3429 naturam
3614 3370 3829 3429 huma-

2160 3472 2306 3514 nam
2328 3458 2585 3529 gratiam
2614 3473 2960 3532 nuncupas,
3008 3468 3074 3517 ut
3098 3463 3312 3533 postea
3340 3460 3641 3534 quidquid
3668 3461 3827 3519 coeli-

2161 3548 2256 3602 tus
2285 3546 2464 3604 datur
2493 3563 2617 3604 non
2646 3547 2720 3604 sit
2742 3547 3017 3619 gratuita:
3047 3548 3253 3620 gratite
3277 3548 3463 3622 datio,
3491 3548 3603 3606 sed
3628 3549 3826 3608 meriti

2159 3635 2503 3706 retributio;
2536 3636 2642 3711 qui
2666 3640 2870 3694 tamen
2898 3638 3179 3711 quamvis
3230 3638 3294 3696 in
3335 3644 3569 3698 naturae
3620 3640 3826 3699 condi-

2161 3722 2321 3781 tione
2352 3724 2769 3782 constituerint
2808 3726 3087 3799 gratiam,
3138 3742 3460 3802 nunquam
3508 3731 3719 3786 tamen
3747 3728 3823 3787 le-

2162 3817 2386 3885 guntur
2413 3813 2634 3872 dixisse
2652 3814 3032 3873 voluntatem
3051 3822 3109 3874 et
3135 3816 3471 3876 libertatem
3498 3817 3595 3876 vel
3632 3818 3825 3878 homi-

2159 3902 2253 3960 nis
2277 3901 2373 3958 vel
2403 3902 2643 3960 alterius
2668 3909 2956 3963 creaturae
3000 3905 3332 3973 rationalis,
3363 3923 3494 3966 esse
3542 3907 3824 3967 substan-

2160 3992 2344 4050 tiam:
2377 3992 2482 4049 ubi
2512 3993 2829 4052 manifeste
2887 3995 3201 4069 conjicitur
3259 4002 3424 4055 tanto
3465 3997 3823 4056 deteriorem

2161 4097 2291 4139 esse
2319 4082 2656 4155 Pelagianis
2687 4084 2961 4158 patribus
2982 4085 3119 4151 tuis,
3148 4092 3377 4161 quanto
3398 4087 3460 4144 in
3481 4088 3699 4146 erroris
3732 4105 3825 4147 eo«

2158 4186 2297 4230 rum
2353 4172 2682 4230 assertione
2714 4189 2787 4231 ea
2833 4174 3240 4248 superaddere
3293 4192 3654 4251 pra’sumas,
3685 4194 3821 4252 quas

2158 4276 2270 4319 nec
2298 4261 2413 4336 ipsi
2439 4277 2551 4320 nec
2576 4262 2675 4320 alii
2707 4267 2845 4321 ante
2868 4268 2925 4321 te
2972 4264 3196 4323 dixisse
3223 4266 3468 4341 uspiam
3515 4268 3823 4342 reperiun-

2159 4354 2275 4411 tur.
2332 4354 2573 4411 Errores
2645 4353 2865 4412 etenim
2921 4354 3381 4428 Pelagianorum
3429 4357 3537 4432 qui
3577 4358 3818 4431 iuerint,

2158 4441 2441 4515 quamvis
2504 4442 2651 4499 actis
2705 4443 3010 4517 synodicis
3065 4445 3289 4519 quibus
3346 4447 3619 4506 damnati
3681 4451 3821 4506 sunt

2160 4534 2637 4602 cognoscantur,
2667 4533 2971 4607 praecipue
3014 4538 3219 4593 tamen
3274 4552 3347 4593 ex
3395 4536 3568 4593 libris
3622 4536 3819 4597 beatas

2156 4621 2465 4677 memoria:
2486 4622 2820 4694 Augustini,
2854 4638 3009 4697 quos
3039 4625 3135 4683 vel
3156 4625 3450 4684 adversus
3479 4642 3583 4685 eos
3619 4627 3720 4685 vel
3745 4628 3818 4686 de

2155 4710 2490 4782 nonaginta
2526 4710 2862 4769 haeresibus
2907 4713 3115 4785 edidit,
3157 4715 3437 4775 facillime
3486 4717 3818 4791 deprehen-

2155 4797 2400 4856 duntur.
2426 4799 2655 4866 Quibus
2680 4800 2967 4875 inspectis
3014 4819 3323 4879 nusquam
3347 4807 3606 4881 reperire
3653 4807 3815 4865 valui

2153 4888 2323 4961 quod
2364 4893 2782 4962 portentorum
2852 4896 3096 4952 tuorum
3164 4895 3450 4954 fetoribus
3499 4896 3813 4956 exhalasti.

2155 4979 2299 5034 ltem
2329 4978 2497 5051 quod
2522 4980 2644 5038 ais:

2722 5088 2961 5131 JOANNES
3012 5091 3239 5135 SCOTUS.

2223 5157 2391 5232 (Cap.
2433 5164 2487 5230 5,
2513 5174 2683 5219 num.
2713 5165 2803 5227 2t,
2830 5166 2975 5221 sect.
3028 5166 3104 5238 9).
3145 5170 3185 5220 Θ
3218 5165 3521 5240 Quemque
3547 5167 3817 5226 libertati

2151 5248 2401 5306 arbitrii
2437 5250 2846 5324 derogantem,
2906 5259 3014 5312 aut
3043 5256 3389 5324 minuendo,
3422 5263 3530 5315 aut
3572 5259 3815 5329 penitus

2150 5337 2504 5408 auferendo,
2552 5346 2661 5397 aut
2711 5342 3184 5414 blasphemando
3236 5348 3418 5405 totius
3451 5346 3815 5406 Christiana:

2149 5426 2488 5501 discipline:
2525 5432 2948 5500 proculdubio
2976 5434 3310 5495 inimicum.

2827 5538 3137 5581 CORRECTIO

2218 5606 2408 5673 “I‘Quis
2428 5609 2679 5679 minuat,
2712 5612 2827 5667 nisi
2851 5614 2955 5685 qui
2978 5619 3209 5686 peccat;
3229 5616 3366 5688 quis
3383 5618 3621 5689 penitus
3651 5618 3811 5673 aufe-

2144 5700 2257 5769 rat,
2288 5696 2401 5753 nisi
2427 5699 2532 5771 qui
2572 5699 2844 5772 ignorat;
2880 5703 3016 5776 quis
3063 5704 3465 5779 blasphemet,
3494 5707 3610 5762 nisi
3639 5708 3744 5780 qui
3777 5724 3812 5764 a
