3936 6418
164 259 189 312 1
201 260 320 316 097

1121 271 1210 324 DE
1250 259 1913 327 PREDESTINATIONE
1953 269 2237 326 CONTRA
2276 261 2326 328 J.
2367 267 2660 332 SCOTUM.

3467 280 3603 354 1098

155 383 393 454 pietate
422 386 719 445 discedit?
753 391 956 448 Minuit
983 392 1206 466 quippe
1240 395 1351 450 sibi
1380 396 1710 452 libertatem
1745 410 1841 449 ar-
1872 399 1919 450 A
1955 399 2217 450 creatum
2247 396 2492 460 dixeris,
2523 400 2834 469 miramur,
2892 419 3030 458 cum
3070 403 3234 461 aliud
3285 407 3357 465 sit
3387 426 3612 486 creare,

157 471 354 543 bitrii,
387 475 491 546 qui
522 482 734 548 sponte
769 481 1080 552 peccando
1111 484 1374 540 servituti
1423 503 1484 542 se
1529 485 1776 554 addixit,
1806 501 1841 540 a

155 576 302 632 qua
339 562 412 618 de
463 570 676 622 caetero
725 583 850 626 non
893 569 1110 627 imbuit
1150 571 1409 628 liberum
1459 591 1497 631 a
1540 574 1839 629 servitutis

156 648 467 716 dominio,
522 654 637 710 nisi
702 672 810 729 per
865 659 966 714 Dei
1019 664 1074 716 et
1132 660 1450 718 hominum
1510 662 1840 719 Mediatoris

157 740 433 807 gratiam
453 741 715 800 liberari.
749 747 952 804 Aufert
981 753 1184 805 autem
1216 751 1438 820 nullus,
1487 752 1601 808 nisi
1633 758 1840 808 aucto-

155 828 366 885 ritatis
391 831 637 902 ignarus
663 839 720 891 et
741 837 990 893 rationis
1019 855 1250 912 expers,
1282 857 1480 914 neque
1509 841 1841 898 bonitatem

157 918 301 990 Dei,
332 936 527 994 neque
550 923 843 994 justitiam
869 927 970 983 Dei
997 929 1207 985 valens
1239 931 1454 987 mentis
1484 931 1671 988 oculis
1697 948 1840 988 con-

158 1010 348 1066 tueri.
382 1012 765 1086 Blasphemat
795 1033 936 1073 vero
979 1019 1254 1092 quisquis
1303 1037 1340 1077 a
1388 1022 1605 1094 pietate
1648 1023 1840 1079 disce-

157 1099 351 1171 dens,
384 1102 627 1175 suisque
655 1104 1063 1177 impietatibus
1088 1110 1559 1182 vituperabiliter
1583 1112 1841 1169 innoda-
1908 1124 1910 1126 '

156 1194 294 1262 tus,
323 1191 396 1248 de
415 1193 660 1264 judiciis
695 1196 790 1251 Dei
811 1197 1045 1254 mavult
1069 1199 1443 1272 iniquissime
1464 1203 1634 1274 queri
1655 1219 1841 1275 quam

154 1279 248 1335 de
282 1281 405 1337 suis
460 1283 784 1340 sceleribus
835 1291 939 1342 aut
989 1289 1159 1358 argui
1213 1295 1316 1345 aut
1363 1292 1694 1358 emendari,
1740 1297 1844 1348 aut

154 1374 332 1427 certe
357 1371 641 1440 judicari,
669 1390 1004 1448 omnesque
1034 1393 1157 1434 non
1188 1379 1384 1435 solum
1431 1397 1467 1436 a
1497 1381 1838 1454 disciplina,

149 1475 386 1516 verum
415 1462 595 1518 etiam
625 1479 662 1518 a
692 1464 969 1521 societate
1003 1467 1305 1523 catholicae
1343 1470 1611 1526 Ecclesiae
1640 1471 1835 1533 alieni,

151 1555 442 1606 exsortes
482 1553 826 1610 nullatenus
868 1555 1238 1613 dubitantur.
1279 1562 1592 1617 Peccatum
1637 1566 1839 1617 autem

151 1653 304 1694 esse
333 1639 741 1698 voluntarium
771 1643 1048 1717 quisquis
1076 1653 1276 1718 negat,
1327 1649 1580 1704 modum
1631 1651 1838 1723 primae

149 1730 665 1799 transgressionis
692 1732 938 1789 minime
969 1734 1281 1806 diligenter
1321 1738 1594 1794 advertit.
1628 1743 1838 1795 Postea

152 1833 335 1885 vero,
389 1821 669 1890 quamvis
717 1821 876 1877 illius
931 1826 1283 1882 necessitate
1340 1843 1574 1898 omnes,
1623 1833 1838 1902 praeter

152 1922 363 1962 unum
375 1907 756 1966 Mediatorem
775 1911 875 1966 Dei
893 1916 949 1968 et
963 1913 1303 1986 hominum,
1323 1917 1834 1986 constringantur,

150 1997 545 2071 proindeque
603 1999 684 2054 ad
737 2001 930 2058 multa
987 2019 1124 2076 qum
1171 2005 1338 2077 prius
1377 2005 1696 2063 noluerant
1724 2023 1836 2063 nec

149 2086 439 2144 meditati
472 2088 727 2160 fuerant,
762 2091 1223 2164 compellantur,
1267 2095 1581 2152 fatendum
1631 2101 1720 2152 cst
1745 2101 1834 2153 ta-

149 2192 312 2232 men
341 2193 465 2234 non
495 2178 730 2253 absque
776 2181 1084 2239 voluntate
1138 2199 1210 2239 ea
1253 2185 1565 2254 committi,
1613 2186 1836 2259 quibus

144 2266 329 2337 justa
376 2283 572 2340 poenm
621 2269 931 2327 retributio
987 2278 1467 2346 compensctur:
1524 2275 1607 2332 ita
1656 2281 1723 2332 ut
1779 2279 1837 2332 et

148 2355 340 2412 inviti
392 2357 643 2430 quidam
695 2359 775 2415 ad
831 2376 902 2417 ea
954 2363 1358 2435 perpetranda
1409 2369 1723 2436 cogantur,
1779 2369 1838 2421 et

151 2449 375 2502 tamen
405 2447 706 2519 voluntas,
755 2451 1031 2522 quamvis
1051 2453 1181 2523 jam
1215 2453 1456 2526 captiva
1485 2459 1543 2511 et
1571 2455 1832 2520 addicta,

152 2550 295 2591 non
326 2535 498 2603 desit,
527 2553 663 2610 qum
692 2540 907 2596 merito
936 2543 1244 2614 puniatur.

827 2651 1051 2706 CAPUT
1088 2653 1175 2707 Vl.

149 2751 250 2808 De
276 2768 346 2808 eo
377 2753 538 2830 quod
567 2771 687 2812 non
728 2757 978 2814 aliunde
1023 2759 1097 2813 sit
1138 2774 1308 2815 omne
1355 2766 1666 2830 peccatum
1718 2761 1838 2818 nisi

426 2826 610 2882 libero
633 2831 902 2899 proprim
936 2831 1267 2887 voluntatis
1297 2826 1578 2888 arbitrio.

231 2931 392 2990 Cum
420 2950 563 2992 vero
595 2935 964 2994 fastidiosius
1012 2943 1069 2995 et
1113 2956 1238 2996 non
1285 2941 1622 2998 necessario
1664 2945 1832 2999 sexto

153 3024 725 3095 supervacuitatum
756 3031 996 3084 tuarum
1027 3029 1276 3086 articulo
1306 3030 1462 3101 (cap.
1496 3035 1549 3100 6,
1581 3048 1746 3088 num.
1779 3036 1828 3100 t,

152 3121 305 3171 sect.
341 3118 394 3181 1)
422 3115 676 3188 replicas
698 3117 864 3189 quod
893 3134 1017 3174 non
1044 3118 1286 3176 aliunde
1305 3121 1376 3177 sit
1405 3137 1585 3178 omne
1615 3138 1830 3194 pecca-

153 3205 295 3258 tum
322 3202 442 3258 nisi
472 3202 662 3260 libero
686 3207 942 3278 propriae
991 3206 1315 3264 voluntatis
1355 3209 1620 3278 arbitrio,
1671 3210 1831 3266 unde

153 3290 369 3347 nullus
400 3291 516 3364 pim
543 3293 758 3349 mentis
784 3298 984 3368 potest
1028 3294 1357 3367 ambigere,
1414 3298 1598 3354 uteris
1650 3314 1830 3370 argu-

153 3385 370 3438 mento
401 3381 569 3455 quod
598 3383 854 3441 sumitur
880 3401 917 3441 a
949 3387 1422 3458 comparatione,
1455 3387 1692 3444 dicens:

737 3507 978 3549 JOANNES
1029 3508 1257 3550 SCOTUS.

231 3595 407 3668 (Cap.
439 3598 494 3664 6,
522 3611 691 3652 num.
725 3600 780 3667 2,
813 3603 952 3654 sect.
989 3599 1063 3671 t.)
1095 3604 1133 3652 6
1164 3600 1235 3656 Si
1260 3600 1528 3657 humana
1550 3602 1831 3658 voluntas

159 3691 246 3740 est
290 3685 620 3742 secundum
662 3692 973 3755 naturam,
1024 3690 1184 3747 unde
1229 3690 1508 3748 dubitare
1547 3693 1831 3748 stultissi-

156 3791 349 3842 mum,
385 3777 547 3831 nulli
567 3775 814 3833 dubium
863 3793 992 3834 eam
1028 3794 1149 3836 non
1205 3794 1325 3836 esse
1374 3795 1664 3838 summam
1707 3797 1831 3838 om-

158 3863 332 3920 nium
380 3865 770 3932 voluntatem,
823 3880 888 3922 eo
945 3867 1208 3923 maxime
1262 3875 1619 3939 argumento
1671 3870 1832 3942 quod

161 3953 476 4010 mutabilis
504 3955 600 4010 sit.
633 3956 700 4010 Si
726 3956 881 4012 enim
906 3971 1139 4014 summa
1165 3959 1428 4014 omnium
1472 3964 1638 4026 esset,
1685 3975 1831 4031 quo-

161 4043 338 4099 modo
369 4044 676 4100 mutabilis
697 4058 818 4101 esse
840 4045 1085 4115 posset?
1137 4047 1277 4102 Non
1326 4049 1518 4118 igitur
1573 4064 1828 4106 summa.

162 4131 460 4199 Quoniam
490 4148 628 4189 vero
675 4149 806 4191 eam
861 4136 1114 4192 rationis
1165 4151 1413 4194 summa,
1466 4139 1828 4207 participem

163 4236 283 4278 esse
314 4222 600 4292 videmus,
640 4223 920 4281 dubitare
965 4240 1086 4281 non
1119 4240 1436 4295 possumus
1485 4229 1678 4296 ipsam
1729 4242 1828 4284 ra-

166 4312 453 4370 tionalem
481 4313 879 4371 substantiam
910 4329 1049 4371 esse.

837 4437 1159 4479 CORRECTIO.

233 4511 276 4581 --
309 4513 380 4566 Et
407 4509 582 4566 addis
613 4510 800 4582 (num.
833 4515 886 4580 3,
918 4517 1056 4568 sect.
1091 4511 1146 4583 2)
1168 4510 1330 4569 beati
1355 4513 1672 4584 Augustini
1701 4531 1833 4571 sen-

168 4599 438 4668 tentiam,
467 4615 628 4672 qum,
658 4599 940 4672 quamvis
959 4598 1021 4655 in
1043 4599 1413 4674 quibusdam
1437 4605 1562 4671 tua,
1584 4603 1708 4658 imo
1732 4618 1831 4660 ca-

169 4687 410 4759 tholica,
435 4688 774 4760 conrmet,
791 4689 853 4744 in
879 4705 951 4746 eo
977 4693 1181 4747 tamen
1201 4690 1544 4748 nullatenus
1564 4695 1667 4750 aut
1687 4708 1832 4750 con-

169 4779 330 4835 venit
359 4783 464 4835 aut
489 4778 872 4850 suffragatur,
901 4779 1070 4852 quod
1093 4780 1434 4838 humanum
1460 4780 1834 4840 voluntatem

170 4863 527 4920 rationalem
557 4862 960 4920 substantiam
990 4880 1316 4934 asseveras,
1349 4865 1496 4939 quia
1515 4882 1834 4940 nunquam

172 4950 232 5008 id
259 4955 393 5027 ejus
421 4953 628 5010 litterm
659 4953 961 5011 continere
991 4953 1350 5027 probantur.

818 5063 1042 5120 CAPUT
1078 5061 1190 5118 Vll.

180 5148 344 5215 Quod
359 5151 614 5208 liberum
632 5151 960 5208 voluntatis
973 5150 1294 5207 arbitrium
1307 5151 1749 5208 numerandum
1761 5153 1838 5208 sit

246 5223 403 5280 inter
425 5223 580 5280 bona
605 5239 738 5295 qum
753 5225 911 5279 Deus
934 5222 1164 5279 homini
1179 5224 1465 5294 largitur,
1480 5225 1753 5294 quamvis
1773 5238 1838 5280 eo

245 5296 402 5351 male
430 5300 680 5352 utatur:
711 5310 842 5366 qua:
870 5300 955 5352 est
977 5309 1160 5352 causa
1175 5296 1412 5366 peccati
1429 5301 1485 5351 et
1499 5299 1835 5364 peccatum.

246 5403 309 5457 In
339 5418 410 5459 eo
435 5405 638 5459 autem
686 5401 854 5475 quod
881 5401 1136 5476 septimo
1174 5416 1546 5458 nausearum
1598 5404 1834 5458 tuarum

182 5488 351 5547 tmdio
382 5496 541 5562 (cap.
572 5497 628 5561 '7,
659 5507 826 5547 num.
864 5495 912 5559 1,
942 5495 1080 5548 sect.
1120 5490 1168 5562 1)
1215 5489 1474 5546 liberum
1514 5487 1840 5547 voluntatis

185 5577 490 5637 arbitrium
520 5579 972 5637 numerandum
1019 5595 1230 5636 censes
1281 5579 1434 5636 inter
1484 5579 1652 5636 bona
1703 5594 1840 5651 qum

184 5662 406 5727 homini
434 5671 643 5728 divina
671 5671 944 5742 largitate
969 5669 1197 5727 donata
1229 5673 1387 5733 sunt,
1440 5673 1499 5726 et
1528 5667 1840 5742 amplecti-

187 5768 318 5815 mur
343 5766 400 5818 et
428 5760 789 5833 gaudemus.
823 5759 938 5816 Sed
969 5759 1136 5833 quod
1165 5757 1312 5817 illud
1345 5757 1622 5832 superius
1652 5774 1690 5817 a
1719 5762 1838 5816 Deo

538 5853 783 5907 PATROL.
826 5849 983 5907 CXV.

1951 482 2115 538 aliud
2141 485 2368 543 donare
2395 506 2407 556 ;
2440 488 2573 545 licet
2597 490 2659 546 in
2685 490 2823 564 ipsa
2844 493 3140 551 creatione
3159 496 3302 554 data
3327 482 3614 560 divinitus

1949 571 2182 629 homini
2209 576 2400 633 multa
2427 576 2593 636 bona
2623 595 2746 636 non
2781 581 3167 650 ignoremus:
3202 586 3405 656 veluti,
3437 596 3502 648 ut
3539 592 3616 648 de

1950 662 2178 718 cmteris
2206 664 2438 738 sileam,
2465 667 2624 725 facto
2654 671 2890 743 corpori
2923 672 3216 746 animam,
3267 676 3440 735 factm
3485 681 3615 737 aui-

1948 766 2066 807 mm
2112 752 2501 827 voluntatem,
2553 759 2885 832 scientiam,
2939 761 3177 836 aliaque
3215 781 3338 822 sum
3385 773 3616 827 naturm

1949 843 2371 913 competentia,
2404 847 2626 918 quibus
2653 847 2857 919 imago
2891 851 2991 907 Dei
3018 851 3080 907 in
3115 869 3185 908 ea
3212 855 3492 914 decenter
3529 865 3614 917 te-

1949 934 2162 986 neatur
2185 948 2255 988 ac
2285 933 2618 992 decoretur.
2652 940 2780 994 Non
2804 940 2970 1011 quod
2999 941 3245 1014 aliquod
3274 945 3454 1003 veluti
3484 965 3617 1022 spa-

1950 1019 2121 1088 tium,
2154 1027 2256 1077 aut
2285 1022 2400 1079 loci
2442 1030 2546 1081 aut
2579 1029 2884 1100 temporis,
2932 1029 3082 1087 inter
3135 1019 3536 1094 creationem
3559 1045 3618 1096 et

1949 1107 2181 1166 donum
2219 1126 2599 1183 asseramus;
2662 1117 2771 1172 sed
2815 1119 3079 1176 creando
3135 1121 3433 1182 donatum
3489 1143 3615 1184 non

1949 1197 2314 1288 dubitemus.
2333 1205 2480 1258 Nam
2504 1204 2876 1263 voluntatem
2899 1213 3079 1282 atque
3102 1212 3412 1270 scientiam
3435 1232 3616 1288 auge-

1950 1287 2018 1354 ri,
2070 1289 2159 1343 vel
2208 1290 2398 1346 minui
2445 1292 2507 1348 in
2563 1300 2835 1352 creatura
2863 1298 3138 1355 rationali
3164 1302 3301 1373 quis
3333 1287 3617 1362 nesciat?

1951 1377 2096 1434 Dicit
2127 1379 2287 1435 enim
2315 1381 2615 1454 Propheta
2644 1384 2720 1440 de
2752 1387 2979 1442 sanctis
3011 1392 3068 1443 et
3092 1390 3193 1444 Dei
3225 1391 3616 1451 tabernaculo

1948 1465 2174 1536 dignis:
2199 1469 2379 1525 Ibunt
2406 1471 2480 1527 de
2505 1473 2726 1530 virtute
2759 1475 2822 1530 in
2855 1477 3136 1533 virtutem
3165 1480 3350 1549 (Psal.
3376 1498 3613 1553 Lxxxm,

1950 1558 2021 1626 8).
2048 1557 2203 1622 Quid
2224 1566 2315 1615 est
2333 1561 2496 1617 enim
2518 1562 2602 1618 ire
2619 1561 2695 1618 de
2718 1563 2930 1620 virtute
2948 1565 3009 1621 in
3038 1567 3338 1638 virtutem,
3364 1572 3480 1627 nisi
3502 1574 3617 1645 pim

1949 1645 2270 1704 voluntatis
2293 1665 2578 1724 saumque
2601 1653 2860 1709 scientiae
2888 1654 3272 1714 incrementis
3313 1676 3384 1716 eo
3425 1678 3616 1734 usque

1949 1736 2260 1808 procere,
2292 1738 2486 1796 donec
2513 1740 2789 1798 videatur
2818 1744 2973 1799 Deus
3000 1744 3256 1804 deorum
3305 1750 3366 1804 in
3418 1751 3559 1807 Sion
3589 1752 3616 1806 ?

1949 1825 2227 1880 Crescere
2249 1831 2452 1884 autem
2469 1829 2761 1902 sapientia
2777 1833 3046 1890 animam
3063 1835 3418 1894 rationalem
3439 1855 3618 1897 evan

1947 1913 2158 1984 gelista
2184 1915 2549 1989 manifestat,
2580 1918 2686 1991 qui
2715 1919 2789 1976 de
2821 1922 3056 1979 Domini
3083 1928 3140 1981 et
3171 1925 3493 1985 Salvatoris
3523 1930 3616 1987 in-

1946 2001 2133 2058 fantia
2161 2020 2418 2060 narrans
2446 2006 2564 2064 ait:
2593 2008 2670 2062 Et
2709 2010 2881 2065 Jesus
2905 2013 3263 2081 prociebat
3291 2019 3612 2088 sapientia,

1945 2097 2002 2148 et
2033 2099 2229 2164 (etate,
2259 2101 2314 2150 et
2342 2097 2548 2166 gratia
2578 2098 2745 2167 apud
2772 2101 2960 2156 Deum
2989 2106 3045 2158 et
3074 2103 3340 2162 homines
3365 2108 3531 2178 (Luc.
3552 2127 3613 2182 n,

1947 2186 2034 2248 52)
2111 2184 2403 2257 sapientia
2429 2185 2676 2258 quidem
2694 2187 2772 2244 ad
2796 2189 3087 2259 animam,
3110 2199 3252 2250 mtas
3270 2195 3347 2252 ad
3370 2213 3612 2273 corpus,

1946 2273 2137 2341 gratia
2165 2275 2418 2345 pertinet
2450 2276 2529 2332 ad
2557 2281 2906 2352 utrumque.
2950 2282 3063 2347 Qui
3091 2281 3270 2354 igitur
3298 2285 3612 2358 procere,

1944 2361 2008 2417 id
2039 2366 2130 2419 est
2158 2380 2422 2420 crescere
2450 2368 2778 2441 augerique
2809 2369 3046 2444 dicitur,
3096 2374 3390 2446 sapientia
3434 2377 3614 2433 nimi-

1943 2467 2102 2523 rum,
2129 2469 2253 2510 uon
2272 2458 2517 2512 mtatum
2540 2458 2746 2530 spatiis
2771 2465 3044 2533 augetur,
3077 2463 3184 2520 sed
3209 2465 3492 2523 virtutum
3521 2467 3614 2524 in-

1945 2543 2260 2600 crementis
2288 2545 2592 2602 attollitur.
2621 2549 2687 2604 Et
2715 2549 2988 2623 quisquis
3019 2553 3264 2611 scientia
3295 2559 3352 2611 et
3379 2556 3615 2629 sapien

1944 2631 2026 2688 tia
2051 2633 2342 2704 procere
2376 2635 2613 2705 dicitur,
2671 2653 2795 2694 non
2852 2640 3193 2699 substantia
3230 2645 3460 2715 augeri,
3507 2646 3615 2704 sed

1942 2720 2257 2778 virtutibus
2286 2723 2599 2782 sublimari
2622 2726 2960 2784 credendus
2977 2735 3098 2788 est:
3126 2737 3232 2789 aut
3252 2749 3287 2790 a
3313 2735 3613 2792 contrario

1941 2809 2220 2884 quisquis
2285 2813 2568 2871 vitiorum
2631 2816 2880 2874 faecibus
2943 2819 3314 2894 inquinatur,
3381 2830 3612 2898 quanto

1941 2901 2138 2970 magis
2165 2917 2234 2958 ac
2261 2901 2674 2961 delectabilius
2721 2907 2806 2964 eis
2846 2908 3168 2982 inhaeserit,
3215 2917 3382 2971 tanto
3430 2915 3612 2972 virtu-

1943 2989 2102 3046 tibus
2135 2990 2443 3048 decrescit.

1981 3080 2135 3174 Qua
2152 3079 2238 3174 de_
2247 3095 2310 3174 re
2335 3081 2630 3174 colligitur
2645 3083 3050 3144 voluntarium
3069 3093 3249 3162 atque
3272 3091 3613 3164 scientiam,

1942 3166 2182 3240 aliaque
2204 3168 2304 3224 Dei
2325 3168 2489 3227 dona
2509 3171 2729 3229 animm
2749 3175 3025 3232 rationali
3045 3177 3186 3235 data
3217 3185 3400 3252 atque
3425 3179 3609 3237 insita

1939 3270 2065 3311 non
2086 3271 2214 3312 esse
2228 3256 2626 3316 substantiam
2641 3262 2772 3333 ejus
2793 3280 2804 3316 :
2829 3265 3120 3337 quoniam
3138 3266 3184 3322 si
3198 3274 3428 3324 naturae
3447 3273 3606 3340 sunt,

1940 3359 2184 3400 necesse
2201 3349 2289 3402 est
2307 3351 2556 3404 naturas
2576 3349 2966 3425 incorporeas
2988 3369 3155 3411 more
3180 3371 3609 3429 corporearum

1940 3439 2296 3491 naturarum
2319 3440 2660 3509 augmentis
2681 3457 2965 3512 crescere,
2987 3443 3358 3502 detrimentis
3379 3447 3604 3504 minui:

1940 3524 2108 3597 quod
2137 3525 2400 3582 alienum
2431 3528 2670 3600 penitus
2699 3546 2737 3587 a
2766 3537 3042 3590 creatura
3069 3534 3429 3608 incorporea
3465 3537 3602 3593 nul-

1939 3611 2033 3668 lus
2059 3613 2313 3683 ignorat.
2349 3617 2625 3674 Crescere
2660 3624 2862 3677 autem
2892 3620 3231 3681 voluntates
3261 3626 3604 3698 hominum,

1939 3702 2003 3758 id
2033 3707 2121 3758 est
2149 3703 2356 3773 augeri
2386 3705 2480 3761 vel
2510 3707 2722 3781 minui,
2753 3711 2907 3768 sicut
2935 3715 2992 3767 et
3022 3714 3434 3786 cogitationes,
3467 3732 3605 3789 qum

1940 3808 2066 3848 non
2108 3792 2226 3848 nisi
2255 3810 2326 3849 ex
2356 3794 2663 3853 voluntate
2692 3799 3013 3871 prodeunt,
3063 3803 3436 3874 quotidiana,
3480 3805 3605 3861 imo

1935 3882 2118 3953 jugis,
2153 3882 2328 3938 docet
2353 3883 2676 3942 alternitas.
2731 3888 3139 3947 Substautiam
3182 3896 3467 3950 creaturm
3505 3909 3604 3950 ra-

1942 3972 2178 4028 tionalis
2205 3972 2386 4027 nullis
2416 3979 2645 4030 naturae
2680 3993 2806 4032 sum
2835 3981 3177 4048 augmentis
3210 3997 3478 4041 crescere
3507 3987 3604 4042 vel

1941 4061 2283 4116 decrescere
2315 4066 2543 4118 certum
2575 4068 2683 4120 est.
2720 4065 3040 4124 Scientiam
3069 4074 3126 4126 et
3155 4071 3511 4144 sapientiam
3541 4075 3606 4132 iu

1940 4149 2226 4206 creaturis
2267 4151 2662 4208 rationalibus
2710 4157 2913 4226 augeri
2967 4157 3056 4214 vel
3109 4160 3301 4217 minui
3346 4162 3604 4222 dubium

1940 4255 2063 4295 non
2085 4243 2192 4295 est.
2226 4239 2506 4314 Quisquis
2528 4257 2670 4314 ergo
2691 4244 3056 4304 voluntatem
3086 4253 3265 4323 atque
3293 4252 3605 4312 scientiam

1940 4328 2202 4386 hominis
2223 4334 2502 4387 naturam
2524 4334 2654 4404 ejus
2678 4351 2810 4392 esse
2827 4338 3162 4409 conrmat,
3185 4343 3397 4414 procul
3417 4343 3604 4402 dubio

1942 4423 2279 4476 creaturam
2320 4420 2742 4495 incorpoream
2793 4431 3132 4498 augmentis
3187 4435 3602 4505 corporalibus

1943 4508 2278 4580 subjectum
2299 4525 2428 4566 esse
2459 4517 2690 4570 asserat
2718 4529 2964 4572 necesse
3014 4522 3137 4575 est:
3195 4521 3363 4593 quod
3414 4539 3604 4596 quam

1943 4598 2082 4655 sita
2109 4599 2339 4655 ratione
2368 4599 2654 4674 alienum,
2697 4619 2879 4660 nemo
2930 4606 3046 4662 nisi
3096 4609 3345 4664 rationis
3391 4627 3603 4683 expers

1941 4688 2199 4759 ignorat.
2232 4689 2402 4746 Dona
2433 4694 2636 4746 autem
2666 4692 2789 4755 Dei,
2841 4709 2978 4766 quae
3032 4701 3171 4752 sunt
3217 4697 3313 4753 vel
3355 4715 3600 4770 magna,

1941 4775 2039 4833 vel
2063 4775 2286 4843 media,
2311 4777 2403 4833 vel
2429 4777 2702 4850 minima,
2733 4783 2950 4837 animm
2966 4784 3244 4841 rationali
3264 4801 3374 4857 pro
3393 4787 3605 4844 volun-

1943 4869 2061 4921 tate
2095 4863 2401 4935 largientis
2451 4865 2788 4939 distributa,
2837 4871 3161 4942 Apostolus
3204 4872 3448 4944 indicat,
3499 4877 3606 4950 qui

1943 4954 2273 5010 numeratis
2296 4954 2666 5028 quibusdam
2703 4957 3004 5016 donorum
3035 4961 3158 5030 Dei,
3193 4963 3484 5022 conclusit
3513 4965 3604 5022 di-

1946 5058 2120 5100 cens:
2141 5045 2288 5099 Haec
2306 5051 2506 5101 autem
2527 5046 2746 5103 ommia
2767 5055 3055 5117 operatur
3073 5067 3229 5108 unus
3249 5058 3431 5127 atque
3448 5055 3606 5113 idem

1945 5133 2232 5204 Spiritus,
2264 5135 2534 5190 dividens
2559 5135 2817 5206 singulis
2838 5146 3026 5208 prout
3061 5143 3192 5199 vult
3238 5143 3297 5217 (
3333 5145 3472 5201 Cor.
3502 5161 3603 5210 xu,

1927 5221 2058 5294 .11).
2088 5221 2198 5287 Qui
2222 5221 2402 5293 igitur
2433 5223 2744 5280 scientiam
2773 5225 2837 5282 in
2865 5227 3111 5288 homine
3133 5236 3419 5289 naturam
3439 5249 3606 5290 asse-

1946 5311 2040 5378 rit,
2071 5310 2358 5368 nimirum
2386 5312 2670 5385 Apostolo
2693 5317 3066 5390 contradicit,
3119 5320 3226 5393 qui
3272 5336 3407 5377 eam
3456 5321 3610 5378 inter

1947 5400 2050 5457 Dei
2076 5401 2239 5457 dona
2267 5402 2586 5459 enuntians
2616 5402 2794 5460 dixit:
2827 5406 2959 5462 Alii
2983 5407 3170 5464 datur
3185 5424 3298 5478 per
3313 5409 3607 5479 Spiritum

1947 5505 2138 5548 sermo
2155 5491 2484 5561 sapientiae,
2503 5493 2619 5550 alii
2633 5508 2824 5550 sermo
2845 5495 3106 5552 scientia:
3127 5498 3188 5553 in
3205 5513 3326 5554 uno
3346 5499 3609 5572 Spiritu,

1948 5582 2056 5636 etc.
2111 5578 2304 5650 (Ibid.,
2362 5581 2440 5653 8).
2497 5581 2699 5638 Datur
2751 5580 2918 5652 dixit,
2975 5597 3100 5640 non
3158 5585 3456 5657 conditur,
3515 5588 3613 5646 vel

1951 5671 2224 5738 creatur;
2251 5668 2418 5741 quod
2447 5684 2592 5741 ergo
2621 5670 2798 5728 datur
2822 5671 3055 5728 donum
3078 5678 3188 5747 est,
3213 5691 3340 5733 non
3363 5679 3610 5736 natura:

1949 5757 2118 5832 quod
2147 5761 2349 5816 autem
2377 5758 2555 5818 datur
2599 5759 2663 5818 in
2718 5760 3024 5820 voluntate
3070 5761 3273 5822 dantis
3325 5769 3435 5838 est,
3489 5783 3616 5826 non

3189 5860 3255 5912 33
