3936 6402
356 287 491 341 1099

350 409 411 465 in
440 405 734 480 potestate
758 404 985 457 naturae
1015 389 1376 465 accipientis.
1419 386 1528 452 Qui
1555 382 1718 440 enim
1743 379 1865 444 dat,
1897 390 2009 474 pro
2041 377 2089 430 A

350 464 659 553 voluntate
688 490 924 556 tribuit;
971 485 1076 559 qui
1103 464 1247 539 vero
1296 476 1528 549 accipit,
1578 487 1703 529 non
1750 464 2009 559 propriae

350 584 675 644 voluntatis
704 578 969 655 potentia
992 558 1104 632 aut
1131 569 1449 633 desiderio,
1504 564 1610 621 sed
1639 576 1750 635 pro
1775 558 2009 655 donan-

354 676 430 734 tis
458 644 1005 743 arbitriqpercipit,
1041 662 1207 737 quid,
1241 662 1541 732 quantum
1571 657 1674 710 aut
1700 644 2011 743 quomodo

354 765 670 838 dispensat
699 737 815 831 ille,
844 737 948 832 qui
977 754 1182 813 omnia
1210 752 1273 806 in
1301 760 1605 809 mensura,
1644 746 1698 798 et
1723 737 2011 838 pondere,

355 861 414 913 et
443 825 690 911 numero
720 825 1045 907 constituit.
1083 846 1212 899 Non
1242 844 1330 896 est
1359 836 1538 906 igitur
1564 833 1835 889 creatura
1864 825 2013 880 libe—

352 960 491 1002 rum
517 941 853 1010 arbitrium,
902 936 965 994 id
1001 941 1091 992 est
1116 933 1401 989 humanm
1429 919 1755 1010 voluntatis
1786 915 2013 1010 electio,

357 1033 464 1089 sed
492 1032 726 1089 donum
756 1005 857 1085 Dei
892 1026 1048 1081 inter
1090 1018 1293 1077 media
1332 1016 1634 1071 donorum
1663 1007 1821 1064 illius
1854 1005 2018 1060 bona

352 1119 826 1180 numerandum.
860 1113 1024 1172 Unde
1053 1115 1111 1167 et
1139 1106 1296 1166 facili
1324 1108 1493 1161 motu
1518 1118 1555 1157 a
1585 1111 1823 1155 summo
1852 1094 2017 1149 bono

356 1212 561 1273 averti,
596 1214 778 1284 atque
808 1206 886 1264 ad
915 1202 1199 1260 interiora
1229 1195 1459 1253 deﬂecti
1505 1189 1717 1284 potuit,
1766 1184 1905 1242 inde
1962 1187 2019 1238 et

357 1302 573 1360 merito
602 1280 895 1374 plectitur,
948 1292 1281 1361 meritoque
1310 1280 1660 1341 voluntariae
1692 1293 1815 1333 suae
1846 1286 2018 1329 aver-

359 1389 548 1449 sionis
577 1386 967 1460 dignissimas
994 1394 1209 1455 poenas
1236 1375 1363 1433 luit.

991 1525 1212 1584 CAPUT
1249 1520 1393 1576 Vill.

360 1667 450 1723 De
473 1657 817 1732 cli/ferentia
845 1654 1005 1709 inter
1030 1654 1313 1706 naturam
1367 1638 1620 1698 hominis
1663 1643 1717 1692 et
1767 1632 2016 1690 liberum

930 1743 1059 1812 ejus
1105 1734 1443 1794 arbitrium.

434 1881 655 1936 Octavo
679 1863 1099 1944 disputationis
1129 1867 1244 1919 tuae
1275 1856 1483 1914 ordine
1540 1854 1716 1944 (cap._
1749 1852 1825 1944 8,
1860 1863 1919 1944 n.
1969 1846 2015 1915 1,

359 1975 500 2028 sect.
529 1967 580 2035 1)
612 1938 847 2020 conaris
876 1958 1027 2014 inter
1053 1951 1305 2009 liberam
1334 1943 1597 2003 hominis
1626 1938 2014 2035 voluntatem,

358 2072 516 2133 quae,
550 2023 702 2110 sicut
724 2048 833 2119 ais,
863 2062 937 2102 ex
963 2046 1182 2100 natura
1207 2042 1314 2104 est,
1345 2041 1401 2091 et
1430 2032 1686 2090 liberum
1708 2028 1838 2125 ejus
1865 2023 2019 2080 arbi-

358 2115 562 2217 trium,
593 2140 759 2218 quod
796 2115 1007 2212 procul
1042 2129 1228 2187 dubio
1276 2126 1505 2182 donum
1547 2115 1838 2218 Creatoris
1885 2127 2017 2169 esse

360 2209 746 2294 manifestum
776 2209 890 2294 est,
930 2217 1282 2278 distantiam
1312 2213 1526 2269 facere.
1577 2209 1642 2263 In
1700 2219 1823 2278 qua
1871 2216 2017 2294 cum

358 2292 464 2382 diu
492 2292 1163 2390 multumque'labores,
1207 2303 1420 2361 deﬁnis
1460 2299 1826 2390 voluntatem
1868 2292 2016 2390 libe-

357 2430 490 2471 ram
522 2427 655 2470 esse
685 2386 1087 2465 substantiam
1115 2398 1449 2454 humanam
1473 2409 1485 2458 ;
1534 2388 1788 2443 liberum
1815 2386 2018 2439 autem

358 2501 671 2562 arbitrium
712 2496 913 2555 liberae
964 2484 1292 2548 voluntatis
1354 2485 1605 2536 motum.
1655 2473 1825 2540 Quod
1877 2487 2015 2527 cum

355 2592 605 2668 propria
632 2582 1057 2646 adinventione
1096 2570 1481 2668 conﬁnxeris,
1531 2568 1715 2666 miror
1748 2569 1804 2621 te
1850 2565 2018 2618 tanta

358 2656 623 2740 cessitate
643 2677 955 2744 obtusum,
982 2673 1047 2725 ut
1075 2665 1273 2723 videre
1299 2656 1633 2732 nequiveris
1661 2659 1870 2711 contra
1894 2667 2018 2707 om-

355 2770 524 2829 nium
559 2742 993 2825 catholicorum
1020 2749 1560 2811 sensarectissima
1603 2749 1657 2801 te
1699 2742 2018 2816 impuden—

355 2861 475 2918 tius
502 2856 752 2929 garrire,
782 2846 1329 2923 loquacitatemque
1377 2846 1563 2902 tuam,
1611 2832 1893 2891 omnibus
1940 2831 2017 2887 ri-

359 2921 647 3012 dendam,
699 2921 1003 2997 summam
1060 2930 1347 2990 fallaciter
1404 2926 1707 3000 putavisse
1756 2921 2017 2995 pruden-

358 3036 524 3094 tiam.
565 3009 833 3104 Cumque
877 3023 1039 3083 beati
1076 3017 1387 3089 Augustini
1420 3012 1777 3069 sententiam
1807 3009 2023 3065 conﬁr-

359 3087 995 3182 Iwngdarum‘tuarum
1022 3087 1215 3183 gratia
1236 3104 1652 3162 deﬁnitionum
1677 3100 1813 3156 adhi
1826 3100 2017 3165 heres,
2053 3087 2095 3142 0

360 3221 417 3273 et
474 3230 616 3271 eum
685 3206 831 3268 nihil
900 3200 1064 3261 aliud
1126 3198 1381 3255 liberum
1461 3191 1773 3247 arbitrium
1832 3202 2017 3260 quam

358 3304 615 3363 liberam
696 3296 1069 3355 voluntatem
1139 3289 1200 3343 in
1274 3283 1484 3341 eadem
1540 3296 1648 3335 sua
1708 3276 2020 3347 sententia,

362 3387 878 3469 quemadmodum
905 3383 970 3439 in
998 3376 1301 3437 omnibus,
1338 3371 1730 3445 appellavisse
1775 3383 2023 3438 cognos-

258 3536 268 3543 .
362 3455 547 3549 ceres,
597 3478 875 3548 illiusque
905 3467 1252 3528 auctoritate
1285 3463 1525 3518 frivolas
1558 3455 2024 3528 argumentatio-

363 3588 474 3630 nes
516 3575 652 3625 tuas
702 3561 872 3622 evelli
919 3562 1237 3625 metueres,
1287 3549 1565 3607 addi:.iisti
1616 3550 2023 3619 portentosam

367 3657 801 3735 expositionem
829 3650 1035 3708 dicens
1064 3662 1077 3701 :

935 3783 1175 3830 JOANNBS
1227 3781 1454 3823 SCOTUS.

440 3898 605 3966 \Cap.
639 3894 696 3959 8,
724 3903 784 3944 n.
816 3889 871 3953 4,
905 3886 1048 3939 sect.
1075 3879 1148 3949 8.)
1204 3882 1243 3929 Θ
1289 3875 1362 3931 In
1393 3871 1606 3946 quibus
1637 3869 1826 3927 verbis
1856 3869 2023 3926 debe-

369 3960 499 4041 mus
518 3960 827 4039 intendere
842 3989 917 4030 ne
932 3972 1064 4045 quis
1085 3966 1483 4025 substantiam
1494 3960 1830 4032 confundat
1840 3966 1895 4016 et
1910 3975 2027 4015 mo-

373 4081 519 4144 tum,
533 4071 784 4129 audiens
804 4066 1052 4121 liberam
1068 4059 1455 4121 voluntatem,
1469 4067 1601 4123 quae
1613 4050 1831 4121 procul
1849 4050 2029 4105 dubio

371 4139 788 4220 substantialis
804 4152 1011 4210 εει.Εο
1032 4151 1236 4219 itaque
1258 4142 1572 4201 locutionis
1594 4139 1765 4197 modo
1786 4144 2030 4195 sanctus

371 4251 611 4309 PaterA
625 4263 703 4317 ug
711 4244 941 4301 ustinus
958 4254 1097 4296 usus
1111 4242 1214 4308 est,
1231 4235 1479 4291 dicendo
1494 4232 1742 4288 liberam
1762 4230 2033 4286 volunta-

374 4347 489 4398 tem
510 4354 621 4410 pro
651 4351 714 4393 eo
735 4333 894 4406 quod
925 4335 1032 4400 est,
1064 4328 1262 4384 liberae
1283 4322 1611 4381 voluntatis
1632 4324 1880 4388 motum,
1909 4318 2033 4373 sive

373 4409 693 4488 arbitrium
704 4469 717 4496 ,
732 4439 848 4497 quo
860 4422 1114 4477 solemus
1132 4416 1238 4483 uti,
1254 4415 1393 4469 dum
1406 4426 1517 4482 per
1532 4423 1743 4467 causas
1759 4409 2031 4463 substan-
2063 4444 2110 4498 Β

375 4520 548 4577 tiales
564 4531 763 4573 eorum
780 4511 1186 4582 signiﬁcamus
1202 4504 1442 4574 effectus
1455 4516 1476 4556 .·
1497 4500 1640 4555 hinc
1655 4503 1739 4554 est
1761 4511 1918 4553 vera?
1935 4510 2031 4552 ra-

375 4610 551 4667 tionis
579 4605 885 4672 circuitus,
911 4614 1024 4671 pro
1046 4610 1199 4655 verae
1216 4588 1700 4650 ratiocinationis
1725 4587 2004 4642 circuitu.

1041 4735 1363 4781 CORRECTIO.

443 4864 485 4933 -ι-
514 4862 652 4925 Quae
676 4862 781 4915 tua
808 4869 935 4912 non
963 4846 1282 4925 expositio,
1335 4841 1442 4933 sed
1470 4839 1823 4913 depravatio
1846 4837 2034 4911 ipsius

370 4931 533 5007 beati
569 4944 883 5016 Augustini
912 4939 1109 4997 verbis
1147 4951 1179 4992 e
1207 4931 1464 5001 vestigio
1495 4932 1764 4986 cassetur
1791 4941 2034 4984 necesse

371 5043 481 5106 est,
523 5035 628 5109 qui
655 5035 909 5091 liberam
935 5028 1312 5086 voluntatem
1340 5020 1600 5078 liberum
1630 5021 1864 5109 motum
1905 5031 2035 5073 esse

370 5105 684 5194 definiens,
731 5124 794 5179 in
849 5120 1003 5176 libro
1055 5129 1240 5188 quem
1287 5113 1499 5167 contra
1554 5106 1911 5165 Manichaeos
1959 5105 2035 5162 de

368 5215 610 5274 duabus
636 5210 959 5270 animabus
985 5204 1169 5261 edidit
1197 5203 1280 5257 ita
1306 5199 1543 5256 locutus
1585 5201 1674 5253 est
1718 5196 1874 5267 (cap.
1908 5195 1990 5266 10)
2017 5212 2031 5251 :

368 5305 682 5378 [Voluntas
707 5303 797 5358 est
820 5295 1007 5355 animi
1033 5298 1253 5362 motus,
1282 5291 1535 5378 cogente
1564 5285 1754 5378 nullo,
1797 5283 1878 5378 ad
1927 5282 2036 5378 ali:-

369 5372 521 5467 quid
541 5391 639 5449 vel
683 5404 809 5447 non
856 5380 1320 5447 admittendum,
1374 5375 1469 5434 vel
1531 5372 2035 5467 adipiscendum.]

370 5462 414 5552 -ιῖ
444 5481 667 5548 Quibus
693 5478 894 5536 verbis
919 5471 1239 5531 manifeste
1281 5473 1450 5526 tuum
1499 5479 1767 5521 errorem
1795 5462 2037 5552 detrun-

373 5551 491 5640 cat,
506 5585 642 5641 quo
670 5568 1044 5626 voluntatem
1067 5563 1404 5619 humanam
1425 5555 1557 5626 ejus
1580 5553 1904 5611 essentiam
1934 5551 2036 5610 de-

373 5639 580 5722 ﬁnisti,
611 5673 798 5728 quam
825 5652 1185 5711 sententiam
1213 5663 1290 5705 ne
1320 5646 1467 5703 forte
1492 5642 1830 5712 Pelagianis
1855 5639 2035 5714 patri-

377 5742 492 5797 bus
520 5745 638 5805 tuis
668 5741 989 5814 suffragari
1009 5739 1333 5807 videretur,
1361 5736 1445 5793 ita
1468 5730 1811 5793 retractavit
1826 5735 2034 5802 Ausu-

1422 263 1478 319 S.
1519 256 1886 316 PRUDENTII
1925 248 2295 305 TRECENSIS
2342 248 2653 305 EPlSGUPl

3634 242 3802 294 1100

2122 372 2314 428 stinus
2337 371 2621 442 (Retract.
2655 369 2758 425 lib.
2793 373 2837 431 t,
2873 382 3006 436 cap.
3037 366 3157 435 t5):
3215 363 3432 434 [Quod,
3484 362 3805 434 inquiens,

2120 466 2437 534 prOpterea
2468 458 2695 514 dictum
2726 463 2834 526 est,
2886 460 2949 511 ut
2991 455 3107 509 hac
3138 451 3485 508 deﬁnitione
3514 450 3736 506 volens
3766 466 3806 506 a

2120 550 2359 606 nolente
2389 549 2846 615 discerneretur,
2898 550 2954 600 et
3013 542 3095 598 sic
3155 543 3233 598 ad
3288 540 3421 597 illos
3476 542 3807 596 referretur

2121 638 2393 709 intentio,
2429 639 2536 709 qui
2578 635 2756 708 primi
2801 635 2861 689 in
2891 632 3177 704 paradiso
3232 631 3464 685 fuerent
3517 632 3805 685 humano

2123 728 2325 799 generi
2353 726 2523 795 origo
2563 724 2727 790 mali,
2775 722 2940 779 nullo
2996 724 3246 789 cogente
3302 718 3635 792 peccando,
3676 718 3805 772 hoc

2124 822 2215 873 est
2244 815 2434 872 libera
2490 814 2792 870 voluntate
2841 812 3174 883 peccando,
3231 808 3376 879 quia
3430 812 3489 863 et
3536 805 3803 861 scientes

2124 909 2334 963 contra
2362 908 2730 976 praeceptum
2756 900 3039 962 fecerunt,
3095 903 3149 954 et
3193 898 3289 954 ille
3319 900 3575 953 tentator
3605 894 3807 950 suasit

2127 1000 2191 1050 ut
2221 995 2336 1050 hoc
2367 993 2552 1058 ﬁeret,
2602 1005 2723 1045 non
2773 989 2987 1058 coegit.
3040 990 3190 1043 Nam
3243 992 3301 1042 et
3360 984 3464 1057 qui
3513 984 3804 1040 nesciens

2126 1082 2413 1156 peccavit,
2445 1096 2569 1137 non
2600 1082 3063 1148 incongruenter
3106 1076 3318 1133 nolens
3361 1089 3645 1147 peccasse
3674 1072 3803 1128 dici

2127 1176 2344 1244 potest,
2375 1170 2655 1242 quamvis
2699 1173 2755 1223 et
2797 1168 2926 1239 ipse
2979 1165 3148 1238 quod
3190 1164 3465 1220 nesciens
3502 1162 3660 1227 fecit,
3697 1177 3805 1218 vo-

2125 1260 2256 1317 lens
2287 1266 2491 1315 tamen
2522 1258 2699 1323 fecit;
2740 1257 2823 1312 ita
2855 1272 2965 1312 nec
3009 1255 3200 1327 ipsius
3247 1270 3381 1309 esse
3434 1250 3626 1324 potuit
3666 1251 3803 1306 sine

2128 1349 2431 1405 voluntate
2472 1353 2805 1419 peccatum.
2857 1347 2998 1410 Quae
3038 1343 3319 1399 voluntas
3371 1341 3595 1413 utique,
3643 1340 3805 1397 sicut

2128 1438 2377 1496 deﬁnita
2405 1443 2518 1506 est,
2549 1436 2734 1492 animi
2764 1439 2966 1490 motus
3000 1432 3126 1500 fuit,
3179 1435 3431 1500 cogente
3475 1429 3663 1497 nullo,
3717 1427 3801 1485 ad

2130 1527 2356 1600 aliquid
2388 1526 2478 1582 vel
2506 1540 2631 1581 non
2661 1521 3126 1589 admittendum,
3181 1520 3270 1576 vel
3307 1518 3797 1593 adipiscendum.

2131 1617 2303 1682 Quod
2329 1618 2491 1672 enim
2523 1614 2571 1670 si
2600 1612 2913 1681 noluisset,
2944 1627 3067 1667 non
3099 1609 3356 1675 fecisset,
3395 1624 3519 1666 non
3545 1614 3799 1664 coactus

2055 1732 2100 1787 Β
2129 1710 2220 1762 est
2250 1704 2460 1762 facere.
2496 1702 2646 1768 Quia
2679 1699 2862 1757 voluit
2889 1714 3032 1769 ergo
3061 1698 3219 1767 fecit,
3242 1697 3475 1755 etiamsi
3499 1711 3624 1752 non
3649 1695 3800 1766 quia

2131 1794 2316 1851 voluit
2367 1791 2657 1866 peccavit,
2718 1788 2989 1846 nesciens
3061 1792 3375 1860 peccatum
3446 1801 3574 1841 esse
3627 1782 3800 1856 quod

2128 1884 2301 1941 fecit:
2363 1884 2446 1940 ita
2498 1898 2607 1938 nec
2660 1880 2775 1936 tale
2820 1884 3136 1952 peccatum
3169 1877 3297 1933 sine
3327 1875 3630 1932 voluntate
3661 1888 3798 1929 esse

2128 1975 2339 2048 potuit,
2375 1973 2479 2029 sed
2506 1971 2813 2027 voluntate
2839 1968 3001 2037 facti,
3047 1982 3171 2023 non
3199 1966 3505 2022 voluntate
3538 1964 3795 2037 peccati,

2127 2063 2291 2137 quod
2354 2068 2555 2120 tamen
2612 2060 2841 2115 factum
2892 2064 3208 2131 peccatum
3265 2054 3413 2122 fuit;
3466 2055 3582 2110 hoc
3630 2053 3798 2109 enim

2127 2152 2353 2209 factum
2384 2156 2474 2207 est
2501 2149 2666 2222 quod
2696 2148 2825 2204 ﬁeri
2856 2162 2979 2203 non
3002 2146 3230 2202 debuit.
3275 2143 3555 2216 Quisquis
3583 2147 3793 2199 autem

2131 2243 2326 2298 sciens
2356 2246 2587 2314 peccat,
2640 2238 2689 2293 si
2720 2243 2915 2310 potest
2944 2236 3183 2305 cogenti
3210 2233 3290 2290 ad
3316 2237 3633 2306 peceatum
3665 2231 3797 2287 sine

2129 2336 2376 2404 peccato
2405 2329 2703 2400 resistere,
2731 2343 2842 2383 nec
2872 2331 3074 2381 tamen
3111 2324 3267 2391 facit,
3320 2322 3524 2395 utique
3582 2322 3795 2378 volens

2132 2424 2358 2493 peccat,
2393 2417 2683 2491 quoniam
2715 2416 2819 2488 qui
2854 2418 3049 2487 potest
3076 2413 3372 2483 resistere,
3408 2426 3533 2468 non
3564 2411 3798 2479 cogitur

2130 2509 2360 2565 cedere.
2386 2506 2496 2572 Qui
2518 2521 2660 2562 vero
2691 2503 2926 2574 cogenti
2958 2500 3265 2574 cupiditati
3294 2500 3460 2557 bona
3487 2499 3796 2555 voluntate

2130 2597 2398 2654 resistere
2422 2610 2547 2650 non
2576 2598 2795 2666 potest,
2821 2597 2879 2649 et
2905 2592 3041 2648 ideo
3080 2589 3219 2646 facit
3248 2594 3455 2646 contra
3492 2592 3798 2662 praecepta

2124 2686 2390 2760 justitite,
2421 2686 2549 2757 jam
2583 2685 2693 2739 hoc
2738 2683 2819 2739 ita
2868 2687 3181 2755 peccatum
3215 2685 3324 2751 est,
3374 2684 3436 2736 ut
3489 2679 3563 2735 sit
3613 2678 3795 2734 etiam

2131 2790 2314 2849 pcena
2341 2773 2612 2847 peccati.]

2203 2867 2244 2936 σξ-
2258 2868 2400 2919 Ecce
2420 2863 2630 2918 doctor
2646 2860 3067 2917 veracissimus
3088 2858 3327 2914 duobus
3350 2858 3464 2913 tuis
3489 2855 3794 2914 erroribus

2134 2952 2451 3011 fortissime
2473 2948 2963 3015 contradicit.Qui
2986 2948 3148 3004 enim
3170 2947 3534 3003 voluntatem
3558 2949 3794 3001 motum

2132 3042 2316 3098 animi
2338 3038 2841 3111 deﬁnivit,procul
2857 3038 3043 3093 dubio
3066 3052 3188 3092 non
3207 3051 3335 3090 esse
3360 3034 3521 3090 aliud
3538 3034 3795 3089 liberum

2134 3132 2447 3190 arbitrium
2475 3147 2661 3203 quam
2694 3128 3063 3183 voluntatem
3093 3125 3346 3181 liberam
3375 3123 3680 3193 intellexit,
3713 3122 3797 3177 in-

2133 3220 2643 3292 telligendumque
2673 3216 2879 3273 litteris
2908 3215 3239 3272 mandavit.
3273 3213 3514 3269 Falsum
3544 3216 3631 3269 est
3653 3226 3796 3281 ergo

2133 3310 2300 3384 quod
2329 3310 2482 3365 inter
2509 3307 2763 3363 liberaui
2805 3304 3177 3360 voluntatem
3217 3302 3595 3374 liberumque
3641 3300 3795 3356 arbi-

2135 3401 2314 3458 trium
2341 3400 2500 3455 hanc
2531 3396 2879 3453 distantiam
2909 3394 3193 3456 ﬁnxeras,
3212 3398 3276 3448 ut
3304 3392 3557 3447 liberam
3586 3389 3797 3445 volun-

2138 3495 2317 3546 tatem
2350 3487 2429 3545 ad
2458 3493 2761 3554 naturain,
2810 3484 3065 3539 liberum
3109 3486 3313 3538 autem
3363 3480 3675 3537 arbitrium
3718 3477 3797 3535 ad

2138 3586 2370 3635 motum
2439 3577 2641 3632 liberae
2723 3572 3043 3629 voluntatis
3099 3569 3412 3627 referenda
3463 3568 3791 3625 docuisses.

2137 3669 2311 3736 Quod
2337 3668 2401 3723 in
2424 3665 2695 3737 ejusdem
2724 3663 2860 3720 libri
2885 3661 3301 3719 retractatione
3331 3659 3486 3731 (cap.
3512 3660 3600 3730 l5)
3629 3657 3795 3714 haud

2137 3758 2320 3814 dubie
2347 3755 2712 3823 manifestat,
2760 3768 2900 3809 cum
2946 3750 3127 3808 dicit:
3187 3748 3383 3823 [Quod
3438 3753 3661 3815 autem,
3706 3746 3796 3803 in-

2137 3847 2372 3921 quiens,
2416 3844 2580 3900 dixi:
2640 3842 2755 3898 lllae
2812 3842 3033 3898 animae
3087 3838 3386 3912 quidquid
3440 3836 3688 3904 faciunt,
3748 3834 3797 3890 si

2139 3941 2376 4005 natura,
2406 3949 2530 3990 non
2559 3932 2865 3989 voluntate
2894 3930 3145 4000 faciunt,
3188 3930 3249 3984 id
3297 3933 3385 3985 est
3433 3928 3484 3983 si
3526 3926 3714 3983 libero
3744 3929 3799 3981 et

2139 4025 2221 4084 ad
2238 4023 2583 4081 faciendum
2620 4025 2678 4077 et
2720 4020 2801 4078 ad
2847 4035 2971 4077 non
3011 4018 3359 4076 faciendum
3403 4020 3574 4074 motu
3614 4014 3798 4071 animi

2141 4119 2386 4181 carent;
2439 4114 2491 4168 si
2535 4112 2796 4184 denique
2840 4111 2934 4166 his
2983 4108 3327 4166 abstinendi
3372 4107 3453 4164 ab
3480 4121 3659 4178 opere
3691 4120 3798 4161 suo

2142 4210 2406 4278 potestas
2433 4202 2602 4259 nulla
2626 4201 2992 4267 conceditur,
3018 4202 3336 4271 peccatum
3364 4212 3573 4253 earum
3605 4201 3799 4252 tenere

2142 4311 2266 4351 non
2294 4309 2643 4368 possumus.
2678 4294 3000 4363 Propterea
3047 4304 3170 4345 non
3216 4287 3529 4360 perturbat
3555 4285 3630 4342 de
3670 4300 3798 4357 par-

2148 4384 2293 4440 vulis
2320 4382 2597 4455 quaestio,
2632 4381 2775 4452 quia
2805 4396 2877 4436 ex
2907 4378 3064 4435 illius
3098 4377 3328 4447 origine
3367 4376 3452 4432 rei
3502 4380 3790 4438 tenentur,

2143 4473 2251 4548 qui
2276 4472 2581 4529 voluntate
2600 4470 2888 4543 peccavit,
2912 4466 3159 4543 quando
3178 4466 3367 4523 libero
3397 4471 3455 4522 et
3481 4464 3560 4521 ad
3586 4462 3799 4520 facien-

2144 4564 2294 4621 dum
2322 4567 2379 4619 et
2409 4561 2487 4619 ad
2514 4576 2638 4617 non
2668 4559 3010 4617 faciendum
3043 4558 3170 4630 [al.,
3196 4571 3321 4614 non
3350 4555 3431 4614 ad
3457 4554 3598 4627 fac.]
3632 4558 3797 4609 motu

2145 4651 2331 4710 animi
2372 4666 2497 4707 non
2536 4648 2798 4720 carebat,
2842 4647 3018 4721 eique
3060 4646 3139 4703 ab
3177 4661 3358 4719 opere
3404 4643 3566 4702 malo
3623 4641 3798 4700 absti-

2145 4737 2330 4796 nendi
2359 4754 2601 4794 summa
2629 4743 2896 4811 potestas
2915 4736 3089 4808 erat.]

2218 4830 2260 4899 -ι-
2291 4830 2436 4884 Ecce
2466 4833 2524 4883 et
2552 4827 2615 4883 in
2647 4828 2762 4885 hac
2790 4826 3083 4883 sententia
3115 4823 3487 4881 voluntatem
3520 4838 3559 4879 a
3586 4828 3795 4879 natura

2146 4918 2707 4991 discrevit,eamque
2726 4922 2961 4974 motum
2981 4914 3167 4973 animi
3181 4913 3440 4971 liberum
3461 4927 3587 4969 non
3601 4911 3792 4976 tacuit,

2145 5024 2388 5065 rursum
2413 5009 2473 5063 in
2505 5024 2576 5064 eo
2602 5007 2767 5079 quod
2798 5007 2878 5063 ad
2901 5004 3279 5079 peccandum
3306 5003 3439 5074 cogi
3472 5001 3796 5074 perdocuit,

2147 5098 2334 5157 errori
2361 5102 2464 5155 tuo
2496 5097 2774 5155 vivaciter
2802 5094 3180 5165 contradixit,
3225 5110 3349 5167 quo
3381 5092 3596 5150 asseris
3625 5092 3801 5148 nemi-

2147 5204 2291 5246 nem
2336 5187 2427 5245 vel
2455 5187 2535 5245 ad
2579 5187 2744 5245 bona
2771 5185 2868 5242 vel
2895 5185 2976 5242 ad
3004 5184 3169 5243 mala
3196 5182 3477 5241 facienda
3504 5181 3796 5254 compelli.

2149 5278 2323 5345 Quod
2352 5294 2426 5334 ex
2454 5292 2577 5349 quo
2607 5276 2701 5333 vel
2731 5276 2810 5333 ob
2837 5291 3027 5349 quam
3066 5290 3196 5330 rem
3238 5273 3368 5329 ﬁeri
3410 5270 3800 5329 certissimum

2150 5373 2442 5436 teneatur,
2486 5366 2550 5423 in
2580 5367 2794 5424 eadem
2820 5365 3238 5422 retractatione
3269 5366 3508 5419 secutus
3535 5359 3803 5432 adjunxit

2150 5460 2302 5529 (cap.
2341 5457 2427 5526 15)
2451 5474 2464 5512 :

2220 5542 3111 5620 [ltemque,inquiens,deﬁuitio
3128 5542 3357 5617 peccati
3377 5558 3500 5615 qua
3521 5540 3793 5598 diximus.

2148 5639 2469 5694 Peccatum
2500 5641 2587 5693 est
2610 5637 2885 5693 voluntas
2922 5635 3216 5691 retinendi
3256 5632 3348 5690 vel
3392 5629 3796 5703 consequendi

2148 5726 2317 5801 quod
2335 5725 2565 5798 iustitia
2592 5730 2775 5798 vetat,
2806 5728 2863 5785 et
2890 5724 3053 5782 unde
3078 5723 3338 5783 liberum
3367 5726 3455 5782 est
3483 5720 3795 5793 abstinere,
