3936 6384
110 271 236 328 1101

1039 277 1124 330 DE
1165 273 1847 364 PRIEDESTIN’ATIONE
1885 273 2166 330 CONTRA
2201 276 2251 330 ⁴1.
2294 276 2588 334 SCOTUM.

3403 277 3535 335 1102

104 398 424 468 propterea
455 410 596 454 vera
626 401 732 463 est,
755 399 900 470 quia
918 399 978 455 id
1003 399 1319 455 definitum
1336 397 1598 470 estquod
1629 400 1758 452 tan-
1790 400 1839 454 Α
1877 399 2123 469 propria
2149 399 2454 457 voluntate
2487 403 2784 473 peccetur.
2820 398 2927 456 Ubi
2945 403 3257 473 peccatum
3278 399 3428 456 illud
3446 400 3541 458 in-

103 483 422 540 tummodo
453 490 763 557 peccatum
792 492 902 557 est,
921 504 1043 544 non
1074 488 1241 560 quod
1257 493 1348 542 est
1381 487 1562 542 etiam
1585 500 1768 558 paena

107 573 354 645 peccati.
389 577 538 631 Nam
567 576 816 647 quando
849 576 963 634 tale
993 582 1083 634 est
1111 583 1173 634 ut
1199 577 1360 632 idem
1399 577 1471 632 sit
1500 579 1558 630 et
1586 589 1768 648 poena

108 662 357 735 peccati,
384 669 681 736 quantum
715 670 803 723 est
832 666 999 738 quod
1029 666 1184 723 valet
1214 666 1493 723 voluntas
1527 664 1640 719 sub
1661 663 1767 719 do-

109 751 378 808 minante
406 754 750 826 cupiditate,
775 756 885 812 nisi
915 757 1064 812 forte
1092 758 1140 810 si
1165 755 1267 828 pia
1286 761 1393 820 est,
1429 759 1493 810 ut
1517 758 1643 809 oret
1663 767 1770 808 au-

108 840 320 898 xilium
340 842 368 898 ?
393 846 454 897 In
486 848 718 901 tantum
747 845 907 902 enim
935 845 1122 902 libera
1152 850 1262 915 est,
1290 844 1434 917 quia
1453 844 1514 899 in
1531 847 1767 900 tantum

109 929 360 987 liberata
387 938 497 996 est,
530 936 589 990 et
606 933 666 989 in
687 939 921 991 tantum
947 935 1282 1007 appellatur
1299 933 1594 990 voluntas.
1614 930 1767 986 Alio-

111 1019 260 1091 quin
295 1021 473 1076 tutius
505 1023 799 1094 cupiditas
828 1040 1015 1097 quam
1039 1024 1316 1080 voluntas
1348 1022 1587 1095 proprie
1611 1035 1768 1076 nun-

113 1111 396 1182 cupanda
427 1120 515 1169 est
545 1130 558 1170 :
588 1129 724 1186 quae
749 1131 873 1171 non
903 1120 1013 1180 est,
1055 1116 1207 1170 sicut
1258 1113 1564 1169 Manichaei
1619 1110 1773 1165 desi-

111 1198 304 1270 piunt,
337 1200 547 1256 alienae
577 1206 810 1259 naturas
839 1203 1342 1268 additamentum,
1403 1201 1510 1256 sed
1556 1203 1772 1255 nostrae

112 1288 346 1358 vitium,
379 1307 416 1347 a
440 1308 564 1363 quo
593 1307 716 1349 non
741 1294 1138 1364 sanatur[at.,
1165 1309 1374 1350 sanam
1387 1292 1474 1362 ur]
1507 1290 1619 1346 nisi
1643 1305 1774 1359 gra-

113 1377 192 1433 tia
226 1379 575 1436 Salvatoris.
609 1383 779 1448 Quod
810 1383 857 1438 si
887 1384 1214 1456 quisquam
1242 1383 1403 1452 dicit,
1462 1380 1645 1438 etiam
1689 1379 1776 1450 ip-

109 1483 249 1524 sam
275 1469 666 1542 cupiditatem
694 1473 842 1529 nihil
869 1490 999 1529 esse
1045 1473 1210 1529 aliud
1260 1488 1448 1545 quam
1499 1469 1774 1526 volunta-

110 1564 259 1625 tem,
292 1559 398 1614 sed
430 1561 706 1618 vitiosam
731 1569 1098 1635 peccatoque
1130 1563 1500 1626 servientem,
1537 1575 1663 1617 non
1689 1574 1775 1614 re-

111 1649 451 1705 sistendum
476 1657 584 1721 est,
612 1668 723 1708 nec
751 1653 827 1708 de
843 1653 1063 1719 verbis,
1084 1669 1224 1708 cum
1247 1669 1339 1708 res
1364 1655 1615 1713 constet,
1639 1665 1777 1704 con-

1880 486 2055 556 telligi
2087 488 2269 558 volui,
2297 490 2462 563 quod
2492 505 2613 546 non
2659 493 2749 545 est
2801 489 2981 546 etiam
3028 504 3212 562 paena
3259 489 3490 562 peccati
3523 505 3539 545 :

1877 591 2019 632 nam
2050 577 2125 633 de
2157 578 2260 634 tali
2280 595 2460 652 paena
2490 579 2614 636 dixi
2631 578 2772 636 alibi
2794 579 2855 636 in
2878 579 3093 637 eadem
3110 578 3540 652 disputatione,

1878 667 2043 738 quod
2069 667 2396 724 dicendum
2428 669 2578 741 fuit.]

1947 757 1990 825 ἦ-
2023 757 2165 813 Item
2191 759 2252 814 in
2286 760 2704 815 retractatione
2749 758 2883 814 libri
2931 758 3007 814 de
3049 774 3187 816 vera
3242 757 3544 830 Religione

1876 846 2162 916 (Retract.
2199 863 2329 917 cap.
2365 850 2452 919 13)
2488 865 2500 902 :
2535 847 2820 919 [Etalibiz
2848 849 3045 921 Usque
3069 847 3244 916 adeo,
3266 847 3542 920 inquam,

1878 942 2194 1008 peccatum
2226 938 2631 994 voluntarium
2654 938 2888 994 malum
2917 942 3025 1004 est,
3058 943 3124 994 ut
3152 936 3319 994 nullo
3359 939 3545 996 modo

1880 1026 1954 1081 sit
1982 1034 2318 1098 peceatum,
2354 1029 2402 1082 si
2429 1044 2552 1083 non
2585 1028 2659 1083 sit
2683 1028 3114 1084 voluntarium.
3148 1027 3545 1084 Potestvideri

1880 1112 2033 1170 falsa
2061 1115 2188 1170 haec
2217 1116 2485 1172 deﬁnitio
2519 1133 2534 1182 ;
2565 1115 2673 1171 sed
2699 1117 2745 1170 si
2808 1116 3123 1185 diligenter
3168 1114 3543 1182 discutiatur,

1880 1205 2212 1260 invenietur
2241 1221 2371 1261 esse
2392 1204 2731 1261 verissima.
2758 1209 3074 1260 Peccatum
3117 1205 3345 1277 quippe
3399 1202 3549 1261 illud

1883 1293 2274 1364 cogitandum
2297 1299 2404 1361 est,
2435 1294 2604 1367 quod
2636 1294 3058 1350 tantummodo
3085 1299 3399 1366 peccatum
3432 1297 3546 1358 est,

1884 1399 2005 1440 non
2035 1384 2202 1456 quod
2223 1390 2312 1441 est
2335 1385 2514 1440 etiam
2545 1400 2729 1456 pcena
2758 1384 3009 1456 peccati,
3067 1383 3220 1440 sicut
3271 1382 3548 1456 superius

1884 1473 2122 1530 ostendi
2156 1490 2295 1529 cum
2324 1473 2608 1547 quaedam
2629 1487 3174 1529 commemorarem
3203 1487 3276 1528 ex
3324 1470 3428 1527 lib.
3460 1487 3548 1542 Ill,

1884 1564 1960 1620 de
1989 1563 2177 1620 libero
2205 1564 2482 1620 Arbitrio.
2505 1565 2789 1630 Quamvis
2819 1567 2876 1618 et
2903 1562 3004 1619 illa
3027 1579 3160 1635 quae
3189 1576 3314 1618 non
3342 1561 3552 1617 imme-

1886 1655 1997 1709 rito
2026 1669 2147 1709 non
2175 1653 2513 1710 voluntaria
2539 1658 2791 1726 peccata
2817 1652 3119 1720 dicuntur,
3171 1651 3318 1724 quia
3367 1649 3463 1706 vel
3515 1665 3554 1708 a

113 1740 405 1796 troversia
433 1739 711 1797 facienda
739 1749 846 1798 est.
867 1743 958 1797 Sic
983 1747 1143 1798 enim
1167 1741 1500 1797 ostenditur
1521 1741 1649 1795 sine
1669 1754 1777 1794 vo-
1809 1755 1848 1809 Β
1884 1743 2309 1811 nescientibus,
2341 1743 2431 1798 vel
2459 1759 2497 1799 a
2523 1742 2744 1799 coactis
2770 1746 3213 1816 perpetrantur,
3241 1756 3364 1798 non
3419 1756 3554 1797 om-

112 1825 343 1884 luntaie
374 1830 607 1886 nullum
625 1848 754 1888 esse
788 1838 1099 1904 peccatum
1129 1833 1249 1888 sive
1279 1831 1338 1887 in
1367 1845 1546 1903 opere
1572 1828 1696 1884 sive
1717 1829 1780 1884 in

115 1934 366 1986 origine.

187 2009 231 2078 -ι-
256 2008 401 2064 Hinc
431 2008 706 2066 etiamita
717 2009 903 2082 paulo
920 2010 1197 2082 superius
1218 2007 1778 2076 retractavitAugu-

120 2096 315 2152 stinus
342 2097 545 2168 (lbuL)
574 2115 587 2153 :
621 2100 791 2169 (Item
817 2099 984 2171 quod
1013 2099 1134 2154 dim
1166 2118 1177 2154 :
1213 2101 1526 2169 Nusquam
1562 2096 1785 2151 scilicet

118 2187 178 2242 in
209 2185 514 2243 voluntate
545 2203 675 2243 esse
704 2192 1044 2261 peceatum,
1074 2193 1332 2260 possunt
1354 2185 1656 2256 Pelagiani
1673 2199 1782 2255 pro

120 2291 180 2328 se
210 2273 439 2329 dictum
472 2282 680 2347 putare
710 2282 952 2348 propter
977 2275 1287 2348 parvulos,
1313 2291 1469 2347 quos
1497 2274 1634 2330 ideo
1682 2287 1785 2328 ne-

121 2370 267 2435 gant
294 2364 518 2421 habere
546 2371 882 2438 peccatum,
911 2366 1078 2438 quod
1105 2366 1190 2422 eis
1220 2366 1280 2421 in
1328 2364 1634 2437 baptismo
1689 2377 1781 2417 re-

122 2453 408 2522 mittatur,
442 2454 587 2527 quia
600 2455 876 2512 nondum
892 2455 1136 2512 arbitrio
1169 2454 1484 2512 voluntatis
1515 2456 1781 2509 utuntur.

1886 1831 2136 1886 nimodo
2155 1836 2411 1903 possunt
2426 1831 2552 1886 sine
2573 1831 2877 1888 voluntate
2894 1830 3188 1887 committi
3221 1847 3234 1884 :
3258 1829 3551 1902 quoniam

1888 1927 1947 1976 et
1974 1920 2070 1976 ille
2087 1921 2193 1992 qui
2212 1924 2423 1992 peccat
2452 1921 2763 1990 ignorans,
2787 1918 3094 1975 voluntate
3119 1919 3327 1992 utique
3345 1921 3559 1990 peccat

1889 2011 2019 2082 [at.,
2046 2011 2226 2081 facit],
2257 2009 2424 2082 quod
2450 2026 2592 2065 cum
2613 2009 2960 2066 faciendum
2975 2024 3099 2065 non
3121 2007 3218 2077 sit,
3239 2011 3411 2080 putat
3425 2022 3557 2065 esse

1890 2099 2258 2156 faciendum.
2287 2103 2354 2156 Et
2382 2099 2478 2155 ille
2507 2099 2613 2171 qui
2639 2097 3101 2171 concupiscente
3123 2097 3415 2154 adversus
3437 2095 3553 2169 spi-

1890 2191 2071 2246 ritum
2103 2204 2305 2259 carne,
2337 2203 2462 2244 non
2488 2204 2560 2244 ea
2611 2203 2746 2260 quae
2803 2186 2930 2243 vult
2972 2185 3132 2254 facit,
3189 2184 3562 2257 concupiscit

1891 2280 2142 2353 quidem
2165 2279 2399 2346 nolens,
2431 2283 2489 2334 et
2511 2278 2648 2334 ideo
2676 2277 2806 2348 [al.,
2838 2277 2901 2332 in
2926 2277 3020 2348 eo]
3052 2291 3177 2332 non
3201 2275 3343 2333 facit
3389 2273 3559 2348 quod

1894 2367 2017 2424 vult
2048 2383 2061 2422 :
2097 2367 2205 2424 sed
2237 2367 2285 2422 si
2309 2367 2590 2433 vincitur,
2623 2365 3124 2438 concupiscentiae
3146 2363 3443 2422 consentit
3459 2378 3558 2420 vo-

1892 2456 2043 2525 lens,
2071 2462 2127 2512 et
2154 2472 2214 2512 1n
2244 2472 2316 2512 eo
2345 2471 2468 2512 non
2499 2454 2641 2512 facit
2669 2454 2781 2510 nisi
2804 2454 2971 2528 quod
2996 2454 3141 2523 vult,
3167 2453 3318 2510 liber
3340 2452 3564 2510 scilicet

125 2543 307 2609 Quasi
339 2559 479 2600 vero
501 2550 816 2617 peccatum
837 2546 1004 2618 quod
1047 2562 1152 2601 eos
1179 2561 1252 2601 ex
1288 2545 1479 2600 Adam
1526 2542 1787 2599 dicimus
1889 2546 2508 2619 justitize,servusque
2553 2544 2804 2617 peccati,
2838 2549 2948 2600 etc.
3010 2544 3150 2601 Ideo
3209 2542 3401 2613 gratia
3461 2543 3564 2600 Dei

123 2633 490 2702 originaliter
521 2635 774 2705 trahere,
805 2635 867 2691 id
894 2640 982 2692 est
1010 2643 1179 2692 reatu
1197 2636 1328 2707 ejus
1348 2634 1708 2707 implicatos.
1731 2637 1790 2688 et
1895 2652 2018 2692 non
2047 2636 2244 2692 solum
2267 2639 2468 2693 reatus
2496 2634 2774 2690 omnium
2823 2633 3259 2706 praeteritorum
3310 2632 3563 2690 solvitur

125 2722 202 2777 ob
219 2723 337 2779 hoc
359 2739 556 2796 paena
576 2725 872 2781 obnoxios
892 2724 1163 2795 detineri,
1213 2740 1470 2797 usquam
1513 2739 1645 2780 esse
1676 2737 1785 2794 po-

127 2811 235 2868 tuit
259 2812 379 2867 nisi
407 2812 467 2867 in
513 2813 832 2884 voluntate,
874 2831 998 2888 qua
1040 2813 1345 2870 voluntate
1388 2812 1785 2869 commissum

126 2907 230 2968 est,
263 2902 516 2974 quando
544 2903 729 2960 diiini
758 2905 1040 2977 praecepti
1071 2910 1160 2959 est
1187 2904 1346 2960 facta
1366 2902 1784 2972 transgressio.

127 2990 318 3046 Potest
335 2991 521 3048 etiam
549 2993 748 3064 putari
772 2993 920 3049 falsa
946 3010 1078 3048 esse
1109 2994 1224 3048 ista
1244 2993 1535 3048 sententia
1553 3007 1678 3063 qua
1703 2990 1790 3044 di-

130 3078 341 3144 ximus,
375 3097 681 3152 nusquam
707 3083 820 3138 nisi
842 3083 901 3138 in
928 3084 1232 3139 voluntate
1267 3099 1396 3138 esse
1448 3085 1786 3153 peccatum,
1817 3117 1858 3171 Ο

131 3171 266 3241 quia
289 3171 445 3226 dixit
474 3172 798 3245 Apostolus
832 3192 844 3229 :
877 3174 946 3229 Si
973 3180 1168 3230 autem
1200 3173 1358 3244 quod
1390 3173 1529 3227 noto
1559 3170 1670 3226 hoc
1698 3170 1791 3238 fa-

132 3260 235 3328 cio,
265 3264 407 3332 jam
437 3277 556 3317 non
597 3278 702 3333 ego
725 3279 939 3332 operor
964 3263 1141 3326 illud,
1173 3261 1276 3318 sed
1292 3262 1353 3316 id
1407 3260 1565 3332 quod
1606 3260 1669 3314 in
1700 3273 1794 3314 me

134 3347 365 3406 habitat
391 3357 708 3420 peccatum
739 3352 928 3422 (Rom.
957 3367 1064 3414 vii,
1101 3356 1184 3419 16,
1212 3353 1320 3420 17).
1355 3352 1472 3404 Hoc
1489 3348 1791 3418 enimpec-

135 3443 332 3496 catum
365 3455 558 3512 usque
579 3441 732 3497 adeo
755 3457 875 3497 non
907 3448 995 3496 est
1023 3441 1084 3496 in
1113 3440 1437 3506 voluntate,
1497 3445 1559 3494 ut
1610 3437 1792 3506 dicat,

137 3530 290 3598 quod
316 3531 458 3586 noto
489 3531 599 3588 hoc
617 3531 800 3601 facio.
828 3531 1145 3598 Quomodo
1176 3545 1318 3599 ergo
1349 3543 1654 3598 nusquam
1683 3531 1794 3594 est,

139 3616 246 3672 nisi
303 3618 366 3674 in
409 3619 714 3676 voluntate
748 3622 1111 3692 peccatum?
1173 3619 1289 3675 Sed
1309 3620 1422 3674 hoc
1453 3621 1794 3689 peccatum,

140 3703 210 3760 de
237 3723 358 3780 quo
385 3708 470 3763 sic
492 3714 580 3766 est
606 3709 842 3765 locutus
898 3708 1242 3782 Apostolus,
1287 3707 1424 3763 ideo
1480 3711 1796 3778 peccatum

141 3801 402 3865 v0catur,
433 3798 580 3870 quia
607 3803 855 3870 peccato
885 3799 1108 3854 factum
1137 3804 1246 3867 est,
1277 3801 1335 3854 et
1363 3811 1546 3868 paena
1587 3809 1797 3868 pecca-

145 3882 182 3938 ti
206 3891 313 3952 est,
347 3887 851 3961 quandoquidem
881 3889 998 3945 hoc
1025 3889 1101 3944 de
1127 3885 1616 3959 concupiscentia
1662 3899 1795 3939 car-

144 3974 230 4027 nis
254 3975 490 4048 dicitur,
521 3978 688 4051 quod
717 3979 909 4052 aperit
931 3979 992 4034 in
1009 3975 1521 4050 consequentibus
1541 3973 1750 4030 dicens
1781 3989 1794 4028 :

145 4060 272 4120 Scio
300 4067 445 4138 quia
472 4084 591 4124 non
624 4069 856 4125 habitat
890 4069 1081 4134 inme,
1110 4067 1220 4123 hoc
1243 4073 1329 4123 est
1364 4068 1424 4121 in
1455 4078 1638 4120 carne
1665 4077 1800 4119 mea

149 4150 356 4212 bonum
374 4172 398 4214 .'
417 4159 570 4214 velte
597 4159 754 4214 enim
780 4158 1020 4228 adjacet
1052 4155 1217 4225 mihi,
1255 4158 1542 4224 per/icere
1599 4157 1799 4209 autem

153 4238 357 4301 bonum
387 4247 718 4317 non(lbid.,
755 4252 863 4315 l8).
893 4245 1176 4302 Perfectio
1215 4243 1439 4317 quippe
1492 4241 1639 4297 boni
1689 4243 1799 4302 est,

151 4337 211 4388 ut
234 4351 337 4392 nec
367 4336 505 4410 ipsa
536 4336 1025 4410 concupiscentia
1052 4333 1281 4408 peccati
1313 4333 1386 4388 sit
1410 4333 1471 4387 in
1515 4329 1798 4387 homine:

154 4423 242 4479 cui
261 4427 528 4499 quidem,
551 4425 804 4500 quando
844 4426 999 4482 bene
1053 4425 1288 4491 vivitur,
1338 4437 1463 4478 non
1510 4418 1805 4476 consentit

158 4513 420 4572 voluntas
445 4534 458 4572 :
483 4521 896 4574 verumtamen
931 4530 1054 4570 non
1082 4512 1314 4588 perﬁcit
1344 4511 1598 4580 bonum,
1657 4507 1804 4581 quia

157 4600 300 4661 inest
326 4606 527 4662 adhuc
555 4606 1064 4679 concupiscentia,
1097 4603 1194 4660 cui
1247 4604 1547 4674 repugnat
1593 4597 1805 4655 volun-

160 4694 286 4763 tas;
338 4697 514 4768 cujus
542 4695 1043 4769 concupiscentiae
1095 4695 1296 4749 reatus
1336 4690 1400 4746 in
1444 4687 1808 4762 baptismate

163 4783 420 4856 solvitur,
455 4786 564 4844 sed
585 4786 904 4843 infirmitas
923 4788 1256 4858 permanet,
1277 4781 1372 4838 cui
1411 4780 1608 4837 donec
1637 4793 1811 4835 sane-

166 4874 250 4928 tur
271 4877 469 4934 omnis
504 4876 700 4932 ﬁdelis
736 4876 842 4949 qui
883 4875 1038 4932 bene
1077 4873 1332 4946 proﬁcit,
1371 4869 1811 4928 studiosissime

165 4964 492 5023 reluctatur.
517 4966 834 5022 Peccatum
855 4968 1056 5021 autem
1077 4962 1244 5034 quod
1265 4977 1567 5033 nusquam
1589 4964 1679 5016 est
1698 4956 1814 5015 nisi

166 5051 223 5109 in
232 5055 549 5124 voluntate,
569 5055 717 5113 illud
736 5055 1038 5128 praecipue
1049 5049 1506 5120 intelligendum
1521 5054 1629 5110 est,
1644 5046 1810 5120 quod

165 5142 315 5213 iusta
339 5146 652 5206 damnatio
682 5149 1004 5203 consecuta
1027 5147 1133 5199 est.
1165 5145 1285 5198 Hoc
1304 5140 1468 5196 enim
1496 5153 1605 5211 per
1625 5152 1817 5193 unum

170 5230 461 5294 hominem
491 5236 733 5294 intravit
761 5235 824 5291 in
844 5233 1146 5292 mundum
1173 5231 1364 5303 (Rom.
1391 5245 1450 5298 v,
1479 5227 1568 5299 12)
1591 5243 1606 5282 :
1629 5235 1821 5299 quan”-

171 5336 344 5393 quam
372 5331 429 5384 et
454 5327 571 5386 hoc
599 5328 942 5399 peccatum,
969 5339 1094 5396 quo
1144 5319 1514 5378 consentitur
1563 5319 1816 5390 peccato

175 5401 294 5478 [αιη
321 5413 570 5484 peccati]
598 5407 1124 5483 concupiscentiae,
1162 5421 1287 5463 non
1341 5403 1457 5461 nisi
1516 5400 1821 5460 voluntate

176 5501 566 5559 committitur.

241 5587 278 5656 ειη
302 5588 459 5648 Idem
481 5608 622 5649 cum
648 5593 1143 5650 retractaretacta
1177 5591 1386 5644 contra
1434 5585 1824 5640 Fortunatum

1894 2727 1957 2782 in
1985 2726 2271 2782 omnibus
2304 2725 2408 2798 qui
2438 2724 2818 2797 baptizantur
2872 2723 2936 2779 in
2989 2723 3240 2790 Christo,
3295 2721 3464 2796 quod
3491 2721 3563 2778 ﬁt

1896 2817 2114 2888 Spiritu
2141 2813 2612 2886 regenerationis
2637 2832 2650 2881 ;
2683 2828 2896 2869 verum
2927 2813 3107 2869 etiam
3128 2812 3191 2868 in
3229 2810 3564 2882 grandibus

1897 2905 2176 2962 voluntas
2200 2905 2333 2977 ipsa
2371 2906 2641 2970 sanatur,
2681 2905 2740 2958 et
2788 2906 3164 2974 praeparatur
3217 2917 3256 2958 a
3309 2900 3567 2958 Domino

1901 2997 2101 3066 (Prov.
2125 3011 2247 3059 vni,
2279 3008 2394 3050 sec.
2424 2993 2635 3062 LXX),
2667 2992 2834 3063 quod
2862 2995 2927 3048 ﬁt
2953 2991 3166 3063 spiritu
3185 2989 3328 3046 ﬁdei
3358 2990 3568 3047 etcha-

1899 3085 2108 3140 rit-itis.
2141 3083 2270 3138 Alio
2297 3083 2431 3138 loco
2459 3082 2522 3137 in
2550 3096 2620 3136 eo
2651 3080 2820 3151 quod
2847 3079 2973 3135 dixi
2995 3079 3072 3136 de
3116 3080 3372 3135 Domino
3427 3081 3567 3136 Jesu

1899 3173 2132 3228 Christo
2165 3188 2177 3227 :
2205 3170 2353 3226 Nihil
2373 3169 2495 3240 egit
2520 3169 2603 3240 vi,
2631 3169 2741 3224 sed
2767 3167 2976 3224 omnia
3006 3166 3324 3224 suadendo
3353 3169 3412 3224 et
3435 3181 3564 3224 mo-

1901 3260 2125 3330 nendo,
2152 3275 2274 3315 non
2323 3258 2470 3314 mihi
2522 3262 2866 3314 occurrerat
2913 3255 3082 3329 quod
3134 3254 3462 3312 vendentes
3509 3258 3568 3311 et

1901 3354 2166 3406 ementes
2195 3346 2561 3418 ﬂagellando
2590 3344 2762 3417 ejecit
2790 3344 2866 3401 de
2897 3344 3120 3417 templo
3161 3343 3411 3412 (Matth.
3441 3358 3569 3413 xm,

1905 3441 2012 3511 12).
2048 3437 2162 3495 Sed
2190 3437 2338 3509 quid
2369 3437 2505 3505 hoc,
2538 3441 2644 3492 aut
2670 3439 2971 3507 quantum
3001 3439 3091 3491 est
3110 3434 3138 3489 ?
3183 3432 3473 3500 Quamvis
3513 3435 3571 3490 et

1901 3530 2210 3585 daemones
2240 3526 2510 3582 nolentes
2554 3525 2634 3582 ab
2691 3523 3062 3592 hominibus,
3111 3539 3236 3582 non
3293 3537 3570 3580 sermone

1904 3618 2200 3674 suasionis
2230 3615 2339 3672 sed
2367 3616 2427 3672 vi
2456 3616 2770 3688 potestatis
2800 3614 3087 3686 ejecerit.]

1973 3707 2016 3772 υ)-
2049 3705 2115 3758 Et
2129 3702 2276 3775 quia
2294 3716 2369 3756 ex
2388 3700 2558 3756 libris
2576 3701 2711 3772 ejus
2735 3699 2813 3756 de
2832 3699 3022 3756 libero
3047 3698 3375 3756 voluntatis
3417 3695 3573 3754 arbi-

1906 3793 2017 3849 trio
2044 3791 2234 3848 multa
2262 3790 2537 3863 superius
2562 3788 2836 3862 posuisti,
2878 3789 3104 3860 quibus
3152 3802 3384 3844 errores
3435 3789 3570 3841 tuos

1905 3881 2287 3954 potissimum
2307 3879 2736 3946 communires,
2762 3892 2888 3934 non
2928 3877 3337 3945 incongruum
3395 3874 3572 3932 duxi-

1908 3988 2044 4027 mus
2065 3971 2144 4027 ad
2167 3969 2439 4026 medium
2468 3967 2766 4023 deducere
2793 3964 3095 4038 quidquid
3111 3965 3174 4022 in
3203 3964 3573 4022 retractatio-

1906 4075 1982 4116 ne
2008 4058 2363 4115 eorumdem
2392 4055 2686 4112 librorum
2717 4069 2971 4110 suorum
2994 4053 3216 4127 posuit,
3274 4057 3340 4109 ut
3385 4050 3577 4109 cuivis

1908 4149 2190 4206 facillime
2219 4150 2423 4220 pateat
2453 4151 2588 4202 ante
2611 4146 2796 4202 etiam
2825 4143 2907 4202 ab
2937 4144 3037 4200 illo
3058 4144 3380 4201 damnatas
3409 4157 3574 4200 erro-

1909 4255 2004 4296 res
2033 4243 2168 4294 tuos
2196 4252 2388 4308 quam
2416 4235 2684 4292 nasceris
2732 4251 2745 4292 :
2789 4235 2872 4291 ita
2901 4235 3064 4290 enim
3101 4249 3311 4290 eorum
3366 4237 3580 4290 retrac-

1911 4327 2200 4385 tationem
2221 4339 2471 4381 exorsus
2500 4327 2589 4380 est
2620 4324 2906 4394 (Retract.
2941 4324 3044 4379 tib.
3078 4338 3118 4393 ι,
3141 4338 3272 4393 cap.
3306 4323 3362 4394 9)
3413 4339 3427 4378 :
3489 4322 3579 4393 [In

1913 4416 2192 4474 hislibris
2220 4415 2304 4472 ita
2359 4413 2550 4471 multa
2601 4413 2856 4471 disserta
2923 4418 3083 4482 sunt,
3135 4418 3201 4470 ut
3251 4412 3582 4472 incidentes

1915 4506 2221 4565 nonnullae
2244 4505 2629 4578 quaestiones,
2655 4520 2811 4577 quas
2840 4502 2933 4560 vel
2953 4503 3219 4560 enodare
3246 4516 3372 4558 non
3420 4503 3582 4573 pote.

1913 4615 2069 4665 ram,
2101 4596 2196 4654 vel
2223 4596 2474 4666 longam
2495 4593 3063 4651 sermocinationem
3092 4592 3155 4647 in
3180 4589 3461 4664 praesenti
3490 4604 3583 4645 re-

1914 4687 2257 4762 quirebant,
2287 4686 2370 4742 ita
2393 4683 2774 4740 differrentur
2799 4686 2865 4738 ut
2893 4681 2986 4738 vel
3012 4697 3084 4737 ex
3107 4684 3366 4751 utraque
3390 4680 3582 4750 parte,

1915 4777 2011 4834 vel
2031 4792 2103 4832 ex
2132 4773 2418 4830 omnibus
2447 4771 2802 4828 earumdem
2829 4770 3235 4843 quaestionum
3293 4765 3584 4838 partibus,

1918 4868 1980 4925 in
2003 4864 2227 4938 quibus
2248 4879 2373 4920 non
2403 4861 2738 4935 apparebat
2777 4859 2924 4933 quid
2980 4859 3182 4932 potius
3234 4859 3591 4926 congrueret

1920 4954 2172 5023 veritati,
2193 4953 2272 5010 ad
2300 4953 2416 5010 hoc
2450 4957 2653 5008 tamen
2681 4947 3060 5006 ratiocinatio
3107 4952 3316 5004 nostra
3345 4943 3591 5002 conclu-

1921 5045 2182 5115 deretur,
2214 5047 2279 5099 ut
2307 5039 2618 5114 quodlibet
2642 5054 2854 5096 eorum
2884 5053 3093 5094 verum
3114 5041 3293 5107 esset,
3343 5035 3594 5094 laudan-

1923 5135 2042 5192 dus
2065 5132 2405 5189 crederetur
2429 5131 2525 5188 vel
2543 5129 2726 5186 etiam
2752 5127 3166 5186 ostenderetur
3187 5131 3362 5185 Deus.
3412 5127 3594 5197 Prop-

1926 5229 2014 5281 ter
2043 5238 2147 5280 eos
2171 5221 2399 5295 quippe
2424 5218 2754 5292 disputatio
2779 5218 2880 5276 illa
2903 5223 3184 5292 suscepta
3210 5222 3321 5284 est,
3355 5215 3463 5289 qui
3488 5229 3593 5269 ne-

1931 5318 2079 5386 gant
2105 5329 2178 5370 ex
2207 5312 2396 5368 libero
2422 5308 2752 5367 voluntatis
2801 5308 3049 5367 arbitrio
3106 5308 3250 5366 mali
3307 5303 3600 5373 originem

1930 5403 2092 5472 duci,
2125 5406 2182 5459 et
2211 5403 2420 5468 Deum,
2455 5401 2507 5456 si
2535 5400 2620 5456 ita
2638 5403 2746 5463 est,
2779 5401 3113 5454 creatorem
3132 5395 3407 5453 omnium
3432 5396 3600 5450 natu~

1932 5510 2139 5553 rarum
2165 5490 2539 5566 culpandum
2565 5503 2698 5546 esse
2724 5486 3114 5545 contendunt.
3168 5490 3249 5543 Eo
3273 5483 3460 5541 modo
3495 5497 3604 5539 vo-

1934 5586 2124 5642 lentes
2155 5581 2493 5639 secundum
2548 5595 2672 5635 suae
2720 5576 3044 5648 impietatis
3090 5590 3352 5634 errorem
3403 5573 3608 5644 (Mani-

179 5673 549 5739 Mauichaaum
573 5670 1827 5750 dixit(Retract.l£b.icap.16):[ltemalio
1939 5669 2086 5727 chsei
2115 5668 2276 5726 enim
2309 5666 2466 5736 sunt)
2494 5661 2936 5722 immutabilem
2989 5661 3324 5730 quamdam
3384 5665 3442 5716 et

181 5757 336 5821 loco:
360 5768 474 5843 Ego
489 5770 648 5845 dico,
679 5749 954 5844 inquam,
978 5771 1296 5841 peccatum
1311 5779 1437 5828 non
1452 5778 1609 5834 esse,
1633 5759 1686 5820 si
1705 5774 1830 5818 non
1943 5763 2308 5821 coaeternam
2338 5753 2717 5814 introducere
2741 5755 3024 5813 naturam
3054 5750 3224 5812 mali.
3285 5754 3366 5810 De
3420 5749 3619 5822 gratia
