3936 6390
369 281 504 336 1103

1453 263 1512 318 8.
1550 256 1921 317 PRUDENTII
1963 253 2352 313 TRECENSIS
2406 255 2716 312 EPISCOPI

3689 255 3861 310 1104

363 420 507 461 vero
540 401 661 468 Dei,
687 413 813 474 qua
834 412 976 453 suos
1007 394 1224 452 electos
1281 391 1364 447 sic
1416 381 1886 463 praedestinavit,
1960 384 2026 436 ut
2063 382 2111 436 A
2139 395 2279 474 cum
2308 379 2369 435 id
2389 397 2512 436 non
2539 380 2767 446 videas,
2797 379 2914 436 nisi
2934 379 2996 436 in
3025 379 3125 474 illo
3157 379 3260 452 qui
3277 383 3375 474 est
3399 379 3857 474 incommuta-

365 507 576 549 eorum
602 470 862 560 qui—jam
891 486 953 541 in
979 484 1062 540 eis
1089 485 1338 539 utuntur
1361 479 1549 534 libero
1578 473 1844 542 arbitrio,
1895 470 2026 560 ipse

369 583 548 639 etiam
581 559 879 652 praeparet
909 574 1263 640 voluntates,
1293 568 1443 626 nihil
1472 568 1531 623 in
1562 565 1656 622 his
1686 562 1855 652 libris
1912 559 2030 614 dis-

365 650 643 746 putatum
671 650 781 738 est,
801 668 1045 739 propter
1064 663 1222 719 hanc
1240 657 1614 734 propositam
1629 650 2030 746 quaestionem

368 742 500 834 [al.,
530 761 774 833 propter
801 757 916 812 hoc
947 751 1259 827 proposita
1283 746 1656 822 quaestione].
1693 742 1802 834 Ubi
1827 744 2031 834 autem

367 830 575 906 incidit
602 830 770 904 locus
801 849 866 901 ut
894 844 1078 915 hujus
1102 840 1307 912 gratim
1326 833 1822 894 commemoratio
1843 830 2028 896 fieret,

366 940 742 996 transeunter
763 934 1238 990 commemorata
1260 931 1348 983 est
1367 945 1381 995 ;
1400 941 1523 982 non
1545 921 1720 996 quasi
1740 920 1879 976 inde
1899 931 2035 989 age-

365 1033 528 1086 retur
539 1042 797 1100 operosa
812 1021 1267 1080 ratiocinatione
1279 1016 1547 1073 defensa.
1573 1010 1748 1068 Aliud
1767 1013 1854 1066 est
1873 1007 2035 1100 enim

366 1096 633 1192 quaerere
646 1114 807 1171 unde
828 1111 1166 1173 sitmalum,
1186 1113 1243 1164 et
1257 1106 1422 1163 aliud
1456 1107 1543 1159 est
1577 1116 1843 1176 quaerere
1875 1096 2035 1192 unde

366 1187 646 1264 redeatur
675 1203 754 1261 ad
781 1201 1122 1276 pristinum,
1146 1197 1239 1253 vel
1259 1195 1339 1252 ad
1397 1193 1599 1264 majus
1655 1187 2038 1263 perveniatur

365 1296 623 1353 bonum.

443 1385 820 1456 Quapropter
848 1375 1266 1436 novihzeretici
1291 1370 1613 1442 Pelagiani;
1648 1367 1753 1441 qui
1781 1366 2037 1422 liberum

373 1475 460 1531 sic
480 1475 757 1530 asserunt
777 1467 1099 1526 voluntatis
1122 1464 1457 1528 arbitrium,
1483 1465 1544 1516 ut
1566 1459 1768 1530 gratiae
1798 1457 1896 1512 Dei
1918 1472 2040 1511 non

371 1564 717 1634 relinquant
737 1559 962 1624 locum,
990 1551 1490 1628 quandoquidem
1513 1564 1649 1604 eam
1707 1544 2042 1600 secundum

373 1651 587 1709 merita
607 1651 816 1704 nostra
836 1645 967 1701 dari
993 1645 1287 1708 asserunt,
1312 1655 1437 1696 non
1457 1653 1519 1693 se
1541 1634 1844 1700 extollant,
1870 1646 2045 1705 quasi

2139 468 2276 524 bilis
2308 470 2543 538 veritas,
2576 475 2807 542 quanto
2838 470 3031 539 magis
3063 469 3157 524 ille
3189 468 3293 540 qui
3322 473 3379 525 et
3409 469 3558 525 velle
3577 485 3844 541 praece-

2139 559 2246 631 pit,
2281 564 2337 615 et
2363 575 2544 632 posse
2566 559 2844 632 praebuit,
2868 565 2923 615 et
2949 575 3074 615 non
3103 559 3351 632 impune
3381 559 3541 615 nolle
3586 559 3858 632 permi-

2141 649 2258 705 sit?
2287 649 2507 705 Deinde
2530 649 2835 720 subjunxi,
2865 648 3070 704 dicens
3103 666 3116 703 :
3154 649 3210 706 Si
3237 648 3398 704 enim
3457 649 3574 704 hoc
3634 648 3858 706 debet

2139 738 2397 811 quisque
2427 739 2592 812 quod
2610 740 2859 811 accepit,
2884 743 2939 794 et
2963 739 3048 794 sic
3077 739 3262 794 homo
3284 738 3478 794 factus
3499 743 3592 794 est
3619 744 3692 794 ut
3723 754 3855 793 ne-

2141 823 2402 879 cessario
2429 829 2656 896 peccet,
2712 825 2827 879 hoc
2852 823 3032 879 debet
3088 827 3153 879 ut
3201 829 3424 896 peccet.
3489 825 3642 879 Cum
3671 839 3854 895 ergo

2142 921 2370 986 peccat,
2404 915 2570 987 quod
2600 914 2776 970 debet
2807 913 2983 982 facit;
3019 913 3185 986 quod
3209 913 3257 969 si
3287 914 3480 969 scelus
3509 919 3602 969 est
3654 913 3856 969 dice-

2143 1021 2227 1075 re,
2259 1006 2565 1060 neminem
2597 1011 2814 1061 natura
2847 1021 2959 1060 sua
2982 1005 3140 1074 cogit
3205 1009 3270 1060 ut
3319 1010 3546 1078 peccet.
3599 1008 3666 1060 Et
3729 1005 3855 1059 ite-

2144 1111 2281 1151 rum
2314 1113 2327 1150 :
2364 1097 2505 1161 Quae
2534 1093 2782 1151 tandem
2813 1111 2944 1150 esse
2973 1094 3211 1167 poterit,
3245 1094 3519 1167 inquam,
3543 1099 3685 1150 ante
3727 1109 3854 1150 vo-

2144 1185 2436 1241 luntatem
2469 1201 2652 1241 causa
2675 1185 3047 1241 voluntatis?
3069 1187 3184 1240 Aut
3217 1185 3378 1240 enim
3425 1189 3484 1241 et
3535 1185 3672 1258 ipsa
3720 1200 3853 1240 vo-

2145 1276 2346 1332 luntas
2374 1281 2482 1344 est,
2516 1281 2571 1332 et
2601 1293 2637 1332 a
2665 1275 2865 1332 radice
2896 1277 3010 1332 ista
3036 1275 3363 1332 voluntatis
3411 1291 3537 1332 non
3587 1275 3852 1332 recedi-

2150 1373 2276 1424 tur:
2313 1373 2416 1423 aut
2449 1383 2572 1424 non
2603 1373 2690 1423 est
2739 1367 3038 1435 voluntas,
3101 1371 3158 1423 et
3202 1372 3522 1441 peccatum
3579 1367 3850 1423 nullum

2149 1456 2350 1512 habet.
2378 1461 2489 1511 Aut
2520 1456 2697 1526 igitur
2719 1457 2998 1513 voluntas
3019 1461 3110 1512 est.
3130 1456 3328 1529 prima
3354 1472 3538 1513 causa
3559 1472 3850 1530 peccan-

2153 1545 2233 1615 di,
2259 1550 2360 1600 aut
2383 1545 2616 1600 nullum
2648 1551 2968 1618 peccatum
2998 1551 3089 1601 est
3117 1545 3315 1618 prima
3341 1563 3530 1602 causa
3554 1561 3846 1618 peccan-

2154 1634 2233 1696 di,
2261 1650 2372 1689 nec
2394 1639 2485 1690 est
2515 1634 2611 1689 cui
2641 1641 2798 1689 recte
2827 1634 3158 1707 imputetur
3177 1639 3517 1707 peccatum,
3541 1634 3657 1689 nisi
3685 1651 3846 1707 pec-

375 1758 586 1800 eorum
609 1737 835 1810 egerim
857 1749 1126 1801 causam,
1159 1731 1303 1805 quia
1331 1727 1522 1784 multa
1549 1725 1641 1781 his
1697 1722 1867 1778 libris
1921 1720 2045 1776 dixi
2085 1738 2126 1793 Β
2156 1723 2336 1780 canti.
2366 1727 2494 1780 Non
2514 1729 2602 1779 est
2632 1739 2775 1794 ergo
2808 1724 2903 1779 cui
2930 1729 3088 1780 recte
3127 1723 3457 1796 imputetur
3498 1729 3843 1797 peccatum

373 1848 486 1906 pro
515 1829 704 1885 libero
733 1825 999 1892 arbitrio,
1031 1839 1168 1895 qua:
1193 1819 1351 1875 illius
1383 1812 2044 1906 dispiutationis‘causa

374 1898 690 1995 poscebat.
717 1914 845 1970 Dixi
879 1913 1106 1986 quippe
1127 1910 1188 1965 in
1239 1907 1438 1995 primo
1494 1904 1671 1972 libro,
1727 1898 2045 1995 malefacta

369 1989 604 2083 iustitia
636 2005 739 2061 Dei
768 2000 1085 2068 vindicari,
1121 2003 1177 2054 et
1223 1994 1431 2054 addidi
1462 2012 1474 2050 :
1503 1998 1630 2050 Non
1672 1991 1832 2083 enim
1885 1989 2044 2061 juste

372 2081 842 2161 vindicarentur,
874 2091 992 2148 nisi
1035 2090 1247 2145 ﬁerent
1303 2085 1632 2142 voluntate.
1683 2081 1851 2144 Item,
1904 2094 2045 2135 cum

375 2190 574 2263 ipsam
645 2186 874 2242 bonam
934 2179 1308 2238 voluntatem
1386 2179 1512 2231 tam
1589 2169 2048 2263 magnumbo-

376 2259 528 2335 num
552 2293 680 2332 esse
707 2277 1131 2339 monstrarem,
1185 2272 1249 2323 ut
1301 2264 1587 2322 omnibus
1647 2259 1950 2334 corporeis
1989 2263 2046 2315 et

378 2367 638 2426 externis
667 2364 845 2421 bonis
874 2361 1087 2417 merito
1119 2359 1604 2429 anteponeretur,
1633 2350 1758 2407 dixi
1809 2367 1822 2406 :
1870 2348 2046 2404 Vides

378 2456 729 2530 igiturjam,
757 2457 823 2508 ut
848 2449 1146 2516 existimo,
1178 2446 1241 2502 in
1287 2443 1598 2500 voluntate
1654 2445 1862 2496 nostra
1917 2453 2047 2494 esse

381 2545 797 2609 constitutum,
811 2546 877 2596 ut
893 2541 1007 2596 hoc
1020 2536 1115 2594 vel
1130 2536 1406 2591 fruamur
1425 2531 1520 2587 vel
1537 2545 1853 2586 careamus
1879 2532 2046 2584 tanto

383 2641 439 2692 et
469 2640 744 2690 tamvero
774 2630 937 2685 bono
966 2645 979 2682 :
1007 2625 1156 2699 quid
1198 2623 1360 2679 enim
1421 2625 1542 2676 tam
1599 2619 1661 2674 in
1716 2617 2044 2683 voluntate,

384 2740 572 2797 quam
599 2723 734 2793 ipsa
761 2717 1043 2774 voluntas
1078 2713 1192 2768 sita
1219 2715 1325 2766 est.
1369 2712 1434 2764 Et
1466 2708 1603 2797 alio,
1634 2707 1767 2762 loco
1823 2723 1836 2760 :
1895 2704 2049 2770 Quid

387 2796 530 2882 ergo
547 2825 746 2866 causae
769 2811 879 2873 est,
895 2805 1168 2876 inquam,
1189 2817 1294 2856 cur
1316 2796 1722 2854 dubitandum
1743 2799 2046 2867 putemus,

388 2899 623 2958 etiamsi
644 2911 963 2969 nunquam
986 2897 1124 2949 ante
1143 2889 1442 2962 sapientes
1465 2886 1715 2953 fuimus,
1742 2883 2048 2940 voluntate

387 2995 717 3048 nostamen
745 2981 1112 3042 laudabilem
1133 2984 1189 3036 et
1217 2979 1460 3034 beatam
1487 2975 1694 3042 vitam,
1740 2972 2049 3029 voluntate

387 3087 626 3153 turpem
658 3082 714 3134 et
754 3075 1040 3131 miseram
1091 3068 1306 3127 mereri
1361 3083 1432 3123 ac
1486 3064 1738 3136 gerere?
1785 3063 2049 3153 Itemque

388 3151 506 3226 alio
533 3167 667 3224 loco
700 3183 712 3220 :
747 3167 826 3220 Ex
858 3178 981 3236 quo
1012 3159 1345 3224 conficitur,
1368 3155 1643 3228 inquam,
1672 3157 1737 3208 ut
1788 3151 2055 3224 quisquis

386 3263 543 3316 recte
573 3257 946 3326 honesteque
977 3249 1102 3306 vult
1132 3246 1417 3313 vivere,si
1462 3245 1522 3300 id
1551 3259 1616 3299 se
1637 3241 1783 3297 velle
1814 3257 1938 3313 prae
1970 3239 2056 3294 fu-

390 3347 640 3418 gacibus
659 3342 840 3399 rebus
863 3339 1018 3402 velit,
1041 3339 1443 3408 assequautur
1469 3337 1702 3388 tantam
1730 3346 1859 3386 rem
1888 3333 2056 3386 tanta

390 3435 688 3500 felicitate,
719 3436 785 3486 ut
815 3428 963 3486 nihil
993 3426 1156 3483 aliud
1178 3425 1251 3490 ei,
1275 3440 1462 3496 quam
1491 3423 1694 3494 ipsum
1749 3420 1919 3489 velle,
1983 3420 2056 3475 sit

390 3522 615 3580 habere
644 3518 807 3592 quod
829 3515 1036 3572 voluit.
1075 3518 1339 3585 Itemque
1372 3510 1514 3566 alibi
1543 3509 1686 3564 dixi.
1750 3512 1868 3564 Hoc
1894 3507 2056 3562 enim

395 3617 616 3668 aeterna
639 3608 736 3664 lex
764 3606 884 3675 illa,
915 3603 994 3659 ad
1042 3602 1213 3673 cujus
1272 3599 1820 3656 considerationem
1862 3597 2056 3652 redire

330 3767 333 3770 _
387 3701 520 3773 jam
550 3704 792 3771 tempus
821 3697 929 3760 est,
954 3688 1437 3747 incommutabili
1480 3687 1802 3742 stabilitate
1859 3685 2059 3741 ﬁrma-

391 3791 498 3860 vit,
521 3793 586 3844 ut
607 3784 986 3842 involuntate
1000 3780 1283 3837 meritum
1311 3778 1386 3833 sit
1421 3796 1433 3846 ;
1459 3777 1517 3831 in
1548 3776 1831 3832 beatitatc
1854 3780 2055 3830 autem

393 3885 450 3937 et
474 3877 716 3935 miseria
741 3873 1060 3948 praemium
1083 3875 1263 3942 atque
1296 3867 1682 3940 supplicium.
1717 3869 1784 3921 Et
1812 3864 1926 3920 alio
1969 3864 2056 3920 lo-

393 3985 464 4026 co
498 3985 511 4023 :
548 3965 720 4035 Quid,
754 3965 1029 4037 inquam,
1051 3959 1308 4034 quisque
1340 3957 1695 4013 sectandum
1726 3960 1782 4011 et
1831 3954 2058 4028 ample-

392 4057 680 4116 etendum
711 4054 908 4124 eligat,
935 4051 997 4106 in
1035 4049 1346 4107 voluntate
1373 4064 1508 4103 esse
1561 4047 1828 4118 positum
1887 4061 2058 4100 cons-

391 4152 499 4203 tat.
532 4145 672 4201 Etin
704 4143 858 4198 libro
890 4159 927 4196 ιι
963 4157 976 4194 :
1007 4143 1197 4195 Homo
1251 4137 1411 4192 enim
1461 4137 1613 4208 ipse,
1666 4135 1939 4207 inquam,
1995 4135 2058 4189 in

392 4239 692 4308 quantum
721 4232 907 4288 homo
931 4232 1044 4296 est,
1070 4225 1319 4298 aliquod
1347 4226 1580 4281 bonum
1603 4229 1710 4292 est,
1737 4224 1883 4296 quia
1902 4228 2057 4279 recte

391 4324 593 4381 vivere
626 4336 764 4376 cum
794 4318 940 4382 vult,
969 4320 1186 4390 potest.
1221 4318 1286 4370 Et
1313 4314 1430 4370 alio
1455 4315 1588 4370 loco
1638 4313 1762 4369 dixi
1815 4330 1827 4368 :
1887 4317 2058 4368 Recte

391 4412 522 4470 ﬁeri
540 4427 663 4467 non
693 4423 897 4482 posse,
927 4404 1044 4462 nisi
1070 4403 1285 4460 eodem
1316 4403 1503 4459 libero
1534 4402 1859 4458 voluntatis
1904 4401 2060 4456 arbi-

392 4503 507 4560 trio
558 4505 624 4557 Et
653 4501 716 4556 in
745 4499 900 4554 libro
928 4495 1100 4553 tertio
1133 4493 1325 4560 :Quid
1359 4509 1511 4566 opus
1568 4497 1655 4548 est
1712 4491 1920 4565 quaeri,
1975 4492 2059 4547 in-

391 4609 601 4668 quam,
614 4590 776 4648 unde
792 4589 903 4645 iste
920 4591 1120 4643 motus
1137 4583 1400 4653 exsistat,
1421 4598 1542 4656 quo
1556 4581 1830 4638 voluntas
1851 4581 2058 4637 averti-

391 4690 489 4741 tur
531 4683 609 4739 ab
645 4676 1126 4738 incommutabili
1161 4676 1324 4732 bono
1368 4674 1446 4730 ad
1483 4671 1912 4729 commutabile
1946 4670 2058 4727 bo-

389 4789 578 4841 num;
611 4788 751 4828 eum
773 4785 911 4826 eum
930 4765 1172 4824 nonnisi
1197 4763 1403 4833 animi,
1461 4768 1515 4819 et
1538 4761 1968 4830 voluntarium,
2001 4764 2058 4817 et

391 4863 471 4920 ob
491 4864 608 4919 hoc
625 4859 992 4933 culpabilem
1015 4873 1147 4912 esse
1165 4855 1464 4912 fateamur
1483 4871 1495 4908 :
1517 4852 1835 4924 omnisque
1853 4850 1926 4905 de
1943 4850 2058 4906 hac

391 4969 454 5007 re
476 4950 793 5022 disciplina
813 4949 972 5004 utilis
995 4946 1073 5002 ad
1097 4945 1160 5001 id
1182 4944 1393 5010 valeat,
1417 4947 1482 4998 ut
1530 4957 1600 4997 eo
1642 4946 1810 4996 motu
1831 4939 2057 5012 impro-

392 5041 537 5095 bato
556 5045 735 5111 atque
756 5037 1042 5106 cohibito,
1093 5034 1464 5090 voluntatem
1485 5035 1759 5086 nostram
1799 5028 1878 5084 ad
1922 5045 2056 5101 per-

393 5127 716 5184 fruendum
741 5123 1284 5198 sempiternobono
1320 5138 1356 5178 a
1402 5121 1583 5192 lapsu
1631 5118 2058 5191 temporalium

393 5221 818 5277 convertamus
837 5215 864 5270 ?
887 5217 952 5269 Et
977 5213 1093 5270 alio
1113 5212 1278 5268 loco:
1311 5210 1565 5282 Optime,
1590 5209 1865 5281 inquam,
1897 5207 1971 5263 de
2001 5212 2057 5264 te

391 5309 611 5366 veritas
645 5305 865 5361 clamat
897 5321 907 5358 :
934 5306 1062 5358 Non
1080 5303 1240 5356 enim
1261 5315 1471 5372 posses
1499 5298 1662 5354 aliud
1682 5298 1896 5353 sentire
1929 5313 2057 5352 esse

393 5400 455 5454 in
471 5400 767 5471 potestate
797 5398 1025 5460 nostra,
1050 5391 1165 5447 nisi
1191 5390 1381 5463 quod,
1404 5405 1541 5444 cum
1558 5387 1861 5454 volumus,
1921 5387 2059 5443 faei-

392 5502 548 5542 mus.
567 5487 943 5557 Quapropter
959 5481 1108 5537 nihil
1121 5486 1244 5537 tam
1263 5479 1323 5535 in
1336 5483 1542 5534 nostra
1553 5482 1847 5550 potestate
1870 5492 2057 5548 quam

394 5574 527 5644 ipsa
543 5574 825 5630 voluntas
843 5577 951 5628 est.
977 5573 1058 5627 Ea
1078 5569 1239 5626 enim
1262 5584 1510 5641 prorsus
1534 5567 1699 5623 nullo
1722 5566 2053 5635 intervallo,

397 5667 614 5717 moxut
634 5661 940 5727 volumus,
964 5666 1183 5732 praesto
1201 5664 1310 5725 est,
1331 5662 1472 5713 Item
1489 5657 1604 5713 alio
1627 5656 1758 5712 loco
1785 5675 1796 5710 :
1817 5656 1872 5711 Si
1896 5657 2056 5711 enim

400 5749 464 5798 tu
483 5745 770 5816 laudaris,
795 5748 1068 5817 inquam,
1099 5745 1364 5804 videndo
1385 5747 1530 5817 quid
1563 5747 1757 5801 facere
1807 5745 2051 5816 debeas,

2153 1813 2268 1869 nisi
2295 1812 2587 1870 voluntati
2620 1814 2749 1880 [al.,
2778 1813 3043 1884 volenti].
3080 1813 3148 1868 Et
3170 1812 3353 1885 paulo
3378 1818 3516 1886 post
3575 1830 3590 1867 :
3653 1813 3840 1883 Quis,

2155 1903 2428 1975 inquam,
2461 1907 2670 1975 peccat
2695 1903 2756 1958 in
2783 1918 2853 1959 eo
2880 1901 3048 1976 quod
3078 1901 3244 1958 nullo
3266 1902 3449 1958 modo
3487 1902 3687 1958 caveri
3717 1917 3844 1975 po-

2153 1994 2618 2050 test?Peccatur
2647 1998 2850 2050 autem
2913 2010 2925 2048 :
2982 1991 3180 2048 caveri
3205 1991 3386 2062 igitur
3412 1997 3628 2066 potest.
3692 1994 3842 2058 Quo

2154 2084 2494 2141 testimonio
2522 2099 2656 2139 meo
2676 2083 2737 2139 in
2769 2082 3040 2156 quodam
3066 2082 3219 2138 libro
3242 2099 3350 2139 suo
3375 2082 3648 2152 Pelagius
3669 2099 3841 2137 usus

2155 2179 2261 2230 est.
2288 2173 2391 2231 Cui
2419 2173 2573 2228 libro
2604 2189 2743 2229 cum
2769 2172 3239 2246 respondissem,
3265 2173 3502 2228 titulum
3524 2172 3663 2228 libri
3703 2171 3840 2228 mei

2155 2280 2282 2321 esse
2311 2263 2474 2320 volui
2500 2262 2576 2319 de
2607 2266 2830 2320 Natura
2851 2266 2908 2318 et
2937 2262 3155 2320 Gratia.

2228 2359 2292 2410 ln
2321 2353 2414 2408 his
2442 2358 2623 2426 atque
2644 2353 3000 2424 hujusmodi
3019 2353 3218 2409 verbis
3249 2353 3421 2421 meis,
3452 2352 3601 2426 quia
3625 2351 3841 2423 gratia

2154 2445 2257 2502 Dei
2273 2448 2748 2502 commemorata
2769 2461 2893 2501 non
2919 2449 3027 2516 est,
3051 2445 3126 2501 de
3146 2462 3269 2519 qua
3292 2451 3432 2502 tunc
3451 2460 3577 2500 non
3594 2442 3838 2514 ageba-

2155 2537 2272 2604 tur,
2295 2537 2510 2606 putant
2532 2531 2850 2603 Pelagiani,
2867 2532 2961 2588 vel
2979 2537 3192 2605 putare
3208 2536 3486 2606 possunt,
3507 2548 3691 2588 suam
3711 2547 3836 2587 nos

2156 2624 2418 2679 tenuisse
2449 2622 2826 2678 sententiam.
2865 2622 2979 2679 Sed
3008 2622 3229 2679 frustra
3263 2623 3380 2678 hoc
3424 2625 3661 2695 putant.
3717 2622 3840 2676 Vo-

2156 2713 2356 2769 luntas
2383 2712 2608 2785 quippe
2638 2717 2726 2768 est
2755 2729 2879 2785 qua
2897 2718 2952 2768 et
2979 2718 3281 2786 peccatur,
3307 2717 3363 2768 et
3385 2718 3540 2769 recte
3555 2711 3791 2768 vivitur
3816 2730 3830 2766 :

2157 2801 2325 2875 quod
2349 2802 2442 2858 his
2475 2801 2670 2858 verbis
2693 2802 2950 2872 egimus.
2981 2802 3265 2859 Voluntas
3313 2817 3455 2873 ergo
3495 2803 3650 2875 ipsa,
3709 2798 3837 2857 nisi

2161 2891 2353 2961 gratia
2382 2890 2482 2946 Dei
2505 2890 2790 2946 liberetur
2819 2908 2855 2947 a
2875 2891 3175 2959 servitute,
3199 2907 3322 2964 qua
3346 2891 3504 2948 facta
3528 2896 3617 2947 est
3648 2905 3836 2946 serva.

2159 2978 2410 3052 peccati,
2434 2983 2490 3034 et
2517 2983 2582 3034 ut
2605 2979 2744 3036 vitia
2765 2984 3026 3053 superet,
3051 2980 3372 3052 adjuvetur
3391 2984 3586 3052 ;recte
3605 2979 3835 3053 pieque

2093 3097 2134 3152 ρ
2164 3067 2281 3124 vivi
2312 3083 2348 3123 a
2369 3067 2726 3124 mortalibus
2749 3084 2873 3125 non
2899 3074 3117 3143 potest.
3138 3073 3203 3124 Et
3223 3069 3337 3126 hoc
3354 3069 3628 3125 divinum
3645 3068 3837 3124 bene-

2163 3157 2369 3214 ﬁcium
2391 3174 2513 3231 quo
2538 3157 2845 3231 liberatur,
2872 3159 2986 3215 nisi
3005 3175 3140 3216 eam
3157 3159 3530 3233 praeveniret,
3550 3160 3684 3231 jam
3707 3174 3839 3214 me-

2164 3248 2289 3305 ritis
2320 3250 2448 3320 ejus
2475 3248 2739 3319 daretur,
2772 3255 2828 3306 et
2855 3265 2978 3306 non
3006 3256 3159 3306 esset
3189 3251 3398 3320 gratia,
3433 3266 3570 3323 qua:
3617 3249 3836 3322 utique

2166 3339 2349 3410 gratis
2375 3338 2572 3394 datur.
2610 3339 2782 3404 Quod
2807 3339 2869 3394 in
2899 3339 3031 3396 aliis
3062 3339 3369 3413 opusculis
3401 3339 3622 3394 nostris
3683 3338 3836 3394 satis

2166 3429 2418 3500 egimus,
2443 3429 2589 3485 istos
2611 3429 2889 3485 inimicos
2911 3430 3092 3502 hujus
3123 3431 3326 3501 gratiae
3356 3445 3547 3487 novos
3595 3428 3836 3485 haereti-

2166 3536 2268 3576 cos
2298 3519 2631 3576 refellentes
2661 3537 2673 3575 :
2699 3520 2982 3593 quamvis
3001 3525 3056 3577 et
3085 3521 3148 3576 in
3177 3521 3268 3577 his
3289 3521 3478 3592 libris,
3537 3519 3644 3594 qui
3703 3534 3833 3576 non

2167 3614 2374 3666 contra
2395 3609 2526 3666 illos
2548 3610 2818 3675 omnino,
2852 3611 3080 3685 quippe
3109 3611 3191 3667 illi
3210 3611 3485 3668 nondum
3507 3615 3698 3680 erant,
3725 3609 3835 3666 sed

2167 3704 2374 3755 contra
2393 3699 2745 3756 Manichaeos
2773 3700 2976 3773 scripti
3023 3706 3179 3769 sunt,
3206 3701 3280 3757 de
3310 3700 3497 3758 libero
3527 3699 3790 3755 Arbitrio
3817 3716 3830 3764 ;

2165 3803 2290 3844 non
2347 3787 2700 3844 omnimodo
2759 3790 2832 3844 de
2886 3789 3001 3846 ista
3059 3790 3160 3845 Dei
3213 3790 3406 3862 gratia
3449 3789 3830 3856 reticuimus,

2166 3892 2354 3948 quam
2385 3875 2651 3932 nefanda
2675 3877 2977 3950 impietate
3009 3882 3304 3934 conantur
3357 3877 3611 3934 auferre.
3669 3877 3830 3933 Dixi-

2168 3979 2305 4018 mus
2336 3963 2561 4037 quippe
2592 3963 2653 4020 in
2682 3965 2948 4020 secundo
2969 3965 3143 4034 libro,
3175 3981 3299 4022 non
3321 3965 3518 4021 solum
3575 3981 3828 4036 magna,

2169 4054 2277 4109 sed
2306 4054 2484 4110 etiam
2517 4054 2769 4112 minima
2797 4055 2961 4112 bona
2989 4071 3110 4112 non
3149 4072 3328 4130 posse
3383 4072 3532 4124 esse,
3585 4056 3703 4111 nisi
3753 4055 3831 4110 ab

2168 4143 2268 4200 illo
2299 4159 2334 4200 a
2355 4160 2478 4216 quo
2507 4149 2645 4201 sunt
2669 4146 2875 4202 omnia
2903 4146 3089 4214 bona,
3122 4146 3237 4203 hoc
3269 4151 3356 4204 est
3384 4148 3522 4202 Deo.
3553 4149 3616 4201 Et
3643 4146 3832 4219 paulo

2168 4236 2312 4304 post
2343 4250 2356 4287 :
2385 4232 2658 4301 Virtutes,
2683 4249 2956 4307 inquam,
2989 4233 3216 4307 quibus
3247 4240 3405 4291 recte
3435 4234 3676 4304 vivitur,
3707 4249 3832 4290 ma-

2171 4335 2291 4390 gna
2304 4320 2470 4376 bona
2497 4326 2635 4378 sunt
2669 4339 2681 4377 :
2718 4323 2945 4394 species
2972 4328 3173 4378 autem
3193 4322 3600 4396 quorumlibet
3621 4337 3832 4396 corpo-

2169 4426 2326 4479 rum,
2357 4409 2481 4465 sine
2505 4410 2725 4482 quibus
2756 4416 2911 4467 recte
2945 4411 3065 4467 vivi
3104 4416 3320 4484 potest,
3373 4412 3626 4468 minima
3668 4411 3833 4468 bona

2171 4503 2310 4555 sunt
2342 4516 2354 4554 :
2383 4499 2662 4571 potentiae
2689 4516 2831 4556 vero
2861 4501 3068 4571 animi,
3095 4503 3220 4557 sine
3267 4502 3489 4574 quibus
3521 4505 3678 4557 recte
3714 4499 3832 4556 vivi

2167 4603 2291 4643 non
2339 4591 2555 4659 potest,
2599 4588 2800 4645 media
2852 4588 3014 4645 bona
3071 4595 3226 4646 sunt.
3271 4589 3592 4646 Virtutibus
3648 4604 3827 4645 nemo

2167 4676 2322 4731 male
2347 4677 2531 4732 utitur
2560 4694 2574 4744 ;
2607 4677 2830 4732 caeteris
2864 4682 3067 4733 autem
3090 4677 3290 4750 bonis,
3323 4678 3384 4734 id
3409 4682 3500 4734 est
3532 4677 3747 4733 mediis
3774 4681 3828 4733 et

2167 4764 2452 4831 minimis,
2472 4779 2596 4820 non
2621 4764 2819 4820 solum
2847 4765 3023 4836 bene,
3056 4767 3161 4823 sed
3184 4768 3364 4823 etiam
3391 4767 3546 4823 male
3569 4767 3826 4840 quisque

2165 4853 2250 4909 uti
2279 4857 2494 4925 potest.
2528 4856 2594 4909 Et
2623 4853 2758 4909 ideo
2784 4854 2997 4911 virtute
3029 4872 3210 4912 nemo
3239 4857 3396 4913 male
3425 4857 3626 4926 utitur,
3686 4857 3826 4929 quia

2167 4957 2321 5014 opus
2344 4941 2573 4996 virtutis
2595 4945 2683 4998 est
2706 4942 2905 4998 bonus
2936 4960 3082 4999 usus
3106 4944 3377 5012 istorum,
3402 4945 3626 5018 quibus
3649 4945 3826 5000 etiam

2165 5047 2289 5087 non
2315 5030 2470 5087 bene
2499 5031 2582 5086 uti
2611 5048 2940 5104 possumus
2973 5050 2986 5087 :
3015 5049 3196 5090 nemo
3227 5041 3430 5090 autem
3482 5034 3637 5090 bene
3666 5038 3825 5090 uten-

2166 5120 2268 5191 do,
2296 5120 2452 5176 male
2480 5120 2680 5176 utitur.
2715 5122 2908 5186 Quare
2936 5121 3314 5178 abundantia
3370 5127 3428 5179 et
3470 5122 3826 5193 magnitudo

2166 5209 2450 5265 bonitatis
2481 5209 2582 5266 Dei
2601 5225 2724 5266 non
2749 5211 2947 5267 solum
2979 5227 3226 5285 magna,
3257 5212 3365 5268 sed
3388 5211 3571 5268 etiam
3628 5213 3827 5268 media

2167 5304 2224 5355 et
2253 5299 2505 5355 minima
2533 5299 2696 5356 bona
2718 5316 2846 5356 esse
2877 5302 3167 5373 praestitit.
3199 5302 3382 5372 Magis
3405 5302 3719 5358 laudanda
3745 5307 3828 5358 est

2167 5389 2405 5444 bonitas
2439 5389 2568 5459 ejus
2589 5388 2648 5444 in
2676 5390 2913 5460 magnis
2938 5407 3126 5463 quam
3154 5392 3217 5446 in
3248 5391 3480 5462 mediis,
3522 5397 3579 5447 et
3632 5393 3825 5462 magis

2165 5477 2228 5533 in
2253 5477 2469 5534 mediis
2496 5495 2684 5552 quam
2711 5479 2772 5534 in
2812 5479 3078 5536 minimis
3102 5481 3313 5550 bonis;
3366 5481 3472 5537 sed
3527 5484 3724 5552 magis
3767 5483 3825 5537 in

2167 5568 2471 5636 omnibus,
2505 5585 2694 5641 quam
2727 5569 2777 5624 si
2805 5585 2929 5626 non
2954 5571 3161 5627 omnia
3189 5571 3295 5642 [αι.
3331 5571 3615 5627 omnibus
3669 5574 3824 5628 emito

2170 5658 2344 5727 titur]
2374 5657 2659 5713 omnibus
2690 5657 3011 5715 tribuisset.

2235 5750 2302 5802 Et
2323 5747 2439 5804 alio
2463 5747 2596 5805 loco
2630 5751 2752 5803 :Tu
2777 5752 3030 5818 tantum,
3078 5750 3352 5823 inquam,
3402 5750 3686 5824 pietatem
3743 5753 3820 5808 in-
