3936 6374
121 263 270 317 1105

1064 263 1153 319 DE
1192 263 1854 320 PREDESTINATIONE
1893 265 2175 323 CONTRA
2212 269 2259 324 J.
2305 269 2597 326 SCOTUM.

3444 269 3577 321 1106

113 400 491 442 concussam
508 387 664 450 tene,
685 389 746 441 ut
768 386 1003 443 nullum
1025 387 1127 444 tibi
1150 388 1382 444 bonum
1406 387 1502 444 vel
1521 387 1794 444 sentienti
1824 393 1870 446 Α
1915 391 2059 463 quia
2083 396 2138 448 et
2159 393 2317 450 male
2346 392 2446 449 illo
2468 393 2552 448 uti
2581 407 2942 466 possumus;
2974 390 3083 447 sed
3107 393 3309 448 tamen
3331 389 3445 445 tale
3467 393 3576 461 est,

111 473 224 530 vel
247 473 613 544 intelligenti,
637 472 733 529 vel
762 490 1010 548 quoquo
1037 476 1222 532 modo
1253 476 1538 546 cogitanti
1588 492 1796 533 occur-

112 568 239 632 rat,
273 563 440 637 quod
468 579 594 619 non
642 564 715 620 sit
752 580 825 620 ex
856 566 995 622 Deo.
1031 571 1296 640 Itemque
1323 566 1440 624 alio
1469 566 1603 623 loco
1630 566 1792 622 dixi:

115 653 246 711 Sed
273 652 566 727 quoniam
609 669 733 710 non
780 654 931 712 sicut
971 661 1184 729 sponte
1235 656 1419 712 homo
1451 655 1683 722 cecidit,
1713 655 1798 712 ita

113 742 309 799 etiam
338 746 550 815 sponte
591 759 834 814 surgere
881 748 1095 818 potest,
1122 750 1462 818 porrectam
1491 744 1668 800 nobis
1699 743 1798 800 de-

114 847 312 903 super
330 830 639 888 dexteram
663 832 786 898 Dei,
802 833 864 888 id
893 838 981 890 est
1002 834 1238 890 Domini
1267 834 1452 890 nostri
1477 837 1615 890 Jesu
1637 832 1797 890 Chri-

113 919 198 977 sti
230 921 362 992 [al.,
390 920 715 977 Dominum
745 926 1020 980 nostrum
1041 923 1596 1003 Jesun1_Christum]
1618 922 1798 978 ﬁrma

113 1010 250 1067 ﬁde
280 1014 617 1068 teneamus.
653 1015 720 1068 Et
746 1012 809 1068 in
837 1012 991 1070 libro
1021 1030 1102 1078 ιιι,
1135 1030 1275 1070 cum
1306 1014 1595 1070 dixissem
1624 1012 1793 1079 illud,

113 1115 252 1171 quo
281 1101 589 1172 Pelagium
607 1101 682 1157 de
705 1102 855 1159 meis
888 1103 1193 1176 opusculis
1225 1119 1410 1159 usum
1434 1102 1615 1159 fuisse
1637 1117 1798 1158 com-

113 1191 483 1247 memoravi.
502 1191 644 1257 Quis
676 1192 838 1249 enim
864 1197 1075 1266 peccat
1104 1193 1164 1248 in
1197 1209 1266 1250 eo
1288 1193 1456 1266 quod
1481 1192 1647 1249 nullo
1668 1207 1796 1248 mo-

110 1280 201 1336 do
231 1283 433 1338 caveri
453 1286 672 1354 potest.
697 1284 985 1340 Peccatur
1006 1288 1207 1341 autem
1235 1302 1248 1340 :
1279 1284 1476 1340 caveri
1495 1283 1675 1354 igitur
1694 1298 1800 1356 po-

109 1373 237 1426 test
260 1388 273 1426 :
298 1371 587 1427 continuo
613 1375 851 1428 secutus
867 1373 1151 1445 adjunxi:
1185 1375 1466 1430 Ettamen
1487 1373 1667 1429 etiam
1692 1388 1798 1445 per

102 1458 532 1529 ignorantiam
560 1459 719 1520 facta
747 1461 1032 1533 quaedam
1067 1462 1508 1535 improbantur,
1538 1466 1595 1519 et
1623 1461 1800 1519 corri-

106 1547 329 1617 genda
355 1548 725 1620 judicantur,
761 1550 916 1608 sicut
960 1551 1021 1608 in
1074 1551 1293 1608 divinis
1340 1551 1793 1609 auctoritatibus

107 1636 404 1708 legimus.
437 1637 528 1694 Ait
552 1637 716 1694 enim
744 1639 1105 1711 Apostolus:
1146 1641 1623 1697 Misericordiam
1655 1656 1795 1697 con-

1906 484 1972 536 ut
2000 481 2127 537 sine
2157 482 2258 538 illo
2288 487 2444 538 recte
2472 483 2673 538 vivere
2711 497 3111 554 nequeamus.
3146 483 3343 534 Bonus
3374 483 3577 534 autem

1906 586 2052 626 usus
2082 571 2212 642 ejus
2237 572 2365 642 jam
2395 572 2582 628 virtus
2615 575 2720 638 est,
2749 587 2887 643 quae
2918 570 2980 625 in
3013 568 3254 639 magnis
3284 567 3576 641 reperitur

1904 657 2102 728 bonis,
2121 660 2344 733 quibus
2370 661 2527 717 male
2551 660 2633 718 uti
2649 659 2848 716 nullus
2875 662 3090 732 potest.
3111 661 3177 714 Et
3203 657 3349 730 quia
3370 655 3576 713 omnia

1903 747 2090 820 bona,
2121 749 2274 806 sicut
2298 749 2526 806 dictum
2556 753 2668 816 est,
2702 753 2757 805 ct
2785 763 3033 820 magna,
3058 750 3115 803 et
3140 746 3361 814 media,
3386 750 3442 802 et
3467 745 3576 801 mi-

1905 837 2092 906 nima,
2126 854 2199 894 ex
2253 841 2370 894 Deo
2403 843 2562 907 sunt,
2593 838 2862 911 sequitur
2887 842 2952 893 ut
3003 853 3077 892 ex
3124 836 3244 891 Deo
3277 835 3351 891 sit
3391 835 3573 892 etiam

1903 926 2102 983 bonus
2132 944 2279 983 usus
2310 929 2508 985 liberie
2538 928 2882 994 voluntatis,
2915 943 3053 999 quae
3084 926 3271 982 virtus
3291 928 3400 996 cst,
3429 929 3486 981 et
3510 924 3573 981 in

1904 1017 2147 1087 magnis
2194 1022 2549 1074 numeratur
2594 1017 2791 1073 bonis.
2828 1015 3048 1072 Deinde
3092 1015 3319 1070 dictum
3359 1017 3466 1081 est,
3497 1029 3574 1072 ex

1890 1116 2029 1180 qua
2058 1106 2298 1163 miseria
2327 1106 2717 1180 peccantibus
2743 1105 3072 1177 justissime
3101 1104 3327 1160 inﬂicta
3363 1103 3574 1160 liberet

1905 1195 2008 1251 Dei
2038 1196 2249 1266 gratia,
2265 1196 2408 1269 quia
2430 1201 2642 1269 sponte
2667 1196 2873 1262 homo,
2902 1194 2965 1250 id
2986 1199 3073 1250 est
3092 1193 3279 1249 libero
3303 1192 3569 1261 arbitrio,

1905 1285 2119 1342 cadere
2147 1286 2360 1358 potuit,
2395 1301 2518 1341 non
2549 1285 2730 1341 etiam
2761 1300 3024 1354 surgere.
3059 1283 3151 1338 Ad
3181 1298 3368 1355 quam
3399 1282 3573 1337 mise-

1903 1375 2056 1431 riam
2079 1376 2258 1447 justas
2288 1375 2698 1431 damnationis
2716 1374 2972 1447 pertinet
2998 1371 3357 1442 ignorantia,
3390 1374 3447 1426 et
3466 1370 3575 1426 dif-

1904 1464 2141 1521 ﬁcultas
2170 1481 2359 1538 quam
2383 1464 2608 1538 patitur
2632 1462 2832 1520 omnis
2863 1463 3048 1518 homo
3079 1461 3158 1516 ab
3188 1458 3434 1516 exordio
3461 1474 3571 1515 na-

1904 1553 2143 1611 tivitatis
2173 1571 2328 1623 suae;
2356 1570 2467 1610 nec
2498 1554 2576 1610 ab
2608 1553 2722 1609 isto
2753 1552 2915 1608 malo
2946 1551 3293 1624 quisquam,
3326 1548 3441 1604 nisi
3471 1548 3574 1604 Dei

1906 1644 2099 1715 gratia
2125 1644 2448 1701 liberatur:
2479 1659 2668 1716 quam
2694 1641 3003 1699 miseriam
3031 1638 3332 1711 Pelagiani
3359 1637 3575 1695 nolunt

111 1730 362 1782 secutus
392 1741 548 1799 sum,
577 1728 722 1798 quia
751 1727 1041 1798 ignorans
1075 1730 1202 1800 feci
1225 1730 1270 1802 (Ι
1305 1732 1453 1786 Tim.
1485 1746 1530 1802 ι,
1560 1733 1647 1800 13)
1673 1749 1686 1799 ;
1713 1729 1796 1787 ait
1822 1751 1869 1807 Β
1906 1749 1977 1790 ex
2003 1734 2177 1806 juxta
2228 1733 2620 1790 damnatione
2651 1731 3037 1802 descendere,
3067 1732 3359 1800 negantes
3400 1727 3572 1797 origi-

113 1817 174 1870 et
196 1814 533 1887 PrOpheta:
565 1816 802 1873 Delicta
813 1819 1157 1887 juventutis
1185 1825 1238 1876 et
1261 1820 1624 1890 ignorantiae
1653 1834 1796 1876 mea:

112 1918 196 1960 ne
215 1905 558 1961 memineris
585 1907 776 1974 (Psal.
790 1923 955 1972 XXIV,
979 1908 1057 1980 7).
1075 1910 1222 1965 Sunt
1243 1908 1424 1966 etiam
1439 1910 1795 1966 necessitate

114 1991 288 2050 facta
324 1993 752 2066 improbanda,
786 1995 892 2051 ubi
922 1996 1046 2052 vult
1075 1997 1262 2053 homo
1305 2003 1462 2055 recte
1490 1998 1707 2068 facere,
1739 2001 1797 2054 et

112 2097 249 2138 non
283 2085 496 2155 potest.
529 2086 681 2140 Nam
725 2084 886 2141 unde
931 2089 1071 2142 sunt
1093 2085 1208 2142 illae
1236 2102 1446 2144 voces:
1478 2088 1612 2144 Non
1637 2089 1792 2145 enim

113 2171 289 2242 quod
314 2172 448 2228 volo
485 2173 652 2243 facio
683 2173 921 2243 bonum,
953 2175 1058 2231 sed
1085 2175 1246 2246 quod
1287 2176 1387 2232 odi
1425 2178 1653 2234 malum
1685 2177 1796 2234 hoc

113 2277 238 2333 ago
271 2261 465 2334 (Rom.
497 2280 594 2328 vn,
633 2263 737 2336 l5).
789 2267 857 2320 Et
902 2264 1090 2320 illud:
1132 2267 1294 2323 Velle
1340 2267 1580 2337 adjacet
1623 2267 1794 2336 mihi,

107 2353 415 2422 perﬁcere
440 2358 638 2410 autem
668 2353 907 2423 bonum,
944 2370 1066 2411 non
1092 2354 1266 2423 (Ibid.
1289 2372 1348 2411 v.
1374 2356 1483 2427 18).
1510 2359 1577 2413 Et
1605 2356 1754 2412 illud
1779 2375 1792 2414 :

116 2442 285 2499 Caro
335 2445 699 2514 concupiscit
741 2444 1030 2502 adversus
1074 2447 1376 2518 spiritum,
1408 2448 1656 2516 spiritus
1697 2463 1798 2505 au-

117 2538 238 2590 tem
296 2533 584 2590 adversus
641 2549 906 2592 carnem.
958 2536 1110 2592 Htec
1175 2537 1329 2593 enim
1376 2537 1492 2592 sibi
1543 2538 1793 2594 invicem

117 2623 560 2693 adversantur,
583 2628 648 2679 ut
670 2639 792 2680 non
818 2639 886 2681 ea
913 2639 1048 2696 qua:
1077 2625 1261 2681 vultis
1279 2627 1526 2695 faciatis
1549 2627 1706 2699 (Gal.
1732 2644 1794 2695 v,

118 2710 232 2783 l7).
268 2711 387 2767 Sed
414 2711 545 2768 haec
574 2712 781 2768 omnia
809 2713 1130 2770 hominum
1161 2718 1320 2786 sunt,
1353 2731 1428 2771 ex
1455 2715 1556 2773 illa
1583 2717 1794 2774 mortis

115 2799 518 2857 damnatione
546 2801 1099 2859 venientium.Nam
1131 2803 1180 2858 si
1207 2819 1331 2860 non
1360 2807 1448 2861 est
1473 2804 1586 2863 ista
1614 2821 1798 2879 poena

115 2888 414 2957 hominis,
447 2887 556 2944 sed
605 2893 844 2961 natura,
883 2890 1051 2948 nulla
1100 2891 1214 2948 ista
1249 2897 1500 2965 peccata
1547 2899 1704 2950 sunt.
1741 2894 1798 2952 Si

119 2978 290 3035 enim
321 2993 448 3035 non
480 2979 777 3036 receditur
823 2979 902 3036 ab
931 2995 1003 3037 eo
1040 2981 1227 3038 modo
1276 2999 1401 3055 quo
1451 2984 1801 3041 naturaliter

119 3067 324 3166 factus
344 3071 470 3166 est,
498 3067 582 3124 ita
629 3072 712 3166 ut
741 3069 964 3166 melius.
1007 3086 1138 3166 esse
1167 3086 1291 3128 non
1321 3074 1528 3145 possit,
1561 3089 1633 3130 ea
1660 3091 1798 3147 quin
1829 3113 1870 3166 ο

121 3157 308 3214 debet
335 3155 496 3225 facit,
526 3172 668 3213 cum
695 3157 826 3214 haec
854 3157 1013 3215 facit.
1048 3159 1106 3216 Si
1131 3164 1336 3217 autem
1379 3161 1578 3218 bonus
1614 3163 1800 3219 homo

121 3249 303 3311 esset,
335 3244 505 3302 aliter
553 3249 727 3302 esset.
761 3249 926 3303 Nunc
956 3250 1181 3313 autem,
1212 3249 1357 3322 quia
1404 3249 1486 3306 ita
1535 3256 1640 3316 est,
1674 3267 1799 3308 non

123 3339 214 3392 est
241 3335 472 3406 bonus,
496 3351 608 3392 nec
636 3335 821 3394 habet
844 3337 906 3394 in
936 3342 1230 3411 potestate
1254 3345 1320 3396 ut
1337 3340 1537 3397 bonus
1557 3341 1649 3408 sit,
1675 3341 1800 3399 sive

123 3441 251 3482 non
281 3425 544 3482 vivendo
596 3425 795 3500 qualis
825 3442 958 3484 esse
1009 3427 1249 3495 debeat,
1283 3429 1403 3486 sive
1433 3430 1715 3496 vivendo,
1746 3435 1803 3488 et

123 3530 249 3572 non
278 3513 543 3571 valendo
601 3531 733 3572 esse
787 3517 1035 3590 qualem
1083 3518 1301 3575 debere
1341 3537 1471 3577 esse
1521 3537 1585 3577 se
1617 3521 1797 3578 videt.

126 3607 379 3661 Poenam
400 3604 579 3661 istam
600 3620 730 3662 esse
756 3607 894 3679 quis
919 3606 1196 3665 dubitet?
1222 3609 1431 3666 Omnis
1455 3614 1657 3667 autem
1676 3627 1801 3683 poe-

125 3709 206 3750 na
233 3693 282 3748 si
309 3694 481 3765 justa
511 3698 616 3762 est,
633 3695 862 3767 peccati
881 3712 1065 3770 poena
1085 3701 1192 3767 est,
1217 3701 1274 3754 et
1304 3699 1669 3772 supplicium
1689 3715 1798 3756 no-

126 3783 414 3841 minatur.
430 3785 486 3840 Si
515 3789 718 3842 autem
748 3786 973 3858 injusta
1001 3804 1185 3861 poena
1215 3793 1321 3857 est,
1353 3790 1648 3862 quoniam
1670 3806 1799 3863 poe-

128 3887 271 3929 nam
299 3889 431 3930 esse
460 3890 641 3931 nemo
672 3875 926 3946 ambigit
953 3877 1183 3949 injusto
1214 3878 1418 3952 aliquo
1449 3879 1800 3937 dominante

128 3960 365 4018 homini
414 3963 698 4036 imposita
725 3969 831 4021 est.
867 3967 1052 4023 Porro
1079 3967 1224 4040 quia
1252 3968 1328 4023 de
1363 3968 1801 4042 omnipotentia

131 4051 229 4107 Dei
279 4056 340 4109 et
380 4053 610 4124 justitia
665 4055 940 4112 dubitare
984 4056 1279 4113 dementis
1331 4063 1440 4127 est,
1470 4059 1633 4130 justa
1671 4060 1800 4115 haec

129 4155 310 4211 poena
365 4147 476 4211 est,
509 4147 566 4199 et
611 4159 722 4216 pro
775 4149 1024 4217 peccato
1077 4145 1281 4211 aliquo
1334 4147 1634 4219 penditur.
1672 4153 1800 4204 Non

132 4228 288 4286 enim
331 4230 661 4304 quisquam
692 4232 954 4304 injustus
985 4233 1330 4291 dominator
1359 4241 1463 4292 aut
1492 4236 1800 4310 subripere

131 4317 441 4377 hominem
492 4324 685 4395 potuit
722 4324 886 4380 velut
934 4325 1234 4395 ignoranti
1280 4328 1424 4398 Deo,
1457 4331 1561 4384 aut
1609 4331 1801 4384 extor-

133 4423 312 4480 quere
360 4411 567 4481 invito,
619 4417 912 4486 tanquam
954 4413 1316 4486 invalidiori,
1356 4415 1452 4472 vel
1499 4417 1795 4487 terrendo,

135 4497 225 4553 vel
253 4500 700 4571 conturbando,
732 4508 798 4558 ut
835 4503 1144 4560 hominem
1181 4505 1406 4577 injusta
1450 4523 1634 4580 poena
1664 4524 1797 4563 cru-

137 4586 329 4646 ciaret.
373 4589 746 4664 Relinquitur
789 4608 933 4662 ergo
976 4598 1044 4649 ut
1089 4595 1218 4650 haec
1269 4611 1454 4668 poena
1503 4597 1671 4668 justa
1722 4597 1798 4654 de

139 4673 522 4735 damnatione
551 4679 817 4736 hominis
847 4681 1068 4739 veniat.
1105 4686 1171 4739 Et
1200 4682 1318 4739 alio
1363 4683 1528 4740 loco:
1561 4687 1798 4760 Appro-

138 4761 296 4836 bare,
327 4767 604 4841 inquam,
637 4768 788 4826 falsa
834 4787 945 4843 pro
974 4774 1130 4827 veris
1171 4776 1238 4829 ut
1287 4778 1439 4829 erret
1468 4773 1709 4843 invitus,
1743 4777 1801 4832 et

140 4855 441 4913 resistente
475 4861 654 4930 atque
681 4862 996 4932 torquente
1027 4860 1232 4917 dolore
1273 4863 1527 4918 carnalis
1558 4863 1796 4931 vinculi,

142 4953 256 4996 non
286 4945 475 5017 possit
505 4945 635 5017 [al.,
662 4948 861 5020 posse]
893 4963 930 5004 a
957 4947 1290 5004 libidinosis
1339 4951 1622 5022 operibus
1653 4956 1800 5007 tem-

142 5044 363 5105 perare,
393 5050 518 5090 non
549 5041 637 5092 est
665 5041 882 5093 natura
907 5037 1155 5093 instituti
1175 5038 1458 5109 hominis,
1491 5040 1596 5094 sed
1618 5056 1800 5112 poena

145 5118 425 5181 damnati.
457 5128 607 5183 Cum
659 5131 862 5183 autem
921 5127 996 5182 de
1039 5127 1138 5183 illa
1166 5128 1474 5185 voluntate
1511 5136 1668 5186 recte
1717 5130 1803 5187 fa-

147 5207 329 5269 ciendi
353 5214 683 5288 loquimur,
705 5215 780 5272 de
805 5215 906 5272 illa
928 5216 1148 5272 scilicet
1175 5217 1235 5271 in
1257 5231 1380 5289 qua
1406 5217 1590 5274 homo
1608 5217 1800 5274 factus

149 5303 246 5364 est,
275 5301 600 5377 loquimur.

214 5390 352 5450 Ecce
367 5397 489 5450 tam
501 5394 681 5466 longe
695 5399 1021 5468 antequam
1034 5395 1353 5466 Pelagiana
1364 5396 1610 5452 haeresis
1629 5398 1804 5454 exsti-

149 5473 305 5536 tisset
324 5482 406 5538 sic
430 5483 1061 5556 disputavimus,velut
1075 5485 1203 5557 jam
1223 5485 1578 5541 contraillos
1603 5486 1805 5560 dispu-

154 5566 422 5629 taremus.
449 5575 595 5631 Cum
619 5574 779 5630 enim
794 5575 998 5631 omnia
1018 5574 1182 5631 bona
1205 5574 1543 5631 dicerentur
1564 5592 1636 5631 ex
1659 5577 1803 5648 Deo,

155 5652 213 5708 id
229 5664 937 5738 estetmagna,etmedia,
959 5669 1016 5721 et
1037 5664 1317 5733 minima;
1351 5665 1411 5720 in
1440 5665 1656 5721 mediis
1681 5667 1809 5740 qui-

153 5741 281 5803 dem
309 5749 483 5812 bonis
506 5755 808 5813 invenitur
827 5754 1084 5812 liberum
1111 5753 1438 5813 voluntatis
1472 5755 1804 5821 arbitrium,

1904 1822 2040 1880 nale
2069 1827 2420 1896 peccatum;
2453 1822 2734 1896 quamvis
2763 1819 3102 1891 ignorantia
3143 1822 3201 1874 et
3229 1816 3570 1885 difﬁcultas,

1903 1912 2135 1969 etiamsi
2161 1915 2362 1969 essent
2391 1911 2654 1968 hominis
2710 1909 3044 1983 primordia
3091 1905 3428 1974 naturalia;
3459 1921 3574 1961 nec

1904 2001 1990 2058 sic
2013 2001 2372 2075 culpandus,
2406 2001 2512 2057 sed
2540 1999 2888 2057 laudandus
2933 1999 3090 2054 Deus
3120 1999 3297 2065 esset,
3331 1994 3479 2050 sicut
3509 1994 3572 2050 in

1903 2091 2120 2148 eodem
2147 2091 2301 2148 libro
2327 2091 2496 2148 tertio
2525 2087 3018 2163 disputavimus.]

1975 2183 2012 2248 1-
2031 2180 2225 2250 Vides,
2257 2181 2471 2238 doctor
2498 2178 2776 2247 eximius,
2818 2176 3061 2251 quantis
3090 2179 3225 2232 tuas
3260 2189 3572 2249 perversas

1904 2268 2534 2342 interpretatiunculas
2562 2267 2792 2324 viribus
2811 2268 3098 2332 conterat,
3113 2263 3219 2337 qui
3237 2263 3409 2320 toties
3431 2262 3573 2318 libe-

1903 2375 2041 2416 rum
2069 2358 2391 2415 voluntatis
2413 2357 2727 2414 arbitrium
2753 2354 3189 2427 nuncupando,
3218 2357 3573 2424 motumque

1906 2447 2115 2518 animi,
2149 2451 2206 2504 et
2259 2447 2408 2503 nihil
2455 2445 2620 2503 aliud
2665 2443 3032 2508 deﬁniendo,
3077 2442 3195 2499 tuis
3227 2440 3574 2497 differentiis

1905 2538 2060 2594 adeo
2090 2536 2338 2592 veritate
2367 2534 2625 2592 vallatus
2655 2532 2914 2604 obsistit,
2937 2535 3004 2588 ut
3027 2547 3129 2588 eas
3156 2547 3404 2604 prorsus
3424 2527 3575 2585 nihil

1905 2641 2039 2682 esse
2069 2625 2402 2681 conﬁrmet.
2430 2626 2514 2680 Tu
2565 2622 2696 2695 ipse
2725 2636 2972 2694 quoque
3010 2624 3245 2677 tantum
3291 2619 3398 2676 tibi
3427 2633 3572 2675 con-

1906 2713 2124 2772 trarius
2154 2712 2378 2785 existis,
2406 2716 2474 2768 ut
2500 2715 2606 2768 aut
2634 2726 2759 2766 non
2788 2708 3033 2777 videris,
3066 2712 3171 2765 aut
3199 2707 3278 2764 ab
3314 2707 3441 2763 aliis
3468 2706 3574 2762 mi-

1907 2805 2070 2862 nime
2090 2803 2281 2860 videri
2292 2801 2596 2876 putaveris
2621 2804 2672 2856 te
2693 2803 2942 2857 eatenus
2971 2798 3229 2855 liberum
3249 2796 3574 2854 voluntatis

1910 2891 2222 2951 arbitrium
2250 2890 2611 2958 defendisse,
2628 2893 2695 2945 ut
2721 2889 3004 2945 deﬁnires
3031 2887 3285 2945 liberam
3305 2886 3579 2944 volunta-

1909 2988 2030 3040 tem
2059 2981 2413 3039 electionem
2443 2995 2572 3036 esse
2598 2978 2800 3035 liberae
2828 2977 3173 3045 voluntatis,
3197 2981 3254 3034 et
3282 2975 3577 3050 perdidis-

1910 3090 1972 3129 se
2001 3072 2312 3129 hominem
2350 3074 2632 3126 naturam
2664 3084 2860 3136 suam,
2890 3068 2940 3123 si
2967 3067 3224 3122 liberum
3249 3065 3574 3123 voluntatis

1910 3160 2223 3220 arbitrium
2253 3157 2648 3232 perdidisset:
2702 3172 2865 3212 nunc
2911 3159 3134 3223 autem,
3169 3159 3273 3210 aut
3309 3154 3394 3210 tui
3423 3153 3575 3209 obli-

1911 3256 2028 3318 tus,
2061 3253 2165 3306 aut
2209 3249 2475 3319 legentes
2528 3249 2632 3302 tua
2683 3244 2993 3300 ludiﬁcare
3037 3243 3300 3313 molitus,
3341 3245 3577 3298 motum

1914 3338 2102 3396 animi
2148 3355 2185 3395 a
2232 3337 2541 3394 voluntate
2572 3333 2808 3391 conaris
2849 3349 3180 3402 secernere,
3212 3332 3386 3406 quasi
3413 3330 3578 3387 aliud

1909 3429 2100 3503 possit
2141 3443 2278 3484 esse
2327 3425 2547 3483 animae
2602 3423 2831 3480 moveri
2882 3439 3070 3496 quam
3123 3421 3289 3478 velle.
3318 3423 3580 3478 Movetur

1911 3518 2071 3575 enim
2103 3515 2385 3586 volendo,
2417 3513 2940 3588 quemadmodum
2963 3515 3132 3568 Pater
3160 3509 3578 3567 memorabilis

1911 3606 2199 3676 deﬁnivit,
2231 3605 2293 3661 in
2322 3608 2556 3660 tantum
2587 3605 2652 3657 ut
2697 3605 2897 3658 motus
2925 3601 3055 3672 ejus
3084 3615 3476 3674 nequaquam
3507 3597 3581 3655 sit

1910 3695 2074 3752 aliud
2117 3710 2305 3767 quam
2337 3692 2638 3748 voluntas.
2675 3691 2841 3748 Hanc
2867 3690 3047 3747 etiam
3082 3705 3118 3746 a
3143 3690 3398 3746 Domino
3427 3703 3578 3762 pree-

1908 3787 2110 3861 parari
2131 3791 2189 3843 et
2216 3786 2530 3857 Scripturaa
2558 3783 2976 3850 auctoritas,et
3005 3785 3309 3837 tantorum
3338 3783 3579 3835 Patrum

1910 3889 2240 3932 consensus
2286 3873 2591 3930 evidenter
2649 3876 2828 3943 atque
2882 3868 3335 3925 immutabiliter
3381 3866 3575 3930 docet,

1909 3965 2217 4038 praedicat,
2246 3964 2369 4018 imo
2401 3962 2738 4018 conﬁrmat.
2763 3963 2845 4016 Tu
2871 3974 3084 4014 verum
3114 3975 3254 4012 cum
3284 3957 3345 4012 id
3374 3957 3577 4013 hacte-

1909 4071 2024 4111 nus
2054 4053 2393 4124 negaveris,
2428 4056 2608 4124 atque
2640 4054 2704 4107 ut
2729 4049 2812 4106 ita
2840 4048 3095 4104 dixerim
3124 4047 3425 4102 inﬁciatus
3456 4046 3580 4102 fue-

1907 4145 2010 4216 ris,
2055 4159 2218 4199 nova
2266 4141 2690 4198 adinventione
2737 4155 2925 4195 ausus
2983 4154 3046 4194 es
3088 4137 3307 4202 dicere,
3351 4141 3577 4193 motum

1911 4241 2078 4290 tuum
2104 4234 2458 4304 praeparari
2477 4247 2515 4289 a
2538 4233 2808 4302 Domino,
2841 4245 2961 4285 non
2993 4230 3382 4290 voluntatem,
3408 4227 3577 4300 quod

1910 4323 2057 4397 quia
2099 4326 2157 4379 et
2190 4322 2514 4378 adversum
2543 4320 2794 4388 veritati,
2829 4323 2886 4375 et
2929 4318 3296 4375 contrarium
3326 4317 3579 4374 auctori-

1909 4415 2016 4471 tati
2067 4415 2467 4470 monstratum
2522 4414 2627 4478 est,
2663 4411 2989 4482 adjuvante
3035 4407 3287 4464 Domino
3337 4407 3416 4464 ad
3460 4405 3580 4463 alia

1910 4505 2352 4563 calumniarum
2384 4507 2623 4560 tuarum
2656 4515 2915 4570 venena,
2946 4502 3174 4572 quanta
3205 4497 3340 4565 sint,
3372 4497 3578 4553 viden-

1908 4597 1990 4652 da
2020 4601 2424 4652 transeamus.

1981 4685 2134 4740 Dicis
2185 4684 2340 4755 (cap.
2389 4686 2442 4753 8,
2473 4698 2536 4736 η.
2569 4685 2621 4749 5,
2655 4685 2794 4736 sect.
2840 4683 2931 4748 l):
2983 4678 3204 4734 Sancto
3236 4676 3577 4746 Augustino

1906 4774 2206 4831 multoties
2228 4771 2394 4827 nobis
2424 4770 2790 4835 inculcantc,
2823 4767 3197 4838 apertissime
3227 4765 3394 4821 credi
3428 4765 3578 4819 inte-

1907 4863 2086 4920 rioris
2118 4861 2372 4917 hominis
2405 4859 2858 4915 substantz‘alem
2899 4856 3230 4911 trinitatem
3257 4856 3320 4910 in
3352 4855 3444 4911 his
3473 4854 3578 4910 tri-

1909 4953 2033 5019 bus,
2055 4953 2306 5008 essentia
2337 4951 2633 5018 videlicet,
2653 4954 2706 5004 et
2737 4947 3064 5009 voluntate,
3093 4950 3147 5001 et
3178 4946 3425 5002 scientia
3443 4961 3581 5001 con-

1910 5043 2110 5099 tineri.
2144 5045 2207 5096 Et
2251 5045 2392 5113 post
2420 5053 2618 5112 pauca
2663 5041 2819 5106 (cap.
2853 5039 2904 5098 8,
2939 5053 2999 5092 η.
3033 5040 3086 5104 6,
3119 5041 3258 5092 sect.
3287 5037 3379 5108 2):
3428 5039 3578 5093 Hth

1908 5134 2098 5204 igitur
2128 5131 2248 5186 tria
2281 5146 2465 5186 unum
2495 5133 2656 5187 sunt.
2681 5133 2735 5183 et
2766 5142 2890 5183 una
2923 5132 3186 5182 natura:
3221 5133 3345 5182 tota
3366 5127 3578 5183 deinde

1910 5223 2115 5279 anima
2170 5227 2396 5296 natura
2447 5219 2728 5275 voluntas
2781 5223 2887 5285 est,
2941 5221 3050 5273 etc.
3087 5217 3230 5283 Quae
3257 5215 3441 5272 verba
3477 5220 3581 5271 tua.

1911 5326 2098 5384 quam
2157 5309 2273 5364 sint
2324 5306 2780 5364 mendaciorum
2836 5306 3074 5362 nebulis
3136 5305 3411 5374 caligata,
3458 5303 3582 5373 eju—

1916 5400 2088 5455 sdem
2120 5397 2481 5454 sanctissimi
2511 5395 2700 5452 Patris
2740 5395 3058 5465 Augustini
3085 5393 3283 5449 verbis
3329 5391 3579 5461 eluceat,

1912 5488 2018 5563 qui
2069 5488 2130 5544 in
2177 5487 2329 5542 libro
2361 5486 2435 5542 de
2481 5489 2688 5542 sancta
2739 5484 3023 5540 Trinitate
3075 5487 3290 5538 octavo
3321 5481 3445 5553 (lib.
3477 5497 3580 5552 xv,

1922 5597 2054 5649 cap.
2103 5579 2156 5650 3)
2216 5577 2292 5633 ad
2348 5593 2480 5633 eam
2535 5576 2821 5632 veraciter
2872 5578 3173 5646 quantum
3227 5570 3585 5628 mortalibus

1923 5668 2272 5724 conceditur
2324 5665 2834 5736 cognoscendam,
2885 5663 2967 5719 ita
3020 5661 3332 5719 invitando
3390 5661 3585 5731 docet,

1935 5757 2213 5815 docendo
2267 5756 2494 5824 invitat,
2553 5756 2638 5827 [ut
2700 5771 2808 5828 per
2857 5753 3169 5812 veritatem
3231 5768 3369 5826 quas
3419 5751 3592 5810 inte].
