3936 6436
344 329 478 382 H07

1400 321 1456 375 S.
1501 319 1874 375 PRUDENTII
1913 317 2296 374 TRECENSIS
2340 315 2677 374 EPISCOPI.

3652 320 3818 373 “08

339 447 496 508 lecta
523 446 906 520 conspicitur,
922 449 979 501 et
1008 460 1114 517 per
1144 444 1374 500 bonum
1393 458 1756 498 summuma
1777 458 1899 513 quo
1919 445 2006 496 est
2034 444 2080 495 A
2189 441 2224 505 αἲ
2255 442 2400 495 Ecce
2432 443 2514 495 tot
2545 439 2904 496 trinitatibus
2934 438 3227 507 sagaciter
3255 438 3532 509 inventis,
3554 438 3822 495 subtili-

343 552 525 594 omne
546 536 800 603 bonum,
824 539 880 591 et
901 549 1009 607 per
1029 531 1323 604 justitiam
1347 536 1592 606 propter
1610 546 1796 604 quam
1819 530 2006 600 diligi-

344 632 440 686 tur
460 626 700 683 animus
722 625 914 696 justus
930 623 1011 680 ab
1031 623 1235 679 animo
1260 621 1439 678 etiam
1461 621 1738 678 nondum
1754 621 2011 692 justo,ut

346 720 564 776 natura
592 730 717 770 non
749 713 945 770 solum
986 711 1408 784 incorporalis,
1441 727 1652 767 verum
1693 711 1872 766 etiam
1895 709 2006 765 im-

349 802 676 872 mutabilis,
695 802 862 876 quod
891 805 982 858 est
1008 803 1186 870 Deus,
1206 805 1503 873 quantum
1525 799 1654 855 ﬁeri
1679 802 1890 870 potest,
1926 799 2008 853 in-

348 893 729 963 telligeretur,
779 890 1093 958 admonui,
1122 894 1180 944 et
1229 905 1336 961 per
1384 888 1754 954 charitatem,
1785 903 1922 960 qua:
1951 886 2012 942 in

355 982 670 1056 Scripturis
703 980 927 1038 sanctis
950 983 1107 1036 Deus
1136 979 1297 1035 dicta
1325 983 1414 1034 est
1440 980 1478 1049 (l
1507 979 1685 1034 Joan.
1707 994 1782 1045 ιν,
1803 977 1878 1048 8),
1912 992 2013 1049 per

352 1088 541 1146 quam
557 1071 737 1144 coepit
757 1075 1066 1141 utcunque
1083 1069 1262 1125 etiam
1279 1067 1529 1124 Trinitas
1550 1066 2014 1136 intelligentibus

353 1175 668 1234 apparere,
702 1159 854 1215 sicut
903 1162 1045 1214 sunt
1092 1173 1329 1227 amans,
1361 1161 1420 1213 et
1455 1156 1618 1228 quod
1673 1160 1931 1224 amatur,
1959 1159 2017 1210 et

354 1264 547 1309 amor.
580 1253 643 1306 ln
675 1263 861 1319 nono,
889 1247 968 1304 ad
1014 1246 1342 1314 imaginem
1398 1245 1518 1311 Dei,
1550 1244 1716 1318 quod
1747 1249 1804 1300 et
1831 1245 2014 1300 homo

357 1337 693 1396 secundum
741 1341 1028 1402 mentem,
1063 1334 1336 1408 pervenit
1381 1333 1741 1406 disputatio:
1777 1337 1834 1390 et
1857 1333 1915 1389 in
1947 1348 2016 1388 ea

357 1427 643 1501 quendam
683 1426 912 1483 trinitas
943 1425 1263 1490 invenitur,
1297 1423 1356 1479 id
1385 1429 1472 1478 est
1497 1439 1691 1491 mens,
1724 1428 1782 1479 et
1810 1421 2018 1477 notitia

357 1531 484 1589 qua
514 1531 578 1572 se
607 1513 789 1586 novit,
818 1518 1062 1570 etamor
1086 1529 1210 1586 quo
1242 1528 1306 1568 se
1327 1511 1723 1583 notitiamque
1745 1527 1916 1569 suam
1935 1510 2019 1566 di-

357 1603 521 1674 ligit;
554 1607 612 1662 et
639 1604 769 1660 haec
801 1602 911 1659 tria
937 1601 1194 1674 aequalia
1221 1601 1373 1657 inter
1399 1616 1486 1669 se,
1519 1604 1576 1657 et
1620 1599 1798 1656 unius
1825 1604 2016 1656 osten-

360 1691 587 1749 duntur
615 1691 909 1752 essentiae.
941 1692 1005 1747 In
1035 1690 1272 1746 decimo
1311 1691 1427 1746 hoc
1477 1689 1639 1746 idem
1677 1688 2020 1758 diligentius

362 1780 758 1853 subtiliusque
776 1783 1094 1837 tractatum
1115 1785 1222 1842 est,
1243 1783 1424 1850 atque
1447 1778 1526 1833 ad
1549 1777 1608 1834 id
1637 1778 2018 1850 perductum,

361 1871 427 1925 ut
454 1869 818 1926 inveniretur
842 1868 902 1924 in
927 1870 1127 1922 mente
1160 1865 1488 1922 evidentior
1519 1865 1749 1922 trinitas
1779 1865 1929 1935 ejus,
1963 1864 2024 1921 in

358 1957 654 2014 memoria
681 1957 922 2022 scilicet,
949 1961 1008 2012 et
1030 1955 1438 2025 intelligentia,
1464 1960 1521 2011 et
1546 1954 1873 2011 voluntate.
1910 1953 2025 2010 Sed

358 2045 654 2118 quoniam
684 2050 741 2102 et
781 2046 898 2102 hoc
927 2048 1305 2116 compertum
1331 2048 1439 2108 est,
1471 2043 1638 2116 quod
1665 2059 1837 2099 mens
1867 2059 2022 2099 nun-

359 2149 547 2208 quam
566 2150 699 2190 esse
719 2135 801 2190 ita
828 2134 1107 2206 potuerit,
1129 2137 1192 2190 ut
1214 2149 1337 2200 non
1365 2134 1456 2189 sui
1489 2132 1883 2200 meminisset,
1902 2148 2025 2190 non

358 2239 422 2281 se
470 2222 840 2294 intelligeret,
872 2226 930 2280 et
975 2222 1266 2293 diligeret,
1296 2222 1578 2296 quamvis
1621 2238 1744 2278 non
1790 2237 2028 2293 semper

360 2327 424 2369 se
453 2312 773 2384 cogitaret;
836 2328 976 2368 cum
1019 2315 1221 2368 autem
1269 2328 1332 2367 se
1381 2311 1687 2381 cogitaret,
1720 2326 1843 2366 non
1900 2326 1963 2367 se
1991 2327 2028 2366 a

361 2401 780 2474 corporalibus
807 2400 990 2458 rebus
1011 2401 1226 2456 eadem
1255 2401 1612 2472 cogitatione
1634 2400 2023 2458 discerneret:

360 2488 548 2546 dilata
575 2494 663 2548 est
692 2489 766 2545 de
795 2489 1096 2557 Trinitate,
1115 2488 1286 2560 cujus
1312 2488 1442 2544 haec
1465 2489 1669 2557 imago
1692 2496 1799 2552 est,
1825 2489 2025 2560 dispu-

360 2579 540 2648 tatio;
576 2584 640 2634 ut
668 2579 729 2635 in
759 2578 906 2651 ipsis
959 2577 1140 2634 etiam
1192 2576 1607 2649 corporalibus
1639 2577 1780 2632 visis
1811 2577 2029 2632 inveni‘

359 2673 523 2725 retur
548 2668 798 2738 trinitas,
832 2673 887 2724 et
915 2666 1253 2723 distinctius
1302 2666 1364 2722 in
1414 2682 1486 2722 ea
1534 2667 1768 2722 lectoris
1798 2682 2030 2722 exerce-

359 2761 522 2814 retur
548 2757 815 2814 intentio.
853 2760 914 2812 ln
943 2755 1267 2812 undecimo
1293 2771 1435 2824 ergo
1459 2754 1680 2810 electus
1701 2760 1788 2810 est
1816 2771 2030 2810 sensus

360 2845 699 2914 oculorum,
730 2845 794 2900 in
841 2859 965 2917 quo
994 2843 1057 2899 id
1089 2843 1255 2917 quod
1284 2843 1596 2898 inventum
1646 2850 1822 2910 esset,
1850 2845 2025 2900 etiam

360 2933 424 2990 in
455 2935 680 2990 caeteris
705 2939 968 3006 quatuor
988 2932 1266 2989 sensibus
1291 2932 1557 3005 corporis
1578 2936 1634 2988 et
1655 2949 1774 2988 non
1803 2932 2029 2989 dictum

361 3027 567 3096 posset
594 3023 879 3092 agnosci:
938 3027 1118 3095 atque
1169 3023 1252 3079 ita
1303 3021 1607 3078 exterioris
1645 3021 1907 3078 hominis
1943 3024 2029 3079 tri-

363 3111 521 3167 nitas
551 3112 750 3184 primo
781 3112 841 3167 in
883 3110 976 3166 his
1002 3127 1139 3182 qua:
1183 3115 1510 3167 cernuntur
1539 3110 1923 3178 exirinsecus,
1957 3128 2031 3167 ex

363 3215 613 3273 corpore
645 3200 866 3256 scilicet
913 3199 1082 3274 quod
1130 3199 1381 3271 videtur,
1415 3206 1471 3255 et
1499 3199 1696 3256 forma
1722 3217 1859 3272 quae
1890 3202 2030 3257 inde

361 3290 424 3348 in
454 3289 580 3346 acie
629 3290 924 3346 cernentis
974 3288 1360 3361 imprimitur,
1388 3294 1446 3346 et
1490 3294 1815 3362 utrumque
1848 3307 2028 3363 copu-

361 3376 540 3434 lantis
565 3378 896 3436 intentione
923 3377 1268 3446 voluntatis,
1294 3379 1596 3450 apparuit.
1625 3379 1740 3434 Sed
1769 3380 1898 3436 haec
1921 3381 2030 3437 tria

362 3482 489 3524 non
539 3467 694 3524 inter
723 3485 786 3524 se
830 3466 1111 3540 aequalia,
1139 3482 1249 3523 nec
1294 3466 1474 3522 unius
1505 3483 1635 3523 esse
1679 3467 2030 3526 substantias

366 3556 958 3614 claruerunt.Deinde
979 3556 1042 3612 in
1067 3557 1200 3630 ipso
1217 3557 1420 3614 animo
1443 3557 1520 3614 ab
1549 3558 1641 3613 his
1662 3574 1796 3630 quae
1819 3559 2031 3614 extrin-

367 3660 542 3702 secus
571 3661 750 3702 sensa
767 3650 908 3702 sunt
923 3646 1082 3701 velut
1093 3645 1440 3702 introducta
1465 3644 1708 3702 inventa
1731 3652 1817 3702 est
1847 3647 2034 3704 altera

366 3734 620 3798 trinitas,
648 3734 750 3792 ubi
780 3739 1142 3808 apparerent
1155 3734 1372 3790 eadem
1400 3735 1513 3790 tria
1545 3734 1720 3789 unius
1743 3751 1871 3791 esse
1896 3736 2033 3792 sub-

367 3823 599 3881 stantia“:
622 3842 636 3882 :
665 3824 1017 3896 imaginatio
1048 3823 1338 3896 corporis,
1361 3839 1497 3895 quae
1528 3823 1588 3877 in
1611 3825 1902 3880 memoria
1925 3831 2031 3894 est,

369 3916 426 3970 et
452 3912 592 3970 inde
620 3913 965 3971 informatio
996 3928 1136 3968 cum
1185 3911 1260 3968 ad
1296 3927 1432 3968 eam
1461 3911 1703 3967 vertitur
1731 3913 1857 3982 [al.,
1891 3929 2029 3970 con-

367 4002 637 4075 vertitur]
667 4004 824 4061 acies
853 4000 1190 4073 cogitantis,
1224 4005 1279 4057 et
1306 4005 1629 4072 utrumque
1657 4002 1790 4072 conj
1803 4018 2032 4072 ungens

367 4090 617 4150 intentio
648 4092 985 4149 voluntatis.
1022 4090 1133 4148 Sed
1165 4089 1302 4146 ideo
1347 4089 1462 4145 ista
1497 4089 1724 4146 trinitas
1752 4091 1831 4146 ad
1872 4097 2031 4149 exte-

368 4181 589 4238 riorem
641 4181 952 4237 hominem
1001 4183 1238 4252 reperta
1286 4183 1378 4234 est
1419 4178 1734 4251 pertinere,
1767 4180 1910 4252 quia
1958 4181 2034 4236 de

370 4269 726 4342 corporibus
775 4269 942 4326 illata
971 4273 1080 4338 est,
1113 4285 1249 4342 quae
1280 4267 1616 4324 sentiuntur
1642 4269 2029 4327 extrinsecus.

371 4362 436 4415 ln
485 4358 848 4415 duodecimo
891 4357 1292 4415 discernenda
1339 4359 1470 4414 visa
1513 4361 1602 4414 est
1631 4359 1924 4431 sapientia
1955 4360 2033 4416 ab

371 4448 618 4505 scientia
638 4449 770 4520 [al.,
801 4448 1046 4505 scientia
1063 4465 1100 4504 a
1129 4447 1464 4521 sapientia],
1484 4453 1540 4503 et
1561 4447 1622 4503 in
1645 4464 1716 4504 ea
1736 4465 1870 4521 quas
1893 4465 2032 4521 pro-

370 4539 498 4613 prie
547 4538 793 4596 scientia
834 4544 1240 4611 nuncupatur,
1273 4538 1418 4611 quia
1455 4537 1699 4593 inferior
1727 4543 1834 4606 est,
1866 4540 2033 4611 prius

369 4627 654 4702 quaedam
686 4629 778 4684 sui
803 4629 1036 4700 generis
1068 4629 1295 4685 trinitas
1320 4626 1716 4700 inquirenda:
1750 4643 1884 4700 quae
1901 4627 2035 4684 licet

370 4717 450 4776 ad
469 4717 811 4774 interiorem
835 4718 1145 4774 hominem
1166 4719 1296 4789 jam
1322 4716 1636 4790 pertineat,
1659 4715 1934 4771 nondum
1953 4723 2033 4772 ta-

368 4823 511 4866 men
539 4807 744 4877 imago
771 4807 872 4864 Dei
896 4807 991 4863 vel
1019 4805 1384 4880 appellanda
1414 4806 1507 4874 sit,
1535 4804 1629 4860 vel
1655 4806 1949 4877 putanda.
1968 4809 2036 4862 Et

367 4897 484 4956 hoc
513 4897 709 4969 agitur
736 4897 799 4953 in
830 4897 999 4954 tertio
1025 4896 1263 4954 decimo
1302 4911 1410 4968 per
1439 4895 2032 4952 commendationem

368 4985 511 5042 ﬁdei
542 4986 910 5043 Christianas.
947 4991 1009 5042 ln
1050 4989 1266 5058 quarto
1296 4983 1532 5040 decimo
1583 4989 1785 5039 autem
1835 4984 1909 5039 de
1940 4999 2032 5041 sa-

369 5073 595 5147 pientia
643 5075 906 5130 hominis
937 5090 1098 5145 vera,
1130 5073 1191 5129 id
1241 5077 1332 5129 est
1387 5072 1487 5128 Dei
1537 5087 1785 5127 munere
1815 5072 1878 5127 in
1903 5072 2032 5144 ejus

368 5163 561 5236 ipsius
610 5164 713 5219 Dei
760 5163 1213 5237 participatione
1243 5162 1468 5220 donato
1501 5162 1631 5234 [al.,
1665 5160 1740 5216 de
1777 5177 2032 5218 munere

370 5253 501 5326 ejus
527 5251 590 5308 in
631 5253 824 5326 ipsius
872 5252 973 5309 Dei
1003 5251 1461 5324 participatione
1487 5251 1757 5321 donata],
1789 5266 1924 5322 quas
1951 5249 2031 5308 ab

371 5343 616 5400 scientia
640 5341 918 5399 distincta
946 5346 1054 5411 est,
1082 5341 1449 5415 disputatur;
1475 5345 1532 5396 et
1557 5357 1628 5396 eo
1657 5340 1926 5414 pervenit
1945 5339 2032 5396 di-

369 5431 653 5505 sputatio,
681 5435 746 5488 ut
765 5430 994 5488 trinitas
1025 5434 1314 5504 appareat
1337 5430 1400 5486 in
1426 5429 1691 5502 imagine
1724 5428 1845 5496 Dei,
1865 5426 2033 5500 quod

370 5526 458 5576 est
492 5521 677 5575 homo
730 5517 1062 5574 secundum
1119 5523 1406 5585 mentem,
1437 5533 1571 5588 quae
1619 5519 1940 5573 renovatur
1968 5514 2031 5570 in

369 5608 671 5678 agnitione
706 5608 802 5663 Dei
836 5609 1165 5664 secundum
1213 5606 1540 5677 imaginem
1581 5607 1708 5676 ejus
1740 5604 1843 5676 qui
1873 5618 2032 5661 crea-

369 5697 452 5752 vit
501 5698 812 5752 hominem
857 5697 934 5753 ad
985 5697 1315 5768 imaginem
1369 5711 1567 5766 suam,
1617 5702 1674 5751 et
1714 5696 1798 5748 sic
1847 5692 2033 5765 perci-

369 5781 457 5858 pit
480 5782 835 5854 sapientiam
879 5784 982 5842 ubi
1032 5783 1458 5856 contemplatio
1510 5789 1600 5840 est
1646 5787 2028 5853 aeternorum,

2054 1795 2094 1850 Β

2064 4506 2107 4560 D

2123 534 2204 584 ter
2228 529 2621 602 pertractatis.
2645 545 2717 585 ea
2750 528 3033 584 nimirum
3061 527 3468 600 profunditate
3490 528 3819 584 inventio-

2119 635 2289 688 num,
2323 625 2386 674 ut
2414 619 2655 674 nonnisi
2701 617 3108 689 capacissimis
3140 618 3330 687 gratia
3369 619 3618 691 superni
3657 636 3814 675 mu-

2120 709 2280 765 neris
2322 709 2672 765 infundente
2705 709 3023 780 perspicua
3055 708 3191 774 sint,
3225 724 3532 781 nusquam
3573 709 3818 766 anima

2121 797 2277 854 dicta
2295 803 2455 868 sunt,
2474 814 2777 871 nusquam
2791 799 3007 854 animae
3034 799 3297 854 essentia
3317 797 3664 870 appellatae.
3687 800 3813 854 sed

2121 888 2183 944 in
2216 905 2279 943 se
2323 905 2701 961 quaecunque
2734 889 3022 944 trinitates
3055 887 3307 942 inventae
3339 891 3477 943 sunt
3506 904 3678 943 unus
3709 905 3815 944 es-

2102 977 2346 1047 .sentite,
2376 977 2818 1050 qualiscunque
2850 979 2980 1050 ipsa
3003 976 3259 1032 essentia
3293 976 3385 1042 sit,
3406 977 3701 1032 exsistere
3716 977 3814 1032 di-

2125 1071 2430 1139 sputatum
2454 1072 2633 1139 atque
2650 1071 3076 1139 pertractatum
3107 1070 3212 1121 est.
3239 1068 3378 1120 Esse
3397 1071 3596 1121 autem
3634 1082 3720 1122 ea
3743 1067 3809 1122 in

2127 1155 2350 1223 anima,
2385 1171 2505 1210 non
2537 1172 2680 1210 vero
2712 1155 3113 1211 substantiam
3146 1153 3384 1222 animae,
3414 1159 3470 1210 et
3498 1155 3636 1227 ipsa
3669 1157 3812 1211 tan-

2127 1249 2323 1300 torum
2375 1243 2668 1299 librorum
2709 1244 3072 1299 effusissima
3119 1242 3447 1316 disputatio
3476 1244 3809 1317 perdocet,

2126 1349 2235 1388 nec
2264 1333 2558 1388 ullatenus
2578 1333 2729 1389 ratio
2746 1332 3079 1388 dissuadet.
3103 1331 3277 1397 Quod
3301 1336 3505 1387 tamen
3527 1332 3588 1388 id
3607 1333 3811 1388 etiam

2127 1422 2590 1494 simplicioribus
2639 1422 2924 1495 liquidius
2972 1425 3194 1491 i‘iateat,
3227 1421 3498 1491 ejusdem
3553 1437 3809 1477 memo-

2128 1512 2299 1568 randi
2321 1517 2378 1567 et
2397 1512 2807 1568 memorabilis
2822 1511 3134 1581 Augustini
3162 1510 3518 1566 sententiam
3539 1527 3615 1566 ex
3637 1511 3810 1567 libro

2129 1600 2399 1670 ejusdem
2451 1602 2646 1673 operis
2705 1600 3059 1673 praeferendi
3089 1600 3300 1671 quinto
3330 1599 3565 1656 decimo
3594 1616 3809 1673 pona-

2132 1707 2288 1758 mus,
2320 1706 2442 1762 qua
2501 1690 2744 1747 easdem
2801 1691 3090 1745 trinitates
3138 1690 3216 1746 ab
3257 1689 3514 1745 essentia
3567 1689 3806 1746 animm

2133 1780 2421 1836 veraciter
2466 1780 2878 1851 subtiliterque
2932 1779 3202 1848 secernit,
3235 1794 3371 1850 quae
3404 1780 3485 1836 ita
3515 1795 3577 1836 se
3608 1779 3808 1835 habet

2133 1869 2243 1940 (De
2277 1869 2439 1924 Trin.
2467 1869 2570 1924 lib.
2602 1883 2701 1936 xv,
2735 1883 2865 1937 cap.
2899 1872 2949 1933 6,
2983 1868 3057 1936 7).
3091 1869 3106 1937 ί
3121 1870 3285 1932 Ecce,
3315 1866 3616 1940 inquiens,
3651 1883 3806 1938 ergo

2135 1957 2384 2020 trinitas,
2419 1957 2711 2029 sapientia
2743 1957 2982 2025 scilicet,
3015 1962 3071 2012 et
3091 1956 3299 2013 notitia
3329 1957 3439 2026 sui,
3469 1962 3524 2013 et
3553 1957 3804 2012 dilectio

2136 2047 2266 2103 sui:
2300 2046 2382 2102 sic
2425 2047 2582 2102 enim
2615 2051 2672 2102 et
2699 2047 2760 2101 in
2791 2047 3034 2102 homine
3065 2045 3406 2102 invenimus
3446 2045 3801 2114 trinitatem,

2135 2135 2197 2191 id
2222 2138 2309 2191 est
2336 2139 2620 2204 mentem,
2657 2139 2713 2190 et
2745 2134 3038 2196 notitiam,
3069 2149 3193 2206 qua
3245 2150 3306 2190 se
3349 2135 3535 2201 novit,
3567 2138 3626 2190 et
3657 2134 3806 2189 dile-

2136 2224 2417 2293 ctionem,
2449 2240 2572 2297 qua
2605 2240 2668 2279 se
2698 2223 2908 2294 diligit.
2945 2223 3060 2279 Sed
3109 2225 3238 2278 haec
3285 2223 3395 2280 tria
3442 2224 3521 2279 ita
3564 2229 3708 2279 sunt
3739 2224 3802 2279 in

2136 2314 2402 2383 homine,
2438 2317 2502 2370 ut
2528 2329 2650 2369 non
2695 2313 2826 2385 ipsa
2871 2314 2986 2369 sint
3013 2313 3227 2369 homo:
3260 2313 3446 2369 homo
3494 2317 3582 2370 est
3609 2313 3798 2379 enim,

2139 2403 2291 2459 sicut
2310 2407 2535 2458 veteres
2562 2402 2938 2472 deﬁnierunt,
2964 2402 3186 2458 animal
3209 2401 3496 2458 rationale
3516 2402 3798 2458 mortale.

2144 2492 2242 2548 Illa
2263 2507 2404 2561 ergo
2430 2491 2727 2547 excellunt
2755 2491 2814 2546 in
2837 2492 3103 2555 homine,
3122 2505 3242 2546 non
3266 2491 3395 2563 ipsa
3428 2496 3566 2547 sunt
3583 2491 3799 2555 homo,

2139 2587 2195 2638 et
2221 2597 2342 2638 una
2363 2597 2646 2653 persona,
2678 2580 2739 2636 id
2766 2586 2853 2636 est
2881 2580 3152 2648 singulus
3178 2580 3434 2653 quisque
3459 2580 3668 2643 homo,
3687 2581 3800 2636 ha-

2140 2669 2238 2725 bet
2269 2669 2368 2724 illa
2414 2669 2524 2725 tria
2574 2669 2636 2724 in
2675 2674 2892 2724 mente.
2928 2667 3099 2733 Quod
3131 2668 3180 2723 si
3210 2667 3389 2724 etiam
3432 2667 3798 2723 detiniamus

2139 2759 2470 2828 hominem,
2505 2765 2567 2814 ut
2593 2759 2888 2823 dicamus,
2916 2759 3100 2814 homo
3130 2761 3219 2814 est
3248 2756 3581 2813 substantia
3619 2757 3799 2814 ratio-

2141 2848 2293 2904 nalis
2319 2853 2601 2904 constans
2650 2864 2716 2902 ex
2771 2847 2974 2902 anima
3023 2852 3079 2902 et
3108 2862 3378 2919 corpore,
3406 2862 3527 2901 non
3559 2850 3649 2902 est
3681 2845 3794 2900 du-

2141 2939 2309 2993 bium
2340 2937 2648 2994 hominem
2693 2937 2914 2992 habere
2945 2937 3212 2992 animam
3239 2951 3376 3008 quae
3406 2952 3526 2991 non
3553 2941 3642 2991 est
3669 2950 3794 2992 cor-

2141 3043 2275 3100 pus,
2308 3026 2529 3083 habere
2560 3042 2780 3098 corpus
2810 3025 2972 3097 quod
3008 3041 3128 3080 non
3183 3030 3269 3080 est
3313 3025 3536 3080 anima.
3565 3029 3645 3079 Ac
3688 3038 3796 3096 per

2140 3116 2254 3171 hoc
2298 3115 2398 3171 illa
2455 3115 2562 3171 tria
2614 3130 2737 3170 non
2788 3116 2969 3169 homo
3002 3119 3162 3179 sunt,
3196 3113 3300 3168 sed
3341 3112 3602 3168 hominis
3633 3117 3792 3178 sunt,

2141 3204 2235 3260 vel
2262 3204 2321 3261 in
2352 3203 2596 3260 homine
2629 3207 2786 3258 sunt.
2815 3205 3084 3258 Detracto
3107 3202 3287 3258 etiam
3317 3217 3585 3274 corpore,
3605 3200 3652 3256 si
3668 3200 3796 3257 sola

2141 3293 2347 3350 anima
2377 3293 2685 3361 cogitetur,
2715 3291 2943 3363 aliquid
2980 3294 3109 3361 ejus
3155 3295 3242 3347 est
3283 3306 3472 3353 mens,
3507 3293 3794 3362 tanquam

2140 3386 2323 3454 caput
2352 3382 2502 3453 ejus,
2538 3381 2630 3437 vel
2667 3381 2878 3437 oculus
2922 3380 3008 3435 vel
3057 3379 3258 3444 facies,
3295 3380 3398 3435 sed
3425 3395 3548 3435 non
3576 3380 3704 3435 hteo
3735 3385 3796 3435 ut

2139 3487 2395 3543 corpora
2448 3471 2770 3540 cogitanda
2826 3475 2982 3525 sunt.
3025 3472 3151 3525 Non
3208 3469 3389 3540 igitur
3436 3469 3658 3533 anima,
3690 3467 3792 3523 sed

2140 3561 2306 3632 quod
2355 3561 2586 3617 excellit
2623 3560 2684 3615 in
2738 3560 2963 3625 anima,
3001 3575 3168 3614 mens
3217 3563 3484 3615 vocatur.
3519 3557 3794 3630 Nunquid

2143 3655 2343 3706 autem
2373 3666 2700 3722 possumus
2731 3649 2926 3704 dicere
2975 3649 3297 3704 trinitatem
3330 3649 3413 3703 sic
3438 3663 3565 3704 esse
3591 3647 3649 3702 in
3679 3650 3792 3703 Deo

2141 3745 2208 3796 ut
2255 3739 2484 3811 aliquid
2531 3738 2630 3794 Dei
2681 3740 2774 3804 sit,
2807 3754 2915 3793 nec
2969 3737 3095 3810 ipse
3143 3737 3274 3809 [αι.,
3309 3739 3457 3810 ipsa]
3489 3737 3563 3792 sit
3597 3737 3793 3792 Deus?

2143 3831 2516 3900 Quapropter
2566 3827 2838 3896 singulus
2885 3826 3146 3900 quisque
3184 3827 3390 3895 homo,
3423 3827 3528 3898 qui
3556 3841 3676 3882 non
3706 3840 3790 3880 se-

2143 3915 2411 3971 cundum
2461 3915 2666 3971 omnia
2692 3931 2825 3986 quae
2856 3915 2935 3971 ad
2981 3919 3261 3970 naturam
3307 3915 3603 3985 pertinent
3645 3915 3787 3985 ejus,

2144 4005 2248 4060 sed
2282 4004 2617 4059 secundum
2647 4003 2838 4060 solam
2873 4008 3135 4058 mentem
3188 4003 3390 4072 imago
3423 4004 3523 4058 Dei
3561 4002 3786 4069 dicitur,

2147 4110 2266 4149 una
2291 4109 2551 4166 persona
2579 4097 2684 4154 est,
2715 4097 2769 4149 et
2808 4093 3011 4161 imago
3056 4095 3148 4148 est
3187 4091 3461 4147 trinitatis
3487 4091 3549 4147 in
3578 4095 3786 4147 mente.

2143 4183 2391 4240 Trinitas
2417 4197 2558 4238 vero
2583 4181 2704 4250 illa,
2737 4182 2911 4252 cujus
2965 4181 3166 4250 imago
3209 4184 3319 4250 est,
3351 4179 3499 4236 nihil
3526 4178 3684 4236 aliud
3709 4185 3791 4234 est

2145 4276 2266 4328 tota
2294 4287 2480 4343 quam
2517 4273 2687 4337 Deus,
2721 4269 2869 4325 nihil
2916 4269 3078 4326 aliud
3129 4273 3221 4324 est
3258 4272 3382 4324 tota
3412 4284 3597 4341 quam
3621 4267 3788 4323 Trini-

2145 4366 2260 4416 tas.
2291 4363 2403 4415 Nec
2434 4358 2661 4431 aliquid
2683 4359 2760 4415 ad
2791 4362 3068 4414 naturam
3105 4358 3202 4414 Dei
3234 4357 3506 4430 pertinet,
3537 4355 3694 4428 quod
3714 4354 3787 4411 ad

2146 4449 2310 4506 illam
2365 4464 2487 4504 non
2537 4448 2826 4519 pertineat
2871 4448 3226 4504 trinitatem:
3277 4451 3334 4502 et
3383 4439 3497 4502 tres
3528 4460 3785 4518 personae

2148 4544 2287 4595 sunt
2333 4539 2508 4594 unius
2555 4538 2846 4605 essentiae,
2881 4553 3001 4593 non
3034 4537 3185 4592 sicut
3223 4536 3494 4606 singulus
3545 4533 3784 4606 quisque

2145 4628 2330 4684 homo
2359 4643 2478 4683 una
2510 4643 2788 4700 persona.
2809 4631 3068 4698 Itemque
3096 4626 3158 4682 in
3183 4627 3298 4682 hoc
3329 4641 3552 4696 magna
3581 4624 3786 4681 distan-

2145 4718 2223 4773 tia
2249 4722 2355 4785 est,
2389 4716 2553 4789 quod
2583 4717 2707 4772 sive
2737 4723 2997 4771 mentem
3027 4715 3302 4771 dicamus
3332 4714 3635 4771 hominem
3659 4715 3780 4785 [al.,

2142 4807 2203 4863 in
2251 4805 2518 4875 homine]
2556 4806 2804 4876 ejusque
2839 4805 3106 4859 notitiam
3147 4809 3203 4859 et
3248 4803 3642 4869 dilectionem,
3667 4802 3780 4858 sive

2141 4893 2520 4955 memoriam,
2554 4891 3025 4962 intelligentiam,
3049 4891 3437 4955 voluntatem,
3469 4889 3611 4945 nihil
3631 4905 3780 4945 men-

2136 4981 2214 5037 tis
2261 4979 2648 5036 meminimus
2696 4981 2804 5034 nisi
2838 4996 2945 5052 per
2981 4979 3354 5046 memoriam,
3383 4995 3493 5035 nec
3523 4977 3777 5046 intelligi-

2143 5086 2278 5125 mus
2322 5069 2435 5123 nisi
2463 5085 2570 5142 per
2593 5068 3064 5138 intelligentiam,
3100 5085 3209 5124 nec
3240 5084 3519 5123 amamus
3549 5065 3655 5122 nisi
3683 5082 3777 5138 per

2142 5158 2530 5214 voluntatem.
2565 5161 2636 5212 At
2679 5173 2820 5211 vero
2863 5157 2924 5212 in
2972 5156 3075 5213 illa
3103 5156 3380 5212 Trinitate
3407 5155 3540 5227 quis
3580 5153 3779 5210 audeat

2141 5246 2338 5302 dicere
2367 5247 2620 5311 Patrem,
2651 5260 2761 5301 nec
2789 5261 2850 5300 se
2882 5246 3105 5316 ipsum,
3134 5261 3244 5300 nee
3277 5244 3506 5310 Filium,
3539 5259 3640 5298 nec
3668 5242 3779 5315 Spi-

2141 5335 2320 5390 ritum
2354 5339 2630 5389 sanctum
2660 5333 2981 5401 intelligere
3007 5332 3120 5387 nisi
3151 5347 3258 5404 per
3293 5331 3522 5401 Filium,
3559 5330 3641 5386 vel
3662 5330 3775 5387 dili-

2141 5438 2278 5493 gere
2307 5422 2420 5476 nisi
2446 5437 2550 5494 per
2570 5422 2851 5493 Spiritum
2881 5428 3156 5477 sanctum
3187 5439 3198 5478 :
3233 5437 3340 5494 per
3371 5436 3432 5476 se
3463 5425 3654 5477 autem
3672 5434 3776 5476 me-

2143 5512 2386 5567 minisse
2418 5511 2859 5566 tandummodo
2887 5510 2976 5565 vel
3007 5511 3118 5579 sui,
3144 5510 3234 5564 vel
3261 5509 3400 5574 Filii,
3425 5508 3516 5565 vel
3552 5508 3772 5579 Spiritus

2145 5602 2376 5671 sancti.]

2215 5695 2248 5757 1’
2272 5694 2336 5746 Et
2364 5696 2576 5747 caetera
2606 5707 2740 5762 quis
2768 5690 2841 5745 de
2872 5688 3582 5762 incomprehensibilitate
3612 5692 3768 5744 tanta:

2142 5779 2472 5852 majestatis
2496 5777 2918 5838 subtilissimus
2941 5777 3276 5850 disputator
3301 5780 3358 5834 et
3376 5773 3767 5838 veracissimus
