3936 6406
151 283 306 337 1109

1095 280 1185 333 DE
1224 264 1895 335 PB/EDESTITATIONE
1934 261 2211 319 CONTRA
2247 261 2298 317 J.
2345 257 2636 317 SCOTUM.

3461 244 3597 303 1110

147 405 561 476 pertractator
621 401 864 475 copiose
914 402 1211 458 disseruit.
1253 402 1395 457 Item
1447 402 1586 473 post
1636 390 1826 450 multa
1856 392 1904 447 Α
1941 376 2827 476 intelligentiam,amplectitur
2869 369 3595 476 perdilectionemz‘prp-

147 509 306 549 cum
333 493 409 548 de
449 492 695 548 scientia
725 492 825 547 Dei
856 492 1175 548 dissereret
1202 493 1406 561 (Μήτι,
1438 506 1572 559 cap.
1610 488 1717 554 13).

229 582 563 655 [Scriptum
615 586 722 651 est,
772 582 987 654 inquit,
1036 581 1097 638 in
1152 582 1306 637 libro
1367 576 1823 637 Ecclesiastico:

144 672 504 743 Antequam
545 676 919 737 crearentur,
954 672 1155 728 omnia
1201 677 1345 727 nota
1388 676 1527 725 sunt
1578 667 1694 729 illi,
1744 666 1830 722 sic

146 764 207 816 et
232 764 559 832 postquam
587 766 998 817 consummata
1013 767 1153 817 sunt
1180 760 1382 827 (Eccti.
1404 755 1825 826 xxm,29).Sic,

145 848 380 920 inquit,
402 864 525 905 non
558 849 746 915 aliter,
766 854 823 905 et
847 856 1167 922 antequam
1197 854 1570 906 crearentur.
1593 852 1647 903 et
1666 850 1826 914 post-

146 953 347 1008 quam
396 944 810 995 consummata
862 944 1022 1003 sunt,
1054 940 1139 995 sic
1165 940 1220 996 ei
1248 945 1391 994 nota
1436 942 1596 994 sunt.
1630 938 1825 1003 Longe

148 1032 249 1082 est
280 1027 462 1097 igitur
493 1027 633 1083 huic
664 1028 922 1083 scientim
978 1028 1225 1084 scientia
1263 1034 1467 1083 nostra
1494 1024 1822 1081 dissimilis.

148 1116 304 1176 Quae
334 1121 538 1172 autem
572 1116 818 1173 scientia
853 1118 950 1172 Dei
1001 1120 1110 1185 est,
1138 1117 1269 1189 ipsa
1313 1121 1369 1171 et
1423 1113 1746 1187 sapientia;
1771 1118 1829 1168 et

146 1219 301 1275 quae
335 1204 650 1277 sapientia,
688 1205 825 1277 ipsa
853 1205 1111 1262 essentia
1139 1205 1261 1261 sive
1292 1204 1647 1261 substantia.
1679 1203 1828 1267 Quia

146 1292 216 1347 in
250 1292 414 1348 illius
444 1298 674 1348 naturae
702 1293 1079 1366 simplicitate
1108 1294 1362 1350 mirabili
1400 1308 1521 1349 non
1548 1297 1639 1348 est
1664 1290 1825 1349 aliud

144 1396 403 1453 sapere,
434 1381 601 1437 aliud
629 1398 796 1448 esse;
830 1382 933 1438 sed
985 1382 1152 1455 quod
1193 1387 1281 1438 est
1327 1398 1556 1455 sapere,
1588 1381 1703 1438 hoc
1742 1385 1829 1436 est

143 1474 212 1525 et
248 1485 404 1537 esse,
439 1470 591 1526 sicut
619 1476 676 1526 et
704 1471 763 1526 in
816 1471 1227 1544 superioribus
1272 1471 1438 1528 libris
1494 1486 1653 1544 smpe
1697 1471 1826 1541 jam

145 1558 452 1614 diximus.
487 1562 695 1616 Nostra
740 1575 883 1616 vero
924 1560 1168 1618 scientia
1219 1561 1276 1617 in
1322 1561 1504 1617 rebus
1554 1559 1827 1633 plurimis

148 1653 486 1721 propterea
542 1654 599 1705 et
654 1650 995 1706 amissibilis
1043 1655 1134 1707 est
1176 1656 1232 1708 et
1273 1648 1652 1723 receptibilis,
1680 1649 1825 1722 quia

1940 475 2092 531 fecto
2134 474 2353 547 reperit
2395 472 2551 528 illius
2609 483 2864 524 summae
2914 460 3208 521 Trinitatis
3242 457 3592 547 imaginem.

1938 567 2013 621 At
2042 544 2228 638 quam
2260 578 2567 619 summam
2592 557 2936 617 Trinitatem
2965 547 3492 615 reminiscendam,
3515 544 3597 603 vi-

1939 651 2225 720 dendam,
2249 651 2637 721 diligendam,
2668 650 2731 702 ut
2761 660 2897 701 eam
2921 640 3269 700 recordetur
3288 653 3427 695 eam
3456 650 3597 692 con-

1939 740 2277 813 templetur,
2299 756 2372 795 ea
2396 737 2738 805 delectetur,
2762 737 2955 792 totum
2978 729 3158 785 debet
3183 724 3401 783 referre
3428 721 3595 813 quod

1936 809 2097 885 vivit.
2131 828 2353 884 Verum
2384 842 2459 882 ne
2488 827 2645 881 hanc
2674 819 3002 891 imaginem
3032 816 3110 873 ab
3153 813 3367 871 eadem
3408 809 3594 870 Trini-

1936 923 2053 974 tate
2079 918 2322 987 factam,
2351 919 2408 971 et
2433 930 2543 971 suo
2572 913 2711 969 vitio
2740 911 2802 967 in
2831 908 3091 966 deterius
3133 904 3593 969 commutatam,

1935 1008 2015 1062 ita
2041 1006 2236 1063 eidem
2267 1006 2577 1077 comparet
2604 998 2887 1067 Trinitati,
2921 1000 2987 1053 ut
3012 992 3368 1052 omnimodo
3393 990 3592 1048 existi-

1936 1103 2057 1154 met
2087 1095 2345 1151 similem
2373 1113 2386 1162 ;
2412 1093 2518 1148 sed
2547 1091 2748 1165 potius
2774 1088 2836 1144 in
2867 1084 3274 1159 qualicunque
3298 1081 3412 1137 ista
3436 1078 3596 1136 simi-

1931 1187 2181 1245 litudine
2207 1198 2499 1255 magnam
2519 1196 2765 1254 quoque
2795 1171 3341 1233 dissimilitudinem
3366 1172 3591 1238 cernat,

1932 1280 2230 1350 quantum
2280 1272 2426 1330 satis
2480 1286 2612 1326 esse
2661 1266 3001 1333 videbatur,
3049 1258 3390 1350 admonui.]
3525 1258 3595 1316 Et

1934 1344 2125 1422 multa
2180 1362 2319 1432 alia,
2351 1359 2573 1433 quibus
2628 1356 2839 1412 doctor
2886 1348 3316 1407 subtilissimus
3375 1344 3591 1402 eadem

1932 1453 2260 1529 prudenter
2310 1448 2672 1521 exsequitur,
2712 1460 2848 1515 quae
2887 1440 2968 1497 ob
3015 1438 3106 1495 sui
3153 1433 3591 1507 longitudinem

1931 1546 2191 1602 inserere
2220 1542 2359 1597 huic
2388 1537 2557 1613 operi
2582 1535 2945 1592 devitamus.

2005 1635 2182 1705 Quid,
2210 1649 2246 1691 o
2275 1611 2604 1697 dialectice,
2634 1624 2828 1682 facis?
2862 1616 3264 1678 Calumniaris
3314 1611 3591 1672 beatissi-

144 1707 300 1792 ξιοῐ]⁵
336 1738 449 1792 hoc
491 1744 578 1793 est
634 1738 810 1794 nobis
850 1754 984 1796 esse
1028 1739 1195 1813 quod
1243 1707 1511 1795 scire‘vel
1555 1707 1765 1811 sapere
1806 1755 1820 1793 :
1854 1752 1895 1807 Β
1932 1742 2101 1784 mum
2132 1722 2539 1813 Augllstmum
2564 1715 2787 1813 (Px-isse
2818 1710 3035 1813 saepiuf
3055 1707 3590 1813 quainmfﬁ‘fuf'

146 1826 452 1898 quoniam
475 1841 605 1883 esse
621 1843 967 1900 possumus,
987 1829 1216 1886 etiamsi
1237 1829 1602 1896 nesciamus,
1628 1843 1823 1900 neque

146 1915 472 1987 sapiamus
504 1931 576 1971 ea
613 1931 752 1989 quae
782 1917 1026 1973 aliunde
1047 1918 1386 1975 didicimus.
1412 1921 1656 1989 Propter
1684 1916 1820 1979 hoc,

149 2003 315 2061 sicut
334 2008 542 2061 nostra
561 2004 813 2063 scientia
834 2005 915 2062 illi
938 2006 1196 2063 scientiae
1218 2007 1340 2075 Dei,
1364 2006 1449 2062 sic
1474 2010 1530 2061 et
1547 2008 1823 2061 nostrum

150 2092 414 2149 verbum
436 2093 604 2167 quod
630 2094 901 2151 nascitur
921 2095 997 2151 de
1022 2100 1230 2152 nostra
1251 2094 1516 2159 scientia,
1535 2091 1823 2150 dissimile

154 2184 253 2238 est
281 2181 365 2238 illi
393 2182 590 2238 Verbo
622 2183 725 2239 Dei
751 2183 921 2255 quod
950 2187 1162 2240 natum
1188 2190 1277 2240 est
1300 2184 1376 2240 de
1409 2185 1593 2240 Patris
1622 2197 1822 2239 essen-

154 2270 262 2327 tia.
295 2270 441 2328 Tale
473 2279 562 2328 est
585 2278 789 2329 autem
818 2288 889 2329 ac
919 2272 969 2328 si
998 2271 1258 2329 dicerem
1298 2273 1372 2329 de
1427 2273 1613 2329 Patris
1639 2272 1827 2329 scien-

152 2361 260 2429 tia,
292 2361 368 2416 de
399 2362 586 2419 Patris
610 2361 936 2435 sapientia;
967 2362 1079 2430 vel,
1111 2363 1276 2436 quod
1326 2367 1416 2418 est
1456 2364 1821 2436 expressius,

152 2448 233 2506 de
273 2452 441 2507 Patre
474 2450 738 2519 scientia,
769 2451 845 2507 de
876 2453 1044 2509 Patre
1070 2452 1410 2523 sapientia]

226 2541 271 2609 οι-
303 2540 447 2596 Item
476 2541 537 2596 in
582 2539 797 2596 eodem
845 2541 1004 2611 (cap.
1035 2541 1127 2606 20)
1164 2559 1176 2593 :
1210 2541 1522 2612 [Quocirca
1568 2540 1824 2601 ridenda

152 2633 248 2685 est
285 2627 598 2685 dialectica
625 2628 923 2696 Eunomii,
951 2645 988 2685 a
1015 2645 1139 2702 quo
1168 2631 1523 2687 Eunomiani
1565 2631 1823 2688 haeretici

152 2718 346 2773 exorti
376 2722 536 2787 sunt,
571 2717 674 2790 qui
700 2734 839 2774 cum
868 2734 992 2774 non
1022 2718 1316 2790 potuisset
1340 2719 1822 2791 intelligere,nec

151 2806 399 2862 credere
444 2806 749 2875 voluisset,
806 2806 1180 2878 unigenitum
1237 2808 1335 2866 Dei
1375 2809 1663 2879 Verbum,
1714 2826 1822 2883 per

149 2894 324 2967 quod
353 2893 513 2952 facta
542 2899 683 2951 sunt
725 2895 952 2964 omnia,
986 2895 1196 2952 Filium
1246 2898 1343 2953 Dei
1392 2913 1525 2953 esse
1579 2903 1817 2966 natura,

150 2983 269 3039 hoc
296 2990 407 3055 est,
431 2984 505 3039 de
538 2984 881 3040 substantia
903 2985 1087 3042 Patris
1118 2986 1408 3056 genitum,
1436 3002 1559 3044 non
1588 2991 1819 3044 naturae

1930 1817 2083 1872 sicut
2111 1831 2147 1871 a
2178 1818 2234 1870 te
2263 1810 2527 1882 ﬁngitur,
2554 1805 2775 1863 dixisse
2820 1799 3111 1874 reperitur
3140 1815 3155 1854 :
3192 1797 3281 1853 Tu
3329 1796 3481 1882 dicis
3509 1808 3592 1852 es-

1929 1905 2181 1962 sentiam
2208 1881 2424 1957 animai
2454 1897 2823 1953 voluntatem
2850 1896 3030 1961 atque
3054 1885 3414 1954 scientiam;
3442 1881 3587 1939 bea-

1931 2000 2026 2051 tus
2078 1989 2445 2063 Augustinus
2470 1985 2612 2041 dicit
2638 1981 3010 2039 voluntatem
3049 1980 3249 2063 atque
3276 1971 3589 2063 scientiam

1930 2097 2052 2140 non
2085 2060 2216 2137 esse
2267 2077 2423 2134 illius
2452 2072 2796 2132 essentiam.
2830 2065 3104 2124 Creando
3153 2062 3380 2135 quippe
3429 2060 3588 2116 Deus

1932 2169 2332 2230 universitatis
2362 2164 2637 2223 conditor
2665 2160 2885 2218 animae
2912 2153 3192 2214 rationali
3242 2149 3494 2209 contulit
3521 2153 3590 2207 ut

1932 2261 2321 2328 meminisset,
2340 2254 2711 2323 intelligeret,
2737 2247 2933 2315 vellet,
2963 2245 3159 2315 sciret,
3180 2244 3440 2316 saperet,
3462 2238 3589 2296 dili-

1932 2354 2112 2424 geret,
2143 2350 2366 2422 posset,
2398 2343 2779 2407 discerneret,
2802 2342 2859 2395 et
2889 2335 3009 2394 alia
3054 2332 3392 2424 complura,
3424 2347 3587 2424 quae-

1930 2421 2169 2515 cunque
2224 2436 2592 2509 sempiterna
2640 2430 2799 2488 illius
2838 2426 3078 2487 bonitas
3120 2426 3174 2490 ei
3220 2421 3588 2515 conferenda

1924 2513 2236 2607 judicavit.
2270 2535 2346 2583 λα
2371 2541 2478 2600 per
2500 2525 2616 2580 hoc
2648 2521 2799 2579 falsa
2848 2516 3259 2575 indubitanter
3287 2513 3587 2573 convinci-

1928 2629 2023 2682 tur
2070 2620 2321 2679 ascertio
2371 2623 2494 2683 tua,
2522 2630 2646 2688 qua
2691 2609 3028 2682 Pelagianis
3087 2608 3324 2676 favens,
3351 2620 3586 2662 eorum-

1927 2718 2190 2787 demque
2245 2724 2476 2768 errores
2535 2701 2919 2780 pervicaciter
2973 2698 3319 2768 confovens,
3351 2700 3588 2754 tantum

1926 2803 2220 2865 voluntati
2230 2803 2516 2859 humanae
2532 2796 2791 2854 tribuere
2810 2789 3276 2868 prmsumpsisti,
3287 2790 3586 2864 quantum

1926 2914 2038 2955 nec
2064 2896 2179 2970 ipsi
2212 2888 2534 2962 Pelagiani,
2558 2903 2668 2944 nec
2693 2884 2846 2943 alius
2865 2881 3170 2957 quispiam
3191 2879 3473 2970 tribuisse
3500 2894 3590 2970 re-

1928 2969 2171 3063 peritur.
2206 2981 2474 3041 Haeccine
2522 2982 2609 3035 est
2664 2975 2854 3033 oratio
2900 2977 3025 3043 tua,
3056 2986 3189 3063 qua
3207 2969 3377 3063 initio
3403 2969 3588 3063 hujus

150 3073 245 3129 vel
269 3073 620 3129 substantiae
654 3089 778 3129 sua:
809 3074 934 3130 sive
965 3076 1412 3136 essentiae.dixit
1441 3092 1574 3133 esse
1602 3077 1818 3149 ﬁlium,
1848 3107 1890 3162 ο

2005 3080 2237 3151 ricopes
2273 3075 2430 3147 (cap.
2462 3074 2516 3137 8,
2544 3085 2606 3124 η.
2628 3074 2685 3138 7,
2713 3071 2852 3124 sect.
2871 3064 2936 3162 .t)
2960 3063 3062 3120 Dei
3110 3060 3588 3119 misericordiam

152 3162 259 3218 sed
300 3160 495 3217 tilium
522 3160 847 3218 voluntatis
875 3161 997 3234 Dei,
1028 3162 1399 3220 accidentem
1452 3164 1671 3222 scilicet
1701 3168 1820 3223 Deo

155 3251 366 3308 volens
391 3267 660 3308 asserere
689 3251 1062 3309 voluntatem
1108 3268 1232 3325 qua
1267 3254 1532 3326 gigneret
1562 3256 1770 3315 Filium
1803 3275 1816 3314 :

153 3342 431 3399 videlicet
456 3341 595 3398 ideo
619 3342 765 3413 quia
782 3357 895 3397 nos
917 3341 1141 3415 aliquid
1165 3342 1495 3416 aliquando
1514 3345 1816 3417 volumus,

154 3430 323 3504 quod
353 3434 531 3487 antea
568 3445 694 3486 non
741 3429 1142 3498 volebamus;
1174 3431 1352 3504 quasi
1401 3448 1524 3489 non
1577 3440 1821 3507 propter

155 3520 270 3577 ista
291 3518 602 3576 mutabilis
623 3518 989 3589 intelligatur
1008 3524 1216 3576 nostra
1233 3524 1467 3588 natura,
1482 3523 1647 3594 quod
1665 3523 1821 3582 absit

158 3609 311 3665 utin
336 3610 457 3664 Deo
488 3624 622 3664 esse
675 3607 1018 3665 credamus.
1049 3611 1252 3682 Neque
1305 3610 1465 3666 enim
1517 3610 1598 3667 ob
1655 3611 1819 3668 aliud

158 3699 444 3771 scriptum
496 3701 584 3754 est
616 3716 629 3753 :
660 3698 877 3755 Multae
928 3699 1313 3769 cogitationes
1357 3700 1420 3755 in
1477 3701 1655 3757 corde
1682 3701 1817 3769 viri,

156 3789 470 3847 consilium
494 3792 696 3844 autem
725 3787 969 3844 Domini
986 3794 1186 3845 manet
1216 3790 1277 3844 in
1299 3796 1585 3846 mternum
1611 3792 1816 3859 (Prov.

154 3894 270 3947 xxx,
300 3878 410 3947 2|).
448 3876 566 3932 Nisi
596 3881 661 3934 ut
688 3875 1095 3946 intelligamus
1145 3880 1272 3934 sive
1299 3878 1638 3949 credamus,
1671 3880 1821 3937 sicut

155 3971 443 4023 mternum
477 3969 687 4036 Deum,
715 3966 798 4024 ita
825 3971 1119 4023 aeternum
1150 3983 1283 4023 esse
1314 3968 1633 4026 consilium
1664 3971 1819 4058 ejus,

154 4073 223 4113 ac
255 4071 360 4128 per
385 4056 503 4112 hoc
525 4055 925 4122 immutabile,
950 4054 1103 4112 sicut
1123 4055 1250 4128 ipse
1274 4060 1377 4112 est.
1412 4058 1589 4123 Quod
1617 4054 1821 4115 autem

153 4146 228 4203 de
247 4144 736 4216 cogitationibus,
756 4146 871 4201 hoc
896 4145 1075 4201 etiam
1109 4144 1185 4202 de
1210 4145 1623 4202 voluntatibus
1644 4147 1822 4203 veris-

154 4235 300 4292 sime
351 4233 467 4291 dici
504 4238 722 4307 potest.
770 4234 960 4291 Multae
1006 4232 1346 4290 voluntates
1391 4234 1451 4290 in
1479 4235 1659 4293 corde
1689 4235 1817 4301 viri,

152 4324 427 4382 voluntas
451 4328 654 4382 autem
685 4323 923 4381 Domini
947 4327 1155 4380 manet
1180 4322 1241 4379 in
1273 4325 1615 4396 reternumJ

221 4417 264 4486 -ι-
308 4417 375 4470 Ει
420 4418 561 4485 post
608 4429 807 4486 pauca
854 4413 1106 4485 (Ibid.):
1147 4411 1251 4486 [De
1308 4418 1582 4473 creatura
1637 4416 1819 4475 etiam

153 4521 340 4580 quam
394 4504 530 4560 fecit
580 4508 757 4572 Deus,
801 4510 1099 4577 quantum
1151 4503 1476 4573 valuimus,
1505 4506 1821 4565 admonui-

159 4611 293 4651 mus
320 4609 424 4650 eos
453 4593 561 4666 qui
590 4593 886 4651 rationem
917 4593 992 4649 de
1043 4593 1226 4650 rebus
1271 4594 1489 4651 talibus
1538 4602 1817 4668 poscunt,

158 4690 223 4742 ut
264 4683 587 4740 invisibilia
616 4684 771 4754 ejus,
807 4698 912 4755 per
966 4699 1037 4741 ea
1084 4700 1221 4756 quae
1274 4683 1434 4742 facta
1482 4691 1641 4753 sunt,
1673 4686 1826 4744 sicut

158 4777 424 4848 possent,
473 4772 772 4829 intellecta
814 4773 1255 4845 conspicerent,
1289 4778 1347 4829 et
1406 4775 1669 4832 maxime
1716 4792 1823 4849 per

158 4862 512 4922 rationalem
570 4861 662 4919 vel
729 4862 1191 4919 intellectualem
1258 4870 1618 4932 creaturam,
1687 4881 1824 4938 quas

161 4955 314 5011 facta
338 4956 431 5008 est
467 4950 547 5008 ad
570 4951 899 5021 imaginem
926 4952 1049 5014 Dei,
1083 4967 1192 5024 per
1215 4953 1383 5025 quod
1410 4952 1570 5009 velut
1609 4970 1825 5026 specu-

160 5044 302 5109 lum,
330 5047 632 5115 quantum
664 5046 931 5114 possent,
963 5041 1012 5097 si
1042 5047 1311 5114 possent,
1344 5048 1674 5101 cernerent.
1699 5044 1827 5099 Tri-

163 5133 403 5190 nitatem
425 5134 615 5188 Deum
646 5131 706 5187 in
726 5136 935 5189 nostra
956 5131 1273 5201 memoria,
1290 5130 1700 5201 intelligentia,
1725 5148 1830 5188 vo.

162 5224 406 5280 luntate.
431 5224 573 5287 Quae
600 5221 712 5278 tria
740 5221 805 5276 in
827 5237 937 5278 sua
958 5227 1157 5277 mente
1180 5220 1530 5278 naturaliter
1546 5221 1832 5278 divinitus

166 5312 434 5369 instituta
463 5310 744 5383 quisquis
764 5311 1049 5368 vivaciter
1078 5310 1382 5384 perspicit,
1413 5314 1471 5366 et
1490 5327 1680 5384 quam
1707 5326 1835 5368 ma-

167 5417 347 5472 gnum
379 5400 455 5457 sit
480 5401 544 5457 in
572 5416 664 5468 ea,
698 5400 860 5457 unde
886 5406 1084 5474 potest
1120 5400 1303 5458 etiam
1334 5400 1699 5473 sempiterna
1723 5400 1835 5458 im—

167 5489 586 5563 mutabilisque
608 5494 826 5548 natura
845 5490 1047 5559 recoli,
1061 5489 1352 5563 conspici,
1384 5490 1687 5564 amplecti,
1701 5507 1840 5548 con-

170 5581 408 5655 cupisci,
440 5580 840 5637 reminiscitur
871 5595 979 5653 per
1003 5580 1386 5648 memoriam,
1412 5580 1677 5643 intuetur
1728 5597 1837 5654 per

240 5770 266 5799 ι
302 5758 542 5825 Additio
573 5759 635 5821 in
666 5758 828 5821 calce
857 5751 1122 5833 paginae.
1160 5794 1164 5799 -

1846 4471 1895 4531 D

1927 3152 2168 3225 dixeras
2214 3156 2668 3236 postulandam,
2696 3158 2763 3211 ut
2786 3158 2842 3209 te
2867 3152 2930 3209 in
2976 3154 3284 3207 tantorum
3315 3163 3586 3207 errorum

1925 3256 2341 3332 lybyrinthum
2397 3249 2713 3307 induceres
2743 3244 2771 3300 ?
2825 3242 3120 3332 Nimirum
3196 3238 3446 3332 impleta
3499 3242 3589 3297 est

1928 3330 2258 3422 apostolica
2282 3336 2650 3416 protestatio,
2684 3350 2819 3409 quae
2874 3331 3054 3389 dicit:
3088 3330 3324 3422 Petitis,
3348 3333 3409 3422 et
3435 3343 3585 3422 -non

1926 3414 2223 3506 accipitis,
2253 3414 2319 3489 eo
2349 3427 2510 3502 quod
2537 3426 2696 3482 male
2714 3422 2920 3494 petitis
2953 3421 3103 3494 (Jac.
3131 3435 3211 3487 iv,
3241 3417 3315 3490 3).
3347 3414 3589 3475 Viderat

1925 3527 2087 3585 enim
2156 3516 2744 3594 omnipotentissimo
2815 3528 2925 3570 suo
2989 3510 3206 3568 intuitu
3276 3508 3586 3578 Dominus,

1924 3619 2112 3676 sciens
2142 3611 2528 3686 cogitationes
2561 3607 2869 3664 hominum
2899 3604 3183 3678 quoniam
3228 3614 3400 3659 vanae
3444 3600 3589 3656 sunt

1927 3707 2116 3777 (Psat.
2151 3718 2307 3771 xcui,
2361 3701 2469 3773 Η),
2511 3696 2905 3756 intentionem
2960 3693 3149 3752 animi
3206 3693 3291 3749 tui
3333 3691 3589 3750 vanitati

1927 3795 2225 3855 deservire
2275 3791 2476 3867 potius
2527 3803 2717 3863 quam
2770 3784 3043 3853 veritati;
3100 3782 3324 3841 idcirco
3375 3781 3591 3839 avertit

1928 3888 2204 3949 auditum
2255 3880 2585 3940 clementiae
2632 3894 2669 3935 a
2711 3890 2889 3949 prece
2929 3873 3272 3942 dementiae,
3293 3871 3587 3947 quoniam

1928 3978 2238 4037 voluntate
2284 3977 2342 4029 et
2394 3969 2641 4027 veritate
2681 3967 2919 4024 deserta
2958 3964 3022 4021 in
3069 3965 3195 4020 haec
3222 3967 3352 4021 tam
3397 3961 3589 4037 impia

1927 4068 2140 4141 lapsus
2187 4079 2271 4118 es.
2323 4070 2348 4097 ι
2392 4056 2762 4129 Augustinus
2815 4052 3273 4112 Confessionum
3330 4052 3438 4110 lib.
3488 4066 3589 4108 xm

1930 4160 2083 4231 (cap.
2109 4154 2197 4225 20)
2237 4152 2417 4224 :[Aut
2446 4147 2591 4222 quid
2632 4152 2686 4205 te
2710 4144 3040 4219 promeruit
3081 4142 3387 4201 inchoatio
3428 4157 3591 4200 crea~

1928 4252 2077 4309 turea
2097 4239 2396 4316 spiritalis,
2426 4243 2492 4295 ut
2515 4238 2727 4294 saltem
2750 4233 3070 4292 tenebrosa
3095 4233 3354 4292 ﬂuitaret
3381 4231 3590 4293 siniilis

1929 4336 2157 4409 abysso
2182 4330 2267 4390 tui
2309 4326 2638 4395 dissimilis,
2668 4326 2782 4399 nisi
2822 4341 2932 4400 per
2954 4324 3119 4384 idem
3151 4324 3412 4382 Verbum
3440 4339 3588 4387 con-

1929 4428 2258 4484 verteretur
2285 4420 2363 4479 ad
2411 4418 2573 4476 idem
2618 4434 2655 4477 a
2692 4432 2815 4491 quo
2865 4416 3024 4481 facta
3064 4419 3174 4486 est,
3198 4419 3381 4489 atque
3407 4415 3488 4475 ab
3516 4431 3590 4474 eo

1930 4514 2267 4575 illuminata
2295 4511 2399 4567 lux
2427 4508 2613 4575 ﬁeret,
2641 4506 2924 4582 quamvis
2978 4521 3102 4567 non
3151 4506 3479 4580 mquahter,
3506 4510 3592 4564 ta.

1932 4622 2074 4666 men
2103 4600 2430 4661 conformis
2454 4598 2665 4655 formae
2694 4595 2914 4670 aequali
2938 4594 3064 4654 tibi.
3089 4594 3250 4653 Sicut
3272 4595 3436 4651 enim
3464 4610 3592 4651 cor-

1932 4694 2066 4770 pori
2090 4707 2216 4750 non
2231 4691 2347 4748 hoc
2362 4693 2452 4744 est
2470 4703 2601 4742 esse
2619 4683 2788 4759 quod
2811 4683 3132 4756 pulchrum
3153 4698 3309 4754 esse,
3321 4681 3591 4770 alioquin

1932 4769 2202 4840 deforme
2230 4793 2364 4839 esse
2393 4791 2517 4832 non
2545 4776 2783 4848 posset:
2816 4773 2899 4830 ita
2924 4772 3108 4830 etiam
3139 4776 3341 4828 creato
3356 4769 3592 4842 spiritui

1933 4887 2058 4930 non
2084 4868 2146 4927 id
2171 4871 2262 4925 est
2287 4866 2509 4936 vivere,
2539 4862 2707 4939 quod
2737 4862 3039 4935 sapienter
3067 4860 3294 4930 vivere;
3323 4859 3592 4933 alioquin

1935 4954 2505 5018 incommutabiliter
2561 4954 2817 5026 saperet.
2847 4952 3085 5009 Bonum
3139 4953 3343 5008 autem
3384 4948 3467 5008 illi
3503 4952 3595 5009 est

1935 5050 2161 5108 haerere
2181 5046 2288 5103 tibi
2315 5060 2573 5117 semper,
2587 5058 2663 5100 ne
2683 5040 2852 5116 quod
2873 5042 3126 5115 adeptus
3146 5044 3237 5100 est
3258 5042 3598 5103 conversio-

1938 5155 2035 5207 ne,
2063 5138 2376 5201 aversione
2403 5134 2611 5190 lumen
2637 5133 2887 5201 amittat,
2915 5136 2974 5189 et
3000 5131 3305 5190 relabatur
3327 5131 3391 5189 in
3408 5132 3597 5193 vitam

1940 5226 2277 5287 tenebrosa!
2297 5222 2502 5297 abyssi
2533 5222 2835 5294 similem.]
2862 5223 2905 5295 -ι-
2934 5222 3197 5280 Isidorus
3212 5222 3276 5280 in
3289 5221 3445 5278 libro
3459 5222 3600 5294 Ety-

1943 5314 2347 5386 mologiarum
2373 5313 2557 5386 (Orig.
2580 5313 2681 5371 lib.
2696 5330 2800 5381 vn,
2819 5328 2953 5383 cap.
2973 5313 3043 5386 l).
3067 5313 3379 5384 [Dicuntur
3396 5315 3603 5368 autem

1945 5410 2004 5465 et
2028 5404 2146 5463 alia
2172 5401 2424 5462 nomina
2451 5402 2735 5477 quaedam
2776 5403 2838 5460 in
2867 5406 3058 5461 Deum
3087 5399 3601 5461 substantialiter:

1949 5493 2204 5568 simplex
2225 5496 2429 5550 autem
2455 5492 2671 5553 dicitur
2691 5492 2816 5550 sive
2836 5506 2963 5550 non
2992 5490 3327 5551 amittendo
3352 5490 3413 5547 id
3440 5490 3611 5562 quod

1948 5583 2150 5651 habet,
2187 5597 2296 5638 seu
2324 5581 2472 5653 quia
2500 5597 2625 5639 non
2655 5580 2823 5645 aliud
2865 5584 2956 5639 est
2984 5580 3113 5654 ipse
3137 5583 3197 5640 et
3247 5577 3413 5638 aliud
3442 5578 3613 5651 quod
