  <div class='ocr_page' id='page_1' title='image "/cluster/home/n/w/nwhite01/storage/ocr_20150623/115-116/uc1.31175006916467/563.png"; bbox 0 0 3936 6374; ppageno 0'>
   <div class='ocr_carea' id='block_1_1' title="bbox 362 272 494 329">
    <p class='ocr_par' dir='ltr' id='par_1_1' title="bbox 362 272 494 329">
     <span class='ocr_line' id='line_1_1' title="bbox 362 272 494 329; baseline -0.03 0"><span class='ocrx_word' id='word_1_1' title='bbox 362 272 494 329; x_wconf 76' lang='lat' dir='ltr'>Hii</span> 
     </span>
    </p>
   </div>
   <div class='ocr_carea' id='block_1_2' title="bbox 1463 265 2689 328">
    <p class='ocr_par' dir='ltr' id='par_1_2' title="bbox 1463 265 2689 328">
     <span class='ocr_line' id='line_1_2' title="bbox 1463 265 2689 328; baseline -0.002 -1"><span class='ocrx_word' id='word_1_2' title='bbox 1463 272 1519 327; x_wconf 93' lang='lat' dir='ltr'>S.</span> <span class='ocrx_word' id='word_1_3' title='bbox 1560 265 1926 327; x_wconf 82' lang='lat' dir='ltr'>PRUDENTII</span> <span class='ocrx_word' id='word_1_4' title='bbox 1966 265 2342 324; x_wconf 82' lang='lat' dir='ltr'>TRECENSIS</span> <span class='ocrx_word' id='word_1_5' title='bbox 2380 267 2689 328; x_wconf 86' lang='lat' dir='ltr'>EPISCOPI</span> 
     </span>
    </p>
   </div>
   <div class='ocr_carea' id='block_1_3' title="bbox 3664 275 3816 331">
    <p class='ocr_par' dir='ltr' id='par_1_3' title="bbox 3664 275 3816 331">
     <span class='ocr_line' id='line_1_3' title="bbox 3664 275 3816 331; baseline 0.02 -3"><span class='ocrx_word' id='word_1_6' title='bbox 3664 275 3816 331; x_wconf 76' lang='grc'><strong>1112</strong></span> 
     </span>
    </p>
   </div>
   <div class='ocr_carea' id='block_1_4' title="bbox 361 391 3820 469">
    <p class='ocr_par' dir='ltr' id='par_1_4' title="bbox 361 391 3820 469">
     <span class='ocr_line' id='line_1_4' title="bbox 361 391 3820 469; baseline 0.001 -16"><span class='ocrx_word' id='word_1_7' title='bbox 361 397 423 453; x_wconf 89' lang='lat' dir='ltr'>in</span> <span class='ocrx_word' id='word_1_8' title='bbox 455 394 592 468; x_wconf 89' lang='lat' dir='ltr'>ipso</span> <span class='ocrx_word' id='word_1_9' title='bbox 625 397 736 463; x_wconf 90' lang='lat' dir='ltr'>cst,</span> <span class='ocrx_word' id='word_1_10' title='bbox 764 392 914 450; x_wconf 86' lang='lat' dir='ltr'>sicut</span> <span class='ocrx_word' id='word_1_11' title='bbox 942 391 1002 448; x_wconf 93' lang='lat' dir='ltr'>in</span> <span class='ocrx_word' id='word_1_12' title='bbox 1030 391 1297 462; x_wconf 87' lang='lat' dir='ltr'>homine,</span> <span class='ocrx_word' id='word_1_13' title='bbox 1328 393 1500 466; x_wconf 89' lang='lat' dir='ltr'>cujus</span> <span class='ocrx_word' id='word_1_14' title='bbox 1558 398 1647 450; x_wconf 90' lang='lat' dir='ltr'>est</span> <span class='ocrx_word' id='word_1_15' title='bbox 1675 393 1839 449; x_wconf 88' lang='lat' dir='ltr'>aliud</span> <span class='ocrx_word' id='word_1_16' title='bbox 1869 409 2017 462; x_wconf 87' lang='lat' dir='ltr'>esse,</span> <span class='ocrx_word' id='word_1_17' title='bbox 2050 393 2099 447; x_wconf 76' lang='grc' dir='ltr'>Α</span> <span class='ocrx_word' id='word_1_18' title='bbox 2134 391 2406 451; x_wconf 84' lang='lat' dir='ltr'>libertate</span> <span class='ocrx_word' id='word_1_19' title='bbox 2428 394 2775 466; x_wconf 83' lang='lat' dir='ltr'>voluntatis,</span> <span class='ocrx_word' id='word_1_20' title='bbox 2809 393 2915 451; x_wconf 91' lang='lat' dir='ltr'>sed</span> <span class='ocrx_word' id='word_1_21' title='bbox 2942 393 3298 452; x_wconf 81' lang='lat' dir='ltr'>necessitate</span> <span class='ocrx_word' id='word_1_22' title='bbox 3326 394 3820 469; x_wconf 83' lang='lat' dir='ltr'>imperfectionis</span> 
     </span>
    </p>
   </div>
   <div class='ocr_carea' id='block_1_5' title="bbox 366 481 909 554">
    <p class='ocr_par' dir='ltr' id='par_1_5' title="bbox 366 481 909 554">
     <span class='ocr_line' id='line_1_5' title="bbox 366 481 909 554; baseline -0.009 -13"><span class='ocrx_word' id='word_1_23' title='bbox 366 488 425 541; x_wconf 92' lang='lat' dir='ltr'>et</span> <span class='ocrx_word' id='word_1_24' title='bbox 454 481 622 539; x_wconf 90' lang='lat' dir='ltr'>aliud</span> <span class='ocrx_word' id='word_1_25' title='bbox 656 481 909 554; x_wconf 71' lang='lat' dir='ltr'>sapere]</span> 
     </span>
    </p>
   </div>
   <div class='ocr_carea' id='block_1_6' title="bbox 437 570 2028 646">
    <p class='ocr_par' dir='ltr' id='par_1_6' title="bbox 437 570 2028 646">
     <span class='ocr_line' id='line_1_6' title="bbox 437 570 2028 646; baseline 0.001 -17"><span class='ocrx_word' id='word_1_26' title='bbox 437 574 481 645; x_wconf 68' lang='lat' dir='ltr'>-j-</span> <span class='ocrx_word' id='word_1_27' title='bbox 538 573 864 629; x_wconf 86' lang='lat' dir='ltr'>Videamus</span> <span class='ocrx_word' id='word_1_28' title='bbox 919 570 1103 627; x_wconf 88' lang='lat' dir='ltr'>aliam</span> <span class='ocrx_word' id='word_1_29' title='bbox 1155 570 1479 630; x_wconf 85' lang='lat' dir='ltr'>falsitatem</span> <span class='ocrx_word' id='word_1_30' title='bbox 1536 577 1705 631; x_wconf 87' lang='lat' dir='ltr'>tuam</span> <span class='ocrx_word' id='word_1_31' title='bbox 1774 573 2028 646; x_wconf 87' lang='lat' dir='ltr'>qualiter</span> 
     </span>
    </p>
   </div>
   <div class='ocr_carea' id='block_1_7' title="bbox 369 657 2030 720">
    <p class='ocr_par' dir='ltr' id='par_1_7' title="bbox 369 657 2030 720">
     <span class='ocr_line' id='line_1_7' title="bbox 369 657 2030 720; baseline 0.001 -2"><span class='ocrx_word' id='word_1_32' title='bbox 369 659 648 719; x_wconf 87' lang='lat' dir='ltr'>membra</span> <span class='ocrx_word' id='word_1_33' title='bbox 700 658 972 714; x_wconf 82' lang='lat' dir='ltr'>carnium</span> <span class='ocrx_word' id='word_1_34' title='bbox 1030 657 1356 715; x_wconf 87' lang='lat' dir='ltr'>Bchemoth</span> <span class='ocrx_word' id='word_1_35' title='bbox 1414 660 1526 716; x_wconf 87' lang='lat' dir='ltr'>sibi</span> <span class='ocrx_word' id='word_1_36' title='bbox 1584 662 1923 719; x_wconf 77' lang='lat' dir='ltr'>coha-reant</span> <span class='ocrx_word' id='word_1_37' title='bbox 1972 666 2030 720; x_wconf 92' lang='lat' dir='ltr'>et</span> 
     </span>
    </p>
   </div>
   <div class='ocr_carea' id='block_1_8' title="bbox 371 744 2022 823">
    <p class='ocr_par' dir='ltr' id='par_1_8' title="bbox 371 744 2022 823">
     <span class='ocr_line' id='line_1_8' title="bbox 371 744 2022 823; baseline 0.001 -19"><span class='ocrx_word' id='word_1_38' title='bbox 371 763 703 823; x_wconf 74' lang='lat' dir='ltr'>squammae</span> <span class='ocrx_word' id='word_1_39' title='bbox 736 745 923 802; x_wconf 90' lang='lat' dir='ltr'>altera</span> <span class='ocrx_word' id='word_1_40' title='bbox 948 744 1114 802; x_wconf 80' lang='lat' dir='ltr'>alteri</span> <span class='ocrx_word' id='word_1_41' title='bbox 1153 746 1558 818; x_wconf 88' lang='lat' dir='ltr'>conjungatur</span> <span class='ocrx_word' id='word_1_42' title='bbox 1585 766 1598 817; x_wconf 93' lang='lat'><strong>;</strong></span> <span class='ocrx_word' id='word_1_43' title='bbox 1641 748 1790 806; x_wconf 90' lang='lat' dir='ltr'>dicis</span> <span class='ocrx_word' id='word_1_44' title='bbox 1819 750 1978 807; x_wconf 90' lang='lat' dir='ltr'>enim</span> <span class='ocrx_word' id='word_1_45' title='bbox 2010 768 2022 805; x_wconf 90' lang='lat'><strong>:</strong></span> 
     </span>
    </p>
   </div>
   <div class='ocr_carea' id='block_1_9' title="bbox 937 878 1453 921">
    <p class='ocr_par' dir='ltr' id='par_1_9' title="bbox 937 878 1453 921">
     <span class='ocr_line' id='line_1_9' title="bbox 937 878 1453 921; baseline 0.002 -3"><span class='ocrx_word' id='word_1_46' title='bbox 937 878 1177 919; x_wconf 77' lang='lat' dir='ltr'>JOANNES</span> <span class='ocrx_word' id='word_1_47' title='bbox 1231 879 1453 921; x_wconf 79' lang='lat' dir='ltr'>SCOTUS.</span> 
     </span>
    </p>
   </div>
   <div class='ocr_carea' id='block_1_10' title="bbox 438 979 2030 1054">
    <p class='ocr_par' dir='ltr' id='par_1_10' title="bbox 438 979 2030 1054">
     <span class='ocr_line' id='line_1_10' title="bbox 438 979 2030 1054; baseline 0.005 -19"><span class='ocrx_word' id='word_1_48' title='bbox 438 981 609 1054; x_wconf 89' lang='lat' dir='ltr'>(Cap.</span> <span class='ocrx_word' id='word_1_49' title='bbox 643 982 697 1050; x_wconf 88' lang='lat'>8,</span> <span class='ocrx_word' id='word_1_50' title='bbox 721 995 784 1036; x_wconf 92' lang='lat' dir='ltr'>n.</span> <span class='ocrx_word' id='word_1_51' title='bbox 816 981 870 1045; x_wconf 88' lang='lat'>8,</span> <span class='ocrx_word' id='word_1_52' title='bbox 903 982 1043 1037; x_wconf 89' lang='lat' dir='ltr'>sect.</span> <span class='ocrx_word' id='word_1_53' title='bbox 1077 979 1153 1052; x_wconf 81' lang='lat'>5.)</span> <span class='ocrx_word' id='word_1_54' title='bbox 1186 984 1225 1035; x_wconf 90' lang='grc' dir='ltr'>Θ</span> <span class='ocrx_word' id='word_1_55' title='bbox 1262 981 1402 1039; x_wconf 90' lang='lat' dir='ltr'>Ideo</span> <span class='ocrx_word' id='word_1_56' title='bbox 1446 983 1711 1052; x_wconf 88' lang='lat' dir='ltr'>primum</span> <span class='ocrx_word' id='word_1_57' title='bbox 1765 987 2030 1043; x_wconf 77' lang='lat' dir='ltr'>animale</span> 
     </span>
    </p>
   </div>
   <div class='ocr_carea' id='block_1_11' title="bbox 370 1071 2029 1143">
    <p class='ocr_par' dir='ltr' id='par_1_11' title="bbox 370 1071 2029 1143">
     <span class='ocr_line' id='line_1_11' title="bbox 370 1071 2029 1143; baseline 0.003 -15"><span class='ocrx_word' id='word_1_58' title='bbox 370 1086 584 1141; x_wconf 87' lang='lat' dir='ltr'>corpus</span> <span class='ocrx_word' id='word_1_59' title='bbox 615 1071 875 1128; x_wconf 79' lang='lat' dir='ltr'>hominis</span> <span class='ocrx_word' id='word_1_60' title='bbox 905 1076 1047 1128; x_wconf 86' lang='lat' dir='ltr'>ante</span> <span class='ocrx_word' id='word_1_61' title='bbox 1064 1076 1399 1141; x_wconf 81' lang='lat' dir='ltr'>peccatum,</span> <span class='ocrx_word' id='word_1_62' title='bbox 1429 1073 1571 1143; x_wconf 93' lang='lat' dir='ltr'>quia</span> <span class='ocrx_word' id='word_1_63' title='bbox 1598 1074 1798 1132; x_wconf 87' lang='lat' dir='ltr'>adhuc</span> <span class='ocrx_word' id='word_1_64' title='bbox 1824 1076 2029 1133; x_wconf 83' lang='lat' dir='ltr'>deerat</span> 
     </span>
    </p>
   </div>
   <div class='ocr_carea' id='block_1_12' title="bbox 369 1161 2029 1233">
    <p class='ocr_par' dir='ltr' id='par_1_12' title="bbox 369 1161 2029 1233">
     <span class='ocr_line' id='line_1_12' title="bbox 369 1161 2029 1233; baseline 0.003 -17"><span class='ocrx_word' id='word_1_65' title='bbox 369 1161 528 1233; x_wconf 87' lang='lat' dir='ltr'>quod</span> <span class='ocrx_word' id='word_1_66' title='bbox 555 1161 611 1217; x_wconf 90' lang='lat' dir='ltr'>ei</span> <span class='ocrx_word' id='word_1_67' title='bbox 627 1165 881 1231; x_wconf 81' lang='lat' dir='ltr'>propter</span> <span class='ocrx_word' id='word_1_68' title='bbox 908 1161 1200 1230; x_wconf 66' lang='lat' dir='ltr'>praecepti</span> <span class='ocrx_word' id='word_1_69' title='bbox 1215 1161 1544 1218; x_wconf 77' lang='lat' dir='ltr'>custodiam</span> <span class='ocrx_word' id='word_1_70' title='bbox 1577 1164 1781 1221; x_wconf 81' lang='lat' dir='ltr'>fuerat</span> <span class='ocrx_word' id='word_1_71' title='bbox 1807 1165 2029 1221; x_wconf 85' lang='lat' dir='ltr'>adden-</span> 
     </span>
    </p>
   </div>
   <div class='ocr_carea' id='block_1_13' title="bbox 367 1249 2027 1324">
    <p class='ocr_par' dir='ltr' id='par_1_13' title="bbox 367 1249 2027 1324">
     <span class='ocr_line' id='line_1_13' title="bbox 367 1249 2027 1324; baseline 0.003 -18"><span class='ocrx_word' id='word_1_72' title='bbox 367 1249 532 1316; x_wconf 89' lang='lat' dir='ltr'>dum,</span> <span class='ocrx_word' id='word_1_73' title='bbox 564 1249 629 1304; x_wconf 98' lang='lat' dir='ltr'>id</span> <span class='ocrx_word' id='word_1_74' title='bbox 659 1254 744 1306; x_wconf 88' lang='lat' dir='ltr'>est</span> <span class='ocrx_word' id='word_1_75' title='bbox 792 1249 1088 1318; x_wconf 79' lang='lat' dir='ltr'>spiritale.</span> <span class='ocrx_word' id='word_1_76' title='bbox 1119 1249 1210 1306; x_wconf 76' lang='lat' dir='ltr'>Ac</span> <span class='ocrx_word' id='word_1_77' title='bbox 1237 1266 1347 1319; x_wconf 89' lang='lat' dir='ltr'>per</span> <span class='ocrx_word' id='word_1_78' title='bbox 1376 1250 1487 1306; x_wconf 88' lang='lat' dir='ltr'>hoc</span> <span class='ocrx_word' id='word_1_79' title='bbox 1529 1267 1605 1308; x_wconf 70' lang='lat' dir='ltr'>ex</span> <span class='ocrx_word' id='word_1_80' title='bbox 1630 1268 1693 1309; x_wconf 92' lang='lat' dir='ltr'>eo</span> <span class='ocrx_word' id='word_1_81' title='bbox 1726 1254 1885 1324; x_wconf 85' lang='lat' dir='ltr'>quod</span> <span class='ocrx_word' id='word_1_82' title='bbox 1912 1256 2027 1311; x_wconf 90' lang='lat' dir='ltr'>ali-</span> 
     </span>
    </p>
   </div>
   <div class='ocr_carea' id='block_1_14' title="bbox 368 1338 2031 1413">
    <p class='ocr_par' dir='ltr' id='par_1_14' title="bbox 368 1338 2031 1413">
     <span class='ocr_line' id='line_1_14' title="bbox 368 1338 2031 1413; baseline 0.004 -20"><span class='ocrx_word' id='word_1_83' title='bbox 368 1338 516 1410; x_wconf 85' lang='lat' dir='ltr'>quid</span> <span class='ocrx_word' id='word_1_84' title='bbox 534 1353 572 1395; x_wconf 92' lang='lat' dir='ltr'>a</span> <span class='ocrx_word' id='word_1_85' title='bbox 589 1338 954 1408; x_wconf 81' lang='lat' dir='ltr'>perfectione</span> <span class='ocrx_word' id='word_1_86' title='bbox 979 1343 1222 1395; x_wconf 70' lang='lat' dir='ltr'>natura:</span> <span class='ocrx_word' id='word_1_87' title='bbox 1250 1339 1465 1409; x_wconf 83' lang='lat' dir='ltr'>defuit,</span> <span class='ocrx_word' id='word_1_88' title='bbox 1488 1347 1619 1397; x_wconf 82' lang='lat' dir='ltr'>erat</span> <span class='ocrx_word' id='word_1_89' title='bbox 1648 1344 1932 1413; x_wconf 87' lang='lat' dir='ltr'>animale,</span> <span class='ocrx_word' id='word_1_90' title='bbox 1955 1358 2031 1400; x_wconf 74' lang='lat' dir='ltr'>ea:</span> 
     </span>
    </p>
   </div>
   <div class='ocr_carea' id='block_1_15' title="bbox 369 1427 2025 1499">
    <p class='ocr_par' dir='ltr' id='par_1_15' title="bbox 369 1427 2025 1499">
     <span class='ocr_line' id='line_1_15' title="bbox 369 1427 2025 1499; baseline 0.003 -15"><span class='ocrx_word' id='word_1_91' title='bbox 369 1442 434 1484; x_wconf 89' lang='lat' dir='ltr'>eo</span> <span class='ocrx_word' id='word_1_92' title='bbox 465 1427 625 1499; x_wconf 87' lang='lat' dir='ltr'>quod</span> <span class='ocrx_word' id='word_1_93' title='bbox 651 1427 810 1483; x_wconf 84' lang='lat' dir='ltr'>nihil</span> <span class='ocrx_word' id='word_1_94' title='bbox 833 1428 888 1484; x_wconf 90' lang='lat' dir='ltr'>ei</span> <span class='ocrx_word' id='word_1_95' title='bbox 914 1427 1157 1497; x_wconf 81' lang='lat' dir='ltr'>deesset,</span> <span class='ocrx_word' id='word_1_96' title='bbox 1181 1428 1464 1498; x_wconf 80' lang='lat' dir='ltr'>futurum</span> <span class='ocrx_word' id='word_1_97' title='bbox 1517 1431 1814 1499; x_wconf 82' lang='lat' dir='ltr'>spiritale.</span> <span class='ocrx_word' id='word_1_98' title='bbox 1845 1433 2025 1499; x_wconf 83' lang='lat' dir='ltr'>Hinc,</span> 
     </span>
    </p>
   </div>
   <div class='ocr_carea' id='block_1_16' title="bbox 369 1515 2027 1588">
    <p class='ocr_par' dir='ltr' id='par_1_16' title="bbox 369 1515 2027 1588">
     <span class='ocr_line' id='line_1_16' title="bbox 369 1515 2027 1588; baseline 0.004 -17"><span class='ocrx_word' id='word_1_99' title='bbox 369 1515 669 1588; x_wconf 87' lang='lat' dir='ltr'>inquiens,</span> <span class='ocrx_word' id='word_1_100' title='bbox 703 1516 891 1572; x_wconf 85' lang='lat' dir='ltr'>datur</span> <span class='ocrx_word' id='word_1_101' title='bbox 917 1517 1186 1585; x_wconf 80' lang='lat' dir='ltr'>intelligi</span> <span class='ocrx_word' id='word_1_102' title='bbox 1221 1517 1483 1586; x_wconf 86' lang='lat' dir='ltr'>primam</span> <span class='ocrx_word' id='word_1_103' title='bbox 1517 1519 1771 1576; x_wconf 81' lang='lat' dir='ltr'>hominis</span> <span class='ocrx_word' id='word_1_104' title='bbox 1818 1523 2027 1577; x_wconf 80' lang='lat' dir='ltr'>volun-</span> 
     </span>
    </p>
   </div>
   <div class='ocr_carea' id='block_1_17' title="bbox 371 1605 2027 1676">
    <p class='ocr_par' dir='ltr' id='par_1_17' title="bbox 371 1605 2027 1676">
     <span class='ocr_line' id='line_1_17' title="bbox 371 1605 2027 1676; baseline 0.003 -15"><span class='ocrx_word' id='word_1_105' title='bbox 371 1611 549 1662; x_wconf 83' lang='lat' dir='ltr'>tatem</span> <span class='ocrx_word' id='word_1_106' title='bbox 582 1605 835 1663; x_wconf 87' lang='lat' dir='ltr'>liberam</span> <span class='ocrx_word' id='word_1_107' title='bbox 882 1606 1256 1662; x_wconf 81' lang='lat' dir='ltr'>naturaliter</span> <span class='ocrx_word' id='word_1_108' title='bbox 1285 1606 1473 1676; x_wconf 82' lang='lat' dir='ltr'>fuisse</span> <span class='ocrx_word' id='word_1_109' title='bbox 1496 1615 1779 1676; x_wconf 84' lang='lat' dir='ltr'>creatam,</span> <span class='ocrx_word' id='word_1_110' title='bbox 1810 1612 1909 1666; x_wconf 84' lang='lat' dir='ltr'>cui</span> <span class='ocrx_word' id='word_1_111' title='bbox 1937 1616 2027 1666; x_wconf 87' lang='lat' dir='ltr'>ta-</span> 
     </span>
    </p>
   </div>
   <div class='ocr_carea' id='block_1_18' title="bbox 367 1695 2030 1768">
    <p class='ocr_par' dir='ltr' id='par_1_18' title="bbox 367 1695 2030 1768">
     <span class='ocr_line' id='line_1_18' title="bbox 367 1695 2030 1768; baseline 0.003 -16"><span class='ocrx_word' id='word_1_112' title='bbox 367 1711 502 1753; x_wconf 87' lang='lat' dir='ltr'>men</span> <span class='ocrx_word' id='word_1_113' title='bbox 531 1696 772 1768; x_wconf 89' lang='lat' dir='ltr'>aliquid</span> <span class='ocrx_word' id='word_1_114' title='bbox 823 1695 1152 1753; x_wconf 83' lang='lat' dir='ltr'>adderetur</span> <span class='ocrx_word' id='word_1_115' title='bbox 1178 1698 1232 1752; x_wconf 89' lang='lat' dir='ltr'>si</span> <span class='ocrx_word' id='word_1_116' title='bbox 1254 1704 1621 1768; x_wconf 74' lang='lat' dir='ltr'>praeceptum</span> <span class='ocrx_word' id='word_1_117' title='bbox 1658 1700 1770 1756; x_wconf 89' lang='lat' dir='ltr'>Dei</span> <span class='ocrx_word' id='word_1_118' title='bbox 1787 1715 2030 1757; x_wconf 85' lang='lat' dir='ltr'>servare</span> 
     </span>
    </p>
   </div>
   <div class='ocr_carea' id='block_1_19' title="bbox 368 1784 2030 1860">
    <p class='ocr_par' dir='ltr' id='par_1_19' title="bbox 368 1784 2030 1860">
     <span class='ocr_line' id='line_1_19' title="bbox 368 1784 2030 1860; baseline 0.004 -19"><span class='ocrx_word' id='word_1_119' title='bbox 368 1786 568 1853; x_wconf 84' lang='lat' dir='ltr'>vellet,</span> <span class='ocrx_word' id='word_1_120' title='bbox 598 1791 665 1840; x_wconf 89' lang='lat' dir='ltr'>ut</span> <span class='ocrx_word' id='word_1_121' title='bbox 706 1786 861 1841; x_wconf 84' lang='lat' dir='ltr'>sicut</span> <span class='ocrx_word' id='word_1_122' title='bbox 909 1784 1175 1842; x_wconf 86' lang='lat' dir='ltr'>animale</span> <span class='ocrx_word' id='word_1_123' title='bbox 1224 1802 1441 1856; x_wconf 87' lang='lat' dir='ltr'>corpus</span> <span class='ocrx_word' id='word_1_124' title='bbox 1479 1790 1677 1858; x_wconf 87' lang='lat' dir='ltr'>potuit</span> <span class='ocrx_word' id='word_1_125' title='bbox 1706 1790 1861 1845; x_wconf 90' lang='lat' dir='ltr'>mori</span> <span class='ocrx_word' id='word_1_126' title='bbox 1887 1790 2030 1860; x_wconf 86' lang='lat' dir='ltr'>quia</span> 
     </span>
    </p>
   </div>
   <div class='ocr_carea' id='block_1_20' title="bbox 368 1874 2031 1945">
    <p class='ocr_par' dir='ltr' id='par_1_20' title="bbox 368 1874 2031 1945">
     <span class='ocr_line' id='line_1_20' title="bbox 368 1874 2031 1945; baseline 0.002 -14"><span class='ocrx_word' id='word_1_127' title='bbox 368 1874 569 1931; x_wconf 88' lang='lat' dir='ltr'>adhuc</span> <span class='ocrx_word' id='word_1_128' title='bbox 598 1891 718 1931; x_wconf 87' lang='lat' dir='ltr'>non</span> <span class='ocrx_word' id='word_1_129' title='bbox 750 1881 883 1931; x_wconf 91' lang='lat' dir='ltr'>erat</span> <span class='ocrx_word' id='word_1_130' title='bbox 912 1875 1370 1945; x_wconf 84' lang='lat' dir='ltr'>perfectum,ita</span> <span class='ocrx_word' id='word_1_131' title='bbox 1399 1877 1680 1935; x_wconf 83' lang='lat' dir='ltr'>voluntas</span> <span class='ocrx_word' id='word_1_132' title='bbox 1710 1879 1901 1935; x_wconf 88' lang='lat' dir='ltr'>libera</span> <span class='ocrx_word' id='word_1_133' title='bbox 1926 1879 2031 1935; x_wconf 85' lang='lat' dir='ltr'>ad-</span> 
     </span>
    </p>
   </div>
   <div class='ocr_carea' id='block_1_21' title="bbox 369 1962 2028 2039">
    <p class='ocr_par' dir='ltr' id='par_1_21' title="bbox 369 1962 2028 2039">
     <span class='ocr_line' id='line_1_21' title="bbox 369 1962 2028 2039; baseline 0.004 -19"><span class='ocrx_word' id='word_1_134' title='bbox 369 1964 486 2021; x_wconf 85' lang='lat' dir='ltr'>huc</span> <span class='ocrx_word' id='word_1_135' title='bbox 505 1964 790 2021; x_wconf 87' lang='lat' dir='ltr'>animalis</span> <span class='ocrx_word' id='word_1_136' title='bbox 811 1965 1046 2035; x_wconf 87' lang='lat' dir='ltr'>merito,</span> <span class='ocrx_word' id='word_1_137' title='bbox 1064 1962 1207 2036; x_wconf 83' lang='lat' dir='ltr'>quia</span> <span class='ocrx_word' id='word_1_138' title='bbox 1232 1967 1503 2022; x_wconf 85' lang='lat' dir='ltr'>mortalis</span> <span class='ocrx_word' id='word_1_139' title='bbox 1522 1968 1717 2035; x_wconf 88' lang='lat' dir='ltr'>potuit</span> <span class='ocrx_word' id='word_1_140' title='bbox 1756 1983 2028 2039; x_wconf 86' lang='lat' dir='ltr'>peccare,</span> 
     </span>
    </p>
   </div>
   <div class='ocr_carea' id='block_1_22' title="bbox 368 2054 2031 2128">
    <p class='ocr_par' dir='ltr' id='par_1_22' title="bbox 368 2054 2031 2128">
     <span class='ocr_line' id='line_1_22' title="bbox 368 2054 2031 2128; baseline 0.004 -20"><span class='ocrx_word' id='word_1_141' title='bbox 368 2054 473 2126; x_wconf 86' lang='lat' dir='ltr'>qui</span> <span class='ocrx_word' id='word_1_142' title='bbox 499 2054 702 2111; x_wconf 89' lang='lat' dir='ltr'>adhuc</span> <span class='ocrx_word' id='word_1_143' title='bbox 729 2069 851 2110; x_wconf 88' lang='lat' dir='ltr'>non</span> <span class='ocrx_word' id='word_1_144' title='bbox 872 2058 1001 2110; x_wconf 90' lang='lat' dir='ltr'>erat</span> <span class='ocrx_word' id='word_1_145' title='bbox 1028 2054 1333 2125; x_wconf 77' lang='lat' dir='ltr'>per/ecta;</span> <span class='ocrx_word' id='word_1_146' title='bbox 1358 2070 1489 2126; x_wconf 66' lang='lat' dir='ltr'>quae</span> <span class='ocrx_word' id='word_1_147' title='bbox 1516 2057 1723 2127; x_wconf 88' lang='lat' dir='ltr'>utique</span> <span class='ocrx_word' id='word_1_148' title='bbox 1741 2059 2031 2128; x_wconf 77' lang='lat' dir='ltr'>perfectio</span> 
     </span>
    </p>
   </div>
   <div class='ocr_carea' id='block_1_23' title="bbox 370 2142 2031 2218">
    <p class='ocr_par' dir='ltr' id='par_1_23' title="bbox 370 2142 2031 2218">
     <span class='ocr_line' id='line_1_23' title="bbox 370 2142 2031 2218; baseline 0.004 -20"><span class='ocrx_word' id='word_1_149' title='bbox 370 2142 668 2199; x_wconf 87' lang='lat' dir='ltr'>libertatis</span> <span class='ocrx_word' id='word_1_150' title='bbox 676 2148 815 2212; x_wconf 90' lang='lat' dir='ltr'>post</span> <span class='ocrx_word' id='word_1_151' title='bbox 830 2142 1111 2200; x_wconf 87' lang='lat' dir='ltr'>mandati</span> <span class='ocrx_word' id='word_1_152' title='bbox 1135 2143 1466 2200; x_wconf 86' lang='lat' dir='ltr'>custodiam</span> <span class='ocrx_word' id='word_1_153' title='bbox 1489 2145 1864 2218; x_wconf 88' lang='lat' dir='ltr'>impleretur,</span> <span class='ocrx_word' id='word_1_154' title='bbox 1887 2147 2031 2204; x_wconf 85' lang='lat' dir='ltr'>dum</span> 
     </span>
    </p>
   </div>
   <div class='ocr_carea' id='block_1_24' title="bbox 368 2232 1707 2305">
    <p class='ocr_par' dir='ltr' id='par_1_24' title="bbox 368 2232 1707 2305">
     <span class='ocr_line' id='line_1_24' title="bbox 368 2232 1707 2305; baseline 0.001 -16"><span class='ocrx_word' id='word_1_155' title='bbox 368 2232 423 2289; x_wconf 91' lang='lat' dir='ltr'>ei</span> <span class='ocrx_word' id='word_1_156' title='bbox 445 2232 744 2303; x_wconf 84' lang='lat' dir='ltr'>peccandi</span> <span class='ocrx_word' id='word_1_157' title='bbox 761 2232 1042 2289; x_wconf 89' lang='lat' dir='ltr'>voluntas</span> <span class='ocrx_word' id='word_1_158' title='bbox 1061 2234 1307 2302; x_wconf 87' lang='lat' dir='ltr'>penitus</span> <span class='ocrx_word' id='word_1_159' title='bbox 1335 2234 1707 2305; x_wconf 83' lang='lat' dir='ltr'>auferretur.</span> 
     </span>
    </p>
   </div>
   <div class='ocr_carea' id='block_1_25' title="bbox 1039 2354 1361 2398">
    <p class='ocr_par' dir='ltr' id='par_1_25' title="bbox 1039 2354 1361 2398">
     <span class='ocr_line' id='line_1_25' title="bbox 1039 2354 1361 2398; baseline -0.003 -2"><span class='ocrx_word' id='word_1_160' title='bbox 1039 2354 1361 2398; x_wconf 78' lang='lat' dir='ltr'>CORRECTIO.</span> 
     </span>
    </p>
   </div>
   <div class='ocr_carea' id='block_1_26' title="bbox 437 2444 2033 2523">
    <p class='ocr_par' dir='ltr' id='par_1_26' title="bbox 437 2444 2033 2523">
     <span class='ocr_line' id='line_1_26' title="bbox 437 2444 2033 2523; baseline 0.004 -22"><span class='ocrx_word' id='word_1_161' title='bbox 437 2448 479 2516; x_wconf 68' lang='grc' dir='ltr'>-ι-</span> <span class='ocrx_word' id='word_1_162' title='bbox 504 2444 733 2503; x_wconf 86' lang='lat' dir='ltr'>Videris</span> <span class='ocrx_word' id='word_1_163' title='bbox 790 2446 1128 2520; x_wconf 90' lang='lat' dir='ltr'>primorum</span> <span class='ocrx_word' id='word_1_164' title='bbox 1153 2447 1343 2504; x_wconf 83' lang='lat' dir='ltr'>nostri</span> <span class='ocrx_word' id='word_1_165' title='bbox 1371 2448 1606 2518; x_wconf 81' lang='lat' dir='ltr'>generis</span> <span class='ocrx_word' id='word_1_166' title='bbox 1661 2455 2033 2523; x_wconf 83' lang='lat' dir='ltr'>propagato-</span> 
     </span>
    </p>
   </div>
   <div class='ocr_carea' id='block_1_27' title="bbox 366 2537 2034 2614">
    <p class='ocr_par' dir='ltr' id='par_1_27' title="bbox 366 2537 2034 2614">
     <span class='ocr_line' id='line_1_27' title="bbox 366 2537 2034 2614; baseline 0.003 -21"><span class='ocrx_word' id='word_1_167' title='bbox 366 2552 506 2594; x_wconf 91' lang='lat' dir='ltr'>rum</span> <span class='ocrx_word' id='word_1_168' title='bbox 537 2537 709 2610; x_wconf 87' lang='lat' dir='ltr'>sequi</span> <span class='ocrx_word' id='word_1_169' title='bbox 734 2538 1113 2608; x_wconf 90' lang='lat' dir='ltr'>sententiam,</span> <span class='ocrx_word' id='word_1_170' title='bbox 1144 2538 1250 2611; x_wconf 91' lang='lat' dir='ltr'>qui</span> <span class='ocrx_word' id='word_1_171' title='bbox 1276 2553 1416 2594; x_wconf 89' lang='lat' dir='ltr'>cum</span> <span class='ocrx_word' id='word_1_172' title='bbox 1448 2538 1756 2596; x_wconf 85' lang='lat' dir='ltr'>voluntate</span> <span class='ocrx_word' id='word_1_173' title='bbox 1786 2541 2034 2614; x_wconf 90' lang='lat' dir='ltr'>propria</span> 
     </span>
    </p>
   </div>
   <div class='ocr_carea' id='block_1_28' title="bbox 369 2625 2033 2699">
    <p class='ocr_par' dir='ltr' id='par_1_28' title="bbox 369 2625 2033 2699">
     <span class='ocr_line' id='line_1_28' title="bbox 369 2625 2033 2699; baseline 0.003 -17"><span class='ocrx_word' id='word_1_174' title='bbox 369 2626 807 2699; x_wconf 88' lang='lat' dir='ltr'>peccavissent,</span> <span class='ocrx_word' id='word_1_175' title='bbox 864 2642 1113 2684; x_wconf 86' lang='lat' dir='ltr'>causam</span> <span class='ocrx_word' id='word_1_176' title='bbox 1143 2625 1206 2683; x_wconf 90' lang='lat' dir='ltr'>in</span> <span class='ocrx_word' id='word_1_177' title='bbox 1255 2630 1443 2683; x_wconf 91' lang='lat' dir='ltr'>Deum</span> <span class='ocrx_word' id='word_1_178' title='bbox 1474 2629 1905 2685; x_wconf 89' lang='lat' dir='ltr'>contumaciter</span> <span class='ocrx_word' id='word_1_179' title='bbox 1940 2647 2033 2687; x_wconf 89' lang='lat' dir='ltr'>re-</span> 
     </span>
    </p>
   </div>
   <div class='ocr_carea' id='block_1_29' title="bbox 374 2716 2034 2791">
    <p class='ocr_par' dir='ltr' id='par_1_29' title="bbox 374 2716 2034 2791">
     <span class='ocr_line' id='line_1_29' title="bbox 374 2716 2034 2791; baseline 0.002 -18"><span class='ocrx_word' id='word_1_180' title='bbox 374 2720 693 2773; x_wconf 89' lang='lat' dir='ltr'>torserunt.</span> <span class='ocrx_word' id='word_1_181' title='bbox 723 2719 873 2772; x_wconf 89' lang='lat' dir='ltr'>Nam</span> <span class='ocrx_word' id='word_1_182' title='bbox 897 2716 1263 2785; x_wconf 88' lang='lat' dir='ltr'>interrogata</span> <span class='ocrx_word' id='word_1_183' title='bbox 1287 2716 1502 2773; x_wconf 88' lang='lat' dir='ltr'>mulier</span> <span class='ocrx_word' id='word_1_184' title='bbox 1522 2719 1861 2791; x_wconf 87' lang='lat' dir='ltr'>respondit:</span> <span class='ocrx_word' id='word_1_185' title='bbox 1891 2721 2034 2777; x_wconf 90' lang='lat' dir='ltr'>Ser-</span> 
     </span>
    </p>
   </div>
   <div class='ocr_carea' id='block_1_30' title="bbox 372 2806 2030 2879">
    <p class='ocr_par' dir='ltr' id='par_1_30' title="bbox 372 2806 2030 2879">
     <span class='ocr_line' id='line_1_30' title="bbox 372 2806 2030 2879; baseline 0.004 -16"><span class='ocrx_word' id='word_1_186' title='bbox 372 2822 521 2877; x_wconf 90' lang='lat' dir='ltr'>pens</span> <span class='ocrx_word' id='word_1_187' title='bbox 552 2806 779 2876; x_wconf 83' lang='lat' dir='ltr'>decepit</span> <span class='ocrx_word' id='word_1_188' title='bbox 803 2821 915 2872; x_wconf 89' lang='lat' dir='ltr'>me,</span> <span class='ocrx_word' id='word_1_189' title='bbox 931 2811 985 2863; x_wconf 90' lang='lat' dir='ltr'>et</span> <span class='ocrx_word' id='word_1_190' title='bbox 1013 2806 1243 2863; x_wconf 88' lang='lat' dir='ltr'>comedi</span> <span class='ocrx_word' id='word_1_191' title='bbox 1261 2806 1425 2878; x_wconf 88' lang='lat' dir='ltr'>(Gen.</span> <span class='ocrx_word' id='word_1_192' title='bbox 1451 2823 1531 2876; x_wconf 86' lang='lat' dir='ltr'>In,</span> <span class='ocrx_word' id='word_1_193' title='bbox 1557 2807 1663 2879; x_wconf 78' lang='grc'><strong>14).</strong></span> <span class='ocrx_word' id='word_1_194' title='bbox 1680 2808 1777 2865; x_wconf 90' lang='lat' dir='ltr'>Vir</span> <span class='ocrx_word' id='word_1_195' title='bbox 1794 2814 2030 2869; x_wconf 92' lang='lat' dir='ltr'>autem:</span> 
     </span>
    </p>
   </div>
   <div class='ocr_carea' id='block_1_31' title="bbox 370 2895 2034 2969">
    <p class='ocr_par' dir='ltr' id='par_1_31' title="bbox 370 2895 2034 2969">
     <span class='ocr_line' id='line_1_31' title="bbox 370 2895 2034 2969; baseline 0.004 -17"><span class='ocrx_word' id='word_1_196' title='bbox 370 2896 599 2952; x_wconf 84' lang='lat' dir='ltr'>Mulier</span> <span class='ocrx_word' id='word_1_197' title='bbox 624 2910 804 2967; x_wconf 86' lang='lat' dir='ltr'>quam</span> <span class='ocrx_word' id='word_1_198' title='bbox 856 2895 1077 2952; x_wconf 87' lang='lat' dir='ltr'>dedisti</span> <span class='ocrx_word' id='word_1_199' title='bbox 1120 2896 1273 2954; x_wconf 75' lang='lat' dir='ltr'>mihi</span> <span class='ocrx_word' id='word_1_200' title='bbox 1315 2898 1561 2969; x_wconf 84' lang='lat' dir='ltr'>sociam,</span> <span class='ocrx_word' id='word_1_201' title='bbox 1592 2899 1758 2956; x_wconf 86' lang='lat' dir='ltr'>dedit</span> <span class='ocrx_word' id='word_1_202' title='bbox 1803 2901 1955 2959; x_wconf 89' lang='lat' dir='ltr'>mihi</span> <span class='ocrx_word' id='word_1_203' title='bbox 1977 2909 2034 2960; x_wconf 92' lang='lat' dir='ltr'>et</span> 
     </span>
    </p>
   </div>
   <div class='ocr_carea' id='block_1_32' title="bbox 371 2984 2033 3062">
    <p class='ocr_par' dir='ltr' id='par_1_32' title="bbox 371 2984 2033 3062">
     <span class='ocr_line' id='line_1_32' title="bbox 371 2984 2033 3062; baseline 0.004 -21"><span class='ocrx_word' id='word_1_204' title='bbox 371 2984 601 3042; x_wconf 89' lang='lat' dir='ltr'>comedi</span> <span class='ocrx_word' id='word_1_205' title='bbox 629 2984 827 3056; x_wconf 89' lang='lat' dir='ltr'>(Ibid.,</span> <span class='ocrx_word' id='word_1_206' title='bbox 862 2984 967 3055; x_wconf 83' lang='lat' dir='ltr'>t2).</span> <span class='ocrx_word' id='word_1_207' title='bbox 1010 2984 1305 3042; x_wconf 88' lang='lat' dir='ltr'>Nimirum</span> <span class='ocrx_word' id='word_1_208' title='bbox 1349 3001 1421 3043; x_wconf 90' lang='lat' dir='ltr'>eo</span> <span class='ocrx_word' id='word_1_209' title='bbox 1466 3003 1592 3044; x_wconf 66' lang='lat' dir='ltr'>suae</span> <span class='ocrx_word' id='word_1_210' title='bbox 1617 2990 2033 3062; x_wconf 88' lang='lat' dir='ltr'>responsionis</span> 
     </span>
    </p>
   </div>
   <div class='ocr_carea' id='block_1_33' title="bbox 2133 481 2968 556">
    <p class='ocr_par' dir='ltr' id='par_1_33' title="bbox 2133 481 2968 556">
     <span class='ocr_line' id='line_1_33' title="bbox 2133 481 2968 556; baseline 0.002 -18"><span class='ocrx_word' id='word_1_211' title='bbox 2133 481 2342 556; x_wconf 88' lang='lat' dir='ltr'>lapsus</span> <span class='ocrx_word' id='word_1_212' title='bbox 2373 500 2506 542; x_wconf 89' lang='lat' dir='ltr'>esse</span> <span class='ocrx_word' id='word_1_213' title='bbox 2536 484 2829 541; x_wconf 88' lang='lat' dir='ltr'>dicendus</span> <span class='ocrx_word' id='word_1_214' title='bbox 2858 487 2968 541; x_wconf 89' lang='lat' dir='ltr'>est.</span> 
     </span>
    </p>
   </div>
   <div class='ocr_carea' id='block_1_34' title="bbox 2209 572 3820 647">
    <p class='ocr_par' dir='ltr' id='par_1_34' title="bbox 2209 572 3820 647">
     <span class='ocr_line' id='line_1_34' title="bbox 2209 572 3820 647; baseline 0.002 -19"><span class='ocrx_word' id='word_1_215' title='bbox 2209 573 2451 629; x_wconf 80' lang='lat' dir='ltr'>Constat</span> <span class='ocrx_word' id='word_1_216' title='bbox 2491 573 2672 643; x_wconf 85' lang='lat' dir='ltr'>igitur</span> <span class='ocrx_word' id='word_1_217' title='bbox 2722 572 3190 645; x_wconf 88' lang='lat' dir='ltr'>imperfectionis</span> <span class='ocrx_word' id='word_1_218' title='bbox 3221 573 3449 630; x_wconf 89' lang='lat' dir='ltr'>auctori</span> <span class='ocrx_word' id='word_1_219' title='bbox 3474 573 3820 647; x_wconf 89' lang='lat' dir='ltr'>deputetur</span> 
     </span>
    </p>
   </div>
   <div class='ocr_carea' id='block_1_35' title="bbox 2134 659 3813 735">
    <p class='ocr_par' dir='ltr' id='par_1_35' title="bbox 2134 659 3813 735">
     <span class='ocr_line' id='line_1_35' title="bbox 2134 659 3813 735; baseline 0.003 -19"><span class='ocrx_word' id='word_1_220' title='bbox 2134 659 2433 734; x_wconf 90' lang='lat' dir='ltr'>quidquid</span> <span class='ocrx_word' id='word_1_221' title='bbox 2460 660 2929 735; x_wconf 85' lang='lat' dir='ltr'>imperfectionis</span> <span class='ocrx_word' id='word_1_222' title='bbox 2948 661 3306 719; x_wconf 90' lang='lat' dir='ltr'>necessitate</span> <span class='ocrx_word' id='word_1_223' title='bbox 3328 667 3651 735; x_wconf 85' lang='lat' dir='ltr'>peccatum</span> <span class='ocrx_word' id='word_1_224' title='bbox 3677 667 3813 721; x_wconf 87' lang='lat' dir='ltr'>est:</span> 
     </span>
    </p>
   </div>
   <div class='ocr_carea' id='block_1_36' title="bbox 2134 749 3821 825">
    <p class='ocr_par' dir='ltr' id='par_1_36' title="bbox 2134 749 3821 825">
     <span class='ocr_line' id='line_1_36' title="bbox 2134 749 3821 825; baseline 0.002 -19"><span class='ocrx_word' id='word_1_225' title='bbox 2134 750 2303 823; x_wconf 92' lang='lat' dir='ltr'>quod</span> <span class='ocrx_word' id='word_1_226' title='bbox 2330 750 2475 825; x_wconf 85' lang='lat' dir='ltr'>quia</span> <span class='ocrx_word' id='word_1_227' title='bbox 2501 750 3031 823; x_wconf 85' lang='lat' dir='ltr'>absurdissimum,</span> <span class='ocrx_word' id='word_1_228' title='bbox 3056 749 3180 807; x_wconf 90' lang='lat' dir='ltr'>imo</span> <span class='ocrx_word' id='word_1_229' title='bbox 3204 750 3504 808; x_wconf 83' lang='lat' dir='ltr'>nefarium</span> <span class='ocrx_word' id='word_1_230' title='bbox 3560 757 3654 809; x_wconf 92' lang='lat' dir='ltr'>est</span> <span class='ocrx_word' id='word_1_231' title='bbox 3683 769 3821 809; x_wconf 89' lang='lat' dir='ltr'>cre-</span> 
     </span>
    </p>
   </div>
   <div class='ocr_carea' id='block_1_37' title="bbox 2136 838 3819 912">
    <p class='ocr_par' dir='ltr' id='par_1_37' title="bbox 2136 838 3819 912">
     <span class='ocr_line' id='line_1_37' title="bbox 2136 838 3819 912; baseline 0.002 -17"><span class='ocrx_word' id='word_1_232' title='bbox 2136 838 2299 904; x_wconf 89' lang='lat' dir='ltr'>dere,</span> <span class='ocrx_word' id='word_1_233' title='bbox 2330 843 2515 896; x_wconf 88' lang='lat' dir='ltr'>restat</span> <span class='ocrx_word' id='word_1_234' title='bbox 2535 842 2600 896; x_wconf 92' lang='lat' dir='ltr'>ut</span> <span class='ocrx_word' id='word_1_235' title='bbox 2623 838 2936 896; x_wconf 87' lang='lat' dir='ltr'>hominem</span> <span class='ocrx_word' id='word_1_236' title='bbox 2961 843 3018 896; x_wconf 92' lang='lat' dir='ltr'>et</span> <span class='ocrx_word' id='word_1_237' title='bbox 3045 839 3377 912; x_wconf 89' lang='lat' dir='ltr'>perfectum</span> <span class='ocrx_word' id='word_1_238' title='bbox 3404 840 3730 897; x_wconf 84' lang='lat' dir='ltr'>conditum</span> <span class='ocrx_word' id='word_1_239' title='bbox 3754 847 3819 898; x_wconf 88' lang='lat' dir='ltr'>et</span> 
     </span>
    </p>
   </div>
   <div class='ocr_carea' id='block_1_38' title="bbox 2135 928 3819 1004">
    <p class='ocr_par' dir='ltr' id='par_1_38' title="bbox 2135 928 3819 1004">
     <span class='ocr_line' id='line_1_38' title="bbox 2135 928 3819 1004; baseline 0.001 -18"><span class='ocrx_word' id='word_1_240' title='bbox 2135 928 2460 986; x_wconf 87' lang='lat' dir='ltr'>voluntatis</span> <span class='ocrx_word' id='word_1_241' title='bbox 2487 929 2757 986; x_wconf 86' lang='lat' dir='ltr'>libertate</span> <span class='ocrx_word' id='word_1_242' title='bbox 2783 928 3057 986; x_wconf 87' lang='lat' dir='ltr'>mandati</span> <span class='ocrx_word' id='word_1_243' title='bbox 3083 929 3420 986; x_wconf 87' lang='lat' dir='ltr'>custodiam</span> <span class='ocrx_word' id='word_1_244' title='bbox 3445 931 3819 1004; x_wconf 68' lang='lat' dir='ltr'>prtevarica-</span> 
     </span>
    </p>
   </div>
   <div class='ocr_carea' id='block_1_39' title="bbox 2137 1018 3816 1094">
    <p class='ocr_par' dir='ltr' id='par_1_39' title="bbox 2137 1018 3816 1094">
     <span class='ocr_line' id='line_1_39' title="bbox 2137 1018 3816 1094; baseline 0.002 -19"><span class='ocrx_word' id='word_1_245' title='bbox 2137 1023 2264 1075; x_wconf 90' lang='lat' dir='ltr'>tum</span> <span class='ocrx_word' id='word_1_246' title='bbox 2289 1035 2418 1075; x_wconf 89' lang='lat' dir='ltr'>esse</span> <span class='ocrx_word' id='word_1_247' title='bbox 2443 1018 2760 1077; x_wconf 79' lang='lat' dir='ltr'>fateamur.</span> <span class='ocrx_word' id='word_1_248' title='bbox 2793 1019 2851 1077; x_wconf 89' lang='lat' dir='ltr'>Si</span> <span class='ocrx_word' id='word_1_249' title='bbox 2871 1018 3030 1076; x_wconf 86' lang='lat' dir='ltr'>enim</span> <span class='ocrx_word' id='word_1_250' title='bbox 3056 1020 3404 1094; x_wconf 88' lang='lat' dir='ltr'>imperfecta</span> <span class='ocrx_word' id='word_1_251' title='bbox 3429 1020 3679 1078; x_wconf 86' lang='lat' dir='ltr'>libertas</span> <span class='ocrx_word' id='word_1_252' title='bbox 3694 1038 3816 1078; x_wconf 82' lang='lat' dir='ltr'>vo-</span> 
     </span>
    </p>
   </div>
   <div class='ocr_carea' id='block_1_40' title="bbox 2135 1108 3810 1183">
    <p class='ocr_par' dir='ltr' id='par_1_40' title="bbox 2135 1108 3810 1183">
     <span class='ocr_line' id='line_1_40' title="bbox 2135 1108 3810 1183; baseline 0.002 -19"><span class='ocrx_word' id='word_1_253' title='bbox 2135 1108 2378 1164; x_wconf 84' lang='lat' dir='ltr'>luntatis</span> <span class='ocrx_word' id='word_1_254' title='bbox 2408 1113 2496 1165; x_wconf 91' lang='lat' dir='ltr'>est</span> <span class='ocrx_word' id='word_1_255' title='bbox 2524 1108 2688 1181; x_wconf 88' lang='lat' dir='ltr'>data,</span> <span class='ocrx_word' id='word_1_256' title='bbox 2720 1125 2969 1183; x_wconf 86' lang='lat' dir='ltr'>prorsus</span> <span class='ocrx_word' id='word_1_257' title='bbox 3017 1125 3128 1166; x_wconf 89' lang='lat' dir='ltr'>nec</span> <span class='ocrx_word' id='word_1_258' title='bbox 3170 1109 3357 1167; x_wconf 86' lang='lat' dir='ltr'>libera</span> <span class='ocrx_word' id='word_1_259' title='bbox 3383 1114 3471 1167; x_wconf 91' lang='lat' dir='ltr'>est</span> <span class='ocrx_word' id='word_1_260' title='bbox 3495 1111 3767 1167; x_wconf 84' lang='lat' dir='ltr'>dicenda</span> <span class='ocrx_word' id='word_1_261' title='bbox 3796 1131 3810 1168; x_wconf 92' lang='lat'>:</span> 
     </span>
    </p>
   </div>
   <div class='ocr_carea' id='block_1_41' title="bbox 2138 1198 3815 1272">
    <p class='ocr_par' dir='ltr' id='par_1_41' title="bbox 2138 1198 3815 1272">
     <span class='ocr_line' id='line_1_41' title="bbox 2138 1198 3815 1272; baseline 0.001 -17"><span class='ocrx_word' id='word_1_262' title='bbox 2138 1198 2336 1255; x_wconf 88' lang='lat' dir='ltr'>omnis</span> <span class='ocrx_word' id='word_1_263' title='bbox 2364 1199 2525 1254; x_wconf 90' lang='lat' dir='ltr'>enim</span> <span class='ocrx_word' id='word_1_264' title='bbox 2554 1198 2705 1254; x_wconf 84' lang='lat' dir='ltr'>liber</span> <span class='ocrx_word' id='word_1_265' title='bbox 2736 1202 2841 1255; x_wconf 88' lang='lat' dir='ltr'>aut</span> <span class='ocrx_word' id='word_1_266' title='bbox 2867 1198 3128 1272; x_wconf 86' lang='lat' dir='ltr'>perfecte</span> <span class='ocrx_word' id='word_1_267' title='bbox 3155 1198 3307 1256; x_wconf 89' lang='lat' dir='ltr'>liber</span> <span class='ocrx_word' id='word_1_268' title='bbox 3332 1204 3440 1266; x_wconf 90' lang='lat' dir='ltr'>est,</span> <span class='ocrx_word' id='word_1_269' title='bbox 3468 1204 3571 1257; x_wconf 88' lang='lat' dir='ltr'>aut</span> <span class='ocrx_word' id='word_1_270' title='bbox 3596 1202 3646 1256; x_wconf 94' lang='lat' dir='ltr'>si</span> <span class='ocrx_word' id='word_1_271' title='bbox 3678 1216 3815 1257; x_wconf 90' lang='lat' dir='ltr'>non</span> 
     </span>
    </p>
   </div>
   <div class='ocr_carea' id='block_1_42' title="bbox 2136 1287 3818 1361">
    <p class='ocr_par' dir='ltr' id='par_1_42' title="bbox 2136 1287 3818 1361">
     <span class='ocr_line' id='line_1_42' title="bbox 2136 1287 3818 1361; baseline 0.002 -19"><span class='ocrx_word' id='word_1_272' title='bbox 2136 1287 2413 1360; x_wconf 87' lang='lat' dir='ltr'>perfecte,</span> <span class='ocrx_word' id='word_1_273' title='bbox 2438 1287 2704 1361; x_wconf 84' lang='lat' dir='ltr'>profecto</span> <span class='ocrx_word' id='word_1_274' title='bbox 2733 1303 2844 1343; x_wconf 91' lang='lat' dir='ltr'>nec</span> <span class='ocrx_word' id='word_1_275' title='bbox 2869 1287 3019 1344; x_wconf 88' lang='lat' dir='ltr'>liber</span> <span class='ocrx_word' id='word_1_276' title='bbox 3047 1306 3060 1344; x_wconf 91' lang='lat'><strong>:</strong></span> <span class='ocrx_word' id='word_1_277' title='bbox 3094 1287 3406 1361; x_wconf 90' lang='lat' dir='ltr'>quomodo</span> <span class='ocrx_word' id='word_1_278' title='bbox 3432 1288 3591 1345; x_wconf 91' lang='lat' dir='ltr'>enim</span> <span class='ocrx_word' id='word_1_279' title='bbox 3652 1289 3818 1346; x_wconf 89' lang='lat' dir='ltr'>liber</span> 
     </span>
    </p>
   </div>
   <div class='ocr_carea' id='block_1_43' title="bbox 2138 1375 3818 1450">
    <p class='ocr_par' dir='ltr' id='par_1_43' title="bbox 2138 1375 3818 1450">
     <span class='ocr_line' id='line_1_43' title="bbox 2138 1375 3818 1450; baseline 0.001 -18"><span class='ocrx_word' id='word_1_280' title='bbox 2138 1380 2246 1444; x_wconf 89' lang='lat' dir='ltr'>est,</span> <span class='ocrx_word' id='word_1_281' title='bbox 2277 1376 2382 1450; x_wconf 90' lang='lat' dir='ltr'>qui</span> <span class='ocrx_word' id='word_1_282' title='bbox 2412 1375 2615 1449; x_wconf 89' lang='lat' dir='ltr'>aliqua</span> <span class='ocrx_word' id='word_1_283' title='bbox 2642 1377 2735 1433; x_wconf 88' lang='lat' dir='ltr'>sui</span> <span class='ocrx_word' id='word_1_284' title='bbox 2766 1381 2936 1449; x_wconf 88' lang='lat' dir='ltr'>parte</span> <span class='ocrx_word' id='word_1_285' title='bbox 2967 1380 3058 1434; x_wconf 90' lang='lat' dir='ltr'>est</span> <span class='ocrx_word' id='word_1_286' title='bbox 3098 1377 3527 1450; x_wconf 85' lang='lat' dir='ltr'>imperfectus?</span> <span class='ocrx_word' id='word_1_287' title='bbox 3553 1381 3687 1434; x_wconf 80' lang='lat' dir='ltr'>Non</span> <span class='ocrx_word' id='word_1_288' title='bbox 3719 1382 3818 1435; x_wconf 89' lang='lat' dir='ltr'>est</span> 
     </span>
    </p>
   </div>
   <div class='ocr_carea' id='block_1_44' title="bbox 2137 1464 3815 1539">
    <p class='ocr_par' dir='ltr' id='par_1_44' title="bbox 2137 1464 3815 1539">
     <span class='ocr_line' id='line_1_44' title="bbox 2137 1464 3815 1539; baseline 0.002 -19"><span class='ocrx_word' id='word_1_289' title='bbox 2137 1465 2316 1535; x_wconf 83' lang='lat' dir='ltr'>igitur</span> <span class='ocrx_word' id='word_1_290' title='bbox 2344 1464 2747 1520; x_wconf 82' lang='lat' dir='ltr'>dubitandum</span> <span class='ocrx_word' id='word_1_291' title='bbox 2792 1465 3122 1538; x_wconf 89' lang='lat' dir='ltr'>perfectum</span> <span class='ocrx_word' id='word_1_292' title='bbox 3170 1466 3435 1539; x_wconf 88' lang='lat' dir='ltr'>primum</span> <span class='ocrx_word' id='word_1_293' title='bbox 3489 1466 3815 1523; x_wconf 87' lang='lat' dir='ltr'>hominem</span> 
     </span>
    </p>
   </div>
   <div class='ocr_carea' id='block_1_45' title="bbox 2139 1553 3814 1629">
    <p class='ocr_par' dir='ltr' id='par_1_45' title="bbox 2139 1553 3814 1629">
     <span class='ocr_line' id='line_1_45' title="bbox 2139 1553 3814 1629; baseline 0.002 -21"><span class='ocrx_word' id='word_1_294' title='bbox 2139 1554 2469 1622; x_wconf 78' lang='lat' dir='ltr'>conditum,</span> <span class='ocrx_word' id='word_1_295' title='bbox 2503 1553 2649 1610; x_wconf 87' lang='lat' dir='ltr'>nulli</span> <span class='ocrx_word' id='word_1_296' title='bbox 2704 1554 2904 1610; x_wconf 88' lang='lat' dir='ltr'>adhuc</span> <span class='ocrx_word' id='word_1_297' title='bbox 2960 1555 3137 1611; x_wconf 83' lang='lat' dir='ltr'>morti</span> <span class='ocrx_word' id='word_1_298' title='bbox 3169 1555 3523 1626; x_wconf 86' lang='lat' dir='ltr'>obnoxium,</span> <span class='ocrx_word' id='word_1_299' title='bbox 3548 1571 3688 1629; x_wconf 71' lang='lat' dir='ltr'>qum</span> <span class='ocrx_word' id='word_1_300' title='bbox 3725 1556 3814 1611; x_wconf 88' lang='lat' dir='ltr'>illi</span> 
     </span>
    </p>
   </div>
   <div class='ocr_carea' id='block_1_46' title="bbox 2139 1643 3811 1716">
    <p class='ocr_par' dir='ltr' id='par_1_46' title="bbox 2139 1643 3811 1716">
     <span class='ocr_line' id='line_1_46' title="bbox 2139 1643 3811 1716; baseline 0.001 -17"><span class='ocrx_word' id='word_1_301' title='bbox 2139 1644 2218 1699; x_wconf 91' lang='lat' dir='ltr'>ob</span> <span class='ocrx_word' id='word_1_302' title='bbox 2245 1643 2474 1716; x_wconf 87' lang='lat' dir='ltr'>peccati</span> <span class='ocrx_word' id='word_1_303' title='bbox 2504 1644 2933 1700; x_wconf 87' lang='lat' dir='ltr'>admissionem</span> <span class='ocrx_word' id='word_1_304' title='bbox 2961 1644 3121 1716; x_wconf 90' lang='lat' dir='ltr'>juste</span> <span class='ocrx_word' id='word_1_305' title='bbox 3182 1649 3271 1701; x_wconf 91' lang='lat' dir='ltr'>cst</span> <span class='ocrx_word' id='word_1_306' title='bbox 3296 1644 3624 1713; x_wconf 84' lang='lat' dir='ltr'>retributa;</span> <span class='ocrx_word' id='word_1_307' title='bbox 3661 1659 3811 1701; x_wconf 90' lang='lat' dir='ltr'>cum</span> 
     </span>
    </p>
   </div>
   <div class='ocr_carea' id='block_1_47' title="bbox 2138 1733 3814 1807">
    <p class='ocr_par' dir='ltr' id='par_1_47' title="bbox 2138 1733 3814 1807">
     <span class='ocr_line' id='line_1_47' title="bbox 2138 1733 3814 1807; baseline 0.001 -18"><span class='ocrx_word' id='word_1_308' title='bbox 2138 1738 2275 1807; x_wconf 86' lang='lat' dir='ltr'>post</span> <span class='ocrx_word' id='word_1_309' title='bbox 2305 1733 2535 1807; x_wconf 88' lang='lat' dir='ltr'>peccati</span> <span class='ocrx_word' id='word_1_310' title='bbox 2558 1733 2954 1790; x_wconf 90' lang='lat' dir='ltr'>commissum</span> <span class='ocrx_word' id='word_1_311' title='bbox 2970 1733 3100 1806; x_wconf 89' lang='lat' dir='ltr'>jam</span> <span class='ocrx_word' id='word_1_312' title='bbox 3121 1734 3302 1790; x_wconf 89' lang='lat' dir='ltr'>morti</span> <span class='ocrx_word' id='word_1_313' title='bbox 3325 1733 3621 1791; x_wconf 82' lang='lat' dir='ltr'>obnoxios</span> <span class='ocrx_word' id='word_1_314' title='bbox 3642 1733 3814 1804; x_wconf 89' lang='lat' dir='ltr'>lega-</span> 
     </span>
    </p>
   </div>
   <div class='ocr_carea' id='block_1_48' title="bbox 2138 1821 3808 1895">
    <p class='ocr_par' dir='ltr' id='par_1_48' title="bbox 2138 1821 3808 1895">
     <span class='ocr_line' id='line_1_48' title="bbox 2138 1821 3808 1895; baseline 0 -18"><span class='ocrx_word' id='word_1_315' title='bbox 2138 1838 2276 1877; x_wconf 85' lang='lat' dir='ltr'>mus</span> <span class='ocrx_word' id='word_1_316' title='bbox 2307 1822 2644 1878; x_wconf 90' lang='lat' dir='ltr'>secundum</span> <span class='ocrx_word' id='word_1_317' title='bbox 2665 1821 2999 1895; x_wconf 90' lang='lat' dir='ltr'>quemdam</span> <span class='ocrx_word' id='word_1_318' title='bbox 3029 1821 3282 1878; x_wconf 91' lang='lat' dir='ltr'>modum</span> <span class='ocrx_word' id='word_1_319' title='bbox 3304 1837 3436 1879; x_wconf 91' lang='lat' dir='ltr'>esse</span> <span class='ocrx_word' id='word_1_320' title='bbox 3465 1821 3808 1895; x_wconf 87' lang='lat' dir='ltr'>perfectos;</span> 
     </span>
    </p>
   </div>
   <div class='ocr_carea' id='block_1_49' title="bbox 2141 1908 3815 1982">
    <p class='ocr_par' dir='ltr' id='par_1_49' title="bbox 2141 1908 3815 1982">
     <span class='ocr_line' id='line_1_49' title="bbox 2141 1908 3815 1982; baseline 0.001 -18"><span class='ocrx_word' id='word_1_321' title='bbox 2141 1908 2433 1982; x_wconf 89' lang='lat' dir='ltr'>scriptum</span> <span class='ocrx_word' id='word_1_322' title='bbox 2456 1914 2549 1965; x_wconf 89' lang='lat' dir='ltr'>est</span> <span class='ocrx_word' id='word_1_323' title='bbox 2574 1909 2737 1966; x_wconf 91' lang='lat' dir='ltr'>enim</span> <span class='ocrx_word' id='word_1_324' title='bbox 2757 1910 2819 1966; x_wconf 90' lang='lat' dir='ltr'>in</span> <span class='ocrx_word' id='word_1_325' title='bbox 2850 1909 3061 1966; x_wconf 89' lang='lat' dir='ltr'>Genesi</span> <span class='ocrx_word' id='word_1_326' title='bbox 3089 1927 3102 1965; x_wconf 91' lang='lat'><strong>:</strong></span> <span class='ocrx_word' id='word_1_327' title='bbox 3128 1910 3255 1966; x_wconf 91' lang='lat' dir='ltr'>Noe</span> <span class='ocrx_word' id='word_1_328' title='bbox 3284 1910 3379 1966; x_wconf 89' lang='lat' dir='ltr'>vir</span> <span class='ocrx_word' id='word_1_329' title='bbox 3397 1912 3602 1980; x_wconf 88' lang='lat' dir='ltr'>justus</span> <span class='ocrx_word' id='word_1_330' title='bbox 3622 1916 3815 1981; x_wconf 82' lang='lat' dir='ltr'>atque</span> 
     </span>
    </p>
   </div>
   <div class='ocr_carea' id='block_1_50' title="bbox 2131 1998 3811 2071">
    <p class='ocr_par' dir='ltr' id='par_1_50' title="bbox 2131 1998 3811 2071">
     <span class='ocr_line' id='line_1_50' title="bbox 2131 1998 3811 2071; baseline 0 -17"><span class='ocrx_word' id='word_1_331' title='bbox 2131 2000 2439 2069; x_wconf 81' lang='lat' dir='ltr'>perfectus</span> <span class='ocrx_word' id='word_1_332' title='bbox 2470 1999 2637 2071; x_wconf 88' lang='lat' dir='ltr'>(Gen.</span> <span class='ocrx_word' id='word_1_333' title='bbox 2663 2015 2745 2067; x_wconf 79' lang='lat' dir='ltr'>vi,</span> <span class='ocrx_word' id='word_1_334' title='bbox 2780 2002 2872 2068; x_wconf 88' lang='lat'>9);</span> <span class='ocrx_word' id='word_1_335' title='bbox 2907 2003 2965 2055; x_wconf 91' lang='lat' dir='ltr'>et</span> <span class='ocrx_word' id='word_1_336' title='bbox 3024 1998 3316 2055; x_wconf 89' lang='lat' dir='ltr'>Dominus</span> <span class='ocrx_word' id='word_1_337' title='bbox 3368 1998 3430 2054; x_wconf 90' lang='lat' dir='ltr'>in</span> <span class='ocrx_word' id='word_1_338' title='bbox 3479 1998 3811 2069; x_wconf 81' lang='lat' dir='ltr'>Evangelia</span> 
     </span>
    </p>
   </div>
   <div class='ocr_carea' id='block_1_51' title="bbox 2138 2087 3809 2157">
    <p class='ocr_par' dir='ltr' id='par_1_51' title="bbox 2138 2087 3809 2157">
     <span class='ocr_line' id='line_1_51' title="bbox 2138 2087 3809 2157; baseline 0 -14"><span class='ocrx_word' id='word_1_339' title='bbox 2138 2090 2379 2143; x_wconf 89' lang='lat' dir='ltr'>monet:</span> <span class='ocrx_word' id='word_1_340' title='bbox 2406 2087 2611 2144; x_wconf 88' lang='lat' dir='ltr'>Estote</span> <span class='ocrx_word' id='word_1_341' title='bbox 2635 2088 2895 2157; x_wconf 83' lang='lat' dir='ltr'>perfecti</span> <span class='ocrx_word' id='word_1_342' title='bbox 2911 2088 3065 2143; x_wconf 87' lang='lat' dir='ltr'>sicut</span> <span class='ocrx_word' id='word_1_343' title='bbox 3090 2092 3146 2144; x_wconf 91' lang='lat' dir='ltr'>et</span> <span class='ocrx_word' id='word_1_344' title='bbox 3173 2088 3360 2143; x_wconf 88' lang='lat' dir='ltr'>Pater</span> <span class='ocrx_word' id='word_1_345' title='bbox 3391 2091 3583 2143; x_wconf 89' lang='lat' dir='ltr'>vester</span> <span class='ocrx_word' id='word_1_346' title='bbox 3630 2087 3809 2143; x_wconf 78' lang='lat' dir='ltr'>coele-</span> 
     </span>
    </p>
   </div>
   <div class='ocr_carea' id='block_1_52' title="bbox 2138 2175 3807 2249">
    <p class='ocr_par' dir='ltr' id='par_1_52' title="bbox 2138 2175 3807 2249">
     <span class='ocr_line' id='line_1_52' title="bbox 2138 2175 3807 2249; baseline -0.001 -17"><span class='ocrx_word' id='word_1_347' title='bbox 2138 2178 2244 2232; x_wconf 89' lang='lat' dir='ltr'>stis</span> <span class='ocrx_word' id='word_1_348' title='bbox 2282 2177 2585 2248; x_wconf 86' lang='lat' dir='ltr'>perfectus</span> <span class='ocrx_word' id='word_1_349' title='bbox 2633 2182 2719 2233; x_wconf 89' lang='lat' dir='ltr'>est</span> <span class='ocrx_word' id='word_1_350' title='bbox 2766 2177 3003 2248; x_wconf 79' lang='lat' dir='ltr'>(Matth.</span> <span class='ocrx_word' id='word_1_351' title='bbox 3042 2192 3096 2243; x_wconf 90' lang='lat' dir='ltr'>v,</span> <span class='ocrx_word' id='word_1_352' title='bbox 3139 2176 3271 2248; x_wconf 72' lang='lat'>48);</span> <span class='ocrx_word' id='word_1_353' title='bbox 3322 2180 3379 2232; x_wconf 89' lang='lat' dir='ltr'>et</span> <span class='ocrx_word' id='word_1_354' title='bbox 3446 2175 3807 2249; x_wconf 90' lang='lat' dir='ltr'>Apostolus:</span> 
     </span>
    </p>
   </div>
   <div class='ocr_carea' id='block_1_53' title="bbox 2143 2264 3807 2338">
    <p class='ocr_par' dir='ltr' id='par_1_53' title="bbox 2143 2264 3807 2338">
     <span class='ocr_line' id='line_1_53' title="bbox 2143 2264 3807 2338; baseline -0.001 -17"><span class='ocrx_word' id='word_1_355' title='bbox 2143 2265 2439 2338; x_wconf 84' lang='lat' dir='ltr'>Quotquot</span> <span class='ocrx_word' id='word_1_356' title='bbox 2454 2281 2597 2337; x_wconf 85' lang='lat' dir='ltr'>ergo</span> <span class='ocrx_word' id='word_1_357' title='bbox 2610 2265 2871 2336; x_wconf 79' lang='lat' dir='ltr'>perfecti</span> <span class='ocrx_word' id='word_1_358' title='bbox 2898 2281 3123 2334; x_wconf 91' lang='lat' dir='ltr'>sumus,</span> <span class='ocrx_word' id='word_1_359' title='bbox 3150 2264 3260 2323; x_wconf 84' lang='lat' dir='ltr'>hoc</span> <span class='ocrx_word' id='word_1_360' title='bbox 3286 2269 3588 2322; x_wconf 84' lang='lat' dir='ltr'>teneamus</span> <span class='ocrx_word' id='word_1_361' title='bbox 3612 2264 3807 2337; x_wconf 90' lang='lat' dir='ltr'>(Phil.</span> 
     </span>
    </p>
   </div>
   <div class='ocr_carea' id='block_1_54' title="bbox 2138 2352 3809 2428">
    <p class='ocr_par' dir='ltr' id='par_1_54' title="bbox 2138 2352 3809 2428">
     <span class='ocr_line' id='line_1_54' title="bbox 2138 2352 3809 2428; baseline -0.001 -17"><span class='ocrx_word' id='word_1_362' title='bbox 2138 2371 2221 2422; x_wconf 87' lang='grc' dir='ltr'>ιιι,</span> <span class='ocrx_word' id='word_1_363' title='bbox 2254 2354 2359 2426; x_wconf 83' lang='lat'>15),</span> <span class='ocrx_word' id='word_1_364' title='bbox 2393 2358 2450 2411; x_wconf 91' lang='lat' dir='ltr'>et</span> <span class='ocrx_word' id='word_1_365' title='bbox 2475 2354 2728 2427; x_wconf 91' lang='lat' dir='ltr'>reliqua.</span> <span class='ocrx_word' id='word_1_366' title='bbox 2763 2356 3007 2411; x_wconf 86' lang='lat' dir='ltr'>Constat</span> <span class='ocrx_word' id='word_1_367' title='bbox 3031 2358 3236 2411; x_wconf 90' lang='lat' dir='ltr'>autem</span> <span class='ocrx_word' id='word_1_368' title='bbox 3266 2352 3679 2428; x_wconf 88' lang='lat' dir='ltr'>superioribus</span> <span class='ocrx_word' id='word_1_369' title='bbox 3712 2353 3809 2410; x_wconf 87' lang='lat' dir='ltr'>in-</span> 
     </span>
    </p>
   </div>
   <div class='ocr_carea' id='block_1_55' title="bbox 2139 2440 3810 2515">
    <p class='ocr_par' dir='ltr' id='par_1_55' title="bbox 2139 2440 3810 2515">
     <span class='ocr_line' id='line_1_55' title="bbox 2139 2440 3810 2515; baseline 0.001 -18"><span class='ocrx_word' id='word_1_370' title='bbox 2139 2441 2352 2499; x_wconf 74' lang='lat' dir='ltr'>faustae</span> <span class='ocrx_word' id='word_1_371' title='bbox 2382 2441 2804 2515; x_wconf 88' lang='lat' dir='ltr'>disputationis</span> <span class='ocrx_word' id='word_1_372' title='bbox 2836 2445 2955 2498; x_wconf 77' lang='lat' dir='ltr'>tuae</span> <span class='ocrx_word' id='word_1_373' title='bbox 3010 2440 3284 2515; x_wconf 89' lang='lat' dir='ltr'>partibus</span> <span class='ocrx_word' id='word_1_374' title='bbox 3312 2444 3368 2497; x_wconf 92' lang='lat' dir='ltr'>te</span> <span class='ocrx_word' id='word_1_375' title='bbox 3425 2440 3714 2511; x_wconf 86' lang='lat' dir='ltr'>sategisse</span> <span class='ocrx_word' id='word_1_376' title='bbox 3741 2445 3810 2498; x_wconf 90' lang='lat' dir='ltr'>ut</span> 
     </span>
    </p>
   </div>
   <div class='ocr_carea' id='block_1_56' title="bbox 2139 2530 3801 2601">
    <p class='ocr_par' dir='ltr' id='par_1_56' title="bbox 2139 2530 3801 2601">
     <span class='ocr_line' id='line_1_56' title="bbox 2139 2530 3801 2601; baseline -0.001 -14"><span class='ocrx_word' id='word_1_377' title='bbox 2139 2530 2418 2588; x_wconf 86' lang='lat' dir='ltr'>rationali</span> <span class='ocrx_word' id='word_1_378' title='bbox 2448 2536 2757 2599; x_wconf 66' lang='lat' dir='ltr'>creaturae,</span> <span class='ocrx_word' id='word_1_379' title='bbox 2786 2530 2850 2587; x_wconf 88' lang='lat' dir='ltr'>id</span> <span class='ocrx_word' id='word_1_380' title='bbox 2880 2535 2973 2587; x_wconf 89' lang='lat' dir='ltr'>est</span> <span class='ocrx_word' id='word_1_381' title='bbox 3002 2535 3059 2587; x_wconf 90' lang='lat' dir='ltr'>et</span> <span class='ocrx_word' id='word_1_382' title='bbox 3085 2530 3314 2601; x_wconf 89' lang='lat' dir='ltr'>angelis</span> <span class='ocrx_word' id='word_1_383' title='bbox 3338 2534 3394 2587; x_wconf 89' lang='lat' dir='ltr'>et</span> <span class='ocrx_word' id='word_1_384' title='bbox 3421 2530 3801 2598; x_wconf 84' lang='lat' dir='ltr'>hominibus,</span> 
     </span>
    </p>
   </div>
   <div class='ocr_carea' id='block_1_57' title="bbox 2139 2619 3811 2690">
    <p class='ocr_par' dir='ltr' id='par_1_57' title="bbox 2139 2619 3811 2690">
     <span class='ocr_line' id='line_1_57' title="bbox 2139 2619 3811 2690; baseline -0.001 -13"><span class='ocrx_word' id='word_1_385' title='bbox 2139 2619 2395 2677; x_wconf 90' lang='lat' dir='ltr'>liberam</span> <span class='ocrx_word' id='word_1_386' title='bbox 2432 2620 2827 2690; x_wconf 90' lang='lat' dir='ltr'>voluntatem,</span> <span class='ocrx_word' id='word_1_387' title='bbox 2856 2621 2919 2677; x_wconf 90' lang='lat' dir='ltr'>id</span> <span class='ocrx_word' id='word_1_388' title='bbox 2957 2626 3049 2678; x_wconf 91' lang='lat' dir='ltr'>est</span> <span class='ocrx_word' id='word_1_389' title='bbox 3078 2620 3334 2676; x_wconf 87' lang='lat' dir='ltr'>liberum</span> <span class='ocrx_word' id='word_1_390' title='bbox 3370 2620 3682 2677; x_wconf 88' lang='lat' dir='ltr'>arbitrium</span> <span class='ocrx_word' id='word_1_391' title='bbox 3718 2636 3811 2676; x_wconf 86' lang='lat' dir='ltr'>se-</span> 
     </span>
    </p>
   </div>
   <div class='ocr_carea' id='block_1_58' title="bbox 2141 2707 3809 2781">
    <p class='ocr_par' dir='ltr' id='par_1_58' title="bbox 2141 2707 3809 2781">
     <span class='ocr_line' id='line_1_58' title="bbox 2141 2707 3809 2781; baseline -0.001 -16"><span class='ocrx_word' id='word_1_392' title='bbox 2141 2709 2411 2765; x_wconf 90' lang='lat' dir='ltr'>cundum</span> <span class='ocrx_word' id='word_1_393' title='bbox 2443 2712 2498 2765; x_wconf 91' lang='lat' dir='ltr'>te</span> <span class='ocrx_word' id='word_1_394' title='bbox 2545 2712 2813 2765; x_wconf 87' lang='lat' dir='ltr'>creatum</span> <span class='ocrx_word' id='word_1_395' title='bbox 2868 2708 3155 2764; x_wconf 89' lang='lat' dir='ltr'>divinitus</span> <span class='ocrx_word' id='word_1_396' title='bbox 3213 2707 3605 2781; x_wconf 89' lang='lat' dir='ltr'>approbares,</span> <span class='ocrx_word' id='word_1_397' title='bbox 3635 2707 3809 2781; x_wconf 90' lang='lat' dir='ltr'>quod</span> 
     </span>
    </p>
   </div>
   <div class='ocr_carea' id='block_1_59' title="bbox 2142 2797 3807 2869">
    <p class='ocr_par' dir='ltr' id='par_1_59' title="bbox 2142 2797 3807 2869">
     <span class='ocr_line' id='line_1_59' title="bbox 2142 2797 3807 2869; baseline -0.001 -14"><span class='ocrx_word' id='word_1_398' title='bbox 2142 2802 2347 2855; x_wconf 87' lang='lat' dir='ltr'>tamen</span> <span class='ocrx_word' id='word_1_399' title='bbox 2378 2798 2611 2855; x_wconf 92' lang='lat' dir='ltr'>donum</span> <span class='ocrx_word' id='word_1_400' title='bbox 2666 2798 2949 2855; x_wconf 70' lang='lat' dir='ltr'>indebitae</span> <span class='ocrx_word' id='word_1_401' title='bbox 2978 2797 3269 2869; x_wconf 88' lang='lat' dir='ltr'>largitatis</span> <span class='ocrx_word' id='word_1_402' title='bbox 3299 2797 3402 2854; x_wconf 92' lang='lat' dir='ltr'>Dei</span> <span class='ocrx_word' id='word_1_403' title='bbox 3453 2813 3592 2854; x_wconf 91' lang='lat' dir='ltr'>cum</span> <span class='ocrx_word' id='word_1_404' title='bbox 3649 2798 3807 2854; x_wconf 80' lang='lat' dir='ltr'>fides</span> 
     </span>
    </p>
   </div>
   <div class='ocr_carea' id='block_1_60' title="bbox 2143 2888 3806 2960">
    <p class='ocr_par' dir='ltr' id='par_1_60' title="bbox 2143 2888 3806 2960">
     <span class='ocr_line' id='line_1_60' title="bbox 2143 2888 3806 2960; baseline -0.001 -14"><span class='ocrx_word' id='word_1_405' title='bbox 2143 2888 2438 2946; x_wconf 89' lang='lat' dir='ltr'>catholica</span> <span class='ocrx_word' id='word_1_406' title='bbox 2466 2888 2846 2946; x_wconf 89' lang='lat' dir='ltr'>intellectuali</span> <span class='ocrx_word' id='word_1_407' title='bbox 2888 2894 3195 2957; x_wconf 74' lang='lat' dir='ltr'>creaturae,</span> <span class='ocrx_word' id='word_1_408' title='bbox 3226 2894 3283 2945; x_wconf 91' lang='lat' dir='ltr'>et</span> <span class='ocrx_word' id='word_1_409' title='bbox 3330 2888 3614 2960; x_wconf 71' lang='lat' dir='ltr'>angelicae</span> <span class='ocrx_word' id='word_1_410' title='bbox 3644 2888 3806 2945; x_wconf 84' lang='lat' dir='ltr'>vide-</span> 
     </span>
    </p>
   </div>
   <div class='ocr_carea' id='block_1_61' title="bbox 2140 2970 3806 3052">
    <p class='ocr_par' dir='ltr' id='par_1_61' title="bbox 2140 2970 3806 3052">
     <span class='ocr_line' id='line_1_61' title="bbox 2140 2970 3806 3052; baseline 0.001 -18"><span class='ocrx_word' id='word_1_411' title='bbox 2140 2970 2279 3035; x_wconf 85' lang='lat' dir='ltr'>licet</span> <span class='ocrx_word' id='word_1_412' title='bbox 2328 2983 2386 3034; x_wconf 87' lang='lat' dir='ltr'>et</span> <span class='ocrx_word' id='word_1_413' title='bbox 2431 2978 2715 3036; x_wconf 80' lang='lat' dir='ltr'>humanae</span> <span class='ocrx_word' id='word_1_414' title='bbox 2745 2979 3032 3036; x_wconf 91' lang='lat' dir='ltr'>collatum</span> <span class='ocrx_word' id='word_1_415' title='bbox 3061 2978 3365 3052; x_wconf 58' lang='lat' dir='ltr'>praedicet,</span> <span class='ocrx_word' id='word_1_416' title='bbox 3393 2978 3680 3035; x_wconf 90' lang='lat' dir='ltr'>nimirum</span> <span class='ocrx_word' id='word_1_417' title='bbox 3713 2994 3806 3036; x_wconf 87' lang='lat' dir='ltr'>se-</span> 
     </span>
    </p>
   </div>
   <div class='ocr_carea' id='block_1_62' title="bbox 369 3068 2030 3164">
    <p class='ocr_par' dir='ltr' id='par_1_62' title="bbox 369 3074 2030 3149">
     <span class='ocr_line' id='line_1_62' title="bbox 369 3074 2030 3149; baseline 0.005 -17"><span class='ocrx_word' id='word_1_418' title='bbox 369 3074 817 3132; x_wconf 87' lang='lat' dir='ltr'>contumaciam</span> <span class='ocrx_word' id='word_1_419' title='bbox 872 3074 1359 3149; x_wconf 88' lang='lat' dir='ltr'>porrigentes,ut</span> <span class='ocrx_word' id='word_1_420' title='bbox 1395 3092 1520 3134; x_wconf 89' lang='lat' dir='ltr'>non</span> <span class='ocrx_word' id='word_1_421' title='bbox 1579 3095 1702 3136; x_wconf 63' lang='lat' dir='ltr'>suae</span> <span class='ocrx_word' id='word_1_422' title='bbox 1739 3080 2030 3141; x_wconf 86' lang='lat' dir='ltr'>voluntati</span> 
     </span>
    </p>
   </div>
   <div class='ocr_carea' id='block_1_63' title="bbox 2193 3068 3806 3164">
    <p class='ocr_par' dir='ltr' id='par_1_63' title="bbox 2193 3068 3806 3143">
     <span class='ocr_line' id='line_1_63' title="bbox 2193 3068 3806 3143; baseline 0.001 -19"><span class='ocrx_word' id='word_1_423' title='bbox 2193 3068 2346 3125; x_wconf 91' lang='lat' dir='ltr'>uitur</span> <span class='ocrx_word' id='word_1_424' title='bbox 2368 3072 2435 3125; x_wconf 93' lang='lat' dir='ltr'>ut</span> <span class='ocrx_word' id='word_1_425' title='bbox 2464 3069 2744 3126; x_wconf 88' lang='lat' dir='ltr'>eamdem</span> <span class='ocrx_word' id='word_1_426' title='bbox 2788 3069 3257 3143; x_wconf 89' lang='lat' dir='ltr'>imperfectionis</span> <span class='ocrx_word' id='word_1_427' title='bbox 3283 3072 3492 3125; x_wconf 91' lang='lat' dir='ltr'>notam</span> <span class='ocrx_word' id='word_1_428' title='bbox 3520 3068 3806 3141; x_wconf 67' lang='lat' dir='ltr'>angelicae</span> 
     </span>
    </p>
   </div>
   <div class='ocr_carea' id='block_1_64' title="bbox 369 3164 2031 3241">
    <p class='ocr_par' dir='ltr' id='par_1_64' title="bbox 369 3164 2031 3241">
     <span class='ocr_line' id='line_1_64' title="bbox 369 3164 2031 3241; baseline 0.003 -18"><span class='ocrx_word' id='word_1_429' title='bbox 369 3164 614 3238; x_wconf 89' lang='lat' dir='ltr'>culpam</span> <span class='ocrx_word' id='word_1_430' title='bbox 644 3164 1175 3238; x_wconf 70' lang='lat' dir='ltr'>praevaricationis,</span> <span class='ocrx_word' id='word_1_431' title='bbox 1202 3165 1308 3222; x_wconf 91' lang='lat' dir='ltr'>sed</span> <span class='ocrx_word' id='word_1_432' title='bbox 1337 3166 1720 3241; x_wconf 89' lang='lat' dir='ltr'>dispositioni</span> <span class='ocrx_word' id='word_1_433' title='bbox 1750 3171 2031 3229; x_wconf 88' lang='lat' dir='ltr'>Condito-</span> 
     </span>
    </p>
   </div>
   <div class='ocr_carea' id='block_1_65' title="bbox 366 3253 2034 3330">
    <p class='ocr_par' dir='ltr' id='par_1_65' title="bbox 366 3253 2034 3330">
     <span class='ocr_line' id='line_1_65' title="bbox 366 3253 2034 3330; baseline 0.004 -19"><span class='ocrx_word' id='word_1_434' title='bbox 366 3254 448 3311; x_wconf 89' lang='lat' dir='ltr'>ris</span> <span class='ocrx_word' id='word_1_435' title='bbox 471 3253 860 3322; x_wconf 90' lang='lat' dir='ltr'>ascriberent,</span> <span class='ocrx_word' id='word_1_436' title='bbox 889 3253 995 3326; x_wconf 92' lang='lat' dir='ltr'>qui</span> <span class='ocrx_word' id='word_1_437' title='bbox 1026 3253 1121 3310; x_wconf 91' lang='lat' dir='ltr'>vel</span> <span class='ocrx_word' id='word_1_438' title='bbox 1149 3259 1489 3328; x_wconf 88' lang='lat' dir='ltr'>serpentem</span> <span class='ocrx_word' id='word_1_439' title='bbox 1512 3258 1798 3330; x_wconf 77' lang='lat' dir='ltr'>paradisn</span> <span class='ocrx_word' id='word_1_440' title='bbox 1837 3261 2034 3318; x_wconf 89' lang='lat' dir='ltr'>admi-</span> 
     </span>
    </p>
   </div>
   <div class='ocr_carea' id='block_1_66' title="bbox 369 3341 2037 3423">
    <p class='ocr_par' dir='ltr' id='par_1_66' title="bbox 369 3341 2037 3423">
     <span class='ocr_line' id='line_1_66' title="bbox 369 3341 2037 3423; baseline 0.004 -23"><span class='ocrx_word' id='word_1_441' title='bbox 369 3342 527 3411; x_wconf 89' lang='lat' dir='ltr'>serit,</span> <span class='ocrx_word' id='word_1_442' title='bbox 555 3341 649 3400; x_wconf 90' lang='lat' dir='ltr'>vel</span> <span class='ocrx_word' id='word_1_443' title='bbox 702 3342 1018 3401; x_wconf 86' lang='lat' dir='ltr'>mulierem</span> <span class='ocrx_word' id='word_1_444' title='bbox 1072 3343 1203 3400; x_wconf 90' lang='lat' dir='ltr'>viro</span> <span class='ocrx_word' id='word_1_445' title='bbox 1254 3344 1484 3403; x_wconf 87' lang='lat' dir='ltr'>sociam</span> <span class='ocrx_word' id='word_1_446' title='bbox 1540 3346 1809 3418; x_wconf 90' lang='lat' dir='ltr'>dederit;</span> <span class='ocrx_word' id='word_1_447' title='bbox 1857 3351 2037 3423; x_wconf 90' lang='lat' dir='ltr'>quasi</span> 
     </span>
    </p>
   </div>
   <div class='ocr_carea' id='block_1_67' title="bbox 370 3431 2034 3509">
    <p class='ocr_par' dir='ltr' id='par_1_67' title="bbox 370 3431 2034 3509">
     <span class='ocr_line' id='line_1_67' title="bbox 370 3431 2034 3509; baseline 0.005 -21"><span class='ocrx_word' id='word_1_448' title='bbox 370 3436 645 3488; x_wconf 86' lang='lat' dir='ltr'>creatura</span> <span class='ocrx_word' id='word_1_449' title='bbox 672 3431 974 3504; x_wconf 80' lang='lat' dir='ltr'>quaelibet,</span> <span class='ocrx_word' id='word_1_450' title='bbox 1002 3447 1127 3488; x_wconf 92' lang='lat' dir='ltr'>non</span> <span class='ocrx_word' id='word_1_451' title='bbox 1146 3437 1380 3490; x_wconf 75' lang='lat' dir='ltr'>naturae</span> <span class='ocrx_word' id='word_1_452' title='bbox 1402 3435 1678 3493; x_wconf 91' lang='lat' dir='ltr'>conditor</span> <span class='ocrx_word' id='word_1_453' title='bbox 1706 3443 2034 3509; x_wconf 85' lang='lat' dir='ltr'>auctorque</span> 
     </span>
    </p>
   </div>
   <div class='ocr_carea' id='block_1_68' title="bbox 372 3519 2035 3598">
    <p class='ocr_par' dir='ltr' id='par_1_68' title="bbox 372 3519 2035 3598">
     <span class='ocr_line' id='line_1_68' title="bbox 372 3519 2035 3598; baseline 0.005 -22"><span class='ocrx_word' id='word_1_454' title='bbox 372 3520 659 3595; x_wconf 69' lang='lat' dir='ltr'>praecepti</span> <span class='ocrx_word' id='word_1_455' title='bbox 691 3519 858 3576; x_wconf 89' lang='lat' dir='ltr'>solus</span> <span class='ocrx_word' id='word_1_456' title='bbox 888 3520 1229 3577; x_wconf 89' lang='lat' dir='ltr'>audiendus</span> <span class='ocrx_word' id='word_1_457' title='bbox 1273 3524 1739 3598; x_wconf 89' lang='lat' dir='ltr'>sequendusque</span> <span class='ocrx_word' id='word_1_458' title='bbox 1790 3527 2035 3585; x_wconf 82' lang='lat' dir='ltr'>indubi-</span> 
     </span>
    </p>
   </div>
   <div class='ocr_carea' id='block_1_69' title="bbox 372 3608 2039 3680">
    <p class='ocr_par' dir='ltr' id='par_1_69' title="bbox 372 3608 2039 3680">
     <span class='ocr_line' id='line_1_69' title="bbox 372 3608 2039 3680; baseline 0.005 -14"><span class='ocrx_word' id='word_1_459' title='bbox 372 3612 569 3666; x_wconf 89' lang='lat' dir='ltr'>tanter</span> <span class='ocrx_word' id='word_1_460' title='bbox 592 3608 760 3677; x_wconf 90' lang='lat' dir='ltr'>foret,</span> <span class='ocrx_word' id='word_1_461' title='bbox 776 3625 917 3666; x_wconf 91' lang='lat' dir='ltr'>cum</span> <span class='ocrx_word' id='word_1_462' title='bbox 943 3610 1439 3680; x_wconf 87' lang='lat' dir='ltr'>transgressionis</span> <span class='ocrx_word' id='word_1_463' title='bbox 1461 3629 1670 3671; x_wconf 89' lang='lat' dir='ltr'>eorum</span> <span class='ocrx_word' id='word_1_464' title='bbox 1702 3632 1887 3675; x_wconf 91' lang='lat' dir='ltr'>causa</span> <span class='ocrx_word' id='word_1_465' title='bbox 1906 3617 2039 3674; x_wconf 91' lang='lat' dir='ltr'>nul-</span> 
     </span>
    </p>
   </div>
   <div class='ocr_carea' id='block_1_70' title="bbox 370 3696 2038 3776">
    <p class='ocr_par' dir='ltr' id='par_1_70' title="bbox 370 3696 2038 3776">
     <span class='ocr_line' id='line_1_70' title="bbox 370 3696 2038 3776; baseline 0.005 -21"><span class='ocrx_word' id='word_1_466' title='bbox 370 3698 432 3756; x_wconf 92' lang='lat' dir='ltr'>la</span> <span class='ocrx_word' id='word_1_467' title='bbox 462 3698 535 3755; x_wconf 91' lang='lat' dir='ltr'>sit</span> <span class='ocrx_word' id='word_1_468' title='bbox 565 3696 683 3755; x_wconf 90' lang='lat' dir='ltr'>alia</span> <span class='ocrx_word' id='word_1_469' title='bbox 738 3713 929 3771; x_wconf 89' lang='lat' dir='ltr'>quam</span> <span class='ocrx_word' id='word_1_470' title='bbox 982 3697 1185 3756; x_wconf 72' lang='lat' dir='ltr'>liberae</span> <span class='ocrx_word' id='word_1_471' title='bbox 1233 3700 1558 3758; x_wconf 87' lang='lat' dir='ltr'>voluntatis</span> <span class='ocrx_word' id='word_1_472' title='bbox 1610 3710 1946 3776; x_wconf 88' lang='lat' dir='ltr'>spontanea</span> <span class='ocrx_word' id='word_1_473' title='bbox 1975 3707 2038 3764; x_wconf 93' lang='lat' dir='ltr'>in</span> 
     </span>
    </p>
   </div>
   <div class='ocr_carea' id='block_1_71' title="bbox 370 3786 2039 3869">
    <p class='ocr_par' dir='ltr' id='par_1_71' title="bbox 370 3786 2039 3869">
     <span class='ocr_line' id='line_1_71' title="bbox 370 3786 2039 3869; baseline 0.005 -24"><span class='ocrx_word' id='word_1_474' title='bbox 370 3787 657 3845; x_wconf 87' lang='lat' dir='ltr'>inferiora</span> <span class='ocrx_word' id='word_1_475' title='bbox 685 3786 962 3846; x_wconf 87' lang='lat' dir='ltr'>deﬂexio.</span> <span class='ocrx_word' id='word_1_476' title='bbox 986 3791 1072 3846; x_wconf 91' lang='lat' dir='ltr'>Tu</span> <span class='ocrx_word' id='word_1_477' title='bbox 1100 3794 1364 3861; x_wconf 90' lang='lat' dir='ltr'>econtra,</span> <span class='ocrx_word' id='word_1_478' title='bbox 1383 3792 1529 3864; x_wconf 88' lang='lat' dir='ltr'>quia</span> <span class='ocrx_word' id='word_1_479' title='bbox 1542 3797 1800 3851; x_wconf 89' lang='lat' dir='ltr'>mortem</span> <span class='ocrx_word' id='word_1_480' title='bbox 1829 3811 2039 3869; x_wconf 85' lang='lat' dir='ltr'>corpo-</span> 
     </span>
    </p>
   </div>
   <div class='ocr_carea' id='block_1_72' title="bbox 372 3877 2069 3954">
    <p class='ocr_par' dir='ltr' id='par_1_72' title="bbox 372 3877 2069 3954">
     <span class='ocr_line' id='line_1_72' title="bbox 372 3877 2069 3954; baseline 0.005 -19"><span class='ocrx_word' id='word_1_481' title='bbox 372 3878 424 3935; x_wconf 90' lang='lat' dir='ltr'>ri</span> <span class='ocrx_word' id='word_1_482' title='bbox 452 3880 634 3950; x_wconf 87' lang='lat' dir='ltr'>atque</span> <span class='ocrx_word' id='word_1_483' title='bbox 665 3877 885 3935; x_wconf 82' lang='lat' dir='ltr'>animae</span> <span class='ocrx_word' id='word_1_484' title='bbox 915 3882 1160 3952; x_wconf 91' lang='lat' dir='ltr'>propter</span> <span class='ocrx_word' id='word_1_485' title='bbox 1183 3878 1700 3954; x_wconf 84' lang='lat' dir='ltr'>imperfectionem</span> <span class='ocrx_word' id='word_1_486' title='bbox 1718 3884 1825 3941; x_wconf 85' lang='lat' dir='ltr'>sui</span> <span class='ocrx_word' id='word_1_487' title='bbox 1856 3878 2069 3943; x_wconf 48' lang='lat' dir='ltr'>obve?</span> 
     </span>
    </p>
   </div>
   <div class='ocr_carea' id='block_1_73' title="bbox 373 3967 2043 4049">
    <p class='ocr_par' dir='ltr' id='par_1_73' title="bbox 373 3967 2043 4049">
     <span class='ocr_line' id='line_1_73' title="bbox 373 3967 2043 4049; baseline 0.005 -25"><span class='ocrx_word' id='word_1_488' title='bbox 373 3967 533 4024; x_wconf 84' lang='lat' dir='ltr'>uisse</span> <span class='ocrx_word' id='word_1_489' title='bbox 560 3967 733 4032; x_wconf 89' lang='lat' dir='ltr'>dicis,</span> <span class='ocrx_word' id='word_1_490' title='bbox 767 3982 1018 4026; x_wconf 87' lang='lat' dir='ltr'>causam</span> <span class='ocrx_word' id='word_1_491' title='bbox 1064 3971 1274 4028; x_wconf 89' lang='lat' dir='ltr'>mortis</span> <span class='ocrx_word' id='word_1_492' title='bbox 1306 3974 1426 4029; x_wconf 92' lang='lat' dir='ltr'>Deo</span> <span class='ocrx_word' id='word_1_493' title='bbox 1459 3971 1753 4046; x_wconf 86' lang='lat' dir='ltr'>assignas,</span> <span class='ocrx_word' id='word_1_494' title='bbox 1783 3975 1890 4049; x_wconf 88' lang='lat' dir='ltr'>qui</span> <span class='ocrx_word' id='word_1_495' title='bbox 1936 3977 2043 4033; x_wconf 88' lang='lat' dir='ltr'>ho-</span> 
     </span>
    </p>
   </div>
   <div class='ocr_carea' id='block_1_74' title="bbox 373 4056 2040 4133">
    <p class='ocr_par' dir='ltr' id='par_1_74' title="bbox 373 4056 2040 4133">
     <span class='ocr_line' id='line_1_74' title="bbox 373 4056 2040 4133; baseline 0.007 -20"><span class='ocrx_word' id='word_1_496' title='bbox 373 4057 602 4114; x_wconf 89' lang='lat' dir='ltr'>minem</span> <span class='ocrx_word' id='word_1_497' title='bbox 626 4056 830 4115; x_wconf 89' lang='lat' dir='ltr'>fecerit</span> <span class='ocrx_word' id='word_1_498' title='bbox 852 4058 1292 4133; x_wconf 87' lang='lat' dir='ltr'>imperfectum.</span> <span class='ocrx_word' id='word_1_499' title='bbox 1335 4062 1393 4119; x_wconf 92' lang='lat' dir='ltr'>Si</span> <span class='ocrx_word' id='word_1_500' title='bbox 1422 4063 1584 4120; x_wconf 90' lang='lat' dir='ltr'>enim</span> <span class='ocrx_word' id='word_1_501' title='bbox 1618 4066 1954 4123; x_wconf 91' lang='lat' dir='ltr'>secundum</span> <span class='ocrx_word' id='word_1_502' title='bbox 1984 4071 2040 4124; x_wconf 91' lang='lat' dir='ltr'>te</span> 
     </span>
    </p>
   </div>
   <div class='ocr_carea' id='block_1_75' title="bbox 373 4146 2042 4230">
    <p class='ocr_par' dir='ltr' id='par_1_75' title="bbox 373 4146 2042 4230">
     <span class='ocr_line' id='line_1_75' title="bbox 373 4146 2042 4230; baseline 0.008 -29"><span class='ocrx_word' id='word_1_503' title='bbox 373 4146 760 4218; x_wconf 86' lang='lat' dir='ltr'>imperfectus</span> <span class='ocrx_word' id='word_1_504' title='bbox 789 4151 881 4203; x_wconf 88' lang='lat' dir='ltr'>est</span> <span class='ocrx_word' id='word_1_505' title='bbox 924 4148 1226 4219; x_wconf 89' lang='lat' dir='ltr'>conditus,</span> <span class='ocrx_word' id='word_1_506' title='bbox 1258 4152 1528 4221; x_wconf 86' lang='lat' dir='ltr'>sequitur</span> <span class='ocrx_word' id='word_1_507' title='bbox 1555 4158 1621 4211; x_wconf 93' lang='lat' dir='ltr'>ut</span> <span class='ocrx_word' id='word_1_508' title='bbox 1673 4154 1882 4229; x_wconf 88' lang='lat' dir='ltr'>lapsus</span> <span class='ocrx_word' id='word_1_509' title='bbox 1911 4158 2042 4230; x_wconf 86' lang='lat' dir='ltr'>ejus</span> 
     </span>
    </p>
   </div>
   <div class='ocr_carea' id='block_1_76' title="bbox 376 4233 2042 4317">
    <p class='ocr_par' dir='ltr' id='par_1_76' title="bbox 376 4233 2042 4317">
     <span class='ocr_line' id='line_1_76' title="bbox 376 4233 2042 4317; baseline 0.01 -29"><span class='ocrx_word' id='word_1_510' title='bbox 376 4233 454 4290; x_wconf 88' lang='lat' dir='ltr'>de</span> <span class='ocrx_word' id='word_1_511' title='bbox 481 4233 933 4306; x_wconf 89' lang='lat' dir='ltr'>imperfectione</span> <span class='ocrx_word' id='word_1_512' title='bbox 956 4236 1223 4310; x_wconf 89' lang='lat' dir='ltr'>veniens,</span> <span class='ocrx_word' id='word_1_513' title='bbox 1254 4255 1379 4297; x_wconf 90' lang='lat' dir='ltr'>non</span> <span class='ocrx_word' id='word_1_514' title='bbox 1422 4241 1537 4316; x_wconf 91' lang='lat' dir='ltr'>ipsi</span> <span class='ocrx_word' id='word_1_515' title='bbox 1583 4242 1904 4317; x_wconf 88' lang='lat' dir='ltr'>deputetur</span> <span class='ocrx_word' id='word_1_516' title='bbox 1933 4245 2042 4303; x_wconf 90' lang='lat' dir='ltr'>sed</span> 
     </span>
    </p>
   </div>
   <div class='ocr_carea' id='block_1_77' title="bbox 379 4322 2038 4403">
    <p class='ocr_par' dir='ltr' id='par_1_77' title="bbox 379 4322 2038 4403">
     <span class='ocr_line' id='line_1_77' title="bbox 379 4322 2038 4403; baseline 0.009 -25"><span class='ocrx_word' id='word_1_517' title='bbox 379 4325 531 4379; x_wconf 90' lang='lat' dir='ltr'>Deo:</span> <span class='ocrx_word' id='word_1_518' title='bbox 556 4322 723 4395; x_wconf 91' lang='lat' dir='ltr'>quod</span> <span class='ocrx_word' id='word_1_519' title='bbox 751 4339 941 4396; x_wconf 88' lang='lat' dir='ltr'>quam</span> <span class='ocrx_word' id='word_1_520' title='bbox 967 4325 1041 4381; x_wconf 89' lang='lat' dir='ltr'>sit</span> <span class='ocrx_word' id='word_1_521' title='bbox 1062 4325 1319 4400; x_wconf 89' lang='lat' dir='ltr'>impium</span> <span class='ocrx_word' id='word_1_522' title='bbox 1350 4333 1406 4386; x_wconf 90' lang='lat' dir='ltr'>et</span> <span class='ocrx_word' id='word_1_523' title='bbox 1425 4346 1462 4388; x_wconf 89' lang='lat' dir='ltr'>a</span> <span class='ocrx_word' id='word_1_524' title='bbox 1488 4332 1731 4390; x_wconf 87' lang='lat' dir='ltr'>veritate</span> <span class='ocrx_word' id='word_1_525' title='bbox 1752 4332 2038 4403; x_wconf 89' lang='lat' dir='ltr'>alienum,</span> 
     </span>
    </p>
   </div>
   <div class='ocr_carea' id='block_1_78' title="bbox 378 4410 2039 4491">
    <p class='ocr_par' dir='ltr' id='par_1_78' title="bbox 378 4410 2039 4491">
     <span class='ocr_line' id='line_1_78' title="bbox 378 4410 2039 4491; baseline 0.009 -25"><span class='ocrx_word' id='word_1_526' title='bbox 378 4410 641 4484; x_wconf 90' lang='lat' dir='ltr'>perfecto</span> <span class='ocrx_word' id='word_1_527' title='bbox 690 4412 841 4469; x_wconf 91' lang='lat' dir='ltr'>nulli</span> <span class='ocrx_word' id='word_1_528' title='bbox 882 4413 1158 4473; x_wconf 90' lang='lat' dir='ltr'>dubitare</span> <span class='ocrx_word' id='word_1_529' title='bbox 1204 4419 1581 4491; x_wconf 87' lang='lat' dir='ltr'>permittitur.</span> <span class='ocrx_word' id='word_1_530' title='bbox 1616 4422 1786 4479; x_wconf 91' lang='lat' dir='ltr'>Fides</span> <span class='ocrx_word' id='word_1_531' title='bbox 1835 4429 2039 4481; x_wconf 90' lang='lat' dir='ltr'>autem</span> 
     </span>
    </p>
   </div>
   <div class='ocr_carea' id='block_1_79' title="bbox 380 4499 2039 4583">
    <p class='ocr_par' dir='ltr' id='par_1_79' title="bbox 380 4499 2039 4583">
     <span class='ocr_line' id='line_1_79' title="bbox 380 4499 2039 4583; baseline 0.01 -28"><span class='ocrx_word' id='word_1_532' title='bbox 380 4499 676 4558; x_wconf 89' lang='lat' dir='ltr'>catholica</span> <span class='ocrx_word' id='word_1_533' title='bbox 704 4501 1061 4561; x_wconf 90' lang='lat' dir='ltr'>inconcusse</span> <span class='ocrx_word' id='word_1_534' title='bbox 1090 4509 1250 4564; x_wconf 89' lang='lat' dir='ltr'>tenet</span> <span class='ocrx_word' id='word_1_535' title='bbox 1279 4512 1337 4566; x_wconf 91' lang='lat' dir='ltr'>et</span> <span class='ocrx_word' id='word_1_536' title='bbox 1363 4509 1672 4583; x_wconf 64' lang='lat' dir='ltr'>praedicat,</span> <span class='ocrx_word' id='word_1_537' title='bbox 1702 4512 2039 4572; x_wconf 88' lang='lat' dir='ltr'>humanam</span> 
     </span>
    </p>
   </div>
   <div class='ocr_carea' id='block_1_80' title="bbox 377 4595 2042 4670">
    <p class='ocr_par' dir='ltr' id='par_1_80' title="bbox 377 4595 2042 4670">
     <span class='ocr_line' id='line_1_80' title="bbox 377 4595 2042 4670; baseline 0.01 -24"><span class='ocrx_word' id='word_1_538' title='bbox 377 4595 661 4648; x_wconf 89' lang='lat' dir='ltr'>naturam</span> <span class='ocrx_word' id='word_1_539' title='bbox 685 4596 911 4650; x_wconf 90' lang='lat' dir='ltr'>rectam</span> <span class='ocrx_word' id='word_1_540' title='bbox 939 4599 1120 4669; x_wconf 88' lang='lat' dir='ltr'>atque</span> <span class='ocrx_word' id='word_1_541' title='bbox 1148 4597 1477 4670; x_wconf 90' lang='lat' dir='ltr'>perfectam</span> <span class='ocrx_word' id='word_1_542' title='bbox 1506 4616 1543 4658; x_wconf 90' lang='lat' dir='ltr'>a</span> <span class='ocrx_word' id='word_1_543' title='bbox 1573 4601 1850 4660; x_wconf 89' lang='lat' dir='ltr'>Creatore</span> <span class='ocrx_word' id='word_1_544' title='bbox 1876 4620 2042 4661; x_wconf 87' lang='lat' dir='ltr'>sum-</span> 
     </span>
    </p>
   </div>
   <div class='ocr_carea' id='block_1_81' title="bbox 376 4679 2041 4768">
    <p class='ocr_par' dir='ltr' id='par_1_81' title="bbox 376 4679 2041 4768">
     <span class='ocr_line' id='line_1_81' title="bbox 376 4679 2041 4768; baseline 0.01 -34"><span class='ocrx_word' id='word_1_545' title='bbox 376 4693 500 4768; x_wconf 23' lang='lat' dir='ltr'>me”</span> <span class='ocrx_word' id='word_1_546' title='bbox 523 4681 582 4737; x_wconf 89' lang='lat' dir='ltr'>et</span> <span class='ocrx_word' id='word_1_547' title='bbox 636 4679 1017 4753; x_wconf 88' lang='lat' dir='ltr'>singulariter</span> <span class='ocrx_word' id='word_1_548' title='bbox 1043 4684 1209 4744; x_wconf 89' lang='lat' dir='ltr'>bono</span> <span class='ocrx_word' id='word_1_549' title='bbox 1239 4688 1566 4759; x_wconf 90' lang='lat' dir='ltr'>conditam,</span> <span class='ocrx_word' id='word_1_550' title='bbox 1613 4691 2041 4768; x_wconf 88' lang='lat' dir='ltr'>omnibusque,</span> 
     </span>
    </p>
   </div>
   <div class='ocr_carea' id='block_1_82' title="bbox 376 4766 2046 4851">
    <p class='ocr_par' dir='ltr' id='par_1_82' title="bbox 376 4766 2046 4851">
     <span class='ocr_line' id='line_1_82' title="bbox 376 4766 2046 4851; baseline 0.011 -29"><span class='ocrx_word' id='word_1_551' title='bbox 376 4766 602 4841; x_wconf 89' lang='lat' dir='ltr'>quibus</span> <span class='ocrx_word' id='word_1_552' title='bbox 623 4785 762 4827; x_wconf 91' lang='lat' dir='ltr'>eam</span> <span class='ocrx_word' id='word_1_553' title='bbox 784 4772 1120 4831; x_wconf 90' lang='lat' dir='ltr'>secundum</span> <span class='ocrx_word' id='word_1_554' title='bbox 1140 4778 1464 4851; x_wconf 89' lang='lat' dir='ltr'>utramque</span> <span class='ocrx_word' id='word_1_555' title='bbox 1482 4778 1883 4839; x_wconf 88' lang='lat' dir='ltr'>substantiam</span> <span class='ocrx_word' id='word_1_556' title='bbox 1905 4766 2046 4840; x_wconf 74' lang='lat' dir='ltr'>con-</span> 
     </span>
    </p>
   </div>
   <div class='ocr_carea' id='block_1_83' title="bbox 377 4854 2045 4945">
    <p class='ocr_par' dir='ltr' id='par_1_83' title="bbox 377 4854 2045 4945">
     <span class='ocr_line' id='line_1_83' title="bbox 377 4854 2045 4945; baseline 0.012 -34"><span class='ocrx_word' id='word_1_557' title='bbox 377 4854 585 4913; x_wconf 85' lang='lat' dir='ltr'>sistere</span> <span class='ocrx_word' id='word_1_558' title='bbox 607 4858 922 4930; x_wconf 82' lang='lat' dir='ltr'>judicavit,</span> <span class='ocrx_word' id='word_1_559' title='bbox 952 4861 1130 4921; x_wconf 89' lang='lat' dir='ltr'>bonis</span> <span class='ocrx_word' id='word_1_560' title='bbox 1173 4865 1464 4926; x_wconf 90' lang='lat' dir='ltr'>donatam</span> <span class='ocrx_word' id='word_1_561' title='bbox 1499 4886 1513 4925; x_wconf 91' lang='lat'><strong>:</strong></span> <span class='ocrx_word' id='word_1_562' title='bbox 1544 4870 1770 4945; x_wconf 89' lang='lat' dir='ltr'>quippe</span> <span class='ocrx_word' id='word_1_563' title='bbox 1828 4872 1925 4930; x_wconf 91' lang='lat' dir='ltr'>cui</span> <span class='ocrx_word' id='word_1_564' title='bbox 1955 4888 2045 4930; x_wconf 86' lang='lat' dir='ltr'>se-</span> 
     </span>
    </p>
   </div>
   <div class='ocr_carea' id='block_1_84' title="bbox 378 4946 2043 5031">
    <p class='ocr_par' dir='ltr' id='par_1_84' title="bbox 378 4946 2043 5031">
     <span class='ocr_line' id='line_1_84' title="bbox 378 4946 2043 5031; baseline 0.013 -31"><span class='ocrx_word' id='word_1_565' title='bbox 378 4946 651 5003; x_wconf 89' lang='lat' dir='ltr'>cundum</span> <span class='ocrx_word' id='word_1_566' title='bbox 698 4965 920 5024; x_wconf 90' lang='lat' dir='ltr'>corpus</span> <span class='ocrx_word' id='word_1_567' title='bbox 940 4953 1092 5011; x_wconf 87' lang='lat' dir='ltr'>nihil</span> <span class='ocrx_word' id='word_1_568' title='bbox 1120 4956 1360 5015; x_wconf 89' lang='lat' dir='ltr'>honesti</span> <span class='ocrx_word' id='word_1_569' title='bbox 1386 4958 1594 5031; x_wconf 89' lang='lat' dir='ltr'>defuit,</span> <span class='ocrx_word' id='word_1_570' title='bbox 1629 4964 1684 5018; x_wconf 90' lang='lat' dir='ltr'>et</span> <span class='ocrx_word' id='word_1_571' title='bbox 1705 4962 2043 5020; x_wconf 90' lang='lat' dir='ltr'>secundum</span> 
     </span>
    </p>
   </div>
   <div class='ocr_carea' id='block_1_85' title="bbox 379 5032 2044 5115">
    <p class='ocr_par' dir='ltr' id='par_1_85' title="bbox 379 5032 2044 5115">
     <span class='ocr_line' id='line_1_85' title="bbox 379 5032 2044 5115; baseline 0.014 -28"><span class='ocrx_word' id='word_1_572' title='bbox 379 5032 651 5092; x_wconf 88' lang='lat' dir='ltr'>animam</span> <span class='ocrx_word' id='word_1_573' title='bbox 679 5038 829 5095; x_wconf 88' lang='lat' dir='ltr'>nihil</span> <span class='ocrx_word' id='word_1_574' title='bbox 848 5040 1080 5099; x_wconf 88' lang='lat' dir='ltr'>decoris</span> <span class='ocrx_word' id='word_1_575' title='bbox 1103 5044 1316 5115; x_wconf 87' lang='lat' dir='ltr'>abfuit,</span> <span class='ocrx_word' id='word_1_576' title='bbox 1341 5047 1496 5106; x_wconf 91' lang='lat' dir='ltr'>adeo</span> <span class='ocrx_word' id='word_1_577' title='bbox 1527 5054 1592 5107; x_wconf 94' lang='lat' dir='ltr'>ut</span> <span class='ocrx_word' id='word_1_578' title='bbox 1619 5049 1928 5110; x_wconf 85' lang='lat' dir='ltr'>liberrima</span> <span class='ocrx_word' id='word_1_579' title='bbox 1947 5068 2044 5110; x_wconf 86' lang='lat' dir='ltr'>vo-</span> 
     </span>
    </p>
   </div>
   <div class='ocr_carea' id='block_1_86' title="bbox 377 5120 2043 5204">
    <p class='ocr_par' dir='ltr' id='par_1_86' title="bbox 377 5120 2043 5204">
     <span class='ocr_line' id='line_1_86' title="bbox 377 5120 2043 5204; baseline 0.012 -26"><span class='ocrx_word' id='word_1_580' title='bbox 377 5120 608 5178; x_wconf 84' lang='lat' dir='ltr'>luntate</span> <span class='ocrx_word' id='word_1_581' title='bbox 664 5123 891 5184; x_wconf 89' lang='lat' dir='ltr'>donato</span> <span class='ocrx_word' id='word_1_582' title='bbox 921 5145 1159 5204; x_wconf 87' lang='lat' dir='ltr'>semper</span> <span class='ocrx_word' id='word_1_583' title='bbox 1186 5133 1437 5195; x_wconf 88' lang='lat' dir='ltr'>haberet</span> <span class='ocrx_word' id='word_1_584' title='bbox 1465 5137 1723 5196; x_wconf 89' lang='lat' dir='ltr'>liberum</span> <span class='ocrx_word' id='word_1_585' title='bbox 1755 5139 2043 5199; x_wconf 83' lang='lat' dir='ltr'>inhaerere</span> 
     </span>
    </p>
   </div>
   <div class='ocr_carea' id='block_1_87' title="bbox 379 5208 2043 5287">
    <p class='ocr_par' dir='ltr' id='par_1_87' title="bbox 379 5208 2043 5287">
     <span class='ocr_line' id='line_1_87' title="bbox 379 5208 2043 5287; baseline 0.015 -24"><span class='ocrx_word' id='word_1_586' title='bbox 379 5208 707 5284; x_wconf 89' lang='lat' dir='ltr'>Conditori,</span> <span class='ocrx_word' id='word_1_587' title='bbox 742 5212 792 5269; x_wconf 89' lang='lat' dir='ltr'>si</span> <span class='ocrx_word' id='word_1_588' title='bbox 822 5216 1096 5275; x_wconf 88' lang='lat' dir='ltr'>mandati</span> <span class='ocrx_word' id='word_1_589' title='bbox 1142 5223 1486 5282; x_wconf 86' lang='lat' dir='ltr'>custodiam</span> <span class='ocrx_word' id='word_1_590' title='bbox 1542 5225 1893 5286; x_wconf 89' lang='lat' dir='ltr'>obedienter</span> <span class='ocrx_word' id='word_1_591' title='bbox 1921 5245 2043 5287; x_wconf 91' lang='lat' dir='ltr'>ser-</span> 
     </span>
    </p>
   </div>
   <div class='ocr_carea' id='block_1_88' title="bbox 376 5298 2043 5386">
    <p class='ocr_par' dir='ltr' id='par_1_88' title="bbox 376 5298 2043 5386">
     <span class='ocr_line' id='line_1_88' title="bbox 376 5298 2043 5386; baseline 0.014 -32"><span class='ocrx_word' id='word_1_592' title='bbox 376 5298 642 5357; x_wconf 89' lang='lat' dir='ltr'>vavisset</span> <span class='ocrx_word' id='word_1_593' title='bbox 671 5317 686 5357; x_wconf 91' lang='lat'><strong>:</strong></span> <span class='ocrx_word' id='word_1_594' title='bbox 718 5317 791 5360; x_wconf 91' lang='lat' dir='ltr'>ac</span> <span class='ocrx_word' id='word_1_595' title='bbox 814 5319 923 5378; x_wconf 89' lang='lat' dir='ltr'>per</span> <span class='ocrx_word' id='word_1_596' title='bbox 945 5305 1062 5364; x_wconf 92' lang='lat' dir='ltr'>hoc</span> <span class='ocrx_word' id='word_1_597' title='bbox 1086 5310 1256 5368; x_wconf 90' lang='lat' dir='ltr'>nulla</span> <span class='ocrx_word' id='word_1_598' title='bbox 1280 5316 1654 5386; x_wconf 89' lang='lat' dir='ltr'>necessitate,</span> <span class='ocrx_word' id='word_1_599' title='bbox 1684 5318 1790 5375; x_wconf 87' lang='lat' dir='ltr'>scd</span> <span class='ocrx_word' id='word_1_600' title='bbox 1832 5317 2043 5376; x_wconf 89' lang='lat' dir='ltr'>volun-</span> 
     </span>
    </p>
   </div>
   <div class='ocr_carea' id='block_1_89' title="bbox 377 5387 2040 5479">
    <p class='ocr_par' dir='ltr' id='par_1_89' title="bbox 377 5387 2040 5479">
     <span class='ocr_line' id='line_1_89' title="bbox 377 5387 2040 5479; baseline 0.014 -36"><span class='ocrx_word' id='word_1_601' title='bbox 377 5387 793 5479; x_wconf 80' lang='lat' dir='ltr'>tatispropria</span> <span class='ocrx_word' id='word_1_602' title='bbox 819 5392 1092 5455; x_wconf 88' lang='lat' dir='ltr'>libertate</span> <span class='ocrx_word' id='word_1_603' title='bbox 1124 5404 1417 5473; x_wconf 87' lang='lat' dir='ltr'>peccavit,</span> <span class='ocrx_word' id='word_1_604' title='bbox 1448 5421 1636 5479; x_wconf 90' lang='lat' dir='ltr'>quam</span> <span class='ocrx_word' id='word_1_605' title='bbox 1691 5407 2040 5465; x_wconf 89' lang='lat' dir='ltr'>nullatenus</span> 
     </span>
    </p>
   </div>
   <div class='ocr_carea' id='block_1_90' title="bbox 294 5476 2041 5568">
    <p class='ocr_par' dir='ltr' id='par_1_90' title="bbox 294 5476 2041 5568">
     <span class='ocr_line' id='line_1_90' title="bbox 294 5476 2041 5568; baseline 0.007 -27"><span class='ocrx_word' id='word_1_606' title='bbox 294 5530 301 5541; x_wconf 83' lang='lat'>.</span> <span class='ocrx_word' id='word_1_607' title='bbox 375 5476 839 5568; x_wconf 80' lang='lat' dir='ltr'>evitare,</span> <span class='ocrx_word' id='word_1_608' title='bbox 869 5484 1016 5557; x_wconf 87' lang='lat' dir='ltr'>quia</span> <span class='ocrx_word' id='word_1_609' title='bbox 1053 5490 1389 5548; x_wconf 87' lang='lat' dir='ltr'>secundum</span> <span class='ocrx_word' id='word_1_610' title='bbox 1436 5476 1493 5550; x_wconf 78' lang='lat' dir='ltr'>te</span> <span class='ocrx_word' id='word_1_611' title='bbox 1522 5494 1909 5568; x_wconf 85' lang='lat' dir='ltr'>imperfectus</span> <span class='ocrx_word' id='word_1_612' title='bbox 1948 5498 2041 5554; x_wconf 86' lang='lat' dir='ltr'>est</span> 
     </span>
    </p>
   </div>
   <div class='ocr_carea' id='block_1_91' title="bbox 379 5561 2039 5657">
    <p class='ocr_par' dir='ltr' id='par_1_91' title="bbox 379 5561 2039 5657">
     <span class='ocr_line' id='line_1_91' title="bbox 379 5561 2039 5657; baseline 0.019 -43"><span class='ocrx_word' id='word_1_613' title='bbox 379 5561 657 5657; x_wconf 43' lang='lat' dir='ltr'>penditus</span> <span class='ocrx_word' id='word_1_614' title='bbox 685 5584 699 5622; x_wconf 91' lang='lat'>:</span> <span class='ocrx_word' id='word_1_615' title='bbox 730 5567 1099 5643; x_wconf 86' lang='lat' dir='ltr'>imperfectio</span> <span class='ocrx_word' id='word_1_616' title='bbox 1128 5592 1273 5649; x_wconf 92' lang='lat' dir='ltr'>ergo</span> <span class='ocrx_word' id='word_1_617' title='bbox 1305 5579 1440 5652; x_wconf 90' lang='lat' dir='ltr'>ipsa</span> <span class='ocrx_word' id='word_1_618' title='bbox 1465 5561 1809 5641; x_wconf 75' lang='lat' dir='ltr'>nccessario</span> <span class='ocrx_word' id='word_1_619' title='bbox 1838 5583 2039 5657; x_wconf 89' lang='lat' dir='ltr'>impu-</span> 
     </span>
    </p>
   </div>
   <div class='ocr_carea' id='block_1_92' title="bbox 379 5640 2036 5743">
    <p class='ocr_par' dir='ltr' id='par_1_92' title="bbox 379 5640 2036 5743">
     <span class='ocr_line' id='line_1_92' title="bbox 379 5640 2036 5743; baseline 0.02 -47"><span class='ocrx_word' id='word_1_620' title='bbox 379 5640 445 5743; x_wconf 72' lang='lat' dir='ltr'>lit</span> <span class='ocrx_word' id='word_1_621' title='bbox 467 5646 546 5743; x_wconf 76' lang='lat' dir='ltr'>ad</span> <span class='ocrx_word' id='word_1_622' title='bbox 572 5657 952 5721; x_wconf 80' lang='lat' dir='ltr'>peccandum</span> <span class='ocrx_word' id='word_1_623' title='bbox 979 5678 994 5716; x_wconf 90' lang='lat'><strong>:</strong></span> <span class='ocrx_word' id='word_1_624' title='bbox 1026 5664 1133 5735; x_wconf 89' lang='lat' dir='ltr'>qui</span> <span class='ocrx_word' id='word_1_625' title='bbox 1163 5640 1801 5743; x_wconf 36' lang='lat' dir='ltr'>enim‘imperfectione</span> <span class='ocrx_word' id='word_1_626' title='bbox 1859 5640 2036 5728; x_wconf 68' lang='lat' dir='ltr'>man-</span> 
     </span>
    </p>
   </div>
   <div class='ocr_carea' id='block_1_93' title="bbox 382 5728 2036 5836">
    <p class='ocr_par' dir='ltr' id='par_1_93' title="bbox 382 5728 2036 5836">
     <span class='ocr_line' id='line_1_93' title="bbox 382 5728 2036 5836; baseline 0.024 -53"><span class='ocrx_word' id='word_1_627' title='bbox 382 5728 594 5791; x_wconf 89' lang='lat' dir='ltr'>datum</span> <span class='ocrx_word' id='word_1_628' title='bbox 618 5744 875 5802; x_wconf 88' lang='lat' dir='ltr'>auctoris</span> <span class='ocrx_word' id='word_1_629' title='bbox 901 5728 1238 5823; x_wconf 75' lang='lat' dir='ltr'>transgredi</span> <span class='ocrx_word' id='word_1_630' title='bbox 1266 5728 1619 5831; x_wconf 63' lang='lat' dir='ltr'>compulsus</span> <span class='ocrx_word' id='word_1_631' title='bbox 1638 5764 1747 5835; x_wconf 86' lang='lat' dir='ltr'>est,</span> <span class='ocrx_word' id='word_1_632' title='bbox 1760 5761 1891 5836; x_wconf 87' lang='lat' dir='ltr'>jam</span> <span class='ocrx_word' id='word_1_633' title='bbox 1907 5776 2036 5818; x_wconf 90' lang='lat' dir='ltr'>non</span> 
     </span>
    </p>
   </div>
   <div class='ocr_carea' id='block_1_94' title="bbox 1372 5958 1463 5996">
    <p class='ocr_par' dir='ltr' id='par_1_94' title="bbox 1372 5958 1463 5996">
     <span class='ocr_line' id='line_1_94' title="bbox 1372 5958 1379 5969; baseline 0 0"><span class='ocrx_word' id='word_1_634' title='bbox 1372 5958 1379 5969; x_wconf 70' lang='grc' dir='ltr'><strong>ο</strong></span> 
     </span>
     <span class='ocr_line' id='line_1_95' title="bbox 1373 5973 1463 5996; baseline 0 0"><span class='ocrx_word' id='word_1_635' title='bbox 1373 5973 1463 5996; x_wconf 49' lang='grc' dir='ltr'>”.,⁸ι¹</span> 
     </span>
    </p>
   </div>
   <div class='ocr_carea' id='block_1_95' title="bbox 1342 5994 1479 6007">
    <p class='ocr_par' dir='ltr' id='par_1_95' title="bbox 1342 5994 1479 6007">
     <span class='ocr_line' id='line_1_96' title="bbox 1342 5994 1479 6007; baseline 0.015 -2"><span class='ocrx_word' id='word_1_636' title='bbox 1342 5997 1352 6005; x_wconf 61' lang='lat'><strong><em>1</em></strong></span> <span class='ocrx_word' id='word_1_637' title='bbox 1384 5994 1428 6007; x_wconf 58' lang='grc' dir='ltr'>ἴοι</span> <span class='ocrx_word' id='word_1_638' title='bbox 1464 5996 1479 6007; x_wconf 58' lang='grc' dir='ltr'><em>γ’</em></span> 
     </span>
    </p>
   </div>
   <div class='ocr_carea' id='block_1_96' title="bbox 2143 3159 3806 3233">
    <p class='ocr_par' dir='ltr' id='par_1_96' title="bbox 2143 3159 3806 3233">
     <span class='ocr_line' id='line_1_97' title="bbox 2143 3159 3806 3233; baseline 0.001 -17"><span class='ocrx_word' id='word_1_639' title='bbox 2143 3163 2428 3216; x_wconf 80' lang='lat' dir='ltr'>creaturae</span> <span class='ocrx_word' id='word_1_640' title='bbox 2461 3159 2704 3218; x_wconf 88' lang='lat' dir='ltr'>aduras.</span> <span class='ocrx_word' id='word_1_641' title='bbox 2731 3160 2788 3217; x_wconf 87' lang='lat' dir='ltr'>Si</span> <span class='ocrx_word' id='word_1_642' title='bbox 2818 3160 2981 3217; x_wconf 90' lang='lat' dir='ltr'>enim</span> <span class='ocrx_word' id='word_1_643' title='bbox 3005 3164 3279 3233; x_wconf 88' lang='lat' dir='ltr'>uterque,</span> <span class='ocrx_word' id='word_1_644' title='bbox 3301 3159 3551 3231; x_wconf 87' lang='lat' dir='ltr'>angelus</span> <span class='ocrx_word' id='word_1_645' title='bbox 3582 3159 3806 3217; x_wconf 89' lang='lat' dir='ltr'>scilicet</span> 
     </span>
    </p>
   </div>
   <div class='ocr_carea' id='block_1_97' title="bbox 2144 3247 3809 3319">
    <p class='ocr_par' dir='ltr' id='par_1_97' title="bbox 2144 3247 3809 3319">
     <span class='ocr_line' id='line_1_98' title="bbox 2144 3247 3809 3319; baseline 0.001 -13"><span class='ocrx_word' id='word_1_646' title='bbox 2144 3253 2201 3306; x_wconf 90' lang='lat' dir='ltr'>et</span> <span class='ocrx_word' id='word_1_647' title='bbox 2223 3249 2434 3318; x_wconf 92' lang='lat' dir='ltr'>homo,</span> <span class='ocrx_word' id='word_1_648' title='bbox 2451 3249 2709 3306; x_wconf 91' lang='lat' dir='ltr'>liberum</span> <span class='ocrx_word' id='word_1_649' title='bbox 2733 3248 3047 3306; x_wconf 90' lang='lat' dir='ltr'>arbitrium</span> <span class='ocrx_word' id='word_1_650' title='bbox 3068 3247 3340 3319; x_wconf 87' lang='lat' dir='ltr'>largitate</span> <span class='ocrx_word' id='word_1_651' title='bbox 3362 3248 3697 3306; x_wconf 89' lang='lat' dir='ltr'>Conditoris</span> <span class='ocrx_word' id='word_1_652' title='bbox 3721 3253 3809 3307; x_wconf 86' lang='lat' dir='ltr'>est</span> 
     </span>
    </p>
   </div>
   <div class='ocr_carea' id='block_1_98' title="bbox 2144 3336 3806 3410">
    <p class='ocr_par' dir='ltr' id='par_1_98' title="bbox 2144 3336 3806 3410">
     <span class='ocr_line' id='line_1_99' title="bbox 2144 3336 3806 3410; baseline 0 -17"><span class='ocrx_word' id='word_1_653' title='bbox 2144 3342 2521 3407; x_wconf 89' lang='lat' dir='ltr'>consecutus,</span> <span class='ocrx_word' id='word_1_654' title='bbox 2539 3353 2783 3394; x_wconf 91' lang='lat' dir='ltr'>necesse</span> <span class='ocrx_word' id='word_1_655' title='bbox 2805 3341 2893 3394; x_wconf 89' lang='lat' dir='ltr'>est</span> <span class='ocrx_word' id='word_1_656' title='bbox 2912 3340 3017 3395; x_wconf 89' lang='lat' dir='ltr'>aut</span> <span class='ocrx_word' id='word_1_657' title='bbox 3036 3340 3361 3410; x_wconf 90' lang='lat' dir='ltr'>utrumque</span> <span class='ocrx_word' id='word_1_658' title='bbox 3389 3336 3806 3410; x_wconf 87' lang='lat' dir='ltr'>imperfectum</span> 
     </span>
    </p>
   </div>
   <div class='ocr_carea' id='block_1_99' title="bbox 2145 3426 3810 3501">
    <p class='ocr_par' dir='ltr' id='par_1_99' title="bbox 2145 3426 3810 3501">
     <span class='ocr_line' id='line_1_100' title="bbox 2145 3426 3810 3501; baseline 0.001 -19"><span class='ocrx_word' id='word_1_659' title='bbox 2145 3443 2398 3497; x_wconf 85' lang='lat' dir='ltr'>asseras,</span> <span class='ocrx_word' id='word_1_660' title='bbox 2431 3432 2535 3485; x_wconf 90' lang='lat' dir='ltr'>aut</span> <span class='ocrx_word' id='word_1_661' title='bbox 2565 3442 2688 3484; x_wconf 93' lang='lat' dir='ltr'>non</span> <span class='ocrx_word' id='word_1_662' title='bbox 2718 3427 3030 3501; x_wconf 56' lang='lat' dir='ltr'>aequaliter</span> <span class='ocrx_word' id='word_1_663' title='bbox 3059 3426 3289 3484; x_wconf 90' lang='lat' dir='ltr'>arbitrii</span> <span class='ocrx_word' id='word_1_664' title='bbox 3312 3426 3582 3484; x_wconf 89' lang='lat' dir='ltr'>libertate</span> <span class='ocrx_word' id='word_1_665' title='bbox 3613 3426 3810 3485; x_wconf 90' lang='lat' dir='ltr'>dona-</span> 
     </span>
    </p>
   </div>
   <div class='ocr_carea' id='block_1_100' title="bbox 2145 3517 3805 3591">
    <p class='ocr_par' dir='ltr' id='par_1_100' title="bbox 2145 3517 3805 3591">
     <span class='ocr_line' id='line_1_101' title="bbox 2145 3517 3805 3591; baseline 0.001 -19"><span class='ocrx_word' id='word_1_666' title='bbox 2145 3520 2295 3587; x_wconf 86' lang='lat' dir='ltr'>tum,</span> <span class='ocrx_word' id='word_1_667' title='bbox 2326 3517 2493 3590; x_wconf 90' lang='lat' dir='ltr'>quod</span> <span class='ocrx_word' id='word_1_668' title='bbox 2523 3521 2579 3574; x_wconf 92' lang='lat' dir='ltr'>te</span> <span class='ocrx_word' id='word_1_669' title='bbox 2609 3517 2955 3575; x_wconf 89' lang='lat' dir='ltr'>nullatenus</span> <span class='ocrx_word' id='word_1_670' title='bbox 2983 3533 3118 3575; x_wconf 91' lang='lat' dir='ltr'>reor</span> <span class='ocrx_word' id='word_1_671' title='bbox 3145 3532 3461 3589; x_wconf 88' lang='lat' dir='ltr'>ausurum,</span> <span class='ocrx_word' id='word_1_672' title='bbox 3491 3517 3597 3591; x_wconf 91' lang='lat' dir='ltr'>qui</span> <span class='ocrx_word' id='word_1_673' title='bbox 3638 3517 3805 3575; x_wconf 91' lang='lat' dir='ltr'>toties</span> 
     </span>
    </p>
   </div>
   <div class='ocr_carea' id='block_1_101' title="bbox 2144 3604 3804 3680">
    <p class='ocr_par' dir='ltr' id='par_1_101' title="bbox 2144 3604 3804 3680">
     <span class='ocr_line' id='line_1_102' title="bbox 2144 3604 3804 3680; baseline 0.002 -20"><span class='ocrx_word' id='word_1_674' title='bbox 2144 3605 2396 3663; x_wconf 89' lang='lat' dir='ltr'>liberam</span> <span class='ocrx_word' id='word_1_675' title='bbox 2438 3605 2812 3663; x_wconf 86' lang='lat' dir='ltr'>voluntatem</span> <span class='ocrx_word' id='word_1_676' title='bbox 2839 3606 3152 3680; x_wconf 88' lang='lat' dir='ltr'>utriusque</span> <span class='ocrx_word' id='word_1_677' title='bbox 3181 3604 3489 3663; x_wconf 89' lang='lat' dir='ltr'>rationalis</span> <span class='ocrx_word' id='word_1_678' title='bbox 3520 3610 3804 3664; x_wconf 72' lang='lat' dir='ltr'>creaturae</span> 
     </span>
    </p>
   </div>
   <div class='ocr_carea' id='block_1_102' title="bbox 2148 3694 3805 3768">
    <p class='ocr_par' dir='ltr' id='par_1_102' title="bbox 2148 3694 3805 3768">
     <span class='ocr_line' id='line_1_103' title="bbox 2148 3694 3805 3768; baseline 0.001 -19"><span class='ocrx_word' id='word_1_679' title='bbox 2148 3694 2327 3750; x_wconf 90' lang='lat' dir='ltr'>etiam</span> <span class='ocrx_word' id='word_1_680' title='bbox 2354 3694 2490 3767; x_wconf 91' lang='lat' dir='ltr'>plus</span> <span class='ocrx_word' id='word_1_681' title='bbox 2519 3711 2707 3768; x_wconf 89' lang='lat' dir='ltr'>quam</span> <span class='ocrx_word' id='word_1_682' title='bbox 2742 3695 3067 3752; x_wconf 88' lang='lat' dir='ltr'>necessitas</span> <span class='ocrx_word' id='word_1_683' title='bbox 3094 3699 3368 3768; x_wconf 89' lang='lat' dir='ltr'>posceret</span> <span class='ocrx_word' id='word_1_684' title='bbox 3390 3694 3713 3751; x_wconf 82' lang='lat' dir='ltr'>astruxisti.</span> <span class='ocrx_word' id='word_1_685' title='bbox 3748 3695 3805 3753; x_wconf 88' lang='lat' dir='ltr'>Si</span> 
     </span>
    </p>
   </div>
   <div class='ocr_carea' id='block_1_103' title="bbox 2148 3783 3806 3857">
    <p class='ocr_par' dir='ltr' id='par_1_103' title="bbox 2148 3783 3806 3857">
     <span class='ocr_line' id='line_1_104' title="bbox 2148 3783 3806 3857; baseline 0.002 -20"><span class='ocrx_word' id='word_1_686' title='bbox 2148 3796 2291 3852; x_wconf 88' lang='lat' dir='ltr'>ergo</span> <span class='ocrx_word' id='word_1_687' title='bbox 2319 3788 2553 3840; x_wconf 89' lang='lat' dir='ltr'>constat</span> <span class='ocrx_word' id='word_1_688' title='bbox 2584 3788 2909 3857; x_wconf 88' lang='lat' dir='ltr'>utrumque</span> <span class='ocrx_word' id='word_1_689' title='bbox 2937 3783 3209 3840; x_wconf 87' lang='lat' dir='ltr'>libertate</span> <span class='ocrx_word' id='word_1_690' title='bbox 3239 3783 3557 3851; x_wconf 90' lang='lat' dir='ltr'>donatum,</span> <span class='ocrx_word' id='word_1_691' title='bbox 3576 3786 3806 3840; x_wconf 89' lang='lat' dir='ltr'>constat</span> 
     </span>
    </p>
   </div>
   <div class='ocr_carea' id='block_1_104' title="bbox 2148 3871 3804 3947">
    <p class='ocr_par' dir='ltr' id='par_1_104' title="bbox 2148 3871 3804 3947">
     <span class='ocr_line' id='line_1_105' title="bbox 2148 3871 3804 3947; baseline 0.001 -20"><span class='ocrx_word' id='word_1_692' title='bbox 2148 3875 2472 3947; x_wconf 89' lang='lat' dir='ltr'>utrumque</span> <span class='ocrx_word' id='word_1_693' title='bbox 2489 3888 2633 3944; x_wconf 91' lang='lat' dir='ltr'>non,</span> <span class='ocrx_word' id='word_1_694' title='bbox 2648 3878 2713 3929; x_wconf 92' lang='lat' dir='ltr'>ut</span> <span class='ocrx_word' id='word_1_695' title='bbox 2729 3873 3017 3945; x_wconf 89' lang='lat' dir='ltr'>somnias,</span> <span class='ocrx_word' id='word_1_696' title='bbox 3032 3872 3396 3947; x_wconf 89' lang='lat' dir='ltr'>imperfecte,</span> <span class='ocrx_word' id='word_1_697' title='bbox 3410 3871 3535 3942; x_wconf 88' lang='lat' dir='ltr'>sed,</span> <span class='ocrx_word' id='word_1_698' title='bbox 3552 3877 3617 3929; x_wconf 92' lang='lat' dir='ltr'>ut</span> <span class='ocrx_word' id='word_1_699' title='bbox 3625 3872 3804 3929; x_wconf 86' lang='lat' dir='ltr'>habet</span> 
     </span>
    </p>
   </div>
   <div class='ocr_carea' id='block_1_105' title="bbox 2148 3961 3804 4035">
    <p class='ocr_par' dir='ltr' id='par_1_105' title="bbox 2148 3961 3804 4035">
     <span class='ocr_line' id='line_1_106' title="bbox 2148 3961 3804 4035; baseline 0 -18"><span class='ocrx_word' id='word_1_700' title='bbox 2148 3961 2384 4033; x_wconf 87' lang='lat' dir='ltr'>veritas,</span> <span class='ocrx_word' id='word_1_701' title='bbox 2403 3961 2661 4035; x_wconf 85' lang='lat' dir='ltr'>perfecte</span> <span class='ocrx_word' id='word_1_702' title='bbox 2688 3967 2979 4019; x_wconf 89' lang='lat' dir='ltr'>creatum.</span> <span class='ocrx_word' id='word_1_703' title='bbox 3004 3963 3333 4020; x_wconf 88' lang='lat' dir='ltr'>Perfectum</span> <span class='ocrx_word' id='word_1_704' title='bbox 3352 3977 3495 4018; x_wconf 90' lang='lat' dir='ltr'>vero</span> <span class='ocrx_word' id='word_1_705' title='bbox 3520 3961 3804 4032; x_wconf 90' lang='lat' dir='ltr'>angelum</span> 
     </span>
    </p>
   </div>
   <div class='ocr_carea' id='block_1_106' title="bbox 2149 4050 3805 4126">
    <p class='ocr_par' dir='ltr' id='par_1_106' title="bbox 2149 4050 3805 4126">
     <span class='ocr_line' id='line_1_107' title="bbox 2149 4050 3805 4126; baseline 0 -19"><span class='ocrx_word' id='word_1_706' title='bbox 2149 4050 2614 4123; x_wconf 90' lang='lat' dir='ltr'>primordialiter</span> <span class='ocrx_word' id='word_1_707' title='bbox 2642 4052 2953 4109; x_wconf 89' lang='lat' dir='ltr'>conditum</span> <span class='ocrx_word' id='word_1_708' title='bbox 2978 4057 3227 4110; x_wconf 91' lang='lat' dir='ltr'>testatur</span> <span class='ocrx_word' id='word_1_709' title='bbox 3254 4051 3570 4126; x_wconf 88' lang='lat' dir='ltr'>propheta,</span> <span class='ocrx_word' id='word_1_710' title='bbox 3599 4051 3700 4125; x_wconf 89' lang='lat' dir='ltr'>qui</span> <span class='ocrx_word' id='word_1_711' title='bbox 3717 4050 3805 4108; x_wconf 86' lang='lat' dir='ltr'>la-</span> 
     </span>
    </p>
   </div>
   <div class='ocr_carea' id='block_1_107' title="bbox 2148 4140 3804 4215">
    <p class='ocr_par' dir='ltr' id='par_1_107' title="bbox 2148 4140 3804 4215">
     <span class='ocr_line' id='line_1_108' title="bbox 2148 4140 3804 4215; baseline 0 -19"><span class='ocrx_word' id='word_1_712' title='bbox 2148 4140 2285 4214; x_wconf 90' lang='lat' dir='ltr'>psui</span> <span class='ocrx_word' id='word_1_713' title='bbox 2315 4142 2448 4214; x_wconf 91' lang='lat' dir='ltr'>ejus</span> <span class='ocrx_word' id='word_1_714' title='bbox 2479 4141 2820 4200; x_wconf 89' lang='lat' dir='ltr'>voluntario</span> <span class='ocrx_word' id='word_1_715' title='bbox 2852 4142 3225 4215; x_wconf 84' lang='lat' dir='ltr'>exprobrans</span> <span class='ocrx_word' id='word_1_716' title='bbox 3256 4142 3338 4198; x_wconf 91' lang='lat' dir='ltr'>ait</span> <span class='ocrx_word' id='word_1_717' title='bbox 3370 4158 3383 4197; x_wconf 90' lang='lat'>:</span> <span class='ocrx_word' id='word_1_718' title='bbox 3419 4142 3505 4196; x_wconf 87' lang='lat' dir='ltr'>Tu</span> <span class='ocrx_word' id='word_1_719' title='bbox 3526 4142 3804 4212; x_wconf 81' lang='lat' dir='ltr'>signacu-</span> 
     </span>
    </p>
   </div>
   <div class='ocr_carea' id='block_1_108' title="bbox 2153 4230 3804 4303">
    <p class='ocr_par' dir='ltr' id='par_1_108' title="bbox 2153 4230 3804 4303">
     <span class='ocr_line' id='line_1_109' title="bbox 2153 4230 3804 4303; baseline 0 -16"><span class='ocrx_word' id='word_1_720' title='bbox 2153 4231 2275 4287; x_wconf 89' lang='lat' dir='ltr'>lum</span> <span class='ocrx_word' id='word_1_721' title='bbox 2306 4232 2721 4289; x_wconf 86' lang='lat' dir='ltr'>similitudinis</span> <span class='ocrx_word' id='word_1_722' title='bbox 2746 4233 2857 4289; x_wconf 86' lang='lat' dir='ltr'>Dei</span> <span class='ocrx_word' id='word_1_723' title='bbox 2878 4233 3188 4303; x_wconf 84' lang='lat' dir='ltr'>perfectus</span> <span class='ocrx_word' id='word_1_724' title='bbox 3236 4232 3448 4287; x_wconf 86' lang='lat' dir='ltr'>decore</span> <span class='ocrx_word' id='word_1_725' title='bbox 3474 4231 3538 4286; x_wconf 86' lang='lat' dir='ltr'>in</span> <span class='ocrx_word' id='word_1_726' title='bbox 3580 4230 3804 4287; x_wconf 85' lang='lat' dir='ltr'>deliciis</span> 
     </span>
    </p>
   </div>
   <div class='ocr_carea' id='block_1_109' title="bbox 2142 4318 3804 4392">
    <p class='ocr_par' dir='ltr' id='par_1_109' title="bbox 2142 4318 3804 4392">
     <span class='ocr_line' id='line_1_110' title="bbox 2142 4318 3804 4392; baseline -0.002 -15"><span class='ocrx_word' id='word_1_727' title='bbox 2142 4320 2426 4390; x_wconf 87' lang='lat' dir='ltr'>paradisi</span> <span class='ocrx_word' id='word_1_728' title='bbox 2445 4322 2557 4378; x_wconf 87' lang='lat' dir='ltr'>Dei</span> <span class='ocrx_word' id='word_1_729' title='bbox 2576 4322 2759 4392; x_wconf 77' lang='lat' dir='ltr'>fuisti</span> <span class='ocrx_word' id='word_1_730' title='bbox 2788 4322 3022 4392; x_wconf 83' lang='lat' dir='ltr'>(Ezech.</span> <span class='ocrx_word' id='word_1_731' title='bbox 3052 4337 3260 4387; x_wconf 84' lang='lat' dir='ltr'>xxvm,</span> <span class='ocrx_word' id='word_1_732' title='bbox 3288 4323 3408 4388; x_wconf 82' lang='lat' dir='ltr'>t2);</span> <span class='ocrx_word' id='word_1_733' title='bbox 3434 4323 3492 4375; x_wconf 90' lang='lat' dir='ltr'>et</span> <span class='ocrx_word' id='word_1_734' title='bbox 3523 4318 3804 4375; x_wconf 90' lang='lat' dir='ltr'>Dominus</span> 
     </span>
    </p>
   </div>
   <div class='ocr_carea' id='block_1_110' title="bbox 2152 4408 3802 4481">
    <p class='ocr_par' dir='ltr' id='par_1_110' title="bbox 2152 4408 3802 4481">
     <span class='ocr_line' id='line_1_111' title="bbox 2152 4408 3802 4481; baseline -0.001 -15"><span class='ocrx_word' id='word_1_735' title='bbox 2152 4409 2231 4466; x_wconf 92' lang='lat' dir='ltr'>ad</span> <span class='ocrx_word' id='word_1_736' title='bbox 2277 4410 2408 4467; x_wconf 88' lang='lat' dir='ltr'>Job.</span> <span class='ocrx_word' id='word_1_737' title='bbox 2449 4413 2583 4481; x_wconf 85' lang='lat' dir='ltr'>Ipse</span> <span class='ocrx_word' id='word_1_738' title='bbox 2610 4417 2694 4468; x_wconf 87' lang='lat' dir='ltr'>est</span> <span class='ocrx_word' id='word_1_739' title='bbox 2724 4412 3097 4481; x_wconf 85' lang='lat' dir='ltr'>principium</span> <span class='ocrx_word' id='word_1_740' title='bbox 3130 4411 3368 4467; x_wconf 88' lang='lat' dir='ltr'>viarum</span> <span class='ocrx_word' id='word_1_741' title='bbox 3416 4409 3528 4465; x_wconf 87' lang='lat' dir='ltr'>Dei</span> <span class='ocrx_word' id='word_1_742' title='bbox 3553 4408 3685 4479; x_wconf 86' lang='lat' dir='ltr'>(Job</span> <span class='ocrx_word' id='word_1_743' title='bbox 3710 4424 3802 4480; x_wconf 76' lang='lat' dir='ltr'>XL,</span> 
     </span>
    </p>
   </div>
   <div class='ocr_carea' id='block_1_111' title="bbox 2158 4496 3804 4574">
    <p class='ocr_par' dir='ltr' id='par_1_111' title="bbox 2158 4496 3804 4574">
     <span class='ocr_line' id='line_1_112' title="bbox 2158 4496 3804 4574; baseline -0.002 -20"><span class='ocrx_word' id='word_1_744' title='bbox 2158 4499 2266 4571; x_wconf 79' lang='grc'>14),</span> <span class='ocrx_word' id='word_1_745' title='bbox 2297 4515 2557 4573; x_wconf 91' lang='lat' dir='ltr'>quorum</span> <span class='ocrx_word' id='word_1_746' title='bbox 2586 4498 3077 4574; x_wconf 78' lang='lat' dir='ltr'>explanationem</span> <span class='ocrx_word' id='word_1_747' title='bbox 3130 4499 3345 4555; x_wconf 90' lang='lat' dir='ltr'>beatus</span> <span class='ocrx_word' id='word_1_748' title='bbox 3395 4496 3707 4568; x_wconf 89' lang='lat' dir='ltr'>Gregorius</span> <span class='ocrx_word' id='word_1_749' title='bbox 3744 4496 3804 4552; x_wconf 90' lang='lat' dir='ltr'>in</span> 
     </span>
    </p>
   </div>
   <div class='ocr_carea' id='block_1_112' title="bbox 2151 4585 3708 4660">
    <p class='ocr_par' dir='ltr' id='par_1_112' title="bbox 2151 4585 3708 4660">
     <span class='ocr_line' id='line_1_113' title="bbox 2151 4585 3708 4660; baseline -0.002 -16"><span class='ocrx_word' id='word_1_750' title='bbox 2151 4587 2305 4645; x_wconf 73' lang='lat' dir='ltr'>libro</span> <span class='ocrx_word' id='word_1_751' title='bbox 2334 4588 2643 4647; x_wconf 86' lang='lat' dir='ltr'>Moralium</span> <span class='ocrx_word' id='word_1_752' title='bbox 2675 4605 2838 4645; x_wconf 84' lang='lat' dir='ltr'><strong>xxxu</strong></span> <span class='ocrx_word' id='word_1_753' title='bbox 2867 4590 3024 4660; x_wconf 88' lang='lat' dir='ltr'>(cap.</span> <span class='ocrx_word' id='word_1_754' title='bbox 3063 4588 3169 4659; x_wconf 85' lang='lat' dir='ltr'>t8).</span> <span class='ocrx_word' id='word_1_755' title='bbox 3203 4588 3289 4644; x_wconf 89' lang='lat' dir='ltr'>Ita</span> <span class='ocrx_word' id='word_1_756' title='bbox 3318 4585 3662 4659; x_wconf 82' lang='lat' dir='ltr'>exsequitur</span> <span class='ocrx_word' id='word_1_757' title='bbox 3692 4602 3708 4641; x_wconf 90' lang='lat'><strong><em>:</em></strong></span> 
     </span>
    </p>
   </div>
   <div class='ocr_carea' id='block_1_113' title="bbox 2221 4674 3805 4751">
    <p class='ocr_par' dir='ltr' id='par_1_113' title="bbox 2221 4674 3805 4751">
     <span class='ocr_line' id='line_1_114' title="bbox 2221 4674 3805 4751; baseline 0.001 -20"><span class='ocrx_word' id='word_1_758' title='bbox 2221 4677 2414 4749; x_wconf 74' lang='lat' dir='ltr'>[Velut</span> <span class='ocrx_word' id='word_1_759' title='bbox 2442 4678 2490 4733; x_wconf 91' lang='lat' dir='ltr'>si</span> <span class='ocrx_word' id='word_1_760' title='bbox 2534 4682 2738 4751; x_wconf 89' lang='lat' dir='ltr'>aperte</span> <span class='ocrx_word' id='word_1_761' title='bbox 2767 4676 2989 4733; x_wconf 90' lang='lat' dir='ltr'>diceret</span> <span class='ocrx_word' id='word_1_762' title='bbox 3021 4694 3034 4732; x_wconf 92' lang='lat'><strong>:</strong></span> <span class='ocrx_word' id='word_1_763' title='bbox 3090 4676 3313 4732; x_wconf 87' lang='lat' dir='ltr'>Idcirco</span> <span class='ocrx_word' id='word_1_764' title='bbox 3340 4675 3419 4732; x_wconf 90' lang='lat' dir='ltr'>ad</span> <span class='ocrx_word' id='word_1_765' title='bbox 3447 4680 3572 4731; x_wconf 89' lang='lat' dir='ltr'>tam</span> <span class='ocrx_word' id='word_1_766' title='bbox 3619 4674 3805 4732; x_wconf 88' lang='lat' dir='ltr'>multa</span> 
     </span>
    </p>
   </div>
   <div class='ocr_carea' id='block_1_114' title="bbox 2151 4764 3805 4839">
    <p class='ocr_par' dir='ltr' id='par_1_114' title="bbox 2151 4764 3805 4839">
     <span class='ocr_line' id='line_1_115' title="bbox 2151 4764 3805 4839; baseline -0.003 -15"><span class='ocrx_word' id='word_1_767' title='bbox 2151 4766 2376 4824; x_wconf 87' lang='lat' dir='ltr'>fortiter</span> <span class='ocrx_word' id='word_1_768' title='bbox 2406 4766 2641 4835; x_wconf 79' lang='lat' dir='ltr'>sufﬁcit,</span> <span class='ocrx_word' id='word_1_769' title='bbox 2673 4765 2819 4839; x_wconf 89' lang='lat' dir='ltr'>quia</span> <span class='ocrx_word' id='word_1_770' title='bbox 2844 4766 2906 4822; x_wconf 90' lang='lat' dir='ltr'>in</span> <span class='ocrx_word' id='word_1_771' title='bbox 2937 4770 3156 4823; x_wconf 90' lang='lat' dir='ltr'>natura</span> <span class='ocrx_word' id='word_1_772' title='bbox 3184 4780 3387 4821; x_wconf 91' lang='lat' dir='ltr'>rerum</span> <span class='ocrx_word' id='word_1_773' title='bbox 3416 4764 3578 4820; x_wconf 89' lang='lat' dir='ltr'>hunc</span> <span class='ocrx_word' id='word_1_774' title='bbox 3608 4779 3805 4820; x_wconf 89' lang='lat' dir='ltr'>creau-</span> 
     </span>
    </p>
   </div>
   <div class='ocr_carea' id='block_1_115' title="bbox 2150 4852 3799 4930">
    <p class='ocr_par' dir='ltr' id='par_1_115' title="bbox 2150 4852 3799 4930">
     <span class='ocr_line' id='line_1_116' title="bbox 2150 4852 3799 4930; baseline -0.003 -17"><span class='ocrx_word' id='word_1_775' title='bbox 2150 4856 2230 4914; x_wconf 89' lang='lat' dir='ltr'>do</span> <span class='ocrx_word' id='word_1_776' title='bbox 2294 4872 2404 4930; x_wconf 90' lang='lat' dir='ltr'>per</span> <span class='ocrx_word' id='word_1_777' title='bbox 2483 4855 2882 4913; x_wconf 85' lang='lat' dir='ltr'>substantiam</span> <span class='ocrx_word' id='word_1_778' title='bbox 2955 4855 3240 4912; x_wconf 89' lang='lat' dir='ltr'>Conditor</span> <span class='ocrx_word' id='word_1_779' title='bbox 3320 4853 3586 4927; x_wconf 88' lang='lat' dir='ltr'>primum</span> <span class='ocrx_word' id='word_1_780' title='bbox 3650 4852 3799 4909; x_wconf 85' lang='lat' dir='ltr'>fecit.</span> 
     </span>
    </p>
   </div>
   <div class='ocr_carea' id='block_1_116' title="bbox 2150 4943 3803 5016">
    <p class='ocr_par' dir='ltr' id='par_1_116' title="bbox 2150 4943 3803 5016">
     <span class='ocr_line' id='line_1_117' title="bbox 2150 4943 3803 5016; baseline -0.004 -12"><span class='ocrx_word' id='word_1_781' title='bbox 2150 4947 2305 5015; x_wconf 87' lang='lat' dir='ltr'>Quid</span> <span class='ocrx_word' id='word_1_782' title='bbox 2352 4947 2512 5004; x_wconf 91' lang='lat' dir='ltr'>enim</span> <span class='ocrx_word' id='word_1_783' title='bbox 2553 4947 2683 5004; x_wconf 82' lang='lat' dir='ltr'>vias</span> <span class='ocrx_word' id='word_1_784' title='bbox 2715 4946 2950 5003; x_wconf 90' lang='lat' dir='ltr'>Domini</span> <span class='ocrx_word' id='word_1_785' title='bbox 3001 4945 3116 5002; x_wconf 90' lang='lat' dir='ltr'>nisi</span> <span class='ocrx_word' id='word_1_786' title='bbox 3168 4945 3299 5016; x_wconf 90' lang='lat' dir='ltr'>ejus</span> <span class='ocrx_word' id='word_1_787' title='bbox 3347 4944 3612 5000; x_wconf 89' lang='lat' dir='ltr'>actiones</span> <span class='ocrx_word' id='word_1_788' title='bbox 3659 4943 3803 4999; x_wconf 86' lang='lat' dir='ltr'>acci-</span> 
     </span>
    </p>
   </div>
   <div class='ocr_carea' id='block_1_117' title="bbox 2148 5033 3801 5112">
    <p class='ocr_par' dir='ltr' id='par_1_117' title="bbox 2148 5033 3801 5112">
     <span class='ocr_line' id='line_1_118' title="bbox 2148 5033 3801 5112; baseline -0.004 -17"><span class='ocrx_word' id='word_1_789' title='bbox 2148 5038 2372 5112; x_wconf 89' lang='lat' dir='ltr'>pimus,</span> <span class='ocrx_word' id='word_1_790' title='bbox 2425 5038 2500 5094; x_wconf 91' lang='lat' dir='ltr'>de</span> <span class='ocrx_word' id='word_1_791' title='bbox 2553 5036 2779 5111; x_wconf 87' lang='lat' dir='ltr'>quibus</span> <span class='ocrx_word' id='word_1_792' title='bbox 2839 5051 2948 5109; x_wconf 89' lang='lat' dir='ltr'>per</span> <span class='ocrx_word' id='word_1_793' title='bbox 3002 5035 3364 5109; x_wconf 87' lang='lat' dir='ltr'>prophetam</span> <span class='ocrx_word' id='word_1_794' title='bbox 3420 5033 3566 5089; x_wconf 90' lang='lat' dir='ltr'>dicit</span> <span class='ocrx_word' id='word_1_795' title='bbox 3618 5033 3801 5089; x_wconf 87' lang='lat' dir='ltr'>:Non</span> 
     </span>
    </p>
   </div>
   <div class='ocr_carea' id='block_1_118' title="bbox 2149 5122 3799 5191">
    <p class='ocr_par' dir='ltr' id='par_1_118' title="bbox 2149 5122 3799 5191">
     <span class='ocr_line' id='line_1_119' title="bbox 2149 5122 3799 5191; baseline -0.006 -5"><span class='ocrx_word' id='word_1_796' title='bbox 2149 5130 2305 5186; x_wconf 86' lang='lat' dir='ltr'>enim</span> <span class='ocrx_word' id='word_1_797' title='bbox 2335 5133 2475 5184; x_wconf 88' lang='lat' dir='ltr'>sunt</span> <span class='ocrx_word' id='word_1_798' title='bbox 2519 5128 2629 5184; x_wconf 76' lang='lat' dir='ltr'>viae</span> <span class='ocrx_word' id='word_1_799' title='bbox 2664 5142 2807 5184; x_wconf 63' lang='lat' dir='ltr'>mem</span> <span class='ocrx_word' id='word_1_800' title='bbox 2847 5127 3001 5182; x_wconf 87' lang='lat' dir='ltr'>sicut</span> <span class='ocrx_word' id='word_1_801' title='bbox 3032 5126 3142 5181; x_wconf 64' lang='lat' dir='ltr'>via?</span> <span class='ocrx_word' id='word_1_802' title='bbox 3189 5129 3399 5181; x_wconf 60' lang='lat' dir='ltr'>vestra</span> <span class='ocrx_word' id='word_1_803' title='bbox 3429 5124 3572 5191; x_wconf 91' lang='lat' dir='ltr'>(Isa.</span> <span class='ocrx_word' id='word_1_804' title='bbox 3606 5137 3697 5189; x_wconf 91' lang='lat' dir='ltr'>Lv,</span> <span class='ocrx_word' id='word_1_805' title='bbox 3726 5122 3799 5191; x_wconf 88' lang='lat'>8).</span> 
     </span>
    </p>
   </div>
   <div class='ocr_carea' id='block_1_119' title="bbox 2150 5211 3804 5293">
    <p class='ocr_par' dir='ltr' id='par_1_119' title="bbox 2150 5211 3804 5293">
     <span class='ocr_line' id='line_1_120' title="bbox 2150 5211 3804 5293; baseline -0.005 -16"><span class='ocrx_word' id='word_1_806' title='bbox 2150 5224 2216 5278; x_wconf 90' lang='lat' dir='ltr'>Et</span> <span class='ocrx_word' id='word_1_807' title='bbox 2239 5218 2604 5293; x_wconf 90' lang='lat' dir='ltr'>principium</span> <span class='ocrx_word' id='word_1_808' title='bbox 2632 5217 2871 5274; x_wconf 91' lang='lat' dir='ltr'>viarum</span> <span class='ocrx_word' id='word_1_809' title='bbox 2899 5216 3003 5272; x_wconf 91' lang='lat' dir='ltr'>Dei</span> <span class='ocrx_word' id='word_1_810' title='bbox 3027 5215 3358 5271; x_wconf 88' lang='lat' dir='ltr'>Behemoth</span> <span class='ocrx_word' id='word_1_811' title='bbox 3405 5213 3639 5279; x_wconf 90' lang='lat' dir='ltr'>dicitur,</span> <span class='ocrx_word' id='word_1_812' title='bbox 3667 5211 3804 5284; x_wconf 88' lang='lat' dir='ltr'>quia</span> 
     </span>
    </p>
   </div>
   <div class='ocr_carea' id='block_1_120' title="bbox 2147 5300 3803 5376">
    <p class='ocr_par' dir='ltr' id='par_1_120' title="bbox 2147 5300 3803 5376">
     <span class='ocr_line' id='line_1_121' title="bbox 2147 5300 3803 5376; baseline -0.007 -9"><span class='ocrx_word' id='word_1_813' title='bbox 2147 5310 2435 5367; x_wconf 90' lang='lat' dir='ltr'>nimirum</span> <span class='ocrx_word' id='word_1_814' title='bbox 2486 5325 2627 5365; x_wconf 91' lang='lat' dir='ltr'>cum</span> <span class='ocrx_word' id='word_1_815' title='bbox 2674 5310 2892 5364; x_wconf 89' lang='lat' dir='ltr'>cuncta</span> <span class='ocrx_word' id='word_1_816' title='bbox 2944 5320 3157 5362; x_wconf 89' lang='lat' dir='ltr'>creans</span> <span class='ocrx_word' id='word_1_817' title='bbox 3200 5307 3424 5376; x_wconf 90' lang='lat' dir='ltr'>ageret,</span> <span class='ocrx_word' id='word_1_818' title='bbox 3478 5302 3641 5358; x_wconf 89' lang='lat' dir='ltr'>hunc</span> <span class='ocrx_word' id='word_1_819' title='bbox 3691 5300 3803 5372; x_wconf 88' lang='lat' dir='ltr'>pri-</span> 
     </span>
    </p>
   </div>
   <div class='ocr_carea' id='block_1_121' title="bbox 2148 5389 3797 5470">
    <p class='ocr_par' dir='ltr' id='par_1_121' title="bbox 2148 5389 3797 5470">
     <span class='ocr_line' id='line_1_122' title="bbox 2148 5389 3797 5470; baseline -0.007 -14"><span class='ocrx_word' id='word_1_820' title='bbox 2148 5415 2319 5456; x_wconf 89' lang='lat' dir='ltr'>mum</span> <span class='ocrx_word' id='word_1_821' title='bbox 2376 5395 2662 5465; x_wconf 88' lang='lat' dir='ltr'>condidit,</span> <span class='ocrx_word' id='word_1_822' title='bbox 2714 5412 2899 5470; x_wconf 90' lang='lat' dir='ltr'>quem</span> <span class='ocrx_word' id='word_1_823' title='bbox 2946 5394 3190 5468; x_wconf 90' lang='lat' dir='ltr'>reliquis</span> <span class='ocrx_word' id='word_1_824' title='bbox 3258 5391 3488 5464; x_wconf 88' lang='lat' dir='ltr'>angelis</span> <span class='ocrx_word' id='word_1_825' title='bbox 3540 5389 3797 5447; x_wconf 85' lang='lat' dir='ltr'>eminen-</span> 
     </span>
    </p>
   </div>
   <div class='ocr_carea' id='block_1_122' title="bbox 2147 5479 3801 5559">
    <p class='ocr_par' dir='ltr' id='par_1_122' title="bbox 2147 5479 3801 5559">
     <span class='ocr_line' id='line_1_123' title="bbox 2147 5479 3801 5559; baseline -0.007 -13"><span class='ocrx_word' id='word_1_826' title='bbox 2147 5491 2360 5547; x_wconf 85' lang='lat' dir='ltr'>tiorem</span> <span class='ocrx_word' id='word_1_827' title='bbox 2388 5487 2544 5545; x_wconf 87' lang='lat' dir='ltr'>fecit.</span> <span class='ocrx_word' id='word_1_828' title='bbox 2578 5487 2764 5559; x_wconf 84' lang='lat' dir='ltr'>Hujus</span> <span class='ocrx_word' id='word_1_829' title='bbox 2806 5486 3102 5559; x_wconf 89' lang='lat' dir='ltr'>primatus</span> <span class='ocrx_word' id='word_1_830' title='bbox 3140 5482 3531 5541; x_wconf 90' lang='lat' dir='ltr'>eminentiam</span> <span class='ocrx_word' id='word_1_831' title='bbox 3578 5479 3801 5552; x_wconf 42' lang='lat' dir='ltr'>conspi‘</span> 
     </span>
    </p>
   </div>
   <div class='ocr_carea' id='block_1_123' title="bbox 2148 5570 3799 5652">
    <p class='ocr_par' dir='ltr' id='par_1_123' title="bbox 2148 5570 3799 5652">
     <span class='ocr_line' id='line_1_124' title="bbox 2148 5570 3799 5652; baseline -0.008 -15"><span class='ocrx_word' id='word_1_832' title='bbox 2148 5580 2226 5637; x_wconf 89' lang='lat' dir='ltr'>cit</span> <span class='ocrx_word' id='word_1_833' title='bbox 2253 5577 2550 5652; x_wconf 89' lang='lat' dir='ltr'>propheta</span> <span class='ocrx_word' id='word_1_834' title='bbox 2584 5593 2724 5634; x_wconf 93' lang='lat' dir='ltr'>cum</span> <span class='ocrx_word' id='word_1_835' title='bbox 2753 5575 2894 5633; x_wconf 90' lang='lat' dir='ltr'>dicit</span> <span class='ocrx_word' id='word_1_836' title='bbox 2927 5594 2940 5633; x_wconf 90' lang='lat'><strong>:</strong></span> <span class='ocrx_word' id='word_1_837' title='bbox 2973 5576 3154 5634; x_wconf 84' lang='lat' dir='ltr'>Cedri</span> <span class='ocrx_word' id='word_1_838' title='bbox 3182 5589 3303 5630; x_wconf 90' lang='lat' dir='ltr'>non</span> <span class='ocrx_word' id='word_1_839' title='bbox 3338 5574 3598 5644; x_wconf 82' lang='lat' dir='ltr'>fuerunt</span> <span class='ocrx_word' id='word_1_840' title='bbox 3629 5570 3799 5626; x_wconf 89' lang='lat' dir='ltr'>altio-</span> 
     </span>
    </p>
   </div>
   <div class='ocr_carea' id='block_1_124' title="bbox 2148 5662 3799 5738">
    <p class='ocr_par' dir='ltr' id='par_1_124' title="bbox 2148 5662 3799 5738">
     <span class='ocr_line' id='line_1_125' title="bbox 2148 5662 3799 5738; baseline -0.005 -12"><span class='ocrx_word' id='word_1_841' title='bbox 2148 5685 2243 5726; x_wconf 87' lang='lat' dir='ltr'>res</span> <span class='ocrx_word' id='word_1_842' title='bbox 2273 5670 2381 5725; x_wconf 78' lang='lat' dir='ltr'>ilto</span> <span class='ocrx_word' id='word_1_843' title='bbox 2409 5669 2473 5724; x_wconf 89' lang='lat' dir='ltr'>in</span> <span class='ocrx_word' id='word_1_844' title='bbox 2516 5667 2810 5738; x_wconf 87' lang='lat' dir='ltr'>paradiso</span> <span class='ocrx_word' id='word_1_845' title='bbox 2855 5667 3009 5737; x_wconf 86' lang='lat' dir='ltr'>Dei;</span> <span class='ocrx_word' id='word_1_846' title='bbox 3060 5666 3276 5722; x_wconf 88' lang='lat' dir='ltr'>abietes</span> <span class='ocrx_word' id='word_1_847' title='bbox 3306 5679 3427 5720; x_wconf 89' lang='lat' dir='ltr'>non</span> <span class='ocrx_word' id='word_1_848' title='bbox 3459 5662 3799 5733; x_wconf 76' lang='lat' dir='ltr'>adaequave-</span> 
     </span>
    </p>
   </div>
   <div class='ocr_carea' id='block_1_125' title="bbox 2149 5755 3799 5828">
    <p class='ocr_par' dir='ltr' id='par_1_125' title="bbox 2149 5755 3799 5828">
     <span class='ocr_line' id='line_1_126' title="bbox 2149 5755 3799 5828; baseline -0.004 -15"><span class='ocrx_word' id='word_1_849' title='bbox 2149 5764 2299 5814; x_wconf 85' lang='lat' dir='ltr'>runt</span> <span class='ocrx_word' id='word_1_850' title='bbox 2327 5758 2726 5815; x_wconf 86' lang='lat' dir='ltr'>summitatem</span> <span class='ocrx_word' id='word_1_851' title='bbox 2749 5759 2915 5828; x_wconf 83' lang='lat' dir='ltr'>ejus;</span> <span class='ocrx_word' id='word_1_852' title='bbox 2935 5756 3184 5828; x_wconf 88' lang='lat' dir='ltr'>platani</span> <span class='ocrx_word' id='word_1_853' title='bbox 3201 5770 3323 5813; x_wconf 87' lang='lat' dir='ltr'>non</span> <span class='ocrx_word' id='word_1_854' title='bbox 3351 5755 3606 5824; x_wconf 80' lang='lat' dir='ltr'>fuerunt</span> <span class='ocrx_word' id='word_1_855' title='bbox 3631 5765 3799 5823; x_wconf 65' lang='lat' dir='ltr'>aequat</span> 
     </span>
    </p>
   </div>
  </div>
