3936 6396
115 290 260 346 1113

1031 292 1120 346 DE
1161 290 1836 348 PRAEDESTINATIONE
1873 291 2150 348 CONTRA
2190 293 2241 348 J.
2284 292 2594 351 SCOTUM.

3424 305 3562 359 1114

104 415 437 485 frondibus
455 415 644 472 illius.
673 415 856 473 Omne
873 417 1103 487 lignum
1116 417 1511 485 paradisiDei
1531 433 1653 472 non
1685 422 1768 472 est
1803 423 1850 475 Α
1886 415 2170 483 diximus,
2221 418 2384 486 regio
2436 419 2590 492 lapis
2621 419 2779 476 fixus
2809 425 3100 478 maneret.
3137 423 3361 480 Habuit
3403 440 3548 495 ergo

113 506 517 560 assimilatum
547 505 647 560 illi
692 510 749 561 et
800 505 1257 576 pulchritudini
1291 509 1442 575 ejus,
1491 507 1775 577 quoniam

113 595 445 664 speciosum
471 595 619 664 fecit
648 609 780 650 eum
808 596 871 650 in
902 595 1108 650 multis
1140 595 1566 666 condensisque
1608 596 1778 664 fron-

112 683 290 739 dibus
314 685 547 755 (Ezech.
571 700 732 755 xxxx,
760 689 812 747 8,
849 685 923 754 9).
952 683 1062 749 Qui
1083 700 1351 757 namque
1379 685 1570 758 accipi
1591 684 1651 740 in
1683 701 1780 740 ce-

114 771 266 841 dris,
293 773 598 830 abietibus
649 778 706 831 et
731 773 992 846 platanis
1025 779 1300 847 possunt,
1333 775 1449 831 nisi
1477 775 1578 831 illa
1607 775 1784 831 virtu-

114 867 250 919 tum
293 864 627 921 coelestium
675 881 942 938 proceras
995 864 1365 920 celsitudinis
1413 865 1678 936 agmina,
1718 866 1782 922 in

108 955 352 1009 ἄξιαι-[ιω
379 953 592 1010 laetitias
648 953 941 1010 viriditate
966 953 1238 1026 plantata
1258 954 1286 1010 ?
1315 970 1452 1028 quas
1498 955 1779 1027 quamvis

116 1042 356 1098 excelsa
385 1043 503 1099 sint
529 1043 792 1112 condita,
821 1042 960 1098 huic
989 1046 1193 1099 tamen
1213 1059 1324 1099 nec
1340 1043 1592 1116 praelata
1619 1048 1778 1101 sunt.

116 1147 230 1187 nec
262 1137 522 1204 zequata.
554 1132 664 1196 Qui
695 1131 1004 1204 speciosus
1053 1131 1250 1188 factus
1289 1131 1352 1188 in
1395 1131 1600 1188 multis
1646 1149 1784 1190 con-

115 1221 454 1294 densisque
493 1222 812 1278 frondibus
843 1221 1080 1290 dicitur,
1111 1221 1214 1294 qui
1258 1221 1574 1294 praelatum
1616 1227 1784 1278 caete-

113 1311 197 1366 ris
216 1311 580 1381 legionibus,
602 1315 768 1366 tanto
789 1310 959 1366 illum
981 1311 1210 1384 species
1230 1311 1635 1384 pulchriorem
1656 1311 1786 1368 red-

112 1397 294 1467 didit,
318 1403 548 1471 quanto
580 1399 710 1470 [al.,
730 1398 980 1473 quanta]
1003 1402 1060 1455 et
1085 1399 1399 1472 supposita
1431 1398 1784 1469 angelorum

111 1488 457 1544 multitudo
479 1488 802 1543 decoravit.
838 1488 952 1544 Ista
982 1487 1161 1544 arbor
1181 1487 1243 1543 in
1273 1488 1556 1561 paradiso
1582 1487 1682 1543 Dei
1704 1490 1788 1542 tot

113 1576 299 1649 quasi
330 1577 667 1632 condensas
693 1576 935 1632 frondes
960 1576 1190 1643 habuit,
1224 1582 1370 1649 quot
1392 1578 1504 1632 sub
1536 1592 1598 1633 se
1627 1576 1788 1650 posi-

113 1671 206 1721 tas
241 1665 976 1738 supernorumﬁspirituum
999 1665 1266 1736 legiones
1285 1667 1553 1723 attendit.
1585 1665 1695 1732 Qui
1729 1670 1787 1722 et

1893 506 2048 577 lapis
2090 507 2197 562 iste
2230 507 2549 572 foramina,
2585 510 2691 565 sed
2713 526 2820 582 per
2849 511 3146 583 superbiae
3173 513 3386 570 vitium
3417 515 3562 571 cha-

1888 595 2081 651 ritatis
2114 612 2263 652 auro
2295 613 2416 654 non
2448 603 2586 655 sunt
2635 599 2882 672 repleta.
2941 603 3088 656 Nam
3139 602 3284 674 quia
3331 603 3554 660 idcirco

1898 684 2256 755 colligantur
2280 703 2429 743 auro
2462 704 2537 743 ne
2591 688 2833 756 cadant,
2897 689 3120 746 idcirco
3164 691 3272 746 iste
3327 692 3560 763 cecidit,

1891 774 2036 846 quia
2068 775 2247 830 etiam
2281 776 2617 848 perforatus
2650 793 2837 834 manu
2878 778 3147 845 artiﬁcis,
3175 782 3399 836 amoris
3429 780 3561 837 vin-

1890 861 2040 917 culis
2067 862 2238 933 ligari
2270 865 2650 938 contempsit.
2673 869 2840 922 Nunc
2869 871 3070 923 autem
3094 869 3286 924 caeteri
3307 868 3560 941 lapides,

1891 951 1995 1022 qui
2036 953 2176 1008 huic
2217 953 2488 1009 similiter
2518 954 2756 1011 fuerant
2779 955 3088 1028 perforati,
3119 961 3469 1031 penetrante
3501 975 3562 1015 se

1888 1038 2147 1096 invicem
2177 1042 2460 1098 charitate
2483 1042 2648 1112 ligati
2671 1048 2829 1111 sunt,
2869 1048 3049 1116 atque
3071 1045 3186 1101 hoc
3208 1045 3267 1101 in
3291 1062 3560 1114 munere,

1887 1126 2004 1183 isto
2036 1129 2307 1196 cadente,
2345 1136 2696 1187 meruerunt
2743 1136 2808 1188 ut
2853 1148 3246 1206 nequaquam
3294 1135 3424 1206 jam
3483 1134 3559 1191 de

1892 1225 2252 1276 ornamento
2283 1221 2448 1289 regio
2475 1221 2750 1277 cadendo
2782 1222 3106 1278 solvantur.
3159 1224 3351 1295 Hujus
3381 1225 3551 1296 prin-

1893 1305 2126 1378 cipatus
2148 1308 2565 1366 celsitudinem
2584 1309 2786 1366 adhuc
2807 1310 2968 1367 idem
2992 1313 3562 1384 prophetaintuens,

1892 1395 2170 1466 adjungit
2196 1415 2210 1453 :
2243 1400 2328 1454 Tu
2350 1399 2574 1455 cherub
2601 1404 2876 1456 extentus
2907 1406 2958 1456 et
2976 1407 3293 1472 protegens
3320 1403 3382 1457 in
3394 1417 3564 1457 mon-

1894 1491 1950 1541 te
1977 1493 2184 1544 sancto
2215 1490 2336 1558 Dei,
2369 1491 2432 1545 in
2462 1490 2653 1546 medio
2681 1491 2954 1559 lapidum
2975 1492 3305 1561 ianitorum
3335 1493 3566 1562 perfec-

1894 1580 1989 1630 tus
2001 1577 2353 1633 ambulastis
2367 1580 2844 1649 (Ezech.xxvm,l
2860 1581 2960 1650 4)!
2973 1580 3179 1636 flierub
3200 1580 3425 1652 quippe
3442 1582 3565 1650 ple-

1895 1665 2105 1720 nitudo
2121 1669 2382 1724 scientiae
2397 1669 2834 1742 interpretatur,
2858 1673 2914 1726 et
2941 1668 3164 1725 idcirco
3200 1668 3307 1724 iste
3339 1667 3564 1724 cherub

113 1755 344 1812 idcirco
365 1770 622 1827 peccans
648 1755 773 1810 sine
789 1753 966 1811 venia
986 1753 1310 1811 damnatus
1348 1760 1456 1826 est,
1482 1755 1628 1829 quia
1656 1771 1784 1811 ma-
1822 1780 1866 1832 Β
1894 1753 2129 1823 dicitur,
2157 1759 2300 1830 quia
2321 1758 2728 1814 trancendisse
2749 1763 2996 1815 cunctos
3025 1758 3274 1816 scientia
3305 1775 3429 1815 non
3456 1758 3565 1814 du-

118 1861 280 1915 gnus
313 1843 437 1900 sine
481 1843 932 1916 comparatione
980 1844 1171 1900 fuerat
1216 1850 1472 1902 creatus.
1530 1844 1674 1900 Hinc
1732 1844 1783 1900 ei

116 1950 363 1990 rursum
385 1949 491 2006 per
521 1933 804 1990 eumdem
824 1933 1183 2007 prophetam
1200 1933 1415 1990 dicitur
1440 1951 1453 1989 :
1482 1935 1568 1989 Tu
1587 1936 1789 2005 signa~

118 2025 326 2082 culum
360 2023 778 2080 similitudinis
801 2023 928 2089 Dei,
952 2024 1168 2092 plenus
1197 2024 1495 2092 sapientia
1552 2029 1607 2079 et
1652 2039 1788 2093 per-

113 2114 315 2184 fectus
331 2114 560 2181 decore,
585 2114 645 2168 in
666 2113 900 2169 deliciis
916 2113 1198 2182 paradisi
1215 2113 1324 2168 Dei
1337 2113 1520 2182 fuisti
1547 2113 1786 2186 (Ezech.

116 2219 308 2259 xxvm
345 2206 450 2274 l2).
471 2202 646 2259 Multa
675 2201 838 2258 enim
867 2201 943 2257 de
965 2202 1095 2273 ejus
1115 2201 1533 2272 magnitudine
1561 2203 1792 2260 locutu-

116 2309 222 2349 rus
253 2291 454 2365 primo
484 2292 670 2348 verbo
693 2295 910 2348 cuncta
929 2291 1284 2362 complexus
1307 2295 1414 2347 est.
1441 2291 1594 2358 Quid
1620 2308 1792 2348 nam-

119 2397 238 2454 que
265 2381 414 2437 boni
444 2396 569 2436 non
597 2379 830 2448 habuit,
874 2379 923 2435 si
977 2379 1358 2449 signaculum
1386 2379 1486 2436 Dei
1515 2379 1791 2435 similitu-

120 2470 278 2526 dinis
299 2470 415 2525 fuit
439 2470 467 2526 ?
519 2472 598 2525 De
653 2468 969 2537 signaculo
1002 2469 1132 2540 [al.,
1179 2468 1396 2538 sigillo]
1428 2468 1655 2542 quippe
1686 2483 1794 2524 an-

120 2560 247 2616 nuli
277 2559 412 2615 talis
447 2558 775 2616 similitudo
805 2557 1208 2628 imaginaliter
1229 2558 1600 2630 exprimitur,
1641 2574 1792 2630 qua-

120 2651 190 2706 lis
223 2651 287 2706 in
319 2649 512 2720 sigillo
551 2649 766 2706 eodem
799 2648 1192 2704 essentialiter
1229 2647 1504 2705 habetur.
1541 2651 1608 2704 Et
1658 2648 1795 2704 licet

120 2739 307 2797 homo
346 2739 427 2795 ad
453 2738 904 2795 similitudinem
938 2738 1037 2793 Dei
1063 2742 1294 2794 creatus
1316 2737 1406 2805 sit,
1439 2736 1654 2808 angelo
1709 2743 1793 2794 ta-

119 2845 274 2886 maen
303 2829 482 2902 quasi
511 2828 712 2900 majus
733 2827 961 2901 aliquid
979 2827 1266 2899 tribuens,
1289 2843 1412 2884 non
1438 2844 1579 2884 eum
1609 2827 1687 2884 ad
1714 2827 1792 2882 si-

122 2920 528 2978 militudinem
562 2919 662 2975 Dei
686 2919 1019 2989 conditum,
1052 2919 1155 2974 sed
1186 2919 1386 2992 ipsum
1410 2917 1794 2989 signaculum

127 3009 230 3066 Dei
262 3008 677 3065 similitudinis
705 3007 868 3073 dicit,
900 3012 966 3064 ut
990 3023 1114 3080 quo
1169 3008 1443 3065 subtilior
1483 3012 1576 3064 est
1598 3007 1660 3064 in
1689 3023 1796 3064 na-

127 3105 282 3170 tura,
327 3114 401 3154 eo
430 3097 493 3153 in
518 3097 619 3152 illo
642 3096 969 3153 similitudo
993 3097 1093 3152 Dei
1122 3097 1357 3170 plenius
1375 3095 1504 3170 [al.,
1533 3097 1798 3170 penitus-

132 3189 416 3246 credatur
447 3202 754 3259 expressa.
808 3185 955 3241 Hinc
985 3189 1073 3242 est
1117 3185 1284 3259 quod
1313 3186 1609 3259 primatus
1663 3186 1796 3257 ejus

131 3278 470 3353 potentiam
502 3276 710 3332 adhuc
757 3275 1075 3332 insinuans
1103 3275 1266 3331 idem
1321 3275 1620 3349 propheta
1661 3275 1800 3332 sub-

134 3369 336 3441 jungit
360 3388 372 3424 :
406 3368 610 3423 Omnis
639 3368 793 3436 lapis
816 3367 1115 3436 pretiosus
1141 3367 1571 3436 operimentum
1605 3372 1794 3436 tuum,

131 3459 393 3524 sardius,
417 3463 471 3514 et
496 3459 784 3526 topazius,
818 3462 870 3512 et
886 3457 1109 3526 jaspis,
1141 3456 1574 3524 chrysolithus,
1607 3471 1794 3526 onyx,

129 3555 179 3603 et
212 3548 486 3616 berillus,
518 3547 866 3616 sapphirus,
915 3545 1326 3602 carbunculus
1354 3551 1408 3601 et
1437 3546 1796 3617 smaragdus

133 3637 320 3708 (ibid,
357 3635 463 3706 l3).
509 3639 734 3691 Novem
758 3634 904 3689 dixit
931 3649 1153 3703 genera
1199 3634 1496 3706 lapidum,
1529 3634 1672 3708 quia
1701 3633 1794 3690 ni-

127 3725 343 3782 mirum
365 3741 584 3782 novem
615 3728 756 3780 sunt
784 3723 1026 3779 ordines
1057 3723 1435 3793 angelorum.
1467 3727 1617 3780 Nam
1649 3740 1791 3780 cum

131 3831 233 3886 per
260 3816 394 3888 ipsa
441 3829 612 3870 sacra
644 3812 885 3887 eloquia
915 3812 1133 3882 angeli,
1170 3813 1539 3883 archangeli,
1573 3813 1791 3882 throni,

131 3903 590 3964 dominationes,
648 3902 914 3968 virtutes,
988 3902 1389 3975 principatus,
1445 3907 1790 3975 potestates,

135 3995 446 4051 cherubim
477 3997 658 4066 atque
693 3992 1002 4064 seraphim
1033 3997 1244 4065 aperta
1271 3993 1615 4049 narratione
1671 4009 1798 4049 me-

135 4089 464 4155 morantur,
527 4099 928 4156 supernorum
973 4081 1192 4138 civium
1220 4086 1461 4154 quantze
1503 4083 1626 4138 sint
1670 4082 1795 4138 dis-

135 4175 444 4232 tinctiones
496 4173 850 4231 ostenditur.
911 4171 1141 4238 Quibus
1194 4176 1397 4229 tamen
1466 4172 1798 4229 Behemoth

138 4262 236 4318 iste
267 4268 514 4338 Opertus
537 4263 718 4318 fuisse
739 4261 1102 4318 describitur
1126 4279 1139 4330 ;
1167 4262 1312 4334 quia
1333 4278 1436 4318 eos
1467 4264 1641 4335 quasi
1669 4280 1798 4320 ves-

139 4355 250 4408 tem
281 4354 354 4410 a:l
384 4357 816 4410 ornamentum
866 4366 1045 4406 suum
1092 4349 1323 4419 habuit,
1353 4367 1616 4423 quorum
1647 4353 1797 4412 dum

142 4440 950 4505 claritatemtranscenderet,
983 4455 1056 4495 ex
1103 4455 1314 4497 eorum
1344 4441 1796 4512 comparatione

142 4530 346 4589 clarior
374 4533 506 4590 fuit.
550 4534 630 4588 De
661 4531 835 4603 cujus
866 4529 983 4586 illic
1003 4529 1215 4588 adhuc.
1232 4530 1630 4605 descriptione
1661 4533 1800 4590 sub‘

142 4618 329 4689 jungit
358 4623 632 4679 :Aurum
658 4635 806 4690 opus
835 4619 1064 4676 decoris
1105 4621 1212 4687 tui,
1247 4626 1302 4676 et
1338 4622 1648 4691 foramina
1693 4629 1798 4681 tua

148 4709 206 4763 in
234 4712 326 4768 die
352 4729 471 4784 qua
491 4712 766 4768 conditus
793 4726 871 4779 es,
898 4715 1256 4780 praeparata
1284 4717 1425 4767 sunt
1453 4712 1645 4786 (Ibid)
1677 4715 1799 4769 Au-

151 4813 275 4856 rum
305 4817 458 4875 opus
492 4800 725 4858 decoris
756 4801 887 4872 ejus
917 4800 1164 4864 exstitit,
1190 4801 1334 4873 quia
1358 4801 1663 4875 sapientiae
1683 4803 1800 4860 cla-

150 4886 306 4945 ritate
321 4889 568 4947 canduit
588 4906 776 4963 quam
799 4889 952 4946 bene
975 4892 1208 4946 creatus
1230 4891 1478 4964 accepit.
1521 4893 1799 4950 Forami-

155 4991 228 5032 na
253 4994 390 5036 vero
418 4980 642 5036 idcirco
662 4979 724 5036 in
743 4977 1048 5052 lapidibus
1069 4977 1243 5047 ﬁunt,
1272 4979 1624 5038 utvinculati
1646 4998 1796 5039 auro

156 5063 209 5120 in
249 5070 583 5128 ornamenti
613 5068 1051 5141 compositione
1078 5068 1433 5139 jungantur,
1467 5073 1522 5126 et
1560 5086 1792 5144 nequa-

159 5167 332 5224 quam
355 5177 466 5227 ase
487 5157 1597 5230 dissideant,quosinterfusumfaurum
1612 5160 1800 5232 reple-

162 5241 226 5296 tis
245 5244 640 5306 foraminibus
652 5247 930 5317 ligat.lluj
941 5263 1010 5302 us
1022 5262 1164 5319 ergo
1183 5246 1400 5319 lapidis
1415 5247 1477 5304 in
1490 5247 1586 5304 die
1599 5249 1800 5305 condi-

161 5329 322 5390 tionis
392 5356 515 5396 suae
567 5337 868 5395 foramina
918 5340 1199 5410 reparata
1269 5338 1399 5409 [al.,
1438 5340 1800 5412 praeparata]

164 5428 290 5478 sunt
325 5429 468 5500 quia
506 5427 783 5484 videlicet
817 5441 1010 5498 capax
1053 5426 1355 5484 charitatis
1385 5432 1473 5484 est
1501 5427 1798 5485 conditus.

163 5506 280 5570 Qua
302 5515 350 5569 si
377 5517 590 5591 repleri
611 5515 919 5583 voluisset,
944 5514 1238 5572 stantibus
1260 5514 1490 5585 angelis
1507 5519 1803 5590 tanquam

164 5597 431 5664 positisin
457 5607 613 5676 regis
646 5609 1002 5663 ornamento
1016 5604 1318 5679 lapidibus
1345 5605 1806 5678 potuissetetin-

166 5679 390 5749 luerere.
425 5695 481 5752 Si
512 5697 673 5753 enim
703 5695 1004 5753 charitatis
1034 5709 1183 5753 auro
1221 5710 1348 5749 sese
1371 5694 1804 5766 penetrabilem

166 5775 520 5856 Pl‘83buisset,
549 5784 772 5842 sanctis
798 5781 1028 5854 angelis
1058 5783 1336 5854 sociatus,
1358 5781 1421 5840 in
1447 5788 1802 5843 ornamento

1894 1851 2138 1919 bitatur,
2165 1847 2270 1920 qui
2301 1848 2360 1904 in
2391 1849 2591 1904 medio
2638 1847 2912 1921 lapidum
2956 1848 3282 1918 ignitorum
3335 1847 3563 1920 perfec-

1900 1943 1993 1994 tus
2024 1935 2378 2004 ambulavi],
2404 1936 2551 2008 quia
2578 1935 2731 1991 inter
2755 1935 3114 2006 angelorum
3143 1934 3332 1992 corda
3372 1936 3563 1991 chari-

1897 2025 2034 2083 tatis
2054 2024 2192 2094 igne
2222 2039 2517 2079 succensa
2546 2022 2744 2079 clarus
2775 2023 2969 2093 gloria
2997 2022 3358 2079 conditionis
3385 2023 3558 2078 exsti-

1897 2114 1984 2171 tit.
2007 2115 2197 2179 Quem
2216 2111 2371 2168 bene
2392 2115 2699 2168 extentum
2715 2127 2787 2167 ac
2811 2115 3224 2185 protegentem
3244 2111 3404 2168 dicit.
3429 2112 3567 2168 0m-

1899 2220 1976 2260 ne
1998 2203 2159 2259 enim
2179 2202 2346 2275 quod
2368 2201 2582 2258 extenti
2604 2201 2993 2274 protegimus,
3019 2201 3485 2258 obumbramus.
3500 2204 3567 2259 Et

1905 2292 2052 2365 quia
2081 2289 2532 2364 comparatione
2561 2289 2842 2346 claritatis
2871 2307 2994 2347 suae
3025 2289 3428 2347 obumbrasse
3461 2307 3568 2346 css-

1905 2386 2171 2438 terorum
2197 2379 2530 2436 claritatem
2557 2379 2835 2447 creditur,
2869 2379 2997 2453 ipse
3043 2384 3317 2437 extentus
3351 2385 3409 2437 et
3434 2395 3569 2453 pro-

1901 2475 2110 2540 tegens
2125 2469 2308 2526 fuisse
2319 2469 2973 2543 perhibetur.Reliquos
2985 2469 3146 2526 enim
3163 2470 3338 2542 quasi
3353 2469 3568 2525 obum-

1900 2560 2137 2616 brando
2167 2559 2418 2632 operuit,
2441 2559 2546 2632 qui
2577 2574 2786 2615 eorum
2844 2559 3322 2629 magnitudinem
3370 2558 3565 2615 excel-

1901 2650 2081 2706 lentia
2114 2649 2343 2720 majore
2365 2647 2750 2704 transcendit.
2775 2648 2947 2714 Quod
2969 2663 3112 2718 ergo
3125 2647 3241 2704 illic
3259 2648 3567 2721 speciosus

1902 2740 1963 2795 in
1995 2738 2197 2795 multis
2229 2737 2564 2800 frondibus,
2596 2737 2764 2810 quod
2811 2736 2927 2792 illic
2959 2742 3280 2810 protegens
3329 2737 3563 2804 dicitur,

1901 2829 2017 2884 hoc
2045 2828 2139 2883 hic
2170 2843 2317 2883 voce
2348 2826 2660 2883 Dominica
2680 2826 3004 2882 Behemoth
3049 2826 3166 2883 ista
3192 2825 3431 2883 viarum
3461 2824 3564 2881 Dei

1901 2917 2264 2991 principium
2294 2919 2562 2972 vocatur.
2597 2917 2676 2969 De
2706 2931 2830 2988 quo
2859 2915 3083 2972 idcirco
3137 2919 3260 2972 tam
3300 2915 3454 2971 mira
3497 2914 3560 2970 in

1901 3006 2124 3078 quibus
2155 3005 2262 3060 fuit
2291 3007 2348 3059 et
2374 3021 2510 3075 quae
2554 3003 2754 3060 amisit
2805 3003 3093 3073 insinuat,
3137 3009 3204 3060 ut
3235 3003 3433 3060 territo
3464 3003 3568 3058 ho-

1901 3094 2048 3151 mini
2074 3092 2353 3149 ostendat
2393 3091 2541 3164 quid
2561 3091 2708 3164 ipse,
2732 3091 2781 3146 si
2811 3091 3136 3163 superbiat,
3187 3091 3262 3146 de
3293 3090 3568 3147 elationis

1904 3199 2028 3240 suae
2058 3182 2236 3254 culpo
2267 3196 2558 3254 passurus
2597 3179 2690 3249 sit,
2715 3179 2764 3234 si
2792 3179 3059 3236 feriendo
3087 3179 3168 3235 illi
3197 3195 3442 3252 parcere
3465 3193 3572 3234 no-

1900 3272 2030 3341 luit,
2061 3285 2244 3344 quem
2272 3267 2535 3325 creando
2557 3267 2619 3322 in
2643 3265 2833 3337 gloria
2859 3271 3038 3323 tantae
3068 3266 3350 3322 claritatis
3377 3265 3573 3322 eleva-

1902 3360 2002 3415 vit.
2023 3358 2367 3415 Constderet
2379 3371 2521 3427 ergo
2533 3356 2718 3412 homo
2733 3355 2883 3428 quid
2901 3358 3090 3411 elatus
3106 3355 3167 3410 in
3181 3359 3336 3412 terra
3350 3370 3574 3411 merea-

1901 3453 2018 3517 tur,
2043 3449 2090 3504 si
2112 3452 2168 3504 ct
2184 3446 2469 3520 praelatus
2486 3445 2716 3516 angelis
2734 3445 2986 3516 angelus
2999 3445 3058 3500 in
3082 3444 3233 3502 coelo
3250 3443 3576 3518 prosterni-

1901 3541 2015 3595 tur.
2068 3537 2232 3593 Unde
2259 3540 2318 3592 et
2342 3535 2498 3592 bene
2527 3551 2634 3608 per
2661 3535 3018 3607 praphetam
3045 3533 3262 3590 dicitur
3295 3553 3309 3590 :
3342 3533 3574 3592 Inebri-

1903 3634 2039 3684 atus
2070 3632 2155 3682 est
2183 3628 2244 3681 in
2273 3627 2420 3682 caelo
2439 3625 2683 3696 gladius
2729 3638 2892 3680 meus
2923 3625 3063 3695 (Isa.
3095 3639 3299 3690 xxxiv,
3359 3623 3435 3695 5).
3485 3626 3568 3679 Ac

1905 3717 1953 3772 si
1986 3720 2187 3789 aperte
2217 3715 2476 3770 diceret:
2513 3716 2643 3780 Qua
2672 3713 2762 3769 ira
2800 3713 3011 3768 feriam
3057 3711 3352 3784 superbos
3401 3714 3572 3767 terra

1906 3806 2277 3879 perpendite,
2307 3804 2353 3859 si
2376 3804 2543 3877 ipsos
2570 3802 2752 3859 etiam
2791 3817 2947 3875 quos
2972 3801 3032 3856 in
3064 3805 3217 3856 cocto
3259 3801 3433 3872 juxta
3476 3815 3574 3856 me

1907 3895 2171 3966 condidi,
2204 3911 2314 3968 pro
2336 3893 2612 3950 elationis
2640 3892 2782 3948 vitio
2803 3895 3112 3965 percutere
3143 3906 3265 3947 non
3284 3889 3572 3964 peperci.]

1978 4075 2245 4145 jQuibus
2268 4073 2722 4133 auctoritatibus
2735 4069 3227 4146 suspiciendis,ac
3249 4086 3356 4144 per
3367 4070 3578 4129 omnia

1905 4165 2288 4232 venerandis,
2313 4164 2434 4220 sole
2464 4163 2722 4220 lucidius
2752 4162 2935 4219 claret
2962 4166 3019 4218 et
3034 4161 3318 4232 angelum
3368 4165 3424 4218 et
3465 4161 3574 4217 ho-

1907 4257 2133 4312 minem
2156 4254 2450 4328 perfectos
2483 4253 2779 4322 conditos,
2821 4253 3184 4326 ruinamque
3213 4268 3422 4308 eorum
3452 4266 3576 4308 non

1907 4347 1981 4403 de
2008 4345 2458 4419 imperfectione
2478 4347 2730 4415 naturae,
2756 4344 2864 4401 sed
2911 4343 2986 4399 de
3036 4342 3333 4400 abusione
3371 4341 3576 4398 liberas

1903 4435 2227 4493 voluntatis
2265 4435 2571 4492 accidisse.
2607 4433 2781 4502 Quod
2811 4433 2860 4490 si
2883 4447 3103 4506 corpus
3131 4432 3394 4489 hominis
3436 4430 3573 4488 ideo

1906 4526 2061 4582 mori
2106 4525 2300 4599 potuit
2355 4525 2499 4597 quia
2523 4522 2941 4598 imperfectum
2955 4521 3086 4592 fuit,
3121 4525 3179 4578 et
3205 4521 3411 4577 anima
3435 4535 3578 4592 pec-

1906 4633 2042 4674 care
2071 4616 2215 4689 quia
2236 4615 2586 4688 imperfecta
2607 4613 2764 4671 facta
2792 4617 2900 4682 est,
2940 4613 3072 4684 jam
3100 4627 3221 4667 non
3261 4610 3369 4666 erit
3394 4625 3581 4667 causa

1908 4705 2116 4762 mortis
2146 4705 2278 4776 ejus
2322 4701 2656 4776 peccatoris
2707 4700 3017 4772 ivoluntas,
3088 4698 3196 4755 sed
3243 4696 3581 4754 Conditoris

1906 4794 2093 4868 (quod
2123 4793 2298 4865 absit)
2345 4792 2649 4866 iniquitas,
2707 4789 2996 4854 videlicet,
3038 4787 3145 4860 qui
3195 4787 3331 4843 ideo
3379 4785 3582 4845 fecerit

1909 4883 2350 4957 imperfectum,
2385 4887 2450 4938 ut
2501 4879 2842 4938 necessario
2881 4880 3158 4951 peccaret
3209 4875 3580 4950 perindeque

1905 4979 2254 5032 moreretur.
2282 4976 2348 5029 Et
2376 4971 2481 5028 ubi
2503 4967 2768 5043 estquod
2784 4967 3102 5042 Apostolus
3131 4966 3213 5023 ait
3247 4983 3260 5022 :
3287 4966 3583 5039 Nunquid

1903 5065 2190 5136 iniquitas
2218 5063 2383 5132 apud
2428 5064 2612 5118 Deum
2646 5060 2834 5132 (Rom.
2868 5075 2941 5121 Ix,
2983 5057 3066 5130 14)
3097 5055 3124 5110 ?
3167 5061 3224 5114 et
3279 5057 3447 5131 quod
3476 5057 3581 5114 ad-

1900 5153 2334 5227 jungitzAbsit
2366 5155 2392 5207 ?
2447 5151 2504 5208 Si
2561 5165 2726 5219 ergo,
2782 5152 2846 5205 ut
2895 5148 3076 5232 habet
3122 5148 3363 5215 veritas,
3415 5146 3582 5204 nulla

1906 5248 1994 5301 est
2071 5241 2353 5314 iniquitas
2396 5239 2561 5314 apud
2606 5239 2818 5304 Deum,
2893 5241 3129 5295 constat
3181 5237 3328 5310 quia
3376 5235 3575 5291 nullas

1905 5331 2288 5390 necessitates
2334 5327 2716 5386 intellectuali
2771 5330 3056 5384 creaturae
3104 5324 3424 5382 condendo
3483 5323 3574 5379 in-

1906 5422 2139 5488 ﬂixerit,
2215 5419 2440 5493 quibus
2516 5417 2704 5474 invita
2765 5420 2948 5488 atque
3033 5415 3271 5487 captiva
3321 5416 3571 5485 peccato

1909 5528 2038 5569 sese
2087 5509 2365 5568 addicere
2423 5511 2754 5578 cogeretur.
2808 5502 2983 5571 Quod
3047 5503 3096 5559 si
3138 5503 3298 5559 hanc
3355 5501 3575 5574 imper-

1909 5601 2234 5660 fectioncm
2291 5597 2639 5654 mortalitati
2688 5594 2984 5664 assignas,
3052 5607 3446 5664 nequaquam
3501 5591 3580 5648 ab

1912 5692 2126 5750 eadem
2177 5689 2480 5761 impietate
2530 5685 2782 5754 recedis,
2833 5681 3128 5756 quoniam
3185 5685 3242 5738 et
3299 5680 3351 5736 si
3394 5681 3579 5738 homo

1917 5784 2000 5842 ita
2051 5778 2515 5856 primordialiter
2587 5777 2781 5835 factus
2852 5777 2958 5842 est,
3035 5779 3095 5831 ut
3171 5774 3378 5844 posset
3459 5786 3584 5828 non
