3936 6428
323 363 458 421 Hi5

1340 361 1398 416 s.
1438 330 1808 416 panormi
1846 353 2227 412 mscmsns
2272 356 2589 413 EPISCOPI

3613 364 3750 416 H16

320 482 476 541 mori
499 482 546 538 si
578 497 700 540 non
730 488 1023 555 peccaret,
1056 489 1263 556 posset
1289 484 1467 541 etiam
1500 484 1654 539 mori
1686 483 1731 537 si
1766 496 1976 554 pecca-
2006 482 2053 536 Α
2096 481 2283 547 (Rom.
2315 496 2351 543 ι,
2376 484 2448 549 3).
2477 482 2707 537 Gabriel
2729 497 2993 554 quoque,
3017 482 3077 537 in
3105 481 3316 537 eadem
3340 484 3749 549 consentiens,

321 578 411 633 ret
437 587 559 628 non
589 572 725 629 ideo
750 572 1133 644 imperfectus
1164 573 1458 629 dicendus
1503 578 1610 639 est,
1641 571 1787 644 quia
1838 586 1978 642 pec-

321 677 459 719 care
475 662 700 736 potuit:
735 662 867 717 fecit
893 663 1055 719 enim
1077 663 1245 737 quod
1275 663 1482 731 voluit,
1516 678 1639 718 non
1669 660 1983 733 imperfec-

321 751 481 809 tioue
535 751 804 817 adactus,
858 752 963 807 sed
1022 753 1327 809 voluntate
1387 752 1671 819 allectus;
1705 766 1819 806 nec
1846 747 1984 804 ideo

321 844 595 895 mortuus
623 839 768 912 quia
788 840 925 897 fecit
952 840 1359 915 imperfectus,
1389 857 1528 897 cum
1563 844 1620 896 et
1654 855 1818 894 mors
1849 853 1985 910 pro.

320 932 450 1000 pter
463 932 795 999 peccatum,
825 935 882 985 et
897 934 1212 1002 peccatum
1230 935 1472 1005 propter
1487 929 1689 985 liberae
1701 927 1796 983 vol
1809 931 1982 983 unta-

318 1014 389 1071 tis
417 1017 793 1074 aversiouem
828 1024 1228 1091 spontaneum
1269 1019 1560 1093 peccanti,
1616 1016 1979 1073 acciderunt.

392 1107 573 1160 Faves
599 1107 847 1164 omnino
877 1108 1242 1180 Pelagianis,
1268 1125 1338 1165 ac
1378 1124 1488 1181 per
1511 1108 1628 1163 hoc
1678 1106 1774 1161 dic
1797 1103 1979 1160 etiam

324 1207 469 1251 cum
495 1193 606 1266 eis,
657 1195 850 1253 Adam
899 1198 1022 1254 sive
1064 1203 1360 1270 peccaret,
1396 1197 1517 1252 sive
1550 1211 1674 1251 non
1705 1194 1982 1267 peccaret

318 1282 636 1341 mortalem
712 1284 941 1342 factum
1013 1292 1070 1343 et
1132 1287 1512 1353 moriturum,
1568 1283 1735 1358 quod
1790 1286 1980 1338 totum

317 1371 614 1429 catholica
640 1374 895 1431 Ecclesia
924 1375 1365 1448 praedamnavit
1394 1375 1601 1444 (Cone.
1646 1373 1807 1444 Afri.
1840 1385 1975 1439 cap.

323 1460 377 1530 1)
408 1479 421 1512 τ
455 1462 560 1533 qui
585 1463 861 1535 inquam,
892 1465 975 1521 ita
1005 1470 1094 1521 est
1146 1465 1445 1536 conditus,
1507 1471 1569 1521 ut
1613 1462 1801 1536 possit
1856 1476 1981 1516 non

317 1549 473 1606 mori
502 1550 551 1607 si
568 1567 694 1608 non
721 1559 1011 1625 peccaret,
1050 1554 1345 1624 colligitur
1373 1561 1434 1611 ut
1452 1570 1572 1610 non
1595 1551 1980 1627 imperfectus

319 1636 553 1696 dicatur
583 1642 879 1706 conditus,
913 1643 1016 1699 sed
1038 1644 1335 1716 perfectus
1366 1660 1381 1710 ;
1406 1644 1632 1716 quippe
1663 1641 1759 1699 cui
1788 1640 1867 1696 ad
1888 1638 1981 1694 sui

318 1727 745 1800 perfectionem
775 1731 921 1787 nihil
940 1732 1177 1789 deesset
1196 1733 1243 1789 si
1258 1749 1382 1789 non
1404 1737 1680 1805 peccaret
1708 1748 1722 1787 :
1755 1743 1980 1801 nempe

318 1815 553 1889 absque
582 1818 705 1875 ulla
723 1821 933 1877 mortis
964 1826 1069 1878 aut
1097 1823 1296 1879 morbi
1348 1821 1877 1888 contaminatione,
1906 1816 1977 1873 li-

321 1905 422 1975 gni
447 1906 576 1964 vitae
599 1908 826 1981 pabulo
856 1910 1191 1969 salutariter
1206 1912 1461 1981 cibatus,
1484 1910 1772 1981 angelicae
1795 1909 1979 1965 socie-

320 1995 457 2051 tatis
506 1997 706 2054 unitus
761 1998 1048 2069 beatitati,
1108 2002 1168 2058 in
1220 2006 1577 2075 perpetuum
1634 1999 1971 2056 exsultaret.

319 2084 487 2141 Hanc
511 2086 1027 2159 imperfectionem
1057 2091 1107 2147 si
1135 2092 1420 2148 humana;
1451 2096 1681 2147 naturae
1697 2090 1976 2163 deputas,

318 2189 562 2232 necesse
590 2181 678 2234 est
707 2182 775 2234 ut
801 2178 1121 2236 Dominum
1151 2185 1425 2237 nostrum
1448 2183 1650 2237 Jesum
1679 2179 1976 2235 Christum

318 2263 517 2323 eidem
573 2266 1048 2339 impcrfectionis
1101 2270 1391 2341 subjuges
1420 2288 1433 2327 :
1467 2270 1572 2343 qui
1627 2274 1832 2326 autem
1873 2285 1976 2325 au-

317 2352 460 2410 deat
476 2354 674 2413 dicere
702 2356 1115 2430 imperfectam
1135 2360 1266 2431 ejus
1286 2377 1415 2417 esse
1434 2364 1736 2427 naturam,
1758 2359 1834 2415 de
1852 2375 1977 2431 quo

318 2441 573 2500 ﬁdeliter
595 2446 889 2515 canimus,
920 2448 1065 2521 quia
1097 2449 1171 2505 sit
1192 2449 1495 2522 perfectus
1540 2450 1715 2522 Deus,
1747 2448 1975 2521 perfec-

318 2534 416 2587 tus
443 2531 629 2591 homo
685 2551 759 2592 ex
801 2537 1006 2593 anima
1060 2538 1337 2595 rationali
1383 2544 1440 2595 et
1475 2540 1747 2595 humana
1796 2553 1976 2594 carne

321 2621 658 2680 subsistens
682 2627 711 2682 il
729 2630 932 2699 Neque
954 2628 1115 2683 enim
1138 2628 1233 2684 vel
1254 2628 1612 2702 Apollinaris
1634 2627 1976 2686 audiendus

318 2716 429 2783 est,
454 2714 561 2786 qui
584 2731 726 2771 eum
746 2716 1030 2774 habuisse
1062 2718 1331 2775 animam
1360 2721 1562 2789 negat,
1586 2718 1791 2774 dicens
1806 2718 1976 2789 quid-

317 2803 467 2876 quid
522 2805 741 2862 animai
792 2807 988 2865 fuerat
1036 2812 1353 2881 operatum
1383 2810 1444 2865 in
1473 2824 1544 2866 eo
1601 2808 1975 2865 divinitatem

318 2907 542 2961 suam;
599 2896 925 2967 Manichaai,
983 2899 1085 2970 qui
1143 2914 1281 2954 eum
1308 2915 1528 2972 corpus
1573 2899 1975 2971 assumpsisse

315 2980 767 3053 phantasticum
793 2985 1048 3043 delirant
1079 3005 1092 3043 :
1128 2987 1235 3043 sed
1253 2986 1372 3044 ﬁde
1393 2988 1741 3061 plenissima
1753 2993 1810 3044 et
1838 3004 1976 3044 auc-

315 3069 548 3128 toritate
574 3072 999 3132 fundatissima
1022 3076 1432 3133 conﬁtendum
1453 3092 1664 3133 verum
1692 3077 1975 3134 habuisse

2093 567 2281 623 beatae
2316 570 2505 626 Mariis
2532 571 2742 633 virgini
2797 572 3099 627 nuntians.
3126 573 3203 625 Et
3242 572 3411 626 dabit
3452 571 3673 644 inquit,
3700 574 3754 629 ei

2097 658 2377 713 Dominus
2409 660 2563 715 Deus
2584 662 2773 715 sedem
2806 661 2997 716 David
3006 662 3199 729 patris
3230 663 3359 729 ejus
3391 662 3555 729 (Luc.
3580 662 3750 733 1,32).

2095 748 2227 818 Ipse
2256 747 2435 803 etiam
2468 750 2755 804 Dominus
2786 750 3161 817 intezrogans
3193 749 3545 815 Pharisaeos,
3580 750 3753 820 cujus

2094 836 2283 893 ﬁlium
2337 837 2605 895 dicerent
2650 855 2784 894 asse
2836 840 3173 907 Christum;
3235 839 3752 911 respondentibus

2093 927 2301 995 David,
2332 928 2615 984 continuo
2644 930 2952 999 adjunxit:
2988 931 3052 985 St
3078 945 3217 999 ergo
3268 932 3435 999 filius
3477 932 3608 999 ejus
3647 936 3748 993 est,

2089 1017 2380 1087 quomodo
2410 1025 2577 1074 vocat
2608 1034 2738 1075 eum
2784 1020 3099 1075 Dominum
3151 1020 3390 1087 (Matth.
3425 1034 3563 1090 χχιι,
3595 1022 3691 1085 42)
3720 1019 3748 1074 't

2089 1105 2200 1162 Ubi
2217 1122 2357 1162 cum
2376 1123 2585 1163 eorum
2615 1108 2988 1181 responsioni
3019 1107 3375 1180 astipulans,
3408 1124 3537 1164 sese
3557 1107 3748 1163 ﬁlium

2091 1196 2298 1267 David,
2323 1196 2382 1251 id
2404 1203 2491 1253 est
2521 1199 2828 1254 hominem
2862 1214 2929 1254 ex
2959 1199 3201 1254 homine
3231 1213 3352 1253 non
3383 1204 3637 1267 negaret
3659 1197 3750 1252 di-

2088 1286 2348 1343 vinitatis
2398 1304 2522 1343 sure
2565 1288 2950 1345 eminentiam
3008 1288 3233 1353 extulit.
3287 1287 3390 1360 qui
3431 1304 3493 1345 se
3564 1287 3752 1360 patris

2090 1374 2202 1439 sui,
2233 1375 2291 1431 id
2334 1380 2423 1432 est
2476 1377 2659 1432 David
2707 1377 3029 1433 Dominum
3087 1377 3548 1451 comprobavit:
3604 1392 3753 1448 quo-

2089 1464 2274 1520 modo
2303 1466 2465 1521 enim
2515 1482 2723 1523 semen
2754 1467 3078 1537 Abraham,
3112 1473 3169 1524 et
3192 1467 3351 1523 ﬁlius
3391 1466 3604 1534 David,
3638 1465 3752 1521 nisi

2087 1554 2273 1611 homo
2294 1572 2472 1612 verus
2496 1564 2677 1630 atque
2698 1557 3000 1631 perfectus
3027 1574 3094 1613 ex
3116 1557 3463 1613 hominibus
3484 1557 3643 1612 veris
3672 1562 3754 1611 at-

2087 1660 2206 1715 que
2224 1646 2496 1717 perfectis
2528 1647 2556 1702 ‘I
2579 1647 2724 1702 Hinc
2759 1654 2814 1702 rt
2840 1647 3193 1718 Apostolus:
3222 1648 3552 1718 Nunquam
3583 1645 3743 1702 enim

2088 1736 2331 1803 angelos
2352 1737 2769 1805 apprehendit,
2801 1737 2900 1790 red
2920 1751 3113 1793 semen
3134 1736 3396 1793 Abrahae
3417 1734 3751 1805 apprehen-

2018 1834 2058 1889 Β
2100 1824 2209 1879 dit.
2239 1824 2405 1880 Unde
2422 1831 2475 1881 et
2497 1825 2697 1881 debuit
2715 1840 2827 1894 per
2875 1826 3074 1881 omnia
3120 1826 3417 1893 fratribus
3487 1824 3752 1879 similari

2089 1918 2350 1970 tentatus
2362 1929 2477 1983 per
2510 1916 2707 1970 omnia
2753 1916 2973 1985 absque
2993 1919 3240 1984 peccato
3276 1913 3483 1979 (Hebr.
3533 1929 3593 1979 ll,
3664 1916 3745 1979 16,

2091 2006 2183 2072 17;
2226 2020 2304 2072 ιν,
2341 2005 2444 2073 15).

2160 2093 2270 2160 Qui
2284 2093 2463 2164 igitur
2480 2109 2692 2149 omnes
2714 2098 2805 2149 ten
2818 2094 3068 2149 taliones
3088 2091 3351 2148 hominis
3369 2090 3604 2164 absque
3616 2106 3749 2164 peo-

2087 2186 2221 2238 cato
2242 2182 2441 2251 subiit,
2466 2182 2729 2254 profecto
2747 2184 2995 2254 plenum
3012 2186 3190 2253 atque
3210 2181 3541 2253 perfectum
3560 2196 3626 2235 se
3646 2180 3748 2235 ho-

2084 2272 2314 2327 minem
2365 2270 2710 2326 declaravit.
2760 2270 2947 2325 llabet
2992 2274 3195 2325 autem
3252 2269 3403 2324 ﬁdes
3452 2267 3749 2324 catholica

2087 2360 2410 2417 Dominum
2438 2364 2712 2415 nostrum
2728 2360 2934 2414 Jesum
2966 2358 3269 2415 Christum
3300 2358 3431 2429 ejus
3462 2357 3751 2413 conditio-

2084 2450 2178 2505 nis
2206 2449 2515 2511 hominem
2540 2465 2615 2504 ex
2643 2449 3003 2504 intemerato
3056 2447 3303 2517 virginis
3344 2451 3513 2502 utero
3533 2446 3597 2501 in
3629 2444 3748 2502 uni-

2085 2542 2264 2596 tatem
2288 2554 2432 2601 suae,
2464 2538 2523 2593 id
2556 2542 2644 2593 est
2674 2537 2799 2593 Filii
2854 2538 2972 2601 Dei,
3002 2552 3278 2610 personae
3302 2535 3657 2607 sumpsisse,
3685 2534 3745 2589 in

2084 2644 2211 2702 qua
2241 2627 2506 2700 primum
2532 2627 2866 2696 hominem,
2900 2626 3027 2699 ipse
3077 2624 3427 2682 condiderat
3458 2641 3471 2679 :
3504 2622 3672 2696 quod
3698 2617 3746 2677 si

2083 2717 2529 2791 imperfectione
2557 2721 2864 2773 mortuum
2896 2717 3162 2789 primum
3196 2714 3526 2783 hominem,
3590 2727 3746 2769 asse-

2084 2822 2274 2874 veras,
2325 2806 2593 2877 sequitur
2624 2809 2689 2861 ut
2740 2810 2796 2860 et
2835 2804 3172 2860 secundum
3229 2802 3540 2859 hominem
3569 2800 3632 2857 id
3659 2802 3746 2855 est

2086 2895 2406 2962 Christum,
2441 2893 2656 2950 eadem
2684 2893 3130 2967 imperfectionc
3164 2897 3472 2948 mortuum
3510 2905 3745 2947 asseve-

2083 3002 2201 3043 ras.
2225 2985 2401 3058 Atqui
2447 3001 2571 3040 non
2593 2984 3061 3056 imperfectione,
3096 2982 3199 3038 sed
3232 2986 3522 3056 potestate
3554 2985 3615 3037 et
3638 2994 3742 3035 vo-

2083 3077 2312 3133 luntate
2340 3075 2586 3147 propria
2612 3090 2673 3129 se
2700 3078 3006 3130 mortuum
3031 3089 3159 3128 esse
3193 3076 3460 3137 testatur,
3503 3086 3645 3125 cum
3663 3067 3746 3123 di-

317 3163 375 3249 et
402 3160 623 3216 habere
655 3178 896 3236 corpus,
922 3170 1126 3222 veram
1158 3172 1215 3223 et
1270 3168 1545 3224 animam
1596 3166 1864 3240 nihilque
1894 3166 1975 3222 illi
2014 3190 2055 3249 ρ
2094 3167 2171 3223 cit
2201 3183 2213 3220 ε
2249 3166 2604 3221 Potestatem
2638 3163 2823 3220 habeo
2842 3163 3112 3232 ponendi
3137 3163 3403 3217 animam
3429 3174 3642 3229 meam,
3692 3163 3744 3213 et

321 3248 705 3322 aliquatenus
759 3252 1020 3311 defuisse
1072 3256 1241 3329 quod
1294 3257 1643 3331 perfectioni
1692 3257 1975 3313 humanas
2024 3247 2027 3249 ’
2084 3261 2433 3327 potestatem
2455 3254 2642 3310 habeo
2664 3255 2882 3309 iterum
2910 3252 3183 3309 sumendi
3204 3266 3354 3308 eam.
3376 3250 3566 3306 Nemo
3590 3247 3744 3304 tollit

314 3338 687 3410 primordiali
718 3343 1060 3402 conditione
1090 3348 1222 3418 ipse
1280 3362 1421 3403 cum
1468 3350 1638 3403 Patre
1668 3351 1725 3404 et
1768 3352 1976 3403 sancto

314 3427 531 3499 Spiritu
543 3430 939 3504 omnipotenti
955 3434 1223 3491 bonitate
1237 3435 1590 3492 contulerat.
1609 3436 1731 3492 Hoc
1749 3440 1979 3491 utrum-

315 3530 435 3586 que
458 3518 750 3574 veraciter
767 3535 906 3576 eum
935 3523 1334 3595 assumpsisse
1351 3524 1536 3580 Isaias
1556 3525 1851 3597 propheta
1871 3528 1980 3581 tes-

316 3606 494 3674 tatur,
524 3621 662 3662 cum
689 3606 866 3664 dicit:
902 3610 1056 3667 Ecce
1086 3613 1254 3683 virgo
1281 3613 1344 3668 in
1379 3619 1550 3669 utero
1576 3614 1890 3683 concipiet,
1923 3618 1980 3669 et

310 3701 511 3785 pariet
538 3697 755 3765 ﬁlium,
805 3700 1103 3756 vocabunt
1156 3717 1369 3758 nomen
1421 3705 1551 3772 ejus
1581 3703 1975 3785 Emmanuel;

318 3783 602 3854 butyrum
631 3792 687 3843 et
710 3789 831 3845 mel
881 3789 1163 3856 comedet,
1195 3796 1264 3846 ut
1305 3793 1456 3847 sciat
1503 3792 1829 3860 reprobare
1856 3783 1978 3847 ma?

319 3874 462 3942 lum,
497 3879 553 3931 et
580 3876 801 3947 eligere
831 3878 1046 3935 bonum
1080 3879 1199 3951 (Isa
1240 3896 1339 3945 vn,
1400 3882 1509 3945 14).
1562 3884 1763 3951 Neque
1815 3881 1975 3936 enim

314 3960 560 4032 femina,
587 3980 725 4037 quis
780 3972 869 4022 est
897 3968 1101 4037 homo,
1130 3968 1297 4025 aliud
1326 3969 1640 4041 concipere
1674 3974 1777 4025 aut
1802 3984 1975 4042 pare-

314 4066 378 4107 re
407 4053 617 4123 potuit,
650 4054 765 4110 nisi
792 4056 959 4128 quod
985 4062 1129 4123 crat,
1154 4058 1215 4113 id
1264 4064 1352 4114 est
1380 4058 1714 4126 hominem,
1776 4073 1973 4131 neque

312 4144 694 4213 Emmanuel,
716 4146 778 4202 id
808 4150 898 4202 est
927 4148 1232 4205 nobiscum
1262 4150 1441 4217 Deus,
1475 4148 1643 4205 aliud
1682 4149 1974 4222 appellari

314 4236 549 4304 poterat
572 4234 686 4290 nisi
711 4236 896 4292 homo
915 4252 1115 4305 verus,
1144 4238 1247 4310 qui
1287 4243 1441 4294 esset
1467 4243 1524 4295 et
1553 4242 1727 4295 Deus.
1773 4244 1973 4312 Neque

317 4321 601 4391 butyrum
646 4329 702 4379 et
751 4327 890 4394 mel,
922 4325 1145 4397 quibus
1172 4343 1386 4383 omnes
1418 4328 1689 4384 humano
1735 4328 1972 4400 corpori

315 4409 431 4465 cibi
459 4412 779 4468 necessarii
817 4415 1433 4487 comprehenduntur,
1465 4417 1781 4474 comedere
1802 4421 1970 4489 pote-

313 4502 424 4567 rat,
456 4500 571 4556 nisi
599 4516 819 4575 oorpus
847 4520 860 4570 ;
890 4518 1087 4577 neque
1108 4504 1370 4562 cadaver
1393 4506 1659 4563 inanime
1680 4506 1776 4562 vel
1797 4506 1968 4572 scire,

313 4587 410 4644 vel
455 4593 755 4663 appetere,
804 4590 900 4647 vel
952 4596 1264 4650 attrectare
1311 4594 1502 4658 cibos,
1560 4594 1674 4650 nisi
1704 4602 1813 4667 p’er
1841 4594 1970 4650 ani-

313 4693 476 4734 mam
524 4694 652 4735 sese
681 4685 1080 4752 vegetantem,
1111 4682 1186 4739 de
1215 4698 1339 4756 quo
1369 4687 1427 4739 et
1468 4682 1629 4740 idem
1676 4685 1972 4756 propheta

312 4768 433 4824 ait:
465 4768 756 4837 Quiescite
778 4770 853 4826 ab
881 4770 1137 4843 homine,
1163 4775 1336 4838 cuius
1355 4774 1606 4843 spiritus
1636 4776 1699 4829 in
1721 4774 1970 4830 naribus

311 4859 439 4926 ejus
481 4858 605 4928 (Isa
631 4875 690 4925 ll,
717 4862 828 4931 22).
863 4860 971 4915 Ubi
1022 4866 1341 4930 utramque
1396 4866 1677 4919 naturam
1704 4862 1969 4919 hominis

310 4948 815 5019 comprehensam
856 4965 1036 5006 nemo
1081 4949 1334 5006 dubitat.
1380 4954 1457 5006 De
1487 4967 1610 5024 quo
1676 4951 1754 5007 ad
1784 4950 1969 5007 Abra-

309 5034 457 5091 ham
516 5036 721 5093 divina
748 5039 1072 5111 promissio
1095 5040 1361 5112 loquitur
1384 5040 1590 5095 dicens
1614 5058 1627 5096 :
1652 5042 1724 5096 In
1753 5042 1972 5098 semine

315 5127 417 5178 tuo
433 5124 857 5183 benedicentur
869 5144 1069 5185 omnes
1083 5130 1273 5185 tribus
1296 5135 1473 5186 terrae
1489 5131 1655 5198 (Gen.
1677 5147 1823 5197 xxu,
1844 5130 1923 5201 18)
1954 5148 1967 5195 ;

314 5216 371 5267 et
400 5214 586 5268 Moses
607 5215 684 5269 ad
704 5214 862 5270 ﬁlios
894 5217 1107 5273 Israel:
1141 5219 1509 5288 Prophetam
1538 5220 1847 5275 suscitabit
1880 5235 1972 5275 vo-

316 5301 401 5358 bis
430 5303 720 5359 Dominus
746 5306 903 5360 Deus
935 5312 1127 5364 vester
1153 5308 1227 5364 de
1260 5309 1529 5378 fratibus
1576 5313 1807 5376 vestris,
1840 5315 1972 5366 tan-

311 5407 491 5462 quam
507 5407 600 5449 me
616 5393 810 5462 ipsum
823 5395 1077 5450 audietis
1098 5396 1291 5466 (Deut.
1325 5413 1487 5459 xvni,
1521 5401 1609 5463 l8)
1640 5397 1787 5470 quid
1810 5396 1970 5453 enim

314 5487 403 5536 est
456 5487 744 5554 tanquam
794 5499 908 5554 me,
958 5484 1075 5539 nisi
1123 5486 1432 5543 hominem
1488 5487 1641 5542 sicut
1688 5502 1801 5556 ego
1835 5502 1972 5541 sum

315 5568 545 5639 homo;
586 5577 643 5628 et
683 5572 761 5628 ad
812 5574 999 5630 David
1045 5575 1173 5647 ipse
1232 5576 1569 5632 Dominus:
1630 5579 1716 5632 De
1759 5577 1972 5647 fructu

318 5661 542 5714 ventris
575 5664 665 5716 tui
704 5679 923 5730 ponam
980 5680 1159 5734 super
1179 5668 1369 5722 sedem
1403 5673 1567 5723 tuam
1619 5662 1967 5735 (Plfcxxxr.

330 5743 451 5811 ll);
496 5749 592 5801 cui
647 5750 970 5820 Apostolus
1019 5754 1280 5813 concinit
1363 5756 1615 5811 dicens:
1674 5755 1788 5822 Qui
1844 5756 1973 5824 fac-

323 5832 418 5883 tus
472 5836 556 5885 est
603 5835 657 5888 ei
683 5850 759 5890 ea:
834 5839 1052 5895 semine
1112 5842 1313 5897 David
1350 5844 1675 5901 secundum
1732 5859 1973 5902 carnem

2087 3362 2216 3403 eam
2248 3361 2285 3402 a
2314 3360 2425 3409 me,
2459 3344 2561 3399 sed
2592 3358 2696 3413 ego
2718 3358 2880 3412 pono
2909 3358 3060 3402 eam,
3096 3348 3148 3397 et
3175 3342 3392 3396 iterum
3420 3354 3589 3395 sumo
3620 3352 3742 3394 eam

2087 3438 2283 3507 (Joan.
2316 3451 2373 3490 x.
2414 3435 2515 3505 18).
2552 3435 2615 3489 Et
2666 3431 3044 3502 Evangelista
3071 3430 3144 3486 de
3174 3430 3312 3485 illo:
3341 3430 3419 3485 Et
3451 3428 3742 3484 inclinato

2088 3527 2282 3595 capite
2313 3524 2566 3581 tradidit
2591 3523 2869 3592 spiritum
2896 3522 3089 3589 (Joan.
3122 3537 3240 3588 xxx,
3278 3520 3388 3592 30).
3420 3518 3531 3584 Qui
3570 3516 3743 3588 igitur

2088 3630 2266 3687 passe
2287 3629 2350 3669 se
2372 3613 2640 3669 animam
2664 3626 2886 3683 ponere
2905 3611 3276 3681 demuinque
3304 3624 3613 3664 resumere
3638 3610 3744 3661 tes-

2088 3708 2265 3767 tatur,
2293 3702 2560 3775 profecto
2611 3717 2732 3756 non
2764 3701 3090 3756 necesitate
3119 3697 3608 3771 imperfectionis,
3640 3693 3736 3751 sed

2086 3796 2377 3865 potestate
2420 3789 2678 3863 propriae
2731 3788 3055 3845 voluntatis
3111 3793 3365 3844 mortem
3399 3802 3463 3843 se
3509 3785 3739 3842 subisse

2086 3883 2478 3938 demonstrat.
2509 3885 2591 3935 Ac
2616 3894 2723 3951 per
2749 3880 2865 3935 hoc
2885 3878 2932 3933 si
2960 3877 3308 3934 distantiam
3330 3876 3615 3933 animalis
3642 3874 3739 3930 ho-

2085 3971 2266 4028 minis
2299 3970 2377 4026 ab
2402 3968 2648 4042 spiritali
2685 3968 3144 4024 monstrandam
3194 3967 3606 4023 necessarium
3639 3964 3740 4020 du-

2083 4076 2277 4127 xeras,
2303 4058 2579 4114 insolenti
2611 4057 2894 4112 nimirum
2921 4056 3220 4113 vocabulo
3253 4073 3399 4112 usus
3424 4072 3509 4125 es,
3546 4060 3612 4111 ut
3639 4053 3743 4109 im-

2082 4150 2411 4223 perfectum
2441 4149 2670 4203 diceres
2699 4162 2807 4219 pro
2830 4145 3103 4201 nondum
3127 4145 3396 4218 spiritali,
3419 4144 3523 4217 qui
3553 4138 3742 4200 serva-

2083 4242 2144 4295 ta
2187 4236 2456 4294 mandati
2486 4235 2765 4292 custodia
2797 4233 3158 4307 expletoqua
3206 4233 3547 4290 cursu'vitaa
3580 4245 3745 4289 mun-

2081 4329 2366 4392 dissimae,
2407 4326 2713 4382 voluntate
2743 4325 2843 4381 Dei
2877 4324 3042 4394 ligno
3074 4324 3208 4380 VittB
3238 4324 3580 4394 degustato,
3612 4322 3743 4378 bea-

2081 4417 2317 4475 titudini
2346 4432 2417 4473 ac
2447 4415 2649 4486 glorias
2679 4414 2965 4485 angelicas
2992 4417 3352 4470 necteretur.

2154 4506 2411 4579 Explosa
2436 4506 2615 4575 igitur
2629 4505 2981 4560 necessitate
3003 4501 3470 4574 imperfectionis
3491 4501 3741 4558 fatemur

2080 4611 2213 4652 eum
2231 4595 2500 4651 libertate
2522 4593 2845 4650 voluntatis
2869 4592 3237 4664 peccavisse,
3266 4591 3598 4662 meritoque
3616 4602 3739 4662 pec-

2081 4685 2215 4755 cati,
2238 4699 2362 4739 non
2383 4680 2851 4755 imperfectionis
2868 4678 3239 4744 necessitate,
3288 4680 3495 4734 mortis
3516 4676 3737 4752 suppli-

2079 4774 2240 4829 cium
2261 4773 2578 4844 recepisse.
2606 4769 2717 4826 Sed
2744 4785 2884 4824 cum
2911 4767 3162 4824 asseris:
3201 4767 3333 4823 Ideo
3354 4782 3575 4837 corpus
3595 4762 3740 4823 mori

2076 4863 2355 4933 potuisse,
2369 4863 2511 4932 quia
2525 4859 2778 4915 necdum
2788 4858 3067 4928 spiritale
3078 4856 3312 4926 factum
3336 4862 3489 4921 erat,
3508 4863 3734 4914 contra-

2079 4952 2227 5008 dicis
2250 4949 2475 5004 veritati
2482 4964 2647 5020 ,quss
2669 4963 2775 5021 per
2815 4947 3121 5017 egregium
3136 4946 3593 5018 praedicatorem
3622 4944 3734 5001 cla—

2079 5045 2223 5097 mat:
2250 5041 2481 5108 Corpus
2502 5038 2737 5109 quidem
2758 5042 3059 5093 niortuum
3078 5042 3160 5092 est
3170 5042 3417 5105 propter
3430 5040 3735 5105 peccatum

2080 5131 2268 5200 (Rom.
2300 5145 2417 5195 vni,
2456 5130 2571 5195 10);
2619 5131 2675 5182 et
2703 5127 2844 5182 item
2868 5126 3093 5195 Infelix
3119 5140 3223 5195 ego
3257 5127 3450 5194 homo,
3494 5125 3625 5196 quis
3654 5133 3738 5176 me

2083 5218 2356 5275 liberabit
2370 5218 2440 5273 de
2457 5232 2704 5286 corpore
2715 5218 2923 5272 mortis
2939 5215 3150 5285 hujus?
3165 5216 3352 5285 (Rom.
3372 5230 3477 5283 v11,
3496 5214 3607 5283 24.)
3624 5210 3737 5264 Hoc

2080 5324 2317 5380 semper
2332 5312 2389 5363 et
2405 5306 2589 5361 sensit
2608 5310 2663 5360 et
2683 5305 2885 5361 docuit
2899 5303 3193 5360 catholica
3210 5302 3466 5359 Ecclesia
3478 5342 3491 5366 ,
3510 5303 3623 5358 hoc
3646 5295 3739 5353 ad'
3760 5293 3771 5299 ’

2078 5414 2291 5454 versus
2313 5395 2669 5465 Pelagianos
2694 5394 3011 5450 fortissime
3029 5392 3316 5460 defendit,
3360 5388 3730 5448 veracissime

2079 5487 2431 5551 vindicavit,
2482 5483 2879 5540 invictissime
2937 5482 3207 5539 astruxit.
3254 5485 3383 5537 Non
3440 5481 3600 5537 enim
3648 5488 3741 5531 ne-

2082 5576 2350 5632 cessitate
2366 5573 2644 5643 ingenitse
2662 5571 3276 5641 fragilitatishumana
3295 5573 3510 5625 natura
3555 5566 3614 5622 in
3633 5559 3740 5631 pri-

2083 5667 2196 5721 mis
2230 5666 2349 5720 suis
2380 5662 2890 5736 propagatoribus
2913 5660 3227 5733 compulsa
3263 5663 3349 5715 est
3389 5658 3449 5714 in
3472 5660 3734 5736 mortem,

2082 5754 2189 5810 sed
2206 5735 2415 5810 merito
2429 5771 2456 5807 s
2466 5752 2523 5807 ui
2536 5752 2851 5823 spontanei
2866 5750 3149 5806 facinoris
3159 5789 3172 5813 ,
3210 5748 3488 5819 aequitate
3501 5735 3737 5802 districti

2079 5842 2299 5913 judicis
2330 5840 2589 5899 addicta.
2621 5842 2853 5897 'Verum
2883 5839 2988 5911 qui
3044 5836 3459 5896 necessitatem
3512 5831 3737 5908 penitus
