3936 6392
337 277 473 335 1119

1433 269 1488 324 S.
1525 260 1913 322 PRUDENTII
1949 259 2328 318 TRECENSIS
2367 257 2676 316 EPISCOPI

3631 255 3766 310 H20

333 418 503 459 ream
527 397 1089 468 immutabilemque
1119 398 1421 460 naturam,
1441 408 1579 465 quas
1604 393 1696 445 est
1722 387 1996 447 Trinitas,
2029 387 2075 441 A
2109 384 2313 440 rabilis
2341 388 2478 458 post
2506 383 2839 440 unitionem
2874 380 2974 436 Dei
2995 384 3051 437 et
3079 379 3342 436 hominis
3371 379 3571 435 unitas
3594 394 3766 434 vera-

335 507 494 548 unus
517 495 571 546 et
596 505 776 544 verus
812 489 984 556 Deus,
1018 483 1195 538 nullis
1245 481 1650 555 corporalium
1689 493 1890 534 rerum
1921 476 1998 530 si-

337 581 474 651 gnis
499 595 537 636 a
572 577 823 634 vocibus
876 572 1127 646 proferri
1176 572 1411 628 valere:
1447 574 1745 644 quantum
1796 572 1998 622 tamen

336 669 470 742 ipso
498 662 899 722 universitatis
925 665 1167 717 auctore
1218 660 1398 716 datur
1429 664 1610 732 atque
1651 655 2000 714 conceditur

337 757 486 830 ipsis
517 754 739 827 quibus
761 752 1098 806 humanam
1129 753 1410 806 naturam
1433 749 1518 805 uti
1553 747 1736 817 dedit,
1782 744 1998 800 verbo-

336 861 472 902 rum
499 839 1062 912 signiﬁcationibus,
1111 855 1223 911 pro
1271 854 1521 894 munere
1568 833 1998 897 distribuentis,

337 939 394 990 et
421 931 749 1004 capacitate
781 929 1091 998 sumentis,
1115 929 1294 999 digne
1325 944 1458 1000 quae
1504 943 1614 983 sua
1645 929 1786 981 sunt
1812 923 2001 979 voluit

336 1027 516 1096 atque
545 1019 797 1077 instituit
827 1018 1161 1093 praedicari.
1209 1018 1321 1073 Sed
1352 1034 1491 1074 cum
1534 1016 1683 1072 dicis
1713 1016 1900 1087 (num.
1943 1013 1999 1083 3)

336 1111 414 1166 eis
444 1110 537 1162 uti
562 1107 842 1162 humanae
871 1103 1355 1160 ratiocinationis
1379 1108 1515 1171 post
1544 1106 1854 1172 peccatum
1874 1099 2002 1168 pri-

333 1193 420 1248 mi
449 1193 704 1249 hominis
757 1192 1117 1248 laboriosam
1167 1197 1504 1262 egestatem,
1532 1204 1733 1245 nonne
1765 1186 2001 1242 ﬁdelius

333 1281 730 1354 veraciusque
761 1280 991 1335 diceres
1015 1279 1361 1335 divinorum
1389 1278 1765 1352 eloquiorum
1793 1280 1998 1332 aucto-

335 1370 618 1426 ritatem?
649 1371 792 1436 Quae
823 1368 982 1425 enim
1014 1369 1286 1424 humana
1324 1367 1700 1424 ratiocinatio
1727 1381 2000 1438 unquam

341 1459 529 1515 Deum
550 1459 724 1526 plene
749 1457 1200 1528 cognovit,satis
1231 1457 1521 1514 asseruit?
1551 1458 1706 1512 Licet
1733 1470 2000 1526 namque

336 1548 591 1621 quidam
620 1548 1121 1621 philosophorum
1156 1547 1231 1602 de
1272 1550 1412 1615 Deo,
1441 1551 1738 1618 quantum
1764 1544 1842 1600 ab
1870 1544 2000 1616 ipso

337 1638 476 1694 tacti
509 1642 668 1709 sunt,
696 1636 976 1710 quaedam
1008 1641 1418 1710 competenter
1447 1635 1820 1709 protulerint,
1843 1649 1998 1688 nun-

2107 476 2250 532 citer
2297 475 2671 548 praedicetur,
2717 473 3087 547 perindeque
3135 487 3270 544 quae
3322 473 3460 526 sunt
3505 469 3767 525 hominis

2109 565 2247 632 Deo,
2277 569 2497 638 etquae
2548 564 2648 620 Dei
2708 567 2847 618 sunt
2893 560 3128 617 homini
3182 559 3416 616 soleant
3471 557 3768 631 deputari,

2105 654 2274 726 quod
2302 653 2635 726 protuleras
2683 651 3035 718 aﬂirmares,
3090 665 3339 721 prorsus
3408 646 3623 704 rationi
3648 661 3772 702 non

2107 743 2418 799 convenit:
2473 742 2637 799 aliud
2679 745 2768 796 est
2810 739 2971 796 enim
3020 738 3242 808 divina,
3291 737 3456 794 aliud
3499 737 3771 792 humana

2106 832 2364 888 tractari.
2399 831 2573 888 Multo
2604 830 2806 902 itaque
2836 827 3048 884 melius
3093 827 3287 883 fuerat
3327 829 3565 882 Patrum
3591 841 3770 895 regu-

2107 922 2178 977 lis
2208 922 2517 988 inhterere,
2550 936 2740 993 quam
2763 918 3022 992 propriis
3066 915 3595 974 adinventionibus
3635 931 3773 972 eva-

2105 1026 2367 1067 nescere.
2403 1011 2616 1067 Beatus
2644 1024 2910 1082 namque
2939 1008 3326 1078 Augustinus,
3376 1022 3516 1062 cum
3555 1005 3627 1062 de
3654 1006 3772 1062 hac

2108 1101 2323 1157 eadem
2347 1116 2410 1157 re
2440 1099 2786 1156 acutissime
2819 1103 2894 1166 et,
2940 1098 3116 1169 juxta
3150 1113 3383 1154 morem
3424 1113 3625 1158 suum,
3665 1112 3772 1152 au-

2110 1190 2456 1262 gustissime
2491 1189 2947 1263 disputaret,ita
2970 1188 3032 1244 in
3061 1187 3213 1244 libro
3244 1187 3320 1243 de
3350 1191 3559 1244 sancta
3585 1185 3771 1242 Trini-

2108 1284 2225 1336 tate
2258 1297 2289 1332 γ
2314 1280 2550 1336 locutus
2583 1283 2671 1334 est
2696 1279 2849 1349 (cap.
2880 1281 2932 1344 8,
2968 1283 3020 1340 9,
3057 1281 3142 1344 t3,
3202 1277 3322 1347 l6):
3373 1277 3771 1349 [Quapropter

2108 1367 2256 1424 illud
2296 1369 2598 1442 prtecipue
2641 1372 2976 1437 teneamus,
3009 1365 3310 1438 quidquid
3352 1364 3432 1421 ad
3464 1380 3526 1421 se
3555 1364 3772 1420 dicitur

2107 1457 2606 1531 praestantissima
2634 1456 2735 1513 illa
2755 1461 2812 1512 et
2839 1456 3047 1512 divina
3104 1454 3356 1512 Trinitas
3395 1455 3525 1525 [al.,
3585 1454 3772 1510 subli-

2110 1547 2332 1618 mitas],
2383 1545 2850 1602 substantialiter
2879 1545 3039 1616 dici;
3081 1544 3247 1617 quod
3286 1548 3488 1602 autem
3534 1543 3615 1600 ad
3670 1543 3774 1600 ali-

2110 1636 2278 1708 quid,
2313 1651 2435 1692 non
2469 1634 2956 1702 substantialiter,
2984 1633 3089 1690 sed
3109 1633 3389 1690 relative:
3421 1637 3772 1706 tantamque

337 1743 527 1800 quam
561 1731 762 1783 tamen
795 1729 933 1782 ante
981 1725 1198 1781 divinae
1250 1725 1398 1797 legis
1451 1723 1999 1798 promulgationem
2033 1746 2072 1799 Β
2111 1725 2230 1780 vim
2264 1742 2396 1781 esse
2447 1724 2720 1796 ejusdem
2757 1723 3104 1779 substantiae
3150 1722 3210 1778 in
3251 1725 3420 1779 Patre
3449 1727 3506 1780 et
3544 1722 3683 1780 Filio
3718 1726 3776 1780 et

336 1821 517 1873 tantae
549 1817 630 1872 rei
664 1815 1091 1871 sublimitatem
1123 1816 1456 1888 perspicere
1479 1819 1581 1870 aut
1611 1813 1733 1869 suis
1764 1811 2000 1868 ratioci-

336 1905 682 1962 nationibus
711 1904 976 1961 invenire
1007 1903 1340 1960 valuerunt.
1382 1908 1463 1960 Ac
1488 1919 1594 1977 per
1621 1903 1734 1958 hoc
1783 1901 1997 1957 divinae

337 1995 532 2065 magis
555 1993 974 2067 deputandum
1007 1997 1096 2049 est
1122 1992 1395 2060 bonitati,
1420 1993 1523 2065 qui
1551 2009 1691 2048 cum
1725 2007 1788 2047 se
1821 2007 1856 2047 a
1877 1989 1999 2045 suis

337 2084 513 2140 vellet
542 2083 793 2139 ﬁdeliter
820 2087 878 2139 et
915 2083 1204 2139 veraciter
1240 2082 1521 2148 nuntiari,
1575 2081 1722 2138 tales
1754 2095 2000 2153 quoque

337 2173 400 2228 id
421 2177 512 2229 est
539 2188 574 2229 a
603 2173 765 2228 cultu
794 2171 885 2227 sui
912 2171 1174 2227 nominis
1203 2170 1451 2238 alienos,
1497 2187 1620 2226 suae
1661 2168 1998 2240 majestatis

338 2260 875 2334 quantulacunque
906 2260 1114 2317 notitia
1133 2275 1255 2316 non
1286 2259 1606 2316 fraudavit.
1633 2259 1744 2325 Qui
1775 2263 1998 2328 tamen,

343 2351 680 2406 secundum
731 2349 1105 2422 Apostolum,
1159 2366 1293 2406 cum
1345 2351 1752 2420 cognovissent
1785 2350 1999 2413 Deum,

339 2457 460 2496 non
482 2441 635 2496 sicut
665 2441 849 2496 Deum
882 2441 1398 2511 glorificaverunt,
1437 2444 1540 2495 aut
1585 2440 1820 2509 gratias
1870 2451 1999 2507 ege-

340 2535 508 2596 runt,
534 2533 638 2586 sed
665 2535 1036 2586 evanuerunt
1076 2531 1139 2584 in
1193 2528 1501 2584 desideriis
1541 2527 1693 2598 suis;
1741 2527 2002 2583 dicentes

342 2621 495 2676 enim
524 2634 585 2676 se
604 2633 724 2676 esse
746 2619 1064 2687 sapientes,
1083 2619 1259 2673 stulti
1285 2617 1443 2686 facti
1463 2622 1600 2672 sunt
1624 2617 1813 2685 (Rom,
1838 2632 1876 2680 1,
1908 2617 1998 2687 21,

340 2709 450 2780 22).
479 2708 665 2764 Porro
695 2723 834 2763 cum
863 2709 1050 2761 Deum
1071 2705 1508 2775 cognovissent,
1558 2721 1628 2761 ac
1659 2705 1732 2761 de
1770 2709 1887 2761 Deo
1909 2722 2000 2762 ra-

341 2797 605 2854 tiocinati
629 2795 925 2863 dicantur,
960 2795 1238 2868 nunquid
1283 2797 1491 2856 Deum,
1527 2799 1801 2850 sanctam
1833 2795 1999 2850 vide-

341 2886 478 2942 licet
505 2885 847 2942 Trinitatem
879 2885 1260 2956 cognovisse,
1293 2888 1396 2941 aut
1429 2885 1551 2940 suis
1577 2884 1999 2958 disputationi-

341 2975 456 3032 bus
486 2973 1013 3047 comprehendisse
1052 2973 1365 3029 dicentur?
1418 2973 1558 3038 Quis
1609 2978 1732 3029 tam
1782 2974 2000 3029 mentis

2114 1814 2331 1886 Spiritu
2363 1817 2592 1885 sancto,
2627 1817 2691 1869 ut
2718 1811 3017 1886 quidquid
3059 1811 3134 1867 de
3157 1811 3406 1882 singulis
3437 1811 3517 1868 ad
3542 1812 3774 1885 seipsos

2109 1903 2343 1974 dicitur,
2375 1919 2498 1958 non
2529 1901 2835 1975 pluraliter
2862 1902 2924 1957 in
2965 1917 3226 1969 summa,
3253 1900 3360 1956 sed
3398 1901 3775 1972 singulariter

2108 1993 2456 2065 accipiatur.
2511 1991 3035 2059 Quemadmodum
3084 1991 3245 2047 enim
3275 1991 3429 2046 Deus
3457 1995 3546 2047 est
3575 1991 3770 2065 Pater,

2108 2087 2166 2138 et
2199 2081 2373 2137 Filius
2406 2084 2561 2136 Deus
2616 2084 2728 2150 est,
2756 2084 2814 2136 et
2870 2079 3119 2152 Spiritus
3175 2083 3421 2135 sanctus
3453 2081 3608 2136 Deus
3662 2085 3772 2152 est,

2109 2171 2278 2244 quod
2307 2170 2644 2226 secundum
2677 2169 3078 2226 substantiam
3121 2168 3238 2224 dici
3268 2184 3448 2225 nemo
3495 2168 3770 2240 dubitat;

2109 2277 2233 2316 non
2266 2265 2468 2317 tamen
2523 2264 2639 2316 tres
2687 2259 2832 2316 deos
2873 2259 2978 2314 sed
3028 2275 3222 2314 unum
3279 2261 3467 2315 Deum
3518 2258 3776 2316 dicimus

2107 2350 2388 2406 eamdem
2431 2349 2629 2422 ipsam
2670 2348 3234 2422 praestantissimam
3275 2348 3642 2405 Trinitatem.
3691 2353 3777 2407 lta

2108 2455 2368 2509 magnus
2392 2443 2579 2506 Pater,
2597 2454 2859 2508 magnus
2879 2437 3078 2505 Filius,
3101 2453 3362 2508 magnus
3377 2437 3624 2510 Spiritus
3641 2455 3780 2494 san-

2109 2533 2268 2596 etus;
2300 2545 2410 2584 nec
2437 2532 2639 2584 tamen
2671 2532 2788 2584 tres
2810 2527 3149 2597 magni,sed
3176 2542 3333 2584 unus
3363 2532 3778 2598 magnus.Non

2111 2617 2271 2673 enim
2299 2617 2373 2673 de
2418 2619 2589 2674 Patre
2623 2616 2774 2685 solo,
2830 2616 2982 2672 sicut
3006 2617 3261 2673 haeretici
3309 2633 3590 2690 perverse
3645 2634 3778 2674 sen-

2109 2707 2284 2773 tiunt,
2315 2706 2423 2761 sed
2453 2707 2526 2762 de
2549 2707 2743 2776 Patre,
2767 2709 2824 2762 et
2866 2705 3031 2776 Filio,
3063 2710 3120 2762 et
3157 2706 3375 2778 Spiritu
3404 2709 3613 2763 sancto
3641 2708 3780 2764 scri-

2107 2801 2280 2869 ptum
2310 2800 2436 2852 est:
2473 2797 2558 2851 Tu
2588 2811 2646 2852 es
2671 2797 2832 2852 solus
2855 2796 3014 2852 Deus
3049 2811 3304 2867 magnus
3347 2796 3533 2867 (Psal.
3565 2813 3776 2863 Lxxxv,

2119 2888 2222 2958 10).
2256 2888 2323 2942 Et
2350 2885 2552 2942 bonus
2575 2887 2767 2954 Pater,
2799 2885 2998 2942 bonus
3031 2885 3227 2956 Filius,
3268 2885 3469 2942 bonus
3501 2890 3558 2943 et
3607 2887 3782 2960 Spiri-

2111 2979 2206 3030 tus
2236 2979 2517 3030 sanctus:
2551 2991 2662 3031 nec
2711 2979 2830 3030 tres
2883 2974 3050 3045 boni,
3083 2974 3190 3030 sed
3246 2990 3404 3030 unus
3434 2974 3670 3032 bonus:
3700 2975 3776 3033 de

339 3065 518 3137 inops
548 3065 630 3120 ita
656 3063 930 3136 desipiat,
969 3068 1034 3119 ut
1062 3063 1187 3118 haec
1217 3079 1319 3119 eos
1354 3062 1823 3135 apprehendisse
1855 3079 1997 3119 con-
2031 3101 2074 3156 Ο
2111 3080 2234 3137 quo
2265 3064 2492 3120 dictum
2519 3069 2626 3120 est:
2651 3066 2833 3121 Nemo
2859 3065 3043 3120 bonus
3061 3065 3343 3120 nisiunus
3372 3065 3526 3120 Deus
3560 3065 3772 3135 (Marc.

339 3155 582 3211 ﬁrmet?
614 3153 964 3211 Credibilius
995 3158 1083 3209 est
1113 3153 1291 3224 igitur
1329 3169 1366 3209 a
1394 3152 1549 3208 veris
1591 3153 1998 3225 praedicatori-

335 3243 453 3300 bus
481 3244 644 3300 hunc
673 3259 778 3299 eos
809 3242 1082 3300 auditum
1113 3242 1389 3314 primitus
1434 3242 1763 3312 imbibisse,
1803 3259 1872 3299 ac
1903 3261 2001 3298 su-

336 3349 540 3406 pernae
573 3333 862 3403 largitatis
893 3349 1142 3388 munere
1191 3347 1372 3404 super
1416 3347 1479 3386 re
1521 3337 1685 3388 tanta
1713 3332 2002 3405 aliquate-

339 3437 454 3477 nus
482 3425 692 3491 tactos,
726 3423 856 3492 ejus
879 3421 1344 3477 considerationi
1385 3423 1604 3478 mentis
1645 3422 1887 3478 oculum
1918 3423 2003 3478 in-

339 3511 620 3567 tendisse.
654 3513 812 3566 Deus
841 3515 1018 3582 enim,
1043 3516 1105 3566 ut
1127 3511 1208 3566 ait
1231 3511 1553 3583 Apostolus
1578 3511 1767 3582 (Phil.
1797 3515 1999 3584 111,15),

339 3603 465 3658 illis
497 3603 807 3673 revelavit,
835 3602 939 3657 sed
970 3602 1114 3676 quia
1147 3605 1334 3656 Deum
1360 3618 1483 3657 non
1516 3602 2000 3671 gloriﬁcaverint,

339 3695 444 3746 aut
473 3691 694 3760 gratias
737 3691 983 3761 egerint,
1039 3689 1358 3746 evanuisse
1405 3689 1465 3744 in
1498 3690 1812 3746 desideriis
1858 3692 1999 3748 suis.

342 3781 412 3834 Ut
445 3795 628 3851 quem
659 3779 784 3835 suis
839 3778 1419 3845 ratiocinationibus,
1470 3793 1592 3833 non
1624 3784 1825 3834 autem
1875 3781 2000 3852 pie-

337 3872 454 3924 tate
485 3872 541 3924 et
565 3869 911 3925 auctoritate
945 3868 1152 3924 divina
1183 3883 1311 3923 sese
1356 3867 1865 3940 comprehendere
1895 3886 2004 3942 pu-

337 3957 640 4024 tavisscnt,
669 3957 802 4030 ipsa
833 3957 926 4013 sui
969 3957 1439 4030 praesumptione
1479 3957 1657 4024 relisi,
1701 3958 1848 4030 quid
1879 3959 2002 4014 suis

337 4045 563 4101 viribus
595 4047 992 4118 nequiverint,
1018 4051 1478 4102 monstraretur.
1504 4046 1671 4111 Quod
1696 4046 1799 4102 tibi
1820 4048 1996 4104 etiam

336 4134 547 4189 merito
573 4135 893 4205 contigisse
925 4141 1151 4190 certum
1182 4140 1286 4201 est,
1335 4135 1439 4207 qui
1483 4135 1630 4190 dum
1674 4151 1883 4191 eorum
1913 4153 2001 4192 ra-

337 4221 822 4278 tiocinationibus
851 4226 1037 4278 Deum
1061 4223 1318 4279 subdere
1349 4240 1472 4279 non
1501 4225 2000 4294 metuis,veritate

337 4311 674 4382 fraudatus,
705 4312 839 4384 ipso
869 4313 1227 4369 inﬁrmitatis
1255 4313 1519 4386 pondere
1568 4322 1998 4387 praegravatus,

331 4401 465 4472 jure
494 4401 860 4457 succumbis.
912 4402 1146 4458 Relictis
1201 4403 1363 4459 enim
1412 4403 1846 4460 catholicorum
1899 4406 2002 4462 l‘a-

337 4495 493 4547 trum
540 4490 785 4560 regulis,
836 4508 991 4564 quas
1040 4493 1384 4548 divinorum
1438 4493 1818 4566 eloquiorum
1870 4511 2000 4566 per-

338 4581 806 4637 scrutationibus
835 4583 1162 4655 prudenter
1192 4599 1262 4638 ac
1290 4599 1554 4653 congrue
1588 4585 1996 4656 praeﬁxerunt,

334 4670 483 4726 dum
514 4687 674 4728 nova
704 4671 906 4743 ﬁngis,
932 4672 1010 4728 ita
1041 4672 1102 4728 in
1131 4672 1280 4746 ipsis
1307 4672 1618 4745 deﬁcis,ut
1645 4673 1867 4747 quibus
1898 4691 2002 4748 ap-

334 4759 554 4833 probes
580 4760 825 4818 minime
853 4761 1216 4818 nanciscaris
1236 4764 1263 4819 ?
1289 4762 1346 4817 Si
1391 4763 1638 4835 quidem
1678 4764 1998 4836 disputans

335 4849 410 4904 de
458 4849 550 4905 his
611 4866 747 4922 qure
809 4851 1243 4908 contrarietatis
1286 4851 1419 4907 loco
1469 4856 1808 4921 sumuntur,
1853 4869 2003 4925 quo-

333 4954 466 4992 rum
499 4939 788 5009 quaedam
805 4940 1120 5008 absolutae,
1145 4941 1429 5014 quaedam
1455 4957 1567 4996 con
1570 4942 1775 5012 juncte
1801 4941 2004 4998 dican-
2054 4943 2056 4946 ’

336 5029 453 5095 tur,
502 5027 856 5084 absolutivae
913 5029 1124 5086 formae
1171 5029 1517 5102 exemplum
1574 5030 1646 5086 de
1706 5034 1824 5087 Deo
1878 5048 2000 5089 non

335 5131 515 5188 posse
547 5115 798 5171 inveniri
826 5122 1069 5174 testatus
1096 5135 1160 5174 es
1183 5121 1209 5174 ?
1234 5119 1387 5186 Quid
1409 5135 1550 5190 ergo
1578 5120 1799 5192 profuit
1827 5137 2002 5192 regu-

337 5204 460 5260 lam
492 5207 678 5261 Deum
709 5207 1083 5278 praedicandi
1132 5208 1393 5280 afﬁgere,
1448 5210 1621 5280 cujus
1655 5211 2000 5283 exemplum

336 5299 597 5367 nequeat
623 5295 924 5352 inveniri?
977 5297 1169 5354 Satius
1217 5301 1521 5354 enimvero
1570 5299 1821 5356 dixerim
1872 5317 2002 5373 pre-

337 5383 560 5440 menda
609 5384 794 5441 fuisse
843 5385 1097 5455 silentio,
1154 5403 1342 5460 quam
1396 5403 1507 5460 pro
1559 5389 1782 5459 regulis
1833 5391 1999 5448 nullo

339 5473 614 5545 exemplo
643 5474 957 5532 ﬁrmandis
982 5477 1062 5533 ad
1093 5476 1360 5532 medium
1387 5477 1729 5535 deduxisse.

411 5561 631 5618 Verum
661 5563 822 5634 quod
881 5565 1161 5621 addidisti
1203 5567 1356 5638 (cap.
1387 5573 1441 5633 9,
1476 5585 1535 5623 η.
1569 5572 1622 5641 4,
1651 5575 1770 5625 sect
1801 5570 1851 5640 4)
1880 5585 2002 5627 non

343 5644 536 5712 facile,
569 5655 634 5704 ut
661 5651 736 5705 de
765 5652 858 5707 his
885 5670 1021 5725 qua:
1049 5655 1282 5710 homini
1327 5657 1557 5712 Christo
1591 5663 1844 5721 tantum,
1879 5676 2003 5716 non

346 5731 525 5788 etiam
553 5734 787 5794 deitatis
815 5741 948 5809 ejus
997 5742 1380 5810 conveniunt,
1429 5745 1710 5814 quamvis
1761 5746 2001 5817 insepa-

2107 3171 2166 3224 Χ,
2191 3155 2297 3226 18).
2321 3153 2549 3210 Etenim
2573 3153 2862 3210 Dominus
2879 3155 3049 3210 Jesus
3071 3169 3145 3209 ne
3172 3153 3250 3210 ab
3272 3152 3375 3210 illo
3397 3153 3501 3226 qui
3523 3153 3773 3222 dixerat,

2107 3244 2400 3313 Magister
2423 3244 2569 3300 bone
2599 3244 2928 3314 (Luc.xv1n,
2981 3242 3063 3311 19,
3111 3245 3218 3314 t8),
3265 3246 3556 3316 tanquam
3584 3243 3777 3300 homi-

2109 3347 2249 3388 nem
2267 3330 3006 3404 compcllans,secundum
3027 3331 3336 3388 hominem
3354 3332 3774 3390 tantummodo

2110 3421 2553 3492 intelligeretur,
2587 3421 2723 3476 ideo
2754 3437 2877 3476 non
2905 3421 3006 3492 ait,
3032 3437 3212 3477 nemo
3238 3420 3435 3478 bonus
3465 3421 3584 3477 nisi
3611 3421 3774 3478 solus

2109 3513 2296 3574 Pater,
2331 3510 2436 3566 sed
2464 3528 2477 3565 :
2506 3511 2694 3566 Nemo
2727 3510 2933 3581 bonus,
2965 3512 3083 3566 nisi
3105 3526 3260 3567 unus
3289 3511 3466 3567 Deus.
3489 3514 3552 3567 ln
3581 3510 3774 3567 Patris

2109 3599 2271 3655 enim
2300 3599 2566 3666 nomine,
2599 3599 2725 3671 ipse
2769 3615 2878 3673 per
2909 3616 2972 3654 se
2999 3603 3169 3656 Pater
3219 3599 3678 3673 pronuntiatur:
3714 3601 3775 3657 in

2113 3689 2211 3745 Dei
2243 3705 2381 3744 vero
2413 3693 2470 3744 et
2511 3690 2639 3761 ipse
2690 3690 2872 3745 Filius
2915 3694 2972 3746 et
3019 3689 3268 3763 Spiritus
3317 3694 3584 3757 sanctus,
3629 3691 3777 3764 quia

2108 3779 2359 3835 Trinitas
2390 3795 2546 3834 unus
2573 3783 2659 3835 est
2694 3780 2872 3836 Deus.
2921 3780 3075 3836 Situs
3123 3796 3288 3851 vero,
3321 3785 3378 3836 et
3429 3780 3692 3850 habitus,
3720 3784 3776 3837 et

2108 3869 2263 3941 loca,
2297 3878 2352 3924 et
2383 3874 2656 3942 tempora
2681 3886 2804 3926 non
2826 3871 3088 3944 proprie,
3126 3871 3230 3926 sed
3259 3871 3542 3927 translate
3567 3888 3638 3928 ac
3669 3887 3778 3945 per

2112 3958 2528 4014 similitudines
2551 3959 2832 4016 dicuntur
2852 3960 2914 4015 in
2944 3961 3083 4016 Deo.
3112 3963 3257 4016 Nam
3281 3964 3336 4016 et
3359 3960 3566 4016 sedere
3596 3976 3777 4032 super

2114 4047 2413 4105 Cherubin
2444 4048 2660 4104 dicitur
2705 4050 2896 4120 (Psal.
2947 4065 3141 4118 Lxx1x,
3173 4055 3229 4117 2)
3259 4049 3426 4123 quod
3471 4049 3551 4106 ad
3595 4049 3776 4106 situm

2112 4136 2365 4193 dicitur:
2401 4139 2477 4193 Et
2505 4139 2787 4208 abyssum
2839 4145 3129 4209 tanquam
3183 4141 3590 4196 vestimentum
3631 4141 3777 4196 ami-

2113 4233 2242 4282 ctus
2269 4227 2459 4297 (Psal.
2494 4244 2617 4297 c111,
2651 4232 2728 4294 6),
2760 4228 2926 4300 quod
2950 4227 3027 4284 ad
3049 4228 3343 4284 habitum.
3367 4231 3467 4284 Et:
3492 4229 3660 4285 Anni
3687 4230 3781 4284 tui

2113 4332 2232 4371 non
2261 4317 2533 4385 deﬁcient
2563 4319 2750 4384 (Psal.
2788 4333 2862 4384 c1,
2891 4318 3004 4388 28),
3053 4317 3219 4390 quod
3263 4317 3341 4374 ad
3384 4322 3655 4390 tempus:
3681 4323 3772 4374 et:

2115 4407 2183 4461 Si
2210 4408 2533 4462 ascendero
2567 4408 2630 4462 in
2685 4409 2899 4464 caelum
2949 4413 3013 4462 tu
3046 4407 3128 4462 ibi
3157 4423 3215 4464 es
3269 4409 3455 4479 (Psal.
3509 4424 3776 4479 cxxxvm,

2115 4497 2190 4566 8),
2231 4495 2399 4568 quod
2422 4495 2498 4551 ad
2526 4495 2748 4553 locum.
2781 4496 2954 4562 Quod
2984 4501 3185 4552 autem
3215 4497 3293 4553 ad
3322 4497 3666 4554 faciendum
3693 4501 3777 4553 at-

2111 4583 2275 4651 tinet,
2328 4583 2602 4640 fortassis
2653 4585 2728 4641 de
2786 4585 2915 4642 solo
2973 4589 3092 4642 Deo
3142 4586 3450 4642 verissime
3505 4586 3773 4643 dicatur:

2111 4673 2273 4728 solus
2304 4672 2464 4729 enim
2500 4677 2651 4730 Deus
2697 4675 2857 4744 facit,
2891 4678 2950 4730 et
2991 4675 3116 4748 ipse
3142 4691 3264 4732 non
3313 4675 3397 4745 ﬁt,
3444 4691 3641 4748 neque
3671 4693 3776 4749 pa-

2111 4761 2268 4829 titur,
2300 4766 2598 4834 quantum
2631 4762 2710 4818 ad
2755 4763 2884 4834 ejus
2931 4763 3329 4820 substantiam
3361 4765 3616 4836 pertinet
3641 4768 3778 4836 jqua

2112 4853 2267 4906 Deus
2301 4854 2410 4906 est.
2458 4855 2660 4923 Itaque
2709 4854 3090 4926 omnipotens
3149 4854 3342 4922 Pater,
3393 4853 3776 4927 omnipotens

2114 4941 2308 5011 Filius,
2327 4941 2712 5015 omnipotens
2740 4943 2989 5016 Spiritus
3018 4948 3285 5014 sanctus,
3305 4960 3414 5000 nec
3438 4949 3640 5001 tamen
3661 4950 3776 5001 tres

2111 5031 2553 5104 omnipotentes
2581 5032 2688 5088 sed
2717 5049 2876 5089 unus
2901 5033 3294 5107 Omnipotens
3317 5051 3392 5090 ex
3412 5051 3527 5106 quo
3549 5037 3773 5106 omnia,

2107 5138 2218 5192 per
2255 5137 2424 5192 quem
2456 5124 2676 5186 omnia,
2709 5124 2770 5179 in
2803 5139 2918 5195 quo
2948 5124 3148 5180 omnia
3174 5141 3186 5178 :
3221 5125 3337 5194 ipsi
3361 5125 3559 5195 gloria
3589 5126 3773 5195 (Rom.

2110 5225 2190 5278 xr,
2224 5214 2336 5278 36).
2395 5210 2695 5283 Quidquid
2753 5228 2895 5284 ergo
2927 5212 3005 5268 ad
3037 5212 3303 5285 seipsum
3352 5213 3568 5269 dicitur
3595 5214 3776 5286 Deus,

2113 5305 2168 5357 ct
2225 5301 2300 5357 de
2355 5300 2607 5370 singulis
2666 5303 2940 5374 personis
3009 5302 3276 5359 similiter
3331 5302 3458 5377 [al..
3519 5303 3779 5373 singula-

2112 5391 2272 5461 riter]
2324 5389 2573 5459 dicitur;
2618 5391 2681 5448 id
2738 5397 2827 5449 est
2884 5395 3073 5460 Patre,
3125 5396 3182 5449 et
3235 5392 3395 5462 Filio,
3451 5397 3508 5449 et
3559 5394 3777 5466 Spiritu

2112 5484 2341 5550 sancto,
2394 5484 2451 5537 et
2502 5481 2681 5538 simul
2729 5482 2804 5538 de
2861 5483 2998 5555 ipsa
3043 5483 3339 5548 Trinitate,
3396 5498 3520 5538 non
3576 5483 3777 5556 plura-

2111 5569 2262 5636 liter,
2322 5569 2426 5625 sed
2475 5570 2852 5641 singulariter
2898 5572 3132 5629 dicitur.
3198 5571 3492 5638 Quoniam
3551 5573 3776 5646 quippe

2114 5676 2237 5716 non
2268 5659 2433 5714 aliud
2462 5665 2550 5716 est
2569 5661 2688 5717 Deo
2709 5677 2858 5732 esse,
2883 5666 2940 5718 et
2964 5661 3128 5718 aliud
3155 5677 3450 5732 magnum
3473 5677 3641 5718 esse:
3669 5662 3776 5718 sed

2114 5747 2229 5806 hoc
2257 5747 2419 5804 idem
2449 5748 2532 5806 illi
2561 5755 2649 5808 est
2677 5767 2805 5809 esse
2849 5752 3017 5824 quod
3047 5756 3136 5810 est
3186 5756 3242 5810 et
3270 5768 3565 5824 magnum
3606 5768 3772 5810 esse:
