3936 6392
159 302 290 354 1121

1105 301 1195 356 DE
1235 300 1902 358 PRAEDESTINATIONE
1951 299 2233 356 CONTRA
2274 300 2324 355 J.
2361 301 2638 359 SCOTUM

3453 312 3590 368 H22

151 426 477 496 propterea
503 423 655 480 sicut
683 439 807 481 non
865 424 1126 481 dicimus
1181 429 1297 481 tres
1363 427 1682 492 essentias,
1711 425 1813 482 sed
1848 428 1895 481 Α
1931 440 2068 480 mus
2092 428 2150 480 et
2176 427 2407 481 Patrem
2433 426 2822 499 principium,
2856 431 2913 483 et
2965 427 3175 484 Filium
3203 429 3586 503 principium,

153 528 345 568 unam
370 513 715 584 essentiam,
741 514 827 569 sic
859 530 982 570 non
1003 513 1263 571 dicimus
1304 521 1420 572 tres
1451 516 1818 587 magnitudi-

150 616 287 666 nes,
319 601 427 658 sed
469 619 657 659 unam
713 603 1217 673 magnitudinem.
1278 607 1612 662 Essentiam
1657 605 1815 673 dico,

151 706 292 762 quae
324 690 478 743 οὐσία
509 694 706 748 Graece
729 692 965 764 dicitur,
988 709 1175 766 quam
1224 694 1500 750 usitatius
1542 694 1818 751 substan-

153 775 304 831 tiam
333 793 645 832 vocamus.

229 865 392 922 Sicut
429 883 572 937 ergo
601 883 726 923 non
758 867 1018 925 dicimus
1055 873 1171 925 tres
1217 871 1530 939 essentias,
1583 870 1666 926 ita
1694 885 1818 926 non

150 955 413 1012 dicimus
435 961 552 1014 tres
578 958 1049 1028 magnitudines,
1083 976 1280 1034 neque
1313 966 1428 1017 tres
1454 976 1732 1030 magnos.
1754 961 1818 1014 In

148 1045 336 1102 rebus
367 1048 526 1103 enim
557 1065 693 1121 quae
731 1049 1190 1122 pariicipatione
1220 1051 1656 1122 magnitudinis
1689 1066 1817 1104 ωει-

149 1150 287 1205 gnua
315 1142 470 1206 sunt,
499 1138 723 1210 quibus
745 1138 910 1195 aliud
949 1146 1040 1196 est
1061 1155 1209 1207 esse,
1242 1140 1406 1196 aliud
1435 1155 1693 1210 magnas
1722 1156 1817 1196 es-

149 1241 234 1295 se,
265 1227 665 1298 sicutmagna
721 1227 962 1294 domus,
987 1233 1044 1285 et
1065 1244 1325 1300 magnus
1353 1246 1551 1298 mons,
1585 1233 1642 1285 et
1687 1245 1818 1284 ma-

147 1330 310 1383 gnus
328 1317 590 1387 animus,
622 1317 685 1372 in
723 1317 817 1373 his
851 1334 993 1388 ergo
1020 1319 1200 1374 rebus
1230 1319 1396 1376 aliud
1445 1323 1533 1376 est
1584 1319 1821 1388 magni-

147 1405 324 1471 tudo,
361 1405 525 1461 aliud
554 1409 643 1462 est
680 1407 847 1480 quod
873 1408 951 1463 ab
981 1424 1052 1464 ea
1075 1409 1495 1479 magnitudine
1524 1424 1816 1479 magnum

143 1498 258 1550 est.
308 1497 374 1550 Et
403 1511 652 1567 prorsus
682 1513 805 1552 non
840 1497 954 1553 hoc
1004 1502 1094 1554 est
1147 1498 1505 1568 magnitudo
1535 1501 1703 1571 quod
1733 1501 1820 1553 est

145 1599 380 1653 magna
427 1584 669 1640 domus.
704 1586 816 1643 Sed
866 1585 967 1643 illa
995 1592 1087 1643 est
1114 1604 1257 1644 vera
1283 1587 1664 1658 magnitudo,
1694 1604 1819 1660 qua

144 1689 273 1729 non
307 1673 503 1730 solum
551 1692 775 1746 magna
805 1681 893 1733 est
945 1677 1164 1734 domus
1197 1695 1332 1752 quae
1363 1694 1590 1749 magna
1619 1683 1726 1750 est,
1764 1683 1820 1734 et

1926 529 2050 570 non
2078 514 2200 570 duo
2223 515 2519 588 principia
2549 521 2836 572 creaturae
2860 516 3140 588 dicimus,
3163 519 3308 592 quia
3338 525 3395 576 et
3419 523 3591 577 Pater

1926 608 1982 659 et
2012 605 2193 659 Filius
2215 605 2389 660 simul
2424 606 2503 661 ad
2525 611 2858 664 creaturam
2883 623 3075 664 unum
3101 608 3466 683 principium
3479 615 3586 679 est,

1928 693 2079 750 sicut
2111 710 2270 750 unus
2324 700 2575 762 creator,
2637 697 2789 753 sicut
2839 715 2998 754 unus
3033 700 3207 755 Deus.
3271 699 3330 757 Si
3386 704 3612 758 autem~

1925 783 2224 856 quidquid
2255 785 2316 840 in
2345 801 2408 840 se
2440 791 2664 856 monet,
2696 791 2754 844 et
2784 787 2974 858 gignit
3001 787 3230 860 aliquid
3254 788 3348 845 vel
3382 805 3591 863 opera-

1926 877 2040 937 tur,
2073 873 2435 947 principium
2457 880 2546 932 est
2567 877 2619 932 ei
2640 877 2724 932 rei
2745 893 2931 950 quam
2955 878 3166 948 gignit,
3206 878 3298 934 vel
3318 878 3372 934 ei
3400 895 3588 952 quam

1927 968 2232 1034 cperatur,
2258 979 2382 1020 non
2436 981 2768 1037 possumus
2816 983 3038 1038 negare
3081 967 3262 1023 etiam
3303 967 3589 1040 Spiritum

1931 1058 2208 1130 sanctum
2231 1058 2389 1109 recte
2421 1054 2538 1109 diei
2568 1054 2954 1128 principium,
2981 1056 3126 1128 quia
3173 1073 3298 1113 non
3325 1073 3466 1113 eum
3500 1073 3588 1112 se-

1925 1155 2218 1213 paramus
2249 1142 2329 1198 ab
2387 1136 2793 1215 appellatione
2841 1145 3148 1216 creatoris,
3191 1151 3248 1202 et
3296 1146 3588 1218 scriptum

1928 1235 2016 1285 est
2041 1231 2114 1286 de
2146 1232 2247 1288 illo
2267 1233 2435 1306 quod
2466 1239 2766 1306 operetur,
2793 1240 2850 1292 et
2895 1236 3098 1309 utique
3123 1237 3186 1292 in
3217 1253 3278 1294 se
3331 1253 3588 1294 manens

1927 1327 2224 1392 operetur,
2257 1327 2314 1378 et
2343 1323 2548 1396 utique
2578 1325 2639 1379 in
2685 1341 2747 1380 se
2791 1341 3047 1382 manens
3093 1331 3411 1399 operatur:
3461 1343 3588 1384 non

1927 1410 2089 1466 enim
2120 1411 2180 1466 in
2208 1411 2440 1484 aliquid
2472 1429 2684 1469 eorum
2735 1431 2873 1486 quae
2906 1419 3208 1487 operatur,
3237 1416 3366 1488 ipse
3397 1421 3591 1473 muta-

1926 1502 2023 1555 tur
2075 1505 2130 1556 et
2155 1501 2415 1558 vertitur.
2451 1505 2516 1558 Et
2546 1520 2682 1576 quze
2711 1507 2993 1576 operatur
3044 1505 3224 1562 vide:
3260 1507 3588 1579 Unicuique

1926 1594 2146 1657 autem,
2175 1590 2388 1663 inquit,
2414 1593 2606 1648 datur
2635 1595 3048 1664 mani/“estatio
3078 1595 3338 1665 Spiritus
3368 1595 3450 1652 ad
3478 1597 3590 1652 uti-

1929 1679 2178 1736 litatem.
2209 1682 2340 1736 Alii
2367 1684 2601 1753 quidem
2626 1684 2816 1739 datur
2852 1700 2968 1754 per
3005 1684 3345 1754 Spirituum
3396 1700 3588 1742 sermo

145 1779 272 1836 qua
303 1779 564 1834 magnus
589 1770 675 1821 est
699 1783 896 1834 mons,
925 1768 1205 1841 quisquis
1233 1785 1496 1839 magnus
1527 1774 1654 1837 est;
1709 1768 1815 1823 sed
1852 1786 1896 1839 Β
1926 1769 2254 1836 εαριέηίιέε,
2292 1771 2406 1826 alii
2425 1787 2616 1827 sermo
2666 1774 2930 1829 scientiae
2963 1774 3291 1830 secundum
3320 1775 3588 1831 eumdem

146 1854 333 1910 etiam
354 1871 477 1927 qua
499 1871 762 1925 magnus
789 1859 878 1913 est
898 1857 1202 1930 quidquid
1221 1857 1389 1914 aliud
1413 1873 1710 1929 magnum
1732 1857 1820 1912 di-

146 1943 333 1999 citur:
362 1948 428 2000 ut
449 1944 615 2000 aliud
645 1945 719 2002 sit
749 1945 883 2019 ipsa
911 1947 1294 2018 magnitudo,
1350 1947 1516 2003 aliud
1575 1963 1647 2003 ea
1677 1963 1814 2019 quae

146 2032 227 2089 ab
274 2032 377 2089 illa
422 2050 649 2105 magna
688 2035 991 2092 dicuntur.
1028 2038 1170 2102 Quae
1219 2037 1577 2106 magnitudo
1611 2036 1816 2108 utique

142 2122 424 2196 primitus
447 2139 673 2194 magna
702 2129 790 2181 est
819 2125 1132 2199 multoque
1163 2125 1572 2194 excellentius,
1625 2141 1814 2199 quam

145 2227 217 2268 ea
248 2229 387 2285 qua;
416 2213 876 2287 participatione
903 2215 1034 2286 ejus
1086 2230 1313 2286 magna
1339 2221 1496 2272 sunt.
1527 2217 1684 2271 Deus
1713 2231 1816 2272 au-

144 2307 287 2372 tem,
335 2304 484 2377 quia
530 2321 655 2361 non
686 2322 758 2362 ea
795 2306 1214 2377 magnitudine
1243 2323 1506 2378 magnus
1538 2311 1625 2363 est
1677 2323 1812 2380 quze

144 2409 270 2450 non
301 2399 394 2451 est
423 2394 591 2467 quod
617 2400 705 2452 est
734 2395 882 2470 ipse,
917 2401 982 2453 ut
1040 2397 1216 2471 quasi
1242 2397 1546 2471 particeps
1579 2397 1710 2468 ejus
1741 2396 1816 2453 sit

146 2484 301 2539 Deus
324 2499 465 2539 eum
495 2500 758 2556 magnus
781 2490 896 2542 est:
917 2485 1188 2559 alioquin
1217 2487 1316 2544 illa
1336 2487 1445 2543 erit
1474 2487 1672 2558 major
1689 2502 1815 2544 ma-

144 2572 404 2643 gnitudo
427 2590 612 2647 quam
645 2576 821 2643 Deus,
850 2577 971 2632 Deo
1002 2581 1204 2632 autem
1256 2593 1379 2633 non
1434 2581 1526 2634 est
1582 2576 1814 2650 aliquid

143 2663 348 2735 majus
373 2681 386 2732 ;
420 2680 491 2720 ea
521 2664 700 2735 igitur
724 2665 1142 2737 magnitudine
1173 2683 1437 2738 magnus
1465 2671 1554 2724 est
1571 2683 1695 2740 qua
1721 2665 1813 2740 ip-

146 2767 210 2808 se
239 2757 332 2810 est
359 2753 574 2810 eadem
618 2755 999 2827 magnitudo.
1034 2758 1103 2813 Et
1131 2756 1268 2813 ideo
1301 2757 1454 2814 sicut
1501 2773 1627 2814 non
1677 2756 1814 2813 dici-

143 2857 284 2898 mus
316 2847 435 2899 tres
461 2845 772 2916 essentias,
795 2845 879 2901 sic
899 2862 1010 2902 nec
1042 2851 1157 2903 tres
1179 2847 1627 2919 magnitudines
1653 2863 1666 2912 ;
1697 2847 1813 2902 hoc

145 2935 232 2988 est
251 2932 418 2988 enim
447 2936 564 2990 Deo
592 2950 724 2991 esse
753 2935 923 3008 quod
949 2941 1038 2992 est
1076 2953 1373 3008 magnum
1401 2953 1551 2994 esse.
1587 2937 1810 2993 Eadem

144 3037 332 3080 causa
360 3039 474 3078 nec
501 3027 619 3080 tres
647 3039 906 3094 magnos
950 3026 1235 3096 dicimus,
1291 3027 1397 3083 sed
1449 3041 1642 3082 unum
1680 3043 1810 3082 ma-

1925 1857 2264 1926 Spiritum;
2293 1860 2478 1915 alteri
2518 1867 2716 1917 autem
2744 1861 2892 1929 ﬁdes
2943 1862 3008 1918 in
3063 1862 3262 1920 eodem
3308 1863 3593 1933 Spiritu;

1925 1945 2038 2001 alii
2065 1945 2311 2002 donatio
2339 1950 2722 2006 curationum
2751 1951 2816 2005 in
2867 1965 2989 2006 uno
3017 1951 3299 2022 Spiritu;
3320 1952 3433 2007 alii
3458 1967 3590 2021 ope-

1924 2034 2189 2092 rationes
2217 2037 2510 2094 virtutum
2537 2056 2551 2108 ;
2580 2040 2689 2095 alii
2717 2040 3060 2110 prophetia,
3094 2040 3211 2096 alii
3229 2039 3587 2110 diiudicatio

1924 2125 2272 2195 spirituum,
2304 2127 2490 2184 alteri
2522 2143 2748 2200 genera
2775 2129 3104 2200 liguarum.
3140 2129 3350 2186 Omnia
3379 2135 3582 2188 autem

1925 2212 2055 2271 haec
2084 2221 2375 2286 operatur
2406 2233 2562 2273 unus
2593 2222 2776 2290 atque
2803 2219 2958 2276 idem
2977 2219 3266 2290 Spiritus,
3311 2219 3584 2276 dividens

1915 2306 2178 2374 propria
2205 2307 2530 2380 unicuique
2553 2314 2740 2378 prout
2768 2309 2901 2365 vult
2930 2309 2970 2380 (Ι
3005 2309 3146 2366 Cor.
3171 2324 3281 2380 xu,
3301 2308 3589 2382 7-il),uti-

1923 2408 2043 2465 que
2074 2393 2228 2450 sicut
2255 2397 2431 2452 Deus.
2459 2397 2600 2462 Quis
2623 2396 2782 2453 enim
2815 2400 2980 2454 tanta
3017 2397 3118 2454 illa
3138 2401 3335 2471 potest
3352 2399 3588 2472 operari

1921 2481 2037 2538 nisi
2056 2483 2214 2540 Deus
2236 2485 2265 2541 ?
2308 2485 2464 2543 Idem
2492 2491 2691 2543 autem
2722 2488 2880 2544 Deus
2929 2488 3036 2559 qui
3067 2493 3357 2558 operatur
3386 2488 3589 2544 omnia

1923 2571 1988 2627 in
2013 2573 2285 2629 omnibus
2313 2575 2480 2643 (Ibid.
2515 2576 2589 2647 6).
2626 2579 2776 2632 Nam
2797 2575 3170 2646 etsigillatim
3193 2576 3242 2632 si
3265 2576 3590 2648 interroge-

1922 2677 2064 2719 mur
2091 2663 2167 2720 de
2216 2665 2439 2737 Spiritu
2495 2670 2727 2734 sancto,
2783 2665 3094 2722 verissime
3146 2666 3587 2740 respondemus

1922 2753 2092 2827 quod
2122 2757 2278 2812 Deus
2325 2756 2419 2825 sit,
2455 2761 2513 2813 et
2559 2774 2696 2813 eum
2730 2760 2902 2814 Patre
2931 2761 2990 2814 et
3044 2757 3192 2814 Filio
3222 2757 3403 2814 simul
3430 2773 3589 2814 unus

1923 2845 2080 2899 Deus
2137 2849 2249 2902 est.
2319 2847 2517 2901 Unum
2584 2862 2728 2918 ergo
2785 2846 3158 2920 principium
3219 2847 3298 2903 ad
3362 2851 3590 2904 creatu-

1920 2947 2054 2988 ram
2093 2931 2309 2989 dicitur
2347 2936 2525 3002 Deus,
2566 2950 2692 2991 non
2753 2935 2877 2992 duo
2941 2935 3038 2992 vel
3102 2935 3216 2992 tria
3267 2935 3587 3010 principia.

1995 3020 2314 3085 Quomodo
2359 3021 2540 3091 igitur
2593 3022 3003 3079 obtinebimus
3055 3023 3203 3079 nihil
3250 3025 3588 3081 secundum

145 3127 344 3199 gnum
362 3130 374 3168 :
405 3113 552 3186 quia
574 3128 698 3169 non
718 3114 1175 3187 participatione
1192 3115 1629 3187 magnitudinis
1657 3119 1812 3170 Deus
1842 3145 1884 3199 C
1923 3108 2205 3165 accidens
2236 3109 2354 3166 dici
2374 3110 2436 3166 in
2461 3113 2670 3178 Deum,
2697 3110 2814 3166 nisi
2833 3111 2979 3183 quia
3009 3111 3200 3183 ipsius
3240 3116 3472 3168 natura
3499 3111 3587 3168 ni-

145 3191 411 3274 mag’ﬁus
443 3206 552 3272 est,
587 3203 694 3259 sed
741 3204 940 3276 seipso
978 3220 1204 3275 magno
1234 3221 1496 3276 magnus
1527 3210 1634 3276 est,
1667 3205 1816 3278 quia

145 3285 276 3359 ipse
327 3305 440 3345 sua
465 3293 554 3344 est
580 3289 962 3360 magnitudo.
998 3291 1121 3346 Hoc
1171 3290 1246 3346 de
1294 3291 1583 3359 bonitate,
1636 3295 1693 3347 et
1738 3289 1813 3345 de

147 3379 494 3447 aeternitate,
527 3382 586 3435 et
605 3379 680 3434 de
711 3380 1150 3453 omnipotentia
1181 3380 1283 3436 Dei
1308 3380 1536 3436 dictum
1567 3379 1660 3448 sit,
1682 3395 1812 3436 om-

147 3465 456 3542 nibusque
478 3468 730 3524 omnino
751 3469 1240 3542 praedicamentis
1266 3487 1403 3543 qua:
1434 3470 1508 3526 de
1538 3470 1658 3526 Deo
1679 3485 1816 3542 pos-

149 3560 286 3611 sunt
315 3556 720 3629 pronuntiari,
761 3557 927 3630 quod
959 3557 1038 3614 ad
1069 3575 1131 3614 se
1177 3558 1379 3631 ipsum
1425 3557 1640 3614 dicitur
1689 3574 1814 3614 non

148 3646 432 3702 translate
463 3663 534 3703 ac
563 3663 672 3721 per
701 3647 1182 3718 similitudinem,
1217 3649 1322 3704 sed
1343 3649 1585 3722 proprie
1621 3666 1632 3704 :
1659 3648 1710 3704 si
1734 3653 1816 3705 ta-

149 3752 286 3792 men
317 3737 393 3794 de
421 3737 522 3794 illo
547 3739 788 3812 proprie
805 3738 1034 3812 aliquid
1053 3739 1171 3796 dici
1192 3755 1293 3796 ore
1313 3739 1577 3795 hominis
1598 3744 1811 3812 potest,

151 3826 320 3890 Quod
351 3829 484 3900 [al.,
535 3829 694 3900 quee]
723 3831 925 3885 autem
955 3830 1199 3903 proprie
1241 3829 1478 3899 singula
1508 3829 1570 3886 in
1599 3829 1813 3886 eadem

149 3915 426 3974 Trinitate
474 3917 777 3990 dicuntur,
808 3919 974 3975 nullo
1004 3919 1190 3975 modo
1239 3919 1317 3975 ad
1350 3919 1572 3992 seipsa,
1601 3919 1706 3975 sed
1735 3918 1814 3974 ad

151 4003 428 4075 invicem,
453 4011 557 4064 aut
587 4008 666 4065 ad
696 4013 1035 4065 creaturam
1062 4009 1380 4078 dicuntur;
1410 4013 1468 4065 et
1495 4009 1633 4065 ideo
1659 4007 1812 4065 rela-

150 4093 284 4163 tive,
315 4112 445 4154 non
476 4097 947 4154 substantialiter
976 4114 1047 4155 ea
1085 4098 1202 4154 dici
1254 4099 1646 4155 manifestum
1702 4102 1810 4155 est.

149 4181 307 4240 Sicut
332 4185 501 4242 enim
523 4187 776 4244 Trinitas
808 4203 968 4243 unus
1001 4187 1218 4244 dicitur
1239 4187 1395 4243 Deus
1412 4187 1811 4259 magnus,bo-

150 4285 284 4339 nus,
317 4281 598 4340 aeternus,
627 4277 1044 4350 omnipotens:
1074 4277 1361 4350 idemque
1389 4278 1518 4351 ipse
1575 4277 1659 4333 sic
1703 4293 1814 4333 sua

154 4359 263 4416 dici
290 4368 490 4435 potest
527 4364 738 4433 deitas,
770 4365 899 4438 ipse
953 4381 1064 4422 sua
1097 4365 1478 4436 magnitudo,
1527 4365 1659 4438 ipse
1703 4381 1815 4420 sua

153 4445 408 4523 bonitas,
436 4454 569 4526 ipse
613 4471 727 4512 sua
768 4455 1087 4522 aeternitas,
1122 4455 1250 4528 ipse
1290 4471 1403 4511 sua
1441 4455 1816 4525 omnipoten-

157 4535 270 4594 tia:
304 4557 430 4598 non
466 4543 552 4599 sic
589 4543 709 4600 dici
734 4548 933 4617 potest
955 4544 1208 4600 Trinitas
1231 4547 1418 4600 Pater.

226 4628 447 4688 Dicitur
469 4647 613 4703 ergo
642 4632 884 4690 relative
913 4636 1101 4701 Pater,
1143 4633 1425 4706 idemque
1457 4632 1700 4689 relative
1730 4633 1816 4688 di-

160 4716 303 4774 citur
330 4722 720 4794 principium,
745 4727 802 4780 et
827 4723 876 4778 si
927 4723 1074 4796 quid
1104 4722 1253 4779 forte
1285 4722 1449 4779 aliud
1474 4741 1486 4776 :
1515 4723 1619 4780 sed
1648 4727 1818 4779 Pater

161 4804 236 4860 ad
270 4809 482 4867 Filium
504 4811 740 4880 dicitur,
770 4812 1140 4885 principium
1159 4828 1302 4869 vero
1325 4812 1405 4869 ab
1435 4813 1642 4869 omnia
1679 4829 1815 4884 quae

163 4893 236 4949 ab
261 4895 391 4970 ipso
426 4905 585 4957 sunt.
629 4902 776 4957 Item
805 4901 1023 4957 dicitur
1070 4900 1312 4957 relative
1340 4901 1539 4968 Filius,
1571 4901 1818 4957 relative

163 4981 367 5045 dicitur
387 4996 446 5047 et
477 4990 735 5047 Verbum
766 4997 821 5049 et
852 4992 1086 5062 imago;
1113 4996 1169 5048 et
1196 4991 1260 5048 in
1291 4992 1577 5047 omnibus
1605 4991 1699 5047 his
1721 5007 1818 5046 vo-

165 5073 385 5135 cabulis
417 5081 497 5138 ad
527 5084 758 5138 Patrem
779 5081 1048 5150 refertur,
1080 5081 1229 5137 nihil
1248 5085 1449 5138 autem
1479 5080 1696 5136 horum
1717 5083 1819 5136 Pa-

169 5163 248 5217 ter
270 5166 500 5227 dicitur.
527 5174 594 5228 Et
621 5171 988 5245 principium
1014 5170 1231 5227 dicitur
1257 5170 1438 5226 Filius
1463 5189 1475 5226 :
1501 5185 1640 5226 cum
1658 5169 1820 5224 enim

168 5248 452 5317 diceretur
479 5259 568 5316 ei:
603 5263 689 5317 Tu
738 5278 870 5333 quis
902 5277 957 5318 es
981 5265 1010 5317 ξ)
1033 5255 1370 5334 respondit:
1419 5260 1818 5328 Principium,

171 5344 270 5410 qui
290 5353 341 5402 et
373 5351 585 5422 loquor
632 5351 794 5407 vobis
825 5351 1019 5423 (Joan.
1065 5367 1187 5421 vni,
1239 5354 1355 5417 25).
1391 5347 1508 5404 Sed
1539 5347 1823 5420 nunquid

170 5426 350 5490 Patris
379 5440 791 5513 principium?
821 5443 1162 5498 Creatorem
1194 5456 1258 5496 se
1289 5439 1516 5512 quippe
1547 5438 1825 5494 ostende-

172 5525 232 5568 re
256 5519 436 5581 voluit
465 5541 606 5582 eum
634 5525 784 5582 dixit
815 5543 946 5583 esse
977 5525 1370 5599 principium,
1404 5525 1557 5580 sicut
1581 5527 1638 5578 et
1657 5526 1825 5580 Pater

173 5603 522 5684 Principium
570 5619 663 5673 est
717 5621 1022 5685 creaturae,
1058 5632 1129 5673 eo
1177 5615 1346 5688 quod
1403 5613 1483 5670 ab
1522 5614 1655 5686 ipso
1687 5617 1827 5670 sunt

179 5699 386 5758 omnia.
411 5710 557 5764 Nam
588 5712 646 5764 et
672 5713 903 5764 creator
934 5707 1174 5765 relative
1215 5706 1432 5764 dicitur
1479 5705 1557 5762 ad
1598 5710 1827 5761 creatu-

178 5793 320 5858 ram,
352 5793 497 5856 sicut
517 5797 804 5856 dominus
827 5796 904 5856 ad
941 5815 1204 5856 servum.
1234 5801 1302 5855 Et
1325 5797 1462 5853 ideo
1509 5811 1650 5852 eum
1680 5795 1822 5852 dici-

1922 3199 2008 3256 hil
2028 3200 2247 3257 accidit
2284 3217 2406 3274 quo
2428 3206 2710 3269 mutetur,
2738 3206 2804 3257 ut
2829 3217 2901 3257 ea
2925 3201 3045 3258 sint
3076 3201 3414 3260 accidentia
3442 3203 3590 3262 rela-

1923 3289 2065 3358 tiva,
2093 3305 2231 3362 quae
2254 3306 2394 3345 cum
2427 3291 2630 3363 aliqua
2659 3291 2990 3348 mutatione
3027 3306 3232 3347 rerum
3257 3291 3333 3348 de
3362 3292 3587 3365 quibus

1923 3377 2160 3447 dicitur,
2191 3379 2494 3435 accidunt.
2518 3379 2680 3436 Sicut
2707 3378 2941 3435 amicus
2971 3379 3218 3436 relative
3241 3379 3590 3452 dicitur,ne-
3627 3429 3630 3432 .

1922 3483 2041 3540 que
2065 3467 2227 3524 enim
2267 3484 2396 3525 esse
2425 3468 2637 3542 incipit
2665 3467 2784 3524 nisi
2821 3484 2960 3525 cum
2993 3484 3199 3526 amare
3225 3470 3502 3543 cceperit:
3525 3471 3594 3528 ﬁt

1923 3571 2066 3625 ergo
2093 3556 2297 3630 aliqua
2325 3557 2580 3613 mutatio
2610 3556 2939 3614 voluntatis
2969 3561 3036 3614 ut
3076 3558 3308 3615 amicus
3333 3557 3588 3616 dicatur.

1923 3651 2218 3704 Nummus
2241 3651 2443 3703 autem
2475 3663 2616 3703 cum
2642 3647 2859 3703 dicitur
2891 3647 3152 3720 pretium
3176 3647 3420 3706 relative
3448 3648 3594 3704 dici-

1922 3742 2154 3808 tur,nee
2176 3741 2380 3793 tamen
2397 3741 2664 3794 mutatus
2689 3741 2776 3794 est
2797 3754 2936 3793 eum
2957 3753 3086 3793 esse
3108 3737 3289 3810 coepit
3306 3738 3587 3811 pretium,

1922 3843 2120 3901 neque
2148 3844 2287 3884 cum
2319 3827 2536 3884 dicitur
2562 3828 2806 3900 pignus,
2840 3831 2896 3883 et
2950 3827 2997 3882 si
3024 3842 3154 3899 qua
3181 3831 3320 3884 sunt
3351 3827 3586 3885 similia.

1921 3917 1980 3972 Si
2009 3933 2151 3986 ergo
2180 3933 2469 3972 nummus
2491 3921 2708 3989 potest,
2733 3915 2900 3972 nulla
2930 3915 3023 3970 sui
3045 3916 3393 3986 mutatione,
3439 3916 3592 3972 mul-

1923 4006 2096 4062 toties
2118 4006 2254 4073 dici,
2288 4005 2550 4076 relative,
2575 4010 2641 4061 ut
2671 4019 2868 4077 neque
2891 4020 3030 4060 cum
3067 4003 3275 4077 incipit
3325 4004 3462 4076 diei,
3489 4020 3592 4061 ne-

1923 4111 2042 4167 que
2074 4110 2213 4150 cum
2243 4093 2480 4165 desinit,
2514 4093 2743 4167 aliquid
2781 4094 2843 4150 in
2867 4093 2996 4164 ejus
3023 4096 3240 4150 natura
3269 4093 3365 4149 vel
3394 4093 3593 4151 forma

1921 4187 2072 4257 (qua
2107 4200 2398 4240 nummus
2429 4184 2537 4256 est)
2563 4183 2917 4240 mutationis
2943 4183 3080 4240 ﬁat:
3107 4187 3336 4257 quanto
3356 4182 3589 4241 facilius

1925 4272 2000 4328 de
2029 4271 2132 4328 illa
2160 4271 2646 4329 incommutabili
2670 4272 2772 4328 Dei
2795 4271 3138 4328 substantia
3171 4271 3468 4329 debemus
3497 4288 3594 4330 ac-

1926 4363 2122 4435 cipere
2149 4366 2216 4418 ut
2238 4362 2320 4419 ita
2345 4362 2581 4419 dicatur
2605 4362 2846 4419 relative
2879 4361 3106 4435 aliquid
3129 4361 3208 4419 ad
3231 4367 3590 4428 creaturam,

1925 4457 1991 4508 ut
2017 4451 2300 4525 quamvis
2334 4451 2742 4526 temporaliter
2769 4450 3015 4524 incipiat
3063 4450 3202 4517 dici,
3238 4467 3362 4507 non
3389 4455 3592 4507 tamen

1925 4541 2040 4614 ipsi
2070 4541 2420 4598 substantiae
2453 4541 2554 4596 Dei
2605 4541 2910 4597 accedisse
2949 4539 3179 4612 aliquid
3206 4539 3590 4612 intelligatur,

1928 4631 2032 4687 sed
2057 4631 2140 4686 illi
2173 4635 2459 4688 creaturae
2489 4630 2568 4686 ad
2596 4647 2784 4703 quam
2821 4629 3056 4685 dicitur.
3080 4631 3343 4697 Domine,
3375 4629 3590 4701 inquit,

1926 4719 2233 4790 refugium
2261 4722 2464 4790 factus
2487 4733 2546 4775 es
2575 4719 2743 4774 nobis
2772 4719 2897 4788 (Ps.
2931 4733 3168 4786 Lxxmx,
3187 4717 3261 4785 1);
3287 4717 3592 4787 refugium

1927 4823 2072 4878 ergo
2101 4812 2379 4864 nostrum
2433 4807 2589 4863 Deus
2620 4806 2866 4862 relative
2897 4805 3132 4874 dicitur,
3165 4806 3245 4863 ad
3294 4821 3406 4862 nos
3433 4805 3596 4862 enim

1926 4896 2217 4953 refertur:
2254 4899 2320 4952 Et
2348 4900 2488 4952 tunc
2519 4897 2821 4967 refugium
2872 4898 3148 4950 nostrum
3196 4894 3282 4964 ﬁt,
3343 4911 3483 4951 eum
3514 4894 3594 4952 ad

1929 5002 2069 5042 eum
2119 4985 2495 5057 refugimus:
2562 4983 2849 5057 Nunquid
2912 4988 3054 5040 tunc
3118 4983 3188 5041 ﬁt
3249 4983 3479 5058 aliquid
3530 4984 3594 5042 in

1929 5077 2061 5147 ejus
2119 5081 2356 5144 natura,
2414 5073 2603 5148 quod,
2669 5078 2997 5148 antequam
3042 5073 3122 5130 ad
3174 5090 3315 5132 eum
3362 5075 3594 5146 refuge-

1929 5183 2133 5223 remus
2163 5182 2288 5223 non
2318 5168 2478 5222 erat?
2507 5170 2570 5222 In
2598 5165 2773 5221 nobis
2804 5181 2947 5237 ergo
2978 5166 3046 5222 ﬁt
3067 5165 3271 5240 aliqua
3300 5165 3590 5235 mutatio;

1931 5255 2258 5312 deteriores
2291 5255 2453 5312 enim
2511 5254 2736 5311 fuimus
2773 5259 3106 5328 antequam
3137 5255 3217 5313 ad
3256 5271 3395 5310 eum
3439 5253 3594 5308 refu-

1933 5360 2234 5415 geremus,
2282 5348 2339 5400 et
2395 5343 2690 5400 efﬁcimur
2741 5344 2821 5400 ad
2877 5360 3016 5400 eum
3075 5342 3429 5413 refugiendo
3476 5357 3597 5398 me-

1930 5434 2158 5491 liores?
2186 5433 2247 5490 in
2299 5433 2398 5489 illo
2445 5437 2650 5490 autem
2694 5433 2896 5490 nulla:
2951 5433 3045 5489 Sic
3098 5437 3154 5490 et
3193 5436 3365 5505 pater
3394 5436 3597 5489 noster

1933 5541 2062 5581 esse
2091 5524 2320 5596 incipit,
2350 5539 2488 5580 cum
2529 5539 2636 5597 per
2676 5523 2807 5594 ejus
2847 5523 3107 5594 gratiam
3137 5537 3592 5594 regeneramur,

1933 5613 2224 5687 quoniam
2265 5613 2428 5669 dedit
2485 5614 2652 5670 nobis
2696 5617 3050 5682 potestatem
3106 5612 3266 5681 ﬁlios
3310 5612 3422 5668 Dei
3462 5613 3600 5682 ﬁeri

1936 5703 2128 5775 (Joan.
2161 5718 2200 5770 ι,
2229 5705 2336 5760 12).
2373 5701 2720 5758 Substantia
2769 5703 2972 5774 itaque
3003 5705 3209 5758 nostra
3237 5705 3504 5758 mutatur
3533 5702 3597 5758 in

1934 5791 2170 5858 melius,
2203 5807 2342 5847 cum
2369 5791 2474 5848 ﬁlii
2505 5791 2635 5864 ejus
2655 5789 2970 5857 efﬁcimur,
3002 5789 3184 5847 simul
3210 5794 3267 5848 et
3296 5789 3394 5847 ille
3425 5791 3599 5849 Pater
