3936 6384
374 265 509 320 1123

1457 270 1514 327 S.
1555 270 1923 326 PRUDENTII
1959 270 2339 335 TRMENSIS
2379 281 2686 340 EPISCOPI

3655 289 3804 343 1124

367 392 574 481 noster
598 402 729 481 esse
759 365 986 481 incipit,
1018 388 1122 445 sed
1150 389 1317 448 nulla
1366 408 1489 448 suae
1549 393 2017 452 commutatione
2055 396 2110 459 Α
2135 405 2459 461 secundum
2503 410 2819 464 consilium
2873 409 3203 466 voluntatis
3239 425 3362 467 sua?
3389 410 3567 480 (Eph.
3601 427 3642 481 ι,
3680 411 3801 475 ll).

369 475 753 531 substantiae:
787 477 951 548 quod
1008 493 1152 548 ergo
1193 482 1597 554 temporaliter
1652 482 1771 539 dici
1817 483 2027 556 incipit

366 564 658 620 Dominus
684 566 816 635 [al.,
848 570 1044 637 Deus],
1070 569 1240 640 quod
1287 575 1465 628 antea
1516 588 1640 629 non
1688 572 2022 646 dicebatur,

364 654 754 710 manifestum
769 659 856 710 est
872 655 1110 713 relative
1135 658 1278 715 dici:
1306 675 1429 716 non
1452 665 1655 717 tamen
1686 661 2023 719 secundum

365 744 649 799 accidens
677 745 797 815 Dei,
822 745 988 818 quod
1019 746 1072 801 ei
1098 747 1328 821 aliquid
1362 750 1670 807 acciderit:
1706 751 1811 807 sed
1842 750 2022 825 plane

364 831 700 888 secundum
729 833 1011 890 accidens
1044 835 1167 903 Dei,
1198 836 1366 909 quod
1394 839 1447 894 ei
1507 838 1737 911 aliquid
1790 839 2021 897 accide-

360 919 467 975 rit:
502 919 608 975 sed
634 920 813 993 plane
845 922 1181 979 secundum
1214 924 1494 981 accidens
1547 926 1676 997 ejus
1726 926 1805 983 ad
1852 925 2023 999 quod

357 1006 475 1062 dici
504 1008 540 1074 1-
565 1008 819 1078 [al.,dici
849 1009 1081 1084 aliquid
1106 1013 1262 1068 Deus
1290 1012 1519 1085 incipit]
1554 1015 1842 1071 Dominus
1871 1014 2020 1073 inci-

358 1097 444 1169 pit
466 1096 708 1153 relative
734 1114 747 1153 :
775 1100 857 1161 Et,
881 1099 1050 1171 quod
1076 1101 1307 1157 amicus
1332 1101 1433 1158 Dei
1448 1102 1649 1173 justus
1693 1120 1826 1160 esse
1870 1104 2020 1161 inci-

355 1184 463 1257 pit,
494 1186 623 1258 ipse
650 1191 917 1245 mutatur
944 1206 957 1245 :
984 1189 1138 1245 Deus
1170 1196 1373 1247 autem
1398 1190 1555 1248 absit
1584 1196 1649 1248 ut
1678 1193 2017 1266 temporali-

353 1276 444 1349 ter
474 1274 738 1347 aliquem
765 1274 977 1346 diligat
1029 1279 1206 1349 quasi
1250 1293 1409 1335 nova
1462 1278 1796 1348 dilectione,
1828 1280 2020 1354 (quod

351 1361 921 1437 inipso)[al..quie
979 1365 1041 1421 in
1099 1364 1223 1437 illo]
1272 1370 1410 1424 ante
1466 1383 1590 1425 non
1648 1375 1796 1436 erat,
1853 1369 2022 1443 apud

356 1467 540 1523 quem
569 1468 678 1509 nec
709 1453 1007 1526 praeterita
1032 1455 1473 1524 transierunt,et
1499 1457 1719 1528 futura
1732 1460 1867 1529 jam
1883 1460 2019 1529 fac-

356 1547 420 1598 ta
446 1548 609 1599 sunt.
642 1543 851 1616 Itaque
879 1558 1094 1601 omnes
1145 1550 1385 1603 sanctos
1442 1562 1587 1603 suos
1629 1553 1766 1605 ante
1805 1548 2019 1611 mundi

354 1630 841 1688 constitutionem
862 1631 1082 1700 dilexit,
1104 1633 1254 1689 sicut
1274 1633 1733 1706 praedestinavit,
1758 1636 1863 1693 sed
1879 1654 2020 1697 cum

2136 489 2292 549 Licet
2335 493 2538 567 itaque
2592 496 2872 554 dicantur
2917 497 3194 553 homines
3243 497 3427 554 etiam
3465 504 3799 565 creatores,

2132 580 2497 648 conditores,
2538 586 2817 649 factores,
2848 591 3216 659 operatores,
3247 585 3648 657 ordinatores,
3670 587 3800 644 dis-

2132 670 2445 742 positores,
2479 674 2898 741 destinatores,
2932 674 3480 749 prasdestinatores,
3512 682 3569 732 et
3597 676 3805 733 multa

2132 758 2370 829 similia,
2404 761 2497 816 ille
2556 767 2780 830 tamen,
2831 763 3016 819 modo
3061 764 3331 836 quodam
3381 765 3649 837 proprio,
3680 766 3799 821 etsi

2131 846 2373 905 relative
2405 850 2696 906 dicendus
2716 857 2805 908 e-t
2835 856 3088 919 creator,
3121 852 3417 921 conditor,
3439 852 3797 926 factor,ope-

2128 941 2312 1002 rator,
2340 939 2685 1011 dispositor,
2717 941 3064 1006 destinator,
3096 957 3167 997 ac
3198 941 3795 1014 praedestinator,qui

2129 1024 2293 1081 solus
2322 1033 2459 1085 ante
2490 1035 2703 1086 cuncta
2731 1030 2920 1103 potuit
2948 1030 3298 1103 praevidere,
3326 1046 3513 1104 quam
3548 1030 3790 1099 faceret;

2128 1116 2416 1185 quoniam
2444 1118 2570 1189 ipse
2628 1120 2814 1187 solus,
2845 1121 3048 1177 omnia
3076 1136 3446 1192 quaecunque
3476 1122 3663 1178 voluit
3696 1122 3796 1192 fe-

2127 1202 2208 1260 cit
2229 1204 2292 1261 in
2323 1209 2471 1263 caelo
2497 1214 2550 1264 et
2580 1210 2851 1277 interra,
2874 1211 2937 1266 in
2965 1210 3127 1267 mari
3143 1210 3280 1267 etin
3304 1209 3575 1266 omnibus
3595 1210 3786 1281 abys-

2127 1294 2229 1363 sis,
2262 1309 2337 1351 ea:
2359 1312 2475 1366 quo
2497 1301 2719 1363 omnia,
2740 1315 2851 1369 per
2869 1314 3043 1371 quem
3063 1299 3285 1367 omnia,
3317 1300 3382 1354 in
3411 1314 3527 1371 quo
3556 1301 3786 1363 omnia,

2128 1384 2245 1453 ipsi
2281 1386 2482 1456 gloria
2538 1388 2601 1444 in
2651 1390 2878 1447 scrc-ala
2932 1389 3318 1456 saeculorum,
3371 1404 3546 1447 amen
3596 1389 3786 1461 (Psal.

2129 1488 2281 1545 cxm,
2314 1479 2382 1545 3;
2415 1478 2576 1534 Rom.
2604 1494 2685 1547 ιι,
2708 1478 2818 1549 36).
3398 1506 3399 1509 η

2201 1564 2346 1629 Quis
2377 1580 2559 1637 porro
2584 1582 2708 1623 non
2754 1571 2993 1640 stupeat
3038 1566 3372 1625 fatuitatem
3405 1566 3618 1625 tuam?
3648 1570 3788 1639 Qui,

2131 1669 2269 1709 cum
2296 1656 2571 1727 superius
2618 1657 3059 1730 praescientiam
3111 1663 3170 1716 et
3197 1657 3788 1730 priedestinationem

355 1725 789 1779 convertuntur
817 1727 876 1779 et
905 1721 1216 1781 inveniunt
1243 1722 1435 1795 illum,
1483 1730 1624 1782 tunc
1652 1726 1915 1800 incipere
1938 1727 2015 1784 ab

2178 1742 2229 1798 ei
2246 1743 2376 1815 ejus
2406 1746 2807 1803 :ubstantiam
2836 1747 3187 1814 asserueris,
3228 1763 3391 1804 nunc
3417 1746 3700 1805 translate
3721 1750 3785 1804 in

353 1825 428 1867 eo
452 1809 619 1881 diligi
648 1809 954 1882 dicuntur,
982 1815 1047 1867 ut
1075 1826 1149 1869 eo
1181 1812 1367 1868 modo
1405 1812 1641 1871 dicatur
1670 1832 1793 1889 quo
1823 1820 2020 1890 potest

352 1899 625 1957 humano
655 1898 872 1957 atfectu
899 1900 1036 1973 capi
1062 1901 1234 1973 quod
1263 1902 1498 1960 dicitur.
1534 1903 1627 1961 Sic
1656 1904 1842 1963 etiam
1879 1921 2017 1965 cum

350 1987 538 2046 iratus
564 1988 741 2046 malis
770 1988 1009 2058 dicitur,
1043 1993 1100 2047 et
1122 1989 1402 2063 placidus
1443 1992 1636 2060 bonis,
1663 1992 1747 2050 illi
1777 1998 2017 2053 mutan-

354 2080 451 2135 tur
471 2093 595 2135 non
620 2078 771 2151 ipse,
804 2077 956 2136 sicut
974 2077 1101 2152 lux,
1149 2078 1404 2137 inﬁrmis
1428 2081 1618 2139 oculis
1645 2098 1880 2156 aspera,
1914 2084 2014 2143 tir-

353 2164 470 2223 mis
497 2164 649 2222 lenis
674 2170 767 2223 est
793 2166 1064 2239 ipsorum
1090 2168 1311 2226 scilicet
1331 2170 1684 2237 mutatione,
1714 2186 1839 2228 non
1856 2172 2014 2245 sua.]

426 2256 543 2313 Has
566 2254 948 2312 beatissimus
972 2257 1364 2327 Augustinus,
1399 2257 1641 2317 afﬂatus
1670 2261 1811 2331 Deo,
1840 2275 2015 2331 regu-

352 2342 443 2401 las
463 2342 641 2401 nobis
666 2343 745 2401 de
771 2359 844 2401 eo
873 2346 1215 2403 acutissime
1258 2347 1668 2422 veraciterque
1702 2348 2016 2423 dereliquit

349 2431 725 2504 respondens
741 2432 1101 2490 Arianorum
1120 2434 1525 2509 versutiis,qui
1544 2436 2013 2510 inaequalitatem

352 2525 573 2579 sanctis
606 2520 904 2579 Trinitatis
933 2523 1305 2593 argumentis
1336 2524 1662 2582 dialecticis
1682 2542 1783 2581 ore
1814 2530 1874 2582 et
1887 2542 2012 2585 cor-

352 2607 428 2669 de
473 2610 759 2683 pestifero
802 2611 1235 2671 inclamabant.
1267 2615 1351 2668 'l‘u
1375 2628 1540 2682 vero,
1572 2613 1922 2685 frigescente
1952 2617 2013 2672 in

353 2703 408 2755 te
429 2715 585 2755 veras
610 2699 914 2757 charitatis
952 2700 1190 2771 ardore,
1220 2717 1332 2758 nec
1383 2706 1591 2758 contra
1636 2701 2013 2759 dialecticum

352 2786 674 2858 sophistice
703 2803 904 2857 agere,
931 2804 1043 2847 nec
1069 2788 1537 2862 simplicioribus
1552 2789 1837 2846 fratribus
1868 2806 2012 2846 con-

351 2875 544 2931 sulere
572 2875 841 2947 delegisti
873 2893 886 2932 :
940 2878 1188 2950 quippe,
1221 2878 1369 2935 dum
1401 2878 1642 2950 aﬁingis
1683 2878 2008 2951 superﬂua,

348 2964 639 3021 obscuras
660 2965 840 3022 etiam
869 2966 1208 3025 manifesta.
1242 2970 1618 3042 Quapropter
1644 2967 1812 3042 quod
1833 2967 1895 3024 in
1916 2985 2011 3025 ca-

348 3053 548 3125 talogo
596 3054 1120 3113 substantivorum
1176 3057 1493 3113 nominum
1548 3048 2005 3116 destinationem

343 3158 567 3216 ponere
599 3143 837 3200 voluisti
867 3146 1023 3217 (cap.
1053 3147 1106 3215 9,
1133 3161 1196 3202 n.
1230 3150 1283 3214 5,
1309 3153 1451 3205 secl.
1490 3147 1568 3219 2),
1621 3146 1843 3204 falsum
1872 3163 2005 3204 esse

340 3231 479 3305 quis
505 3231 771 3290 nesciat?
800 3235 1123 3306 Nunquam
1152 3235 1314 3292 enim
1341 3235 1589 3292 relativa
1603 3235 2006 3293 substantiam

346 3321 825 3391 signiﬁcant,sed
849 3323 930 3379 ad
951 3323 1179 3396 aliquid
1194 3340 1270 3380 ea
1284 3324 1579 3397 pertinere
1604 3340 1728 3382 non
1749 3324 2004 3382 dubium

340 3414 434 3466 est
459 3426 473 3465 :
506 3408 805 3466 destinare
831 3416 1034 3467 autem
1062 3411 1307 3469 relative
1333 3412 1570 3484 dicitur,
1602 3413 1754 3471 sicut
1777 3429 2000 3483 creare,

345 3496 499 3553 sicut
515 3497 729 3566 facere,
760 3498 915 3555 sicut
940 3500 1199 3571 operari,
1225 3501 1380 3558 sicut
1398 3502 1740 3576 disponere,
1766 3502 2005 3575 dispen-

342 3601 498 3657 sare,
525 3586 822 3658 judicare,
848 3604 986 3660 quas
1030 3604 1156 3645 non
1197 3590 1604 3648 substantiam
1658 3592 1865 3666 utique
1895 3591 2000 3649 de~

343 3682 698 3745 monstrant,
730 3676 838 3733 sed
869 3678 951 3734 ad
979 3677 1210 3751 aliquid
1226 3678 1413 3735 relata
1429 3684 1811 3753 promuntur,
1834 3696 1999 3736 nem-

339 3780 416 3838 pe
444 3766 551 3839 qui
597 3765 877 3835 destinat,
925 3767 1053 3824 sive
1103 3768 1513 3841 praadestinat,
1543 3768 1773 3843 aliquid
1828 3769 2001 3827 nimi-

338 3871 476 3912 rum
508 3855 789 3929 destinat,
839 3857 961 3914 sive
1012 3857 1425 3930 praedestinat.
1480 3861 1632 3930 Ergo
1689 3874 1830 3915 cum
1858 3858 1995 3915 dici-

336 3961 477 4002 mus
504 3944 826 4014 destinare,
853 3962 973 4004 non
1005 3962 1135 4003 esse
1156 3947 1436 4017 dicimus,
1466 3948 1575 4005 sed
1605 3946 1838 4022 aliquid
1876 3947 1997 4004 dis-

336 4049 582 4106 ponere,
613 4040 678 4091 ut
698 4050 924 4103 creare,
954 4035 1169 4103 facere,
1202 4041 1385 4111 atque
1414 4037 1671 4111 operari.
1703 4041 1833 4094 Non
1886 4036 1999 4109 igi-

338 4126 433 4179 tur
486 4123 807 4181 destinatio
871 4124 1268 4195 substantive,
1314 4125 1421 4181 sed
1463 4126 1682 4183 dicitur
1708 4125 1991 4185 relative:

336 4209 724 4268 relativorum
764 4216 969 4269 autem
1006 4229 1132 4269 non
1164 4217 1254 4270 est
1283 4214 1685 4273 substantiam
1704 4214 1993 4273 demons-

334 4301 516 4369 trare,
543 4300 659 4357 hoc
686 4316 810 4357 non
842 4300 1037 4357 solum
1064 4301 1303 4375 divinae,
1334 4318 1545 4360 verum
1576 4304 1754 4362 etiam
1781 4304 1994 4363 huma-

333 4404 431 4444 nae
449 4388 655 4446 litterae
685 4388 969 4462 clamant,
1000 4395 1059 4447 et
1104 4391 1236 4463 ipse
1268 4390 1691 4449 usitatissimus
1719 4393 1899 4450 etiam
1926 4394 1992 4451 in

332 4476 601 4535 litteratis
629 4478 977 4552 quibusque
1002 4478 1291 4554 loquendi
1317 4481 1559 4552 modus,
1577 4481 1988 4555 quodomnes,

332 4571 437 4624 aut
464 4583 620 4640 pene
646 4583 881 4631 omnes,
913 4568 1238 4638 destinare,
1269 4584 1380 4643 pro
1409 4584 1481 4625 eo
1528 4569 1697 4643 quod
1719 4576 1809 4626 est
1834 4570 1991 4627 ordi-

328 4671 475 4714 nare
503 4661 687 4731 atque
716 4657 1058 4731 disponere,
1090 4658 1332 4717 dicendi
1361 4657 1698 4733 frequentia
1723 4657 1990 4718 celebra-

326 4762 392 4805 re
424 4748 648 4821 saepius
676 4763 804 4805 non
827 4749 1141 4808 desistunt.
1175 4752 1305 4807 Non
1347 4753 1437 4807 est
1461 4749 1642 4820 igitur
1670 4748 1990 4810 destinatio

328 4838 506 4910 Deus,
536 4853 733 4911 neque
765 4838 1210 4897 substantivum
1233 4838 1412 4909 illius,
1444 4838 1549 4895 sed
1569 4839 1771 4914 potius
1797 4838 1991 4899 relati-

328 4940 497 4997 vnm,
551 4941 675 4999 quo
732 4926 1107 4997 signiﬁcatur
1156 4927 1531 5001 disposuisse
1585 4933 1725 4985 ante
1767 4927 1989 4987 saecula

324 5013 629 5085 quidquid
674 5015 737 5071 in
762 5020 1031 5090 tempore
1073 5017 1169 5075 vel
1215 5022 1355 5090 post
1385 5020 1657 5090 tempora
1682 5021 1811 5076 erat
1856 5017 1989 5091 ipse

327 5101 615 5159 facturus.
643 5103 903 5161 Proinde
923 5106 1205 5178 quamvis
1225 5105 1490 5179 relative,
1521 5106 1817 5179 quoniam
1847 5110 1990 5164 sunt

325 5191 575 5250 relativa
597 5191 751 5261 hth,
783 5193 846 5249 in
877 5195 1018 5267 Deo,
1040 5194 1132 5251 vel
1170 5195 1247 5251 de
1275 5196 1415 5265 Deo,
1447 5211 1840 5269 nequaquam
1882 5194 1989 5254 fal-

324 5281 529 5340 laciter
558 5282 978 5356 praedicantur,
1010 5283 1159 5341 nulli
1182 5289 1413 5342 naturae
1443 5285 1505 5342 id
1532 5286 1699 5360 quod
1722 5286 1987 5359 praedes-

323 5371 516 5430 tinare
567 5372 786 5429 dicitur
825 5373 1263 5446 competentius
1320 5378 1581 5448 aptatur,
1638 5390 1827 5448 quam
1878 5374 1984 5447 illi,

322 5476 483 5532 quae,
508 5460 638 5518 sola
655 5461 1105 5534 omnipotentiae
1134 5479 1259 5519 sum
1278 5462 1514 5529 virtute,
1541 5463 1984 5537 universa,quae

326 5547 516 5605 fuerat
540 5549 674 5621 ipsa
697 5549 950 5622 factura,
1001 5551 1195 5625 potuit
1223 5552 1522 5625 praescire,
1554 5551 1748 5626 potuit
1775 5553 1983 5626 praevi-

326 5632 691 5707 dere;quaa,
722 5654 863 5693 cum
894 5639 969 5696 sit
1011 5640 1283 5713 Trinitas,
1342 5656 1501 5696 unus
1556 5640 1721 5698 solus
1768 5645 1825 5698 et
1879 5657 1981 5699 ve-

326 5730 433 5779 rus
456 5720 633 5793 Deus,
670 5731 979 5799 operatur,
1009 5726 1344 5786 secundum
1371 5728 1745 5803 Apostolum,
1778 5731 1981 5789 omnia

2128 1848 2266 1890 eum
2312 1834 2431 1891 dici
2459 1852 2628 1893 more
2661 1836 3005 1893 Latinorum
3059 1853 3386 1906 asseveres,
3414 1854 3554 1911 qua;
3602 1837 3783 1895 subs-

2127 1922 2380 1980 tantiam
2411 1939 2728 1997 nunquam
2761 1925 3202 1995 demonstrant,
3248 1942 3381 1985 esse
3417 1931 3621 1985 autem
3650 1928 3785 1983 base

2126 2012 2374 2069 relativa
2422 2018 2481 2070 et
2535 2013 2879 2072 nullatenus
2927 2015 3301 2075 substantiva
3354 2015 3540 2073 cuivis
3596 2016 3783 2074 etiam

2126 2102 2472 2176 simpliciori
2503 2109 2689 2177 patet:
2726 2108 3147 2163 Verumtamen
3195 2105 3783 2178 praedestinationem

2123 2208 2369 2265 quoque
2389 2209 2512 2250 non
2546 2194 3039 2262 substantialiter,
3070 2194 3176 2252 sed
3205 2194 3443 2252 relative
3472 2196 3660 2252 Deum
3693 2194 3782 2252 di-

2124 2282 2175 2338 ci
2206 2298 2386 2355 posse
2441 2283 2595 2340 sicut
2645 2283 2966 2355 refugium,
3019 2283 3287 2355 laudem,
3339 2283 3781 2357 laudationem,

2123 2372 2556 2444 protectionem
2586 2372 2753 2431 nullo
2784 2373 2971 2430 modo
2993 2374 3332 2443 abnuerim,
3383 2374 3670 2447 quamvis
3716 2374 3780 2431 id

2122 2460 2330 2523 divina
2383 2461 2629 2534 eloquia
2672 2462 2924 2520 minime
2980 2462 3446 2520 commendent:
3506 2462 3776 2537 alioquin

2122 2550 2302 2607 veluti
2354 2566 2478 2607 non
2531 2552 2775 2618 creatio,
2807 2551 3077 2624 operatio
3124 2556 3305 2624 atque
3352 2552 3638 2621 conditio,
3695 2552 3782 2611 ita

2122 2655 2232 2695 nec
2261 2639 2580 2697 destinatio
2618 2657 2690 2699 ac
2711 2640 3158 2714 praedestinatio
3186 2640 3341 2699 Deus
3372 2640 3778 2699 substantiali-

2122 2732 2207 2785 ter
2236 2728 2340 2785 ulli
2369 2728 2664 2787 catholico
2710 2729 3200 2802 pronuntiandus
3257 2733 3441 2803 atque
3491 2728 3776 2787 fatendus

2118 2823 2226 2882 est,
2255 2832 2331 2874 ne
2352 2817 2820 2875 evidentissimus
2848 2818 3099 2875 rationis
3123 2818 3515 2884 auctoritatis,
3545 2834 3617 2876 ac
3664 2820 3774 2877 Pa-

2120 2906 2224 2964 tris
2270 2907 2586 2977 Augustini
2636 2907 3036 2964 veracissimis
3097 2907 3610 2981 disputationibus
3666 2908 3774 2966 im-

2118 2995 2433 3067 pudenter,
2500 2996 2624 3054 imo
2691 2994 3005 3054 inﬁdeliter
3067 3012 3407 3070 repugnare
3453 2997 3770 3055 convinca-

2034 3105 2078 3160 ο
2119 3089 2231 3148 tur.

2786 3193 3015 3251 CAPUT
3050 3195 3093 3250 Χ

2114 3302 2200 3357 De
2214 3316 2288 3375 Aeo
2317 3302 2476 3375 quod
2504 3317 2542 3359 a
2572 3302 2878 3375 contrario
2906 3300 3363 3375 intelligendum
3396 3303 3494 3370 sit,
3526 3303 3767 3375 quando

2183 3373 2412 3430 dicitur
2440 3374 2597 3430 Deus
2621 3374 2926 3443 praescire,
2960 3378 3068 3430 aut
3086 3374 3525 3442 prwdestinare
3538 3373 3759 3443 ’ρεσεα-

2184 3450 2266 3572 Ξὲ,
2299 3446 2393 3503 vel
2422 3451 2689 3513 mortem,
2725 3446 2819 3502 vel
2837 3460 3049 3516 plenas
3092 3444 3421 3516 hominum,
3453 3445 3549 3503 vel
3575 3460 3761 3519 ange-

2244 3532 2397 3572 rum.

2184 3605 2459 3663 Decimus
2488 3604 3005 3679 blasphemiarum
3036 3576 3274 3665 tuarum
3304 3603 3507 3665 titulus
3534 3610 3644 3663 est.

2678 3727 2940 3771 JOANNBS
2985 3728 3193 3769 SCOTUS

2177 3802 2348 3874 (Cap.
2379 3801 2463 3865 10,
2496 3817 2667 3874 num.
2703 3806 2754 3871 1,
2783 3806 2925 3859 sect.
2968 3801 3040 3874 i),
3066 3802 3156 3874 De
3180 3816 3248 3858 eo
3270 3801 3431 3874 quod
3456 3816 3485 3857 e
3516 3807 3754 3860 contra-

2103 3874 2197 3930 rio
2228 3872 2680 3944 intelligendum
2710 3874 2807 3940 sit,
2833 3872 3075 3945 quando
3105 3872 3333 3930 dicitur
3375 3875 3533 3930 Deus
3577 3889 3759 3945 pras-

2105 3946 2246 4011 cire,
2288 3951 2394 4001 aut
2417 3944 2859 4014 prcedestinaré
2883 3950 3153 4015 peccata,
3190 3945 3284 4001 vel
3334 3951 3608 4015 mortem,
3661 3946 3754 4003 vel

2095 4031 2309 4087 plenas
2342 4017 2669 4087 hominum,
2693 4017 2787 4073 vel
2811 4017 3188 4088 angelorum.

2778 4138 3079 4181 CORRECTIO

2174 4215 2239 4268 In
2265 4227 2390 4286 quo
2441 4210 2590 4269 dum
2650 4210 2901 4269 inservis
2949 4210 3275 4269 dialecticis
3328 4228 3400 4268 ac
3427 4211 3754 4284 rhetoricis,

2100 4317 2349 4376 prorsus
2380 4317 2417 4359 a
2445 4302 2687 4357 veritate
2719 4299 3009 4357 desereris
3034 4317 3047 4353 :
3072 4299 3405 4357 subdividis
3420 4300 3584 4356 enim
3604 4316 3753 4373 prie-

2101 4390 2412 4447 scientiam
2443 4393 2499 4445 et
2546 4388 3156 4463 praedestinationem,
3189 4388 3367 4445 sicuti
3419 4394 3475 4445 et
3521 4405 3753 4462 praepa-

2098 4481 2396 4538 rationem
2425 4484 2482 4536 et
2506 4479 2952 4552 praavisionem,
2984 4477 3349 4553 duabusque
3382 4479 3632 4535 sedibus
3680 4478 3753 4535 si-

2099 4566 2555 4638 gniﬁcationum
2575 4566 2637 4622 in
2669 4570 2858 4623 Deum
2886 4565 3213 4623 translatas
3230 4566 3752 4640 asseris,ut,quan-

2098 4653 2178 4713 do
2209 4652 2596 4711 similitudine
2626 4658 2971 4725 sumuntur,
2998 4654 3147 4711 nihil
3193 4653 3359 4712 aliud
3396 4654 3745 4725 signiﬁcent,

2098 4749 2314 4819 praeter
2341 4744 2510 4819 quod
2537 4744 2666 4818 ipse
2698 4745 2942 4802 Creator
2969 4744 3248 4803 omnium
3277 4744 3544 4802 facturus
3572 4750 3744 4817 esset,

2098 4836 2218 4892 sive
2246 4835 2310 4891 in
2336 4834 2757 4892 constituenda
2784 4835 3190 4895 universitatis
3223 4833 3558 4892 substantia
3583 4838 3726 4891 natu

2096 4924 2446 4997 ralibusque
2475 4924 2607 4996 ejus
2643 4924 3060 4998 qualitatibus,
3103 4924 3228 4981 sive
3283 4924 3347 4981 in
3399 4924 3529 4996 ejus
3559 4922 3744 4981 admi-

2095 5014 2444 5073 nistratione
2472 5014 2535 5072 in
2564 5014 2658 5071 his
2687 5015 3133 5086 tantummodo,
3182 5030 3328 5087 quos
3363 5014 3666 5086 prwscivil
3693 5018 3742 5069 et

2091 5107 2546 5178 prwdcstinavit
2591 5105 2915 5163 secundum
2937 5107 3314 5176 propositum
3355 5105 3571 5177 gratia
3626 5116 3743 5160 sua

2095 5197 2428 5268 conformes
2450 5195 2731 5268 imaginis
2746 5195 2896 5250 Filii
2917 5196 3019 5251 sui
3040 5195 3227 5266 (Rom.
3252 5210 3377 5263 vin,
3400 5197 3490 5262 28,
3508 5193 3596 5265 29)
3618 5206 3742 5250 esse

2094 5285 2349 5344 futuros.
2384 5284 2639 5352 Quando
2670 5300 2807 5341 vero
2847 5284 2923 5341 de
2946 5283 3081 5341 loco
3110 5284 3218 5358 qui
3246 5288 3334 5341 est
3363 5299 3402 5341 a
3429 5282 3739 5351 contrario,

2094 5374 2244 5432 nihil
2271 5375 2333 5431 in
2360 5373 2447 5431 eis
2478 5372 2956 5445 intelligendum,
2973 5372 3090 5430 nisi
3115 5373 3284 5447 quod
3309 5374 3489 5442 Deus,
3508 5372 3572 5429 in
3593 5387 3741 5427 crea-

2093 5470 2230 5523 tura
2277 5481 2465 5538 quam
2489 5463 2617 5537 ipse
2644 5462 2931 5531 condidit,
2962 5463 3091 5520 ﬁeri
3120 5463 3260 5522 sinit
3285 5466 3458 5519 motu
3503 5460 3738 5536 proprio

2092 5552 2402 5625 liberoque
2475 5550 2785 5609 rationalis
2875 5554 3137 5620 naturas,
3219 5565 3497 5625 perverse
3582 5553 3735 5605 uten-

2091 5643 2164 5701 tis
2211 5642 2589 5699 naturalibus
2649 5641 2829 5699 bonis
2882 5657 3020 5715 quae
3078 5640 3170 5697 sui
3226 5639 3518 5700 Creatoris
3575 5637 3738 5709 largi-

2089 5735 2209 5791 tate
2268 5730 2568 5807 suscepit:
2616 5732 2683 5787 Et
2736 5730 2853 5788 hoc
2898 5745 3029 5788 esse
3071 5733 3260 5788 totum
3314 5727 3482 5805 quod
3530 5726 3737 5786 dicitur
