3936 6388
116 289 240 343 H25

110 502 228 569 ria;
261 500 430 573 quod
476 505 542 556 ut
586 500 1075 573 compendiosius
1115 508 1360 573 propter
1392 500 1509 556 mei
1537 498 1760 554 similes

110 590 371 662 eloquar.
407 590 506 645 Vis
534 588 783 659 intelligi
814 593 1003 646 Deum
1043 591 1320 662 praescire
1372 596 1428 646 et
1457 586 1763 661 praedesti—

112 695 249 735 nare
282 679 703 735 tantummodo
727 695 863 751 qua:
907 680 1072 737 bona
1102 684 1262 749 sunt,
1296 679 1458 735 mala
1484 692 1624 734 vero
1654 691 1765 732 nec

111 768 384 841 praescire
432 783 543 824 nec
581 768 1043 841 praedestinare:
1095 785 1282 841 quam
1313 767 1766 841 perversitatem

112 855 308 912 nullus
334 861 470 913 ante
499 861 551 913 te
583 857 1042 930 praesumpsisse
1059 858 1367 929 reperitur,
1393 873 1532 913 cum
1554 871 1766 911 omnes

113 945 452 1002 divinorum
483 945 797 1003 Librorum
828 948 1066 1017 paginae
1098 948 1284 1003 Deum
1314 945 1766 1019 omnipotentis-

115 1034 329 1090 simum
378 1040 433 1092 et
474 1036 877 1107 justissimum
923 1036 1074 1093 scire
1117 1043 1173 1092 et
1223 1037 1518 1108 praescire,
1552 1052 1622 1092 ac
1663 1050 1768 1105 per

113 1122 220 1179 hoc
252 1125 589 1196 prohibere,
614 1126 887 1196 judicare
914 1129 1095 1198 atque
1118 1127 1331 1198 punire
1360 1130 1766 1198 peccata,non

114 1213 303 1269 solum
336 1214 650 1271 factorum.
682 1231 888 1271 verum
930 1216 1110 1273 etiam
1140 1216 1438 1273 dictorum
1469 1215 1769 1285 cogitatio-

112 1318 377 1374 numque
408 1302 710 1359 multoties
738 1304 1053 1361 inculcant.

180 1393 331 1458 Quid
358 1393 559 1448 enim?
583 1394 860 1467 nunquid
887 1396 1148 1451 nescisse
1173 1399 1325 1452 Deus
1351 1395 1644 1451 dicendus
1683 1398 1771 1451 est

111 1486 462 1547 peccaturos
510 1482 698 1538 nostri
746 1483 978 1553 generis
1022 1485 1248 1557 primos
1296 1486 1770 1559 propagatores?

112 1571 228 1625 Cur
251 1586 395 1640 ergo
419 1587 522 1626 eos
551 1571 630 1627 ab
674 1571 1094 1629 inobedientia:
1120 1573 1302 1643 malo,
1334 1579 1392 1631 et
1420 1575 1586 1648 prius
1605 1574 1769 1630 beni-

113 1674 225 1727 gne
254 1659 565 1731 prohibuit
590 1662 754 1725 (Gen.
784 1677 845 1730 u,
883 1661 989 1729 l7),
1018 1668 1075 1719 et
1102 1668 1239 1734 post
1273 1664 1431 1734 juste
1461 1664 1771 1720 damnavit

1028 289 1115 343 DE
1157 280 1828 344 PREDESTINATIONE
1867 280 2148 339 CONTRA
2184 286 2232 341 εἰ.
2283 283 2580 344 SCOTUM.

112 411 353 477 malum,
399 416 457 467 et
484 426 667 483 poena
713 412 842 482 ejus
870 412 1038 469 varia
1074 412 1554 483 multimodaque
1584 407 1759 464 mise~
1786 406 1839 464 Δ

3398 296 3533 350 “26

2451 426 2699 468 JOANNES
2738 428 2940 471 SCOTUS
2949 455 2961 467 .

1947 496 2108 569 (Cap.
2148 502 2229 566 to,
2260 514 2430 555 num.
2464 504 2520 566 2,
2556 506 2701 558 sect.
2748 507 2799 570 t)
2841 508 2880 556 Θ
2913 504 3057 560 Cum
3086 520 3225 577 ergo
3256 507 3535 563 audimus

1869 588 2177 654 praesciuit
2200 589 2377 657 Deus,
2406 592 2502 646 vel
2532 591 3012 664 prmdestinavit,
3045 596 3138 650 vel
3162 598 3537 665 preparavit

1873 682 2139 745 peccata,
2163 693 2265 735 seu
2292 684 2564 750 mortem,
2598 682 2721 738 sive
2740 697 2951 751 pwnas
2976 698 3179 740 eorum
3208 701 3353 757 quos
3374 689 3540 758 juste

1875 765 2157 823 deseruit.

2543 874 2871 917 COBRECTIO.

1946 945 1980 1010 Τ
2012 945 2153 1009 Quis
2181 947 2295 1002 hoc
2324 947 2557 1015 dixerit,
2591 949 2727 1021 quis
2760 950 2969 1006 saltem
3003 952 3359 1023 cogitatione
3397 970 3538 1011 con-

1875 1035 2144 1104 ceperit?
2198 1036 2418 1091 Dicitur
2473 1037 2631 1093 enim
2694 1041 2846 1093 Deus
2899 1041 3211 1111 praescisse
3267 1049 3536 1116 peccata,

1877 1115 2152 1189 mortem,
2213 1124 2304 1181 vel
2362 1141 2615 1198 poenas:
2674 1127 3137 1199 praadestinasse
3196 1115 3395 1188 autem
3444 1133 3540 1188 vel

1874 1226 2253 1284 praeparasse
2276 1220 2524 1286 peccata
2547 1230 2867 1288 nunquam
2888 1220 3028 1273 ante
3049 1224 3105 1274 te
3127 1220 3354 1276 dictum
3371 1237 3539 1277 com-

1876 1301 2023 1372 peri,
2055 1317 2374 1376 nunquam
2420 1303 2571 1374 legi;
2618 1305 3076 1376 preedestinasse
3099 1324 3243 1365 vero
3272 1310 3365 1366 vel
3386 1326 3540 1383 prte-

1878 1404 2131 1460 parasse
2161 1396 2417 1448 mortem
2446 1392 2567 1448 sive
2582 1408 2797 1466 poenas
2819 1396 3207 1466 peccantibus
3233 1399 3542 1471 propheti-

1878 1494 1962 1533 cte
2015 1484 2074 1535 et
2121 1480 2465 1552 apostolicae
2515 1481 2722 1537 litterae
2778 1482 3062 1541 clamant.
3094 1485 3184 1541 Tu
3212 1502 3353 1543 vero
3401 1489 3545 1560 quia

1879 1568 2315 1639 praescientiam
2368 1573 2423 1626 et
2470 1570 3060 1643 praedestinationem
3090 1574 3430 1648 confundis,
3462 1577 3547 1633 ita

1879 1664 1945 1713 ut
1976 1673 2164 1714 unum
2212 1675 2342 1716 esse
2389 1660 2777 1730 dogmatizes,
2810 1662 2961 1717 dicis
3010 1667 3197 1720 Deum
3238 1666 3548 1738 praedesti-

116 1750 276 1819 (Gen.
300 1765 379 1815 ιιι,
406 1750 493 1820 t5)
517 1750 543 1804 ?
565 1749 855 1805 Nimirum
880 1752 1025 1823 quia
1051 1768 1087 1808 a
1110 1754 1418 1825 peccando
1439 1753 1765 1826 prohibuit,
1798 1764 1842 1822 Β
1880 1762 2057 1802 nasse
2101 1752 2158 1804 et
2194 1764 2569 1821 praeparasse
2616 1756 2883 1821 peccata,
2914 1752 3083 1824 quod
3110 1754 3545 1811 catholicorum

113 1846 168 1894 et
191 1837 467 1911 praevidit
491 1842 547 1894 et
573 1840 870 1911 priescivit
892 1840 1041 1912 quid
1071 1840 1233 1899 malo
1253 1842 1773 1901 inobedientieees-

116 1932 199 1984 set
228 1928 413 1984 homo
443 1927 804 1990 facturus,et
822 1930 972 2002 quid
995 1931 1204 1987 merito
1230 1932 1469 2002 justitiae
1497 1939 1769 2004 receptu-

113 2031 231 2071 rus.
259 2016 318 2071 Si
337 2032 533 2089 neque
564 2017 1053 2090 prieviditneque
1078 2020 1377 2091 praescivit
1396 2026 1646 2093 peccata
1661 2023 1770 2078 ho-

110 2104 344 2161 minum
401 2105 628 2161 diluvio
677 2107 1101 2179 periturorum,
1133 2109 1283 2181 quid
1328 2116 1414 2166 est
1462 2110 1629 2183 quod
1668 2126 1773 2183 per

112 2210 305 2251 annos
332 2199 573 2252 centum
599 2213 805 2253 arcam
823 2197 1107 2254 aediﬁcari
1127 2200 1415 2272 praecipit,
1440 2206 1523 2269 ut,
1548 2203 1772 2258 caeteris

114 2289 354 2359 propter
383 2291 631 2358 peccata
671 2286 898 2353 deletis,
934 2287 1097 2343 solus
1128 2291 1246 2344 Noe
1276 2305 1414 2345 cum
1447 2290 1632 2347 domo
1663 2306 1774 2347 sua

115 2374 486 2431 salvaretur?
538 2374 691 2441 Quid
738 2380 828 2432 est
862 2375 1050 2448 quod,
1084 2378 1225 2434 Mosi
1252 2378 1667 2435 liberationem
1701 2384 1773 2435 ls-

116 2463 284 2520 raelis
315 2464 669 2536 praedicens,
707 2465 1077 2521 Pharaonem
1120 2472 1301 2539 atque
1340 2468 1652 2540 {Egyptios
1683 2469 1770 2524 in-

116 2552 363 2611 duratos
407 2554 560 2610 inter
608 2558 690 2610 tot
737 2559 793 2611 et
848 2558 1003 2611 tanta
1056 2557 1515 2629 percussionum
1555 2574 1774 2629 genera

116 2643 546 2699 contumaciter
567 2644 750 2699 corda
781 2660 894 2700 sua
908 2660 1031 2701 non
1056 2646 1250 2702 tacet?
1273 2646 1439 2717 (Gen.
1476 2664 1549 2711 γι,
1581 2653 1772 2721 t,seq.

116 2749 211 2801 vu,
246 2732 293 2798 l,
326 2748 457 2806 seq.
491 2734 684 2790 Exod.
718 2750 797 2795 IV,
831 2736 939 2806 2?.)
981 2734 1036 2792 Si
1079 2751 1201 2792 non
1251 2738 1551 2810 praescivit
1579 2755 1775 2811 neque

117 2822 390 2893 praevidit
432 2822 657 2880 scelera
685 2823 996 2896 multaque
1026 2824 1258 2895 ﬂagitia
1284 2826 1567 2897 ejusdem
1597 2833 1779 2887 Israe-

115 2909 250 2966 litici
270 2911 505 2985 populi,
521 2928 625 2967 cur
646 2927 749 2967 eos
775 2913 1133 2970 nominatim
1160 2914 1240 2970 ab
1264 2916 1553 2972 omnibus
1567 2933 1777 2989 pecca-

118 3002 182 3054 tis
212 3001 517 3057 abstinere
554 3001 878 3073 praecepit?
907 3002 1032 3074 qui,
1065 3019 1205 3059 cum
1254 3005 1531 3061 homines
1570 3007 1778 3064 divina

1880 1835 2082 1892 nullus
2114 1852 2385 1908 unquam
2415 1838 2509 1894 vel
2557 1839 2743 1894 sensit
2768 1839 2866 1894 vel
2894 1840 3061 1897 dixit.
3091 1841 3333 1899 Differre
3365 1859 3546 1916 porro

1880 1925 2319 1998 priescientiam
2373 1942 2412 1983 a
2467 1926 2990 1998 praedestinatione
3051 1933 3109 1986 et
3174 1946 3358 2003 supra
3413 1932 3546 2003 jam

1880 2014 2136 2083 egimus,
2168 2017 2242 2077 et,
2278 2014 2378 2070 ubi
2425 2019 2836 2088 opportunum
2868 2016 3065 2088 fuerit,
3097 2034 3274 2088 agere
3310 2035 3432 2076 non
3462 2020 3549 2093 pi-

1881 2102 2059 2173 gebit.
2091 2102 2341 2160 Proinde
2375 2119 2514 2159 cum
2545 2103 2762 2160 dicitur
2804 2106 2959 2160 Deus
3002 2108 3311 2178 praescisse
3338 2124 3548 2180 pecca-

1884 2197 1964 2259 ta,
1997 2195 2275 2260 mortem,
2303 2198 2359 2249 et
2388 2209 2623 2266 poenas,
2656 2210 2780 2250 non
2829 2211 2866 2251 a
2910 2197 3210 2254 contrario
3252 2197 3549 2254 debemus

1880 2282 2231 2354 intelligere,
2280 2298 2386 2356 per
2437 2287 2678 2357 tropum
2736 2284 2840 2357 qui
2892 2285 3111 2342 dicitur
3157 2287 3545 2361 antiphrasis,

1883 2375 1949 2428 ut
1993 2370 2234 2437 deliras,
2261 2372 2368 2427 sed
2415 2372 2752 2429 secundum
2803 2388 2942 2431 eam
2986 2375 3260 2445 regulam
3298 2392 3436 2449 quae
3467 2375 3547 2432 ab

1882 2461 2168 2518 omnibus
2220 2461 2568 2518 orthodoxis
2617 2464 3038 2520 tractatoribus
3084 2464 3263 2521 nobis
3302 2466 3550 2538 praeﬁxa

1883 2555 1992 2618 est,
2023 2567 2168 2624 qua,
2196 2551 2370 2622 juxta
2397 2552 2814 2619 auct0ritatem
2841 2560 3187 2611 sanctarum
3222 2557 3549 2628 Scriptura-

1882 2656 2041 2709 rum,
2075 2643 2229 2696 Deus
2258 2656 2330 2696 ea
2361 2656 2485 2696 non
2515 2640 2716 2697 solum
2760 2644 3095 2714 praescisse,
3125 2659 3339 2701 verum
3366 2645 3548 2701 etiam

1885 2730 2131 2802 punisse
2179 2735 2237 2787 et
2283 2731 2606 2805 puniturus
2654 2747 2785 2789 esse
2838 2731 3211 2789 describitur.
3255 2733 3549 2807 Quodque

1885 2820 1985 2892 adj
1995 2819 2169 2890 ungis
2191 2834 2205 2880 :

2452 2925 2696 2968 JOARNES
2746 2926 2975 2968 SCOTUI.

1964 2999 2125 3072 (Cap.
2164 3002 2248 3066 to,
2282 3014 2451 3055 num.
2482 3002 2540 3071 3,
2572 3006 2714 3057 sect.
2744 3001 2822 3072 2.)
2855 3006 2895 3054 Θ
2924 3002 3097 3059 Illud
3128 3005 3431 3061 malorum
3458 3019 3555 3075 ge-

117 3090 435 3160 majestate
460 3094 640 3161 atque
670 3092 1018 3146 auctoritate
1039 3091 1322 3161 dignatus
1349 3100 1439 3150 est
1458 3095 1778 3166 perignem
1809 3119 1853 3177 C
1886 3104 2001 3144 nus
2027 3106 2040 3156 ;
2071 3088 2233 3159 quod
2261 3102 2393 3144 cum
2421 3090 2797 3146 naturaliter
2822 3091 2899 3145 sit
2930 3090 3149 3147 bonum
3171 3093 3377 3148 eadem
3410 3108 3552 3149 con-

118 3184 170 3233 et
218 3177 546 3248 caliginem
604 3178 932 3235 tonitruum
989 3196 1061 3235 ac
1102 3179 1344 3252 fulgura
1388 3182 1783 3240 discurrentis.

120 3266 502 3341 compellare,
519 3266 601 3322 ita
617 3282 869 3323 exorsus
886 3274 974 3324 est
997 3286 1009 3324 :
1038 3269 1165 3339 Ego
1176 3286 1306 3326 sum
1327 3273 1613 3328 Dominus
1628 3275 1781 3330 Deus

121 3361 275 3426 tuus,
298 3356 407 3428 qui
425 3354 611 3411 eduxi
640 3360 693 3410 te
718 3356 793 3411 de
819 3357 1287 3429 temaAE'gypti,
1310 3359 1383 3415 de
1412 3360 1585 3416 domo
1605 3362 1785 3417 servi-

124 3446 279 3501 tutis.
308 3446 447 3501 Non
480 3444 719 3500 habebis
749 3445 885 3501 deos
907 3447 1133 3502 alienos
1164 3463 1365 3505 coram
1391 3464 1523 3506 me:
1553 3466 1673 3506 non
1689 3451 1786 3521 fa-

124 3535 232 3589 cies
259 3535 373 3590 tibi
390 3534 692 3603 sculptile,
712 3548 899 3605 neque
919 3550 1150 3591 omnem
1178 3537 1633 3594 similitudinem
1653 3554 1786 3609 quae

123 3630 199 3676 est
224 3623 287 3679 in
320 3624 470 3680 caelo
500 3622 774 3692 desuper,
807 3629 860 3679 et
894 3639 1025 3695 quae
1053 3625 1117 3680 in
1144 3630 1309 3682 terra
1347 3627 1643 3696 deorsum,
1680 3643 1787 3685 nec

125 3726 325 3768 eorum
354 3726 489 3785 qua?
513 3718 651 3767 sunt
676 3713 738 3767 in
765 3716 937 3783 aquis
966 3714 1075 3769 sub
1120 3719 1305 3771 terra.
1336 3716 1473 3772 Non
1503 3717 1786 3773 adorabis

124 3815 212 3872 ea,
242 3816 436 3875 neque
485 3802 660 3857 coles.
692 3802 829 3857 Non
859 3817 1120 3859 assumes
1167 3818 1379 3861 nomen
1408 3806 1652 3863 Domini
1680 3806 1793 3863 Dei

127 3893 215 3944 tui
239 3892 303 3948 in
336 3906 583 3948 vanum.
616 3891 907 3947 Memento
945 3896 1013 3947 ut
1042 3892 1196 3949 diem
1242 3894 1481 3951 sabbati
1523 3896 1788 3964 sanctiﬁ-

126 3992 232 4034 ces.
257 3980 517 4036 Honora
558 3985 795 4049 patrem
828 3986 995 4036 tuum
1028 3986 1082 4037 et
1118 3988 1369 4039 matrem
1402 3988 1590 4054 tuam,
1617 3991 1682 4041 ut
1709 3985 1788 4039 sis

127 4066 429 4138 longaevus
457 4083 640 4137 super
666 4074 912 4139 terram,
940 4084 1122 4142 quam
1152 4072 1442 4129 Dominus
1472 4075 1630 4130 Deus
1648 4079 1791 4130 tuus

126 4157 285 4215 dabit
317 4160 446 4216 tibi.
480 4159 618 4215 Non
648 4160 898 4231 occides,
928 4175 1049 4216 non
1084 4160 1491 4233 maechaberis,
1519 4179 1641 4220 non
1657 4164 1795 4233 fur-

125 4251 248 4303 tum
294 4249 508 4319 facies,
544 4265 663 4304 non
712 4250 975 4321 loqueris
1005 4254 1217 4307 contra
1246 4253 1591 4321 proximum
1621 4258 1792 4309 tuum

121 4336 347 4404 falsum
377 4340 804 4409 testimonium,
832 4354 954 4395 non
985 4341 1362 4409 concupisces
1391 4342 1633 4399 domum
1654 4359 1793 4413 pro-

126 4425 273 4482 ximi
320 4429 433 4494 tui,
468 4442 574 4484 nec
617 4427 980 4484 desiderabis
1033 4443 1280 4486 uxorem
1328 4432 1479 4500 eius,
1508 4446 1630 4487 non
1677 4447 1795 4488 ser-

132 4527 288 4586 vum,
318 4534 440 4574 non
489 4518 803 4582 ancillam,
836 4534 957 4574 non
989 4518 1212 4589 bovem,
1243 4534 1364 4575 non
1394 4521 1654 4591 asinum,
1685 4537 1795 4578 nec

134 4605 329 4662 omnia
354 4622 488 4679 qua:
516 4607 685 4662 illius
715 4612 853 4662 sunt
903 4609 1100 4677 (Deut.
1134 4623 1199 4673 v,
1221 4611 1252 4663 6
1280 4610 1455 4682 seq.).
1487 4612 1554 4665 Et
1582 4615 1797 4668 caetera

134 4708 266 4766 quae
311 4694 463 4766 legis
512 4694 731 4752 divinae
781 4695 931 4752 serie
972 4696 1370 4755 continentur.
1405 4699 1549 4765 Quae
1589 4700 1798 4759 omnia

136 4796 255 4856 quo
283 4789 461 4858 pacto
496 4787 646 4840 Deus
675 4783 1055 4856 prohibuisse
1085 4785 1365 4857 creditur,
1401 4786 1450 4843 si
1501 4802 1613 4844 nec
1640 4804 1799 4861 pree-

140 4870 305 4930 scivit
354 4889 466 4930 nec
496 4872 772 4946 praevidit
798 4872 1079 4929 homines
1105 4889 1177 4930 ea
1206 4873 1470 4931 facturos
1491 4875 1521 4931 ?
1565 4880 1682 4933 Cur
1711 4880 1800 4934 to-

142 4956 241 5015 ties
287 4967 343 5018 et
390 4967 558 5019 tanta
601 4962 907 5028 instantia,
942 4966 1246 5036 tantaque,
1295 4968 1360 5020 ut
1396 4964 1478 5020 ita
1522 4965 1798 5034 dixerim,

141 5046 602 5122 importunitate,
635 5050 742 5108 sed
788 5056 1153 5125 opportuna,
1195 5068 1304 5125 per
1355 5057 1440 5109 tot
1474 5053 1803 5127 prophetas

140 5134 333 5198 futura
391 5143 713 5200 hominum
769 5146 1038 5215 peccata,
1089 5157 1423 5215 eorumque
1484 5143 1800 5215 supplicia,

140 5229 520 5300 praedicebat,
555 5231 606 5289 si
632 5247 708 5290 ea
725 5247 836 5288 nec
862 5231 1219 5306 prmsciebat
1245 5248 1358 5289 nec
1378 5231 1805 5304 praevidebat?

145 5317 256 5374 Sed
301 5322 452 5394 quid
500 5338 745 5379 necesse
789 5327 881 5380 est
930 5338 1004 5379 ea
1047 5320 1273 5385 diutius
1318 5320 1627 5395 replicare,
1668 5337 1804 5395 quae

146 5409 422 5467 omnibus
451 5416 578 5469 tam
609 5416 751 5469 sunt
778 5416 924 5469 nota
951 5427 1140 5485 quam
1168 5410 1527 5468 lectionibus
1560 5410 1802 5471 usitata.

148 5496 269 5554 Non
299 5515 441 5571 ergo
468 5506 533 5558 ut
561 5501 718 5558 male
747 5500 950 5569 sentis,
974 5517 1013 5558 a
1031 5500 1362 5569 contrario,
1386 5499 1492 5556 sed
1522 5500 1809 5557 veraciter

150 5584 298 5643 Deus
343 5595 587 5662 peccata
635 5590 987 5664 prievidisse
1015 5594 1072 5647 et
1101 5590 1413 5664 praescisse
1444 5589 1679 5658 dicitur,
1704 5590 1809 5662 qui

152 5689 224 5732 ea
250 5682 306 5734 et
327 5680 453 5737 ﬁeri
481 5681 812 5756 prohibuit,
842 5684 899 5738 et
940 5680 1250 5755 punienda
1295 5679 1588 5755 praedixit,
1624 5679 1809 5740 facta-

152 5778 270 5839 que
293 5765 622 5831 damnavit.
649 5772 867 5831 Verum
892 5770 1060 5846 quod
1087 5769 1272 5830 dicis:

1891 3179 2224 3236 trarietatis
2254 3177 2468 3248 regula
2498 3179 2725 3234 malum
2755 3179 3003 3250 dicitur,
3037 3184 3106 3235 ut
3149 3187 3233 3236 est
3261 3182 3420 3251 ignis
3447 3182 3556 3238 ille

1890 3273 2148 3324 aeternus
2188 3266 2295 3338 qui
2324 3271 2697 3340 praeperatus
2735 3273 2825 3324 est
2868 3268 3115 3326 diabolo
3140 3269 3556 3345 ministrisque

1891 3357 2023 3427 ejus
2052 3354 2293 3427 (Matth.
2322 3372 2464 3425 xxv,
2491 3359 2603 3428 41).

2560 3460 2890 3504 CORRBL‘TIO.

1969 3535 2004 3601 1-
2033 3532 2267 3591 Falsum
2298 3548 2429 3589 esse
2454 3534 2891 3592 catholicorum
2911 3534 3228 3593 doctorum
3244 3538 3562 3611 expositio-

1892 3638 1970 3680 ne
1999 3622 2393 3690 convincitur,
2421 3624 2526 3695 qui
2553 3640 2625 3680 ea
2648 3625 2992 3698 nuncupari
3017 3626 3180 3683 mala
3207 3642 3331 3683 non
3362 3643 3401 3684 a
3420 3643 3563 3684 con-

1898 3711 2099 3781 trario,
2126 3716 2192 3767 ut
2234 3710 2478 3782 desipis,
2512 3712 2620 3769 sed
2664 3729 2702 3769 a
2731 3729 2914 3770 sensu
2950 3715 3331 3787 patientium,
3360 3716 3466 3787 qui
3491 3731 3565 3772 ea

1895 3801 2062 3859 mala
2088 3801 2403 3873 deputant,
2426 3802 2636 3858 crebro
2658 3803 3052 3876 expositionis
3071 3803 3299 3861 famine
3321 3804 3564 3874 docent,

1897 3908 2161 3967 quorum
2187 3896 2434 3948 sanctus
2465 3892 2869 3964 Hieronymus
2888 3892 2951 3949 in
2982 3893 3353 3966 expositione
3381 3898 3568 3951 Amos

1899 3982 2206 4056 prophetae
2249 3995 2558 4052 exponens
2588 3980 2791 4051 (Amos
2817 3998 2897 4051 ιιι,
2934 3986 3009 4050 ό),
3042 3981 3211 4055 quod
3238 3982 3401 4038 idem
3432 3997 3569 4055 pro-

1899 4072 2082 4144 pheta
2108 4068 2290 4125 dixit:
2323 4070 2393 4126 Si
2418 4070 2532 4126 erit
2564 4071 2792 4127 malum
2813 4072 2877 4127 in
2899 4072 3160 4143 civitate,
3185 4073 3345 4144 quod
3368 4072 3572 4129 Domi-

1899 4175 2015 4217 nus
2044 4174 2164 4215 non
2185 4159 2352 4228 fecit.
2378 4157 2814 4230 Hieronymus:
2849 4158 3087 4230 [Malum
3113 4160 3569 4233 autem,inquit,

1902 4247 2069 4322 quod
2103 4246 2391 4303 Dominus
2416 4246 2553 4303 fecit
2581 4248 2644 4304 in
2664 4247 2900 4305 civitate
2930 4264 3055 4305 non
3082 4250 3453 4307 contrarium
3483 4253 3572 4306 est

1902 4338 2124 4406 virtuti,
2159 4336 2264 4392 sed
2295 4334 2538 4393 afﬂictio
2579 4340 2761 4411 atque
2812 4338 3131 4411 cruciatus,
3168 4340 3244 4396 de
3274 4356 3397 4412 quo
3425 4339 3571 4411 legi-

1904 4442 2070 4484 mus:
2101 4426 2347 4497 Sufﬁcit
2375 4426 2497 4484 diei
2514 4427 2753 4483 malitia
2771 4443 2884 4485 sua
2903 4428 3147 4499 (Matth.
3176 4435 3272 4495 γι).
3293 4431 3383 4496 34,
3404 4428 3466 4484 id
3486 4432 3574 4485 est

1908 4516 2210 4574 tribulatio
2256 4521 2314 4573 et
2358 4516 2673 4588 angustia;
2721 4521 2780 4574 et
2824 4516 2887 4574 in
2928 4517 3226 4590 propheta
3274 4517 3572 4588 legimus;

1907 4609 2037 4679 Ego
2064 4609 2245 4678 Deus,
2269 4607 2374 4679 qui
2395 4607 2519 4678 feci
2547 4607 2737 4664 lucem
2757 4612 2812 4663 et
2843 4606 3137 4674 tenebras,
3159 4607 3267 4678 qui
3290 4607 3454 4676 facio
3465 4619 3578 4674 pa-

1908 4712 2033 4754 cem
2074 4702 2133 4753 et
2175 4696 2365 4753 condo
2393 4696 2560 4752 mala
2590 4695 2729 4766 (Isa.
2761 4710 2896 4764 xxv,
2929 4695 3004 4766 7).
3037 4694 3199 4751 Sicut
3224 4694 3387 4750 enim
3416 4698 3577 4750 tene-

1907 4786 2033 4843 bras
2063 4784 2376 4842 contrariae
2409 4788 2553 4840 sunt
2574 4783 2694 4840 luci
2724 4788 2780 4841 et
2809 4784 2947 4852 diei,
2979 4783 3063 4840 sic
3090 4787 3151 4839 et
3184 4783 3322 4856 paci
3347 4782 3577 4839 bellum

1908 4874 2278 4933 contrarium
2305 4878 2416 4942 est,
2449 4873 2615 4946 quod
2663 4888 2791 4930 non
2831 4888 2939 4946 per
2973 4889 3036 4927 se
3066 4873 3300 4929 malum
3330 4875 3437 4941 est,
3471 4870 3580 4928 sed

1910 4964 2141 5023 malum
2172 4963 2407 5021 videtur
2446 4962 2541 5018 his
2573 4977 2703 5019 esse
2746 4961 2855 5034 qui
2898 4962 3210 5020 sustinent.
3243 4963 3315 5019 Et
3343 4966 3407 5019 ut
3430 4961 3580 5020 scia-

1910 5070 2049 5111 mus
2075 5054 2139 5111 in
2179 5052 2495 5126 Scripturis
2525 5050 2749 5108 sanctis
2779 5050 3074 5108 malitiam
3119 5051 3422 5110 interdum
3453 5067 3580 5109 non

1912 5142 2275 5200 contrariam
2312 5140 2511 5199 virtuti
2541 5140 2756 5213 accipi,
2789 5140 2894 5198 sed
2938 5140 3328 5199 aﬁlictionem
3374 5155 3583 5215 paena-

1911 5248 2063 5305 sque
2092 5237 2149 5288 et
2176 5232 2523 5302 angustiam
2551 5248 2564 5286 :
2602 5245 2790 5287 unum
2837 5229 3038 5287 adhuc
3085 5232 3160 5288 de
3188 5235 3341 5289 Jona
3370 5243 3581 5285 suma-

1914 5338 2051 5378 mus
2113 5318 2495 5392 exemplum:
2559 5319 2639 5377 Et
2690 5319 2841 5376 vidit
2890 5321 3048 5377 Deus
3114 5336 3299 5391 opera
3353 5332 3582 5389 eorum,

1914 5411 2060 5484 quia
2089 5409 2360 5467 conversi
2387 5413 2527 5465 sunt
2578 5423 2617 5466 a
2665 5410 2775 5465 viis
2822 5411 2944 5465 suis
2991 5410 3280 5479 pessimis,
3313 5412 3369 5465 et
3388 5405 3584 5477 ptent-

1919 5500 2032 5556 tuit
2064 5514 2196 5556 eum
2220 5512 2403 5568 super
2425 5497 2665 5554 malitia
2685 5511 2864 5568 quam
2892 5497 3127 5553 locutus
3155 5501 3239 5553 est
3265 5502 3332 5552 ut
3354 5494 3588 5566 faceret

1918 5591 1998 5645 eis
2048 5588 2211 5659 (Jon.
2266 5601 2350 5656 ιιι,
2406 5584 2531 5656 10);
2585 5585 2830 5642 Malitia
2877 5584 3083 5657 utique
3130 5584 3215 5641 ibi
3263 5585 3393 5656 [al.,
3442 5581 3586 5639 sub-

1919 5676 2137 5748 versio]
2181 5673 2589 5732 subversionis
2640 5673 3067 5732 Ninivitarum:
3114 5678 3222 5744 est,
3249 5689 3436 5749 quam
3481 5688 3590 5747 per

1928 5768 2291 5845 prophetam
2313 5766 2470 5825 Deus
2488 5764 2685 5827 fuerat
2708 5763 3136 5836 comminatus,
3156 5769 3222 5825 et
3246 5779 3373 5828 non
3388 5762 3593 5824 virtuti
