3936 6376
411 271 548 331 1127

1476 269 1535 325 S.
1573 262 1955 323 PRUDENTII
1992 261 2380 320 TRECENSIS
2418 262 2759 320 EPISCOPI.

3725 260 3914 317 1128

410 396 731 465 contraria,
752 411 890 469 quae
903 394 981 451 ad
1005 395 1320 467 peccatum
1339 391 1610 466 pertinet,
1634 406 1745 464 pro
1761 406 1884 464 quo
1906 405 2067 445 com-
2095 392 2144 447 Α
2182 392 2345 444 creta
2371 390 2729 458 cognoscat;
2756 384 3036 456 cognovi,
3068 384 3282 457 inquit,
3323 384 3543 443 multas
3572 384 3783 459 impie
3800 389 3914 439 ta-

408 488 674 546 minatur
683 482 1304 557 [al.,comminabitur]
1318 485 1615 538 tormenta
1627 480 2065 554 peccatoribus.

481 578 518 645 1'
538 580 657 634 Hoc
680 574 845 631 idem
866 574 932 629 in
955 570 1240 629 omnibus
1276 586 1429 644 pene
1458 570 1628 627 libris
1658 569 1782 625 suis
1803 568 2073 641 exsequi-

411 665 708 733 ιω.οαοά
725 668 931 720 autem
944 665 1097 718 Deus
1114 665 1364 734 peccata
1378 676 1716 734 plenasque
1727 659 2071 733 praescierit,

411 755 575 813 idem
597 754 658 809 in
684 751 1063 824 Expositione
1084 750 1385 807 Malachiae
1407 749 1717 823 prophetae
1738 749 1820 804 ita
1839 747 2074 803 locutus

415 848 503 902 est
529 845 624 911 (In
644 842 796 898 Mal.
818 858 856 909 1,
889 841 969 908 2).
1001 839 1220 912 [lsrael,
1252 840 1367 896 hoc
1411 843 1500 896 est
1546 839 1752 907 Judas,
1783 837 1861 894 ad
1891 853 2076 909 quem

414 930 645 989 solebat
671 929 800 986 ﬁeri
826 929 1081 987 verbum
1113 929 1214 985 Dei
1244 933 1301 986 et
1319 928 1468 985 visio
1500 927 1926 1000 Domini,opus
1946 926 2077 997 ejus

412 1024 470 1078 et
488 1019 732 1094 pondus
762 1018 1198 1093 suppliciorum
1212 1017 1641 1089 gravissimum
1661 1021 1899 1090 portare
1917 1031 2080 1070 com-

411 1108 672 1182 pellitur,
696 1113 763 1165 ut
784 1109 1058 1179 graviora
1076 1112 1324 1182 peccata
1343 1106 1628 1180 deponat,
1652 1112 1709 1163 et
1733 1106 1945 1162 sentiat
1965 1119 2072 1177 per

414 1202 718 1256 tormenta
736 1214 920 1271 quem
949 1214 1073 1255 non
1106 1197 1287 1265 sensit
1302 1213 1408 1269 per
1423 1196 1754 1252 beneﬁcia:
1786 1198 1943 1251 Etne
1964 1210 2082 1266 poe-

414 1304 500 1345 na
529 1289 592 1345 in
622 1304 765 1344 suos
793 1287 1063 1344 videatur
1090 1287 1334 1358 injusta,
1370 1285 1613 1355 subjicit
1636 1286 1923 1341 Dominus
1948 1301 1960 1339 :
1985 1284 2084 1339 Di-

420 1379 551 1435 lexi
578 1391 721 1445 vos;
748 1392 922 1450 quem
943 1378 1101 1434 enim
1124 1377 1324 1447 diligit
1346 1376 1658 1441 Dominus,
1682 1374 1930 1445 corripit
1956 1371 2081 1443 [al.,

416 1467 713 1538 castigat],
732 1467 1010 1538 ﬂagellat
1029 1472 1228 1522 autem
1256 1480 1485 1521 omnem
1514 1466 1709 1534 ﬁlium
1738 1478 1906 1535 quem
1932 1463 2083 1518 reci-

413 1557 506 1627 pit
532 1555 742 1628 (Hebr.
772 1571 877 1624 xu,
905 1556 978 1627 6).
1014 1555 1082 1611 Et
1122 1554 1378 1611 dicendo
1425 1555 1635 1623 dilexi,
1668 1568 1932 1626 praesens
1979 1566 2083 1605 ne-

419 1649 545 1717 gat,
575 1644 724 1702 dum
774 1644 1138 1718 przeteritum
1186 1643 1548 1700 conﬁtetur:
1598 1642 1802 1715 illique
1840 1652 2087 1714 respon'

2183 484 2269 536 tes
2297 494 2433 551 quae
2462 493 2587 534 non
2615 476 2809 533 solum
2857 474 3083 545 multae,
3117 474 3222 530 sed
3277 478 3335 530 et
3382 474 3557 532 fortes
3600 480 3788 544 sunt,
3845 482 3914 527 et

2182 568 2609 643 opprimentes,
2642 566 2765 622 sive
2795 564 3217 622 conculcantes
3239 564 3489 635 justum,
3517 564 3619 621 vel
3643 565 3914 637 ipsam

2178 658 2491 731 justitiam,
2520 657 2617 713 vel
2645 672 2785 712 eum
2815 655 2921 728 qui
2944 655 3145 725 justus
3176 659 3264 710 est
3284 654 3475 726 (Amos
3502 670 3559 720 v,
3594 655 3719 724 12).

2254 751 2291 814 ’ί-
2318 750 2463 803 Ecce
2490 746 2699 802 doctor
2728 744 2949 817 ubique
2981 743 3248 814 gentium
3280 759 3465 799 sacrae
3496 742 3914 799 eruditionis

2187 837 2525 893 celebritate
2574 835 2924 891 diffamatus
2953 849 3345 907 nequaquam
3370 849 3407 889 a
3435 832 3781 899 contrario,
3822 838 3914 888 ut

2187 925 2670 995 somnias,verba
2680 924 3032 998 prophetica
3052 923 3412 996 exponenda
3426 922 3913 994 dilucidat,scd

2190 1015 2529 1072 secundum
2558 1014 2853 1085 regulam,
2871 1013 2946 1069 de
2967 1029 3092 1085 qua
3120 1012 3402 1068 diximus.
3428 1011 3735 1067 omnibus
3762 1017 3913 1068 tra-

2190 1105 2515 1163 ctatoribus
2544 1104 2853 1160 usitatam:
2886 1103 2943 1159 Si
2969 1105 3124 1160 Deus
3169 1102 3334 1158 mala
3376 1117 3502 1158 non
3532 1101 3903 1174 praescivit,

2189 1195 2339 1268 quid
2368 1198 2455 1251 est
2482 1193 2650 1267 quod
2679 1192 2759 1249 ad
2774 1192 3081 1249 Abraham
3104 1191 3217 1247 sub
3246 1191 3493 1247 nomine
3520 1207 3746 1246 vaccae
3778 1190 3901 1246 tri-

2191 1288 2387 1352 matae,
2416 1299 2634 1357 caprae,
2670 1282 2887 1349 arietis,
2922 1280 3238 1348 columbae,
3272 1284 3326 1337 et
3354 1280 3603 1336 turturis
3636 1284 3897 1336 statum

2190 1372 2479 1431 nascituri
2508 1388 2581 1428 ex
2607 1388 2677 1428 eo
2708 1370 2919 1445 populi
2947 1370 3278 1444 praedicens
3306 1369 3391 1440 (in
3419 1385 3542 1443 quo
3575 1374 3769 1425 erant
3796 1370 3901 1424 fu-

2192 1463 2311 1520 turi
2339 1462 2632 1537 spiritales
2653 1462 2758 1535 qui
2779 1461 2858 1518 ad
2884 1476 3089 1517 semen
3120 1460 3249 1531 ejus
3277 1461 3339 1516 in
3369 1475 3485 1531 quo
3515 1458 3898 1516 benedicen-

2196 1554 2287 1609 dx
2311 1558 2486 1609 erant
2514 1567 2713 1608 omnes
2761 1557 2984 1622 gentes,
3011 1549 3072 1605 id
3098 1554 3184 1605 est
3215 1549 3538 1605 Dominum
3582 1553 3892 1605 nostrum

2193 1645 2397 1698 Jesum
2428 1640 2731 1697 Christum
2761 1640 3093 1713 pertinent;
3128 1644 3297 1695 erant
3321 1638 3502 1695 etiam
3530 1637 3731 1694 futuri
3755 1655 3900 1694 car-

417 1735 565 1792 dent
591 1734 920 1792 temeritate
964 1750 1088 1807 qua
1134 1738 1409 1807 peccant,
1441 1733 1612 1789 obliti
1652 1731 2084 1789 beneﬁciorum
2113 1750 2159 1805 Β
2194 1731 2385 1803 nales,
2415 1732 2521 1803 qui
2547 1729 2818 1801 ejusdem
2850 1728 3094 1785 seminis
3125 1732 3396 1801 expertes
3415 1728 3631 1784 ﬁerent
3650 1727 3900 1800 (loqui-

421 1824 592 1896 ejus:
647 1824 713 1880 in
756 1838 877 1896 qua
926 1823 1199 1880 dilexisti
1246 1838 1353 1879 nos
1383 1822 1552 1895 (Mal.
1582 1837 1622 1889 1,
1667 1823 1771 1893 2)?
1820 1821 1909 1875 Ad
1947 1835 2084 1892 quae

421 1912 733 1981 Dominus,
764 1916 831 1969 ut
861 1916 1095 1976 caetera,
1137 1911 1352 1985 inquit,
1381 1915 1636 1982 taceam,
1684 1913 1742 1966 et
1781 1908 1948 1982 quod
1976 1925 2088 1963 nu-

422 2017 533 2077 per
571 1999 647 2058 de
676 2000 1004 2074 Babylonis
1055 1999 1395 2074 captivitate
1418 1999 1687 2071 venistis,
1716 1995 2087 2054 incunabula

420 2094 627 2148 vestra
644 2089 935 2148 tractabo.
953 2094 1291 2164 Antequam
1306 2087 1725 2153 nasceremini,
1755 2087 1876 2144 imo
1898 2086 2089 2160 prius-

423 2197 615 2254 quam
644 2180 913 2237 Rebecca
955 2182 1112 2236 Esau
1149 2183 1207 2236 et
1236 2177 1426 2236 Jacob
1450 2183 1620 2235 utero
1648 2193 1761 2234 suo
1786 2176 2082 2240 funderet,

426 2270 493 2327 in
518 2269 703 2327 Jacob
727 2286 838 2326 vos
885 2269 1083 2339 dilexi,
1113 2269 1176 2326 in
1206 2272 1364 2326 Esau
1402 2269 1700 2326 Idumaeos
1731 2267 1870 2324 odio
1899 2266 2089 2323 habui

433 2361 602 2431 (Gen.
660 2378 799 2433 xxv,
838 2362 950 2435 23).
1010 2360 1198 2423 Quem
1242 2360 1446 2418 locum
1499 2359 1807 2433 apostolus
1866 2357 2089 2415 Paulus

430 2450 690 2524 mystica
717 2450 1118 2524 disputatione
1164 2450 1491 2507 eventilans
1529 2449 1732 2506 scribit
1761 2448 1839 2506 ad
1870 2451 2088 2505 Roma-

430 2556 566 2610 nos,
602 2540 726 2597 duo
756 2540 978 2613 pariter
1016 2539 1358 2598 testimonia
1401 2538 1478 2596 de
1529 2538 1739 2595 Genesi
1779 2537 2091 2595 Malaehia-

431 2645 553 2704 que
574 2630 706 2702 conj
716 2646 948 2703 ungens
971 2648 985 2687 :
1018 2631 1139 2688 Sed
1166 2635 1218 2687 et
1248 2629 1510 2686 Rebecca
1531 2629 1603 2686 de
1630 2644 1749 2685 uno
1771 2628 2090 2686 concubitu

436 2720 661 2777 habens
706 2720 882 2777 Isaac
931 2720 1126 2790 patris
1172 2720 1384 2776 nostri.
1434 2719 1594 2775 Nam
1638 2734 1772 2777 cum
1824 2719 2092 2775 nondum

435 2809 572 2866 nati
618 2815 827 2879 essent,
873 2815 980 2867 aut
1026 2808 1266 2881 aliquid
1319 2810 1571 2880 egissent
1630 2809 1768 2865 boni
1809 2809 1904 2865 vel
1944 2807 2095 2864 mali

440 2901 529 2966 (ut
584 2899 908 2956 secundum
972 2899 1313 2955 electionem
1360 2899 1741 2969 propositum
1797 2899 1909 2954 Dei
1965 2912 2091 2954 ma-

435 2991 620 3057 neat),
651 3003 773 3045 non
796 3003 873 3045 ex
898 2987 1194 3060 aperibus,
1219 2987 1323 3045 sed
1357 3003 1434 3045 ex
1480 2994 1729 3045 vocante
1757 2987 1984 3044 dictum
2009 2990 2093 3043 est

436 3078 511 3146 ei,
542 3078 685 3149 quia
712 3080 912 3149 major
938 3079 1154 3136 serviet
1182 3078 1407 3135 minori
1422 3095 1444 3134 .·
1472 3079 1627 3135 sicut
1656 3079 1945 3148 scriptum
1969 3081 2053 3133 est
2073 3092 2095 3132 .°
2125 3106 2167 3166 ο

433 3167 622 3224 Jacob
672 3167 882 3235 dilexi,
910 3168 1078 3226 Esau
1125 3174 1325 3226 autem
1371 3168 1506 3224 odio
1559 3167 1747 3225 habui
1794 3167 1983 3238 (Rom.
2011 3183 2092 3235 1x,

439 3255 644 3327 10-13).
676 3258 796 3314 Hoc
825 3257 989 3314 enim
1013 3256 1181 3331 quod
1209 3256 1443 3325 dicitur,
1482 3257 1635 3313 sicut
1663 3257 1958 3326 scriptum
1988 3261 2093 3325 est,

2195 1825 2290 1878 tur
2312 1821 2394 1877 ita
2423 1820 2743 1893 inquiens:
2780 1819 2944 1876 Scito
2984 1833 3383 1890 praenoscens,
3417 1820 3559 1891 quia
3596 1819 3895 1889 peregri-

2194 1927 2339 1969 num
2368 1912 2482 1968 erit
2506 1926 2700 1968 semen
2732 1915 2991 1976 tuum,et
3012 1910 3287 1981 afﬂigent
3322 1924 3414 1966 eos
3447 1909 3893 1981 quadringen-

2196 2004 2272 2061 tis
2301 2001 2477 2059 annis
2503 2001 2567 2057 in
2595 2007 2760 2058 terra
2788 2014 2907 2056 non
2937 2014 3093 2057 sua:
3120 2005 3351 2070 gentem
3378 2004 3579 2055 autem
3607 2000 3724 2055 cui
3752 2014 3889 2054 ser-

2196 2093 2389 2151 vituri
2428 2096 2572 2148 sunt
2618 2106 2725 2163 ego
2764 2090 3056 2161 judicabo
3105 2090 3272 2161 (Gen.
3303 2105 3401 2157 xv,
3433 2092 3540 2157 l3).
3577 2091 3748 2145 Ante
3802 2093 3894 2145 tot

2197 2196 2391 2239 annos
2416 2179 2581 2237 mala
2608 2179 3044 2252 Egyptiorum,
3077 2178 3299 2252 quibus
3326 2178 3388 2233 in
3427 2177 3746 2251 populum
3782 2180 3889 2235 Dei

2195 2269 2550 2329 bacchaturi
2569 2273 2739 2326 erant
2759 2274 2816 2327 et
2827 2268 3155 2325 vindictam
3171 2266 3513 2340 justissimae
3529 2267 3893 2324 retributio-

2196 2361 2293 2417 nis
2318 2358 2609 2416 Dominus
2636 2358 2895 2415 Abrahee
2923 2372 3301 2431 praenoscere
3330 2360 3389 2413 et
3417 2356 3567 2413 scire
3587 2357 3889 2430 praecipit

2198 2453 2257 2507 et
2270 2447 2567 2523 praedicit:
2589 2449 2671 2505 Et
2692 2453 2758 2504 tu
2783 2462 2967 2519 negas
2979 2462 3017 2505 a
3032 2449 3151 2504 Deo
3171 2447 3335 2503 mala
3350 2447 3635 2517 prwsciri
3646 2450 3680 2502 ?
3703 2448 3889 2520 (Cap.

2203 2542 2289 2608 10,
2311 2554 2481 2595 num.
2504 2541 2558 2606 4,
2589 2540 2731 2595 sect.
2755 2536 2834 2608 3.)
2849 2536 3059 2610 Utique
3070 2553 3208 2610 quae
3228 2534 3457 2592 homini
3477 2551 3890 2608 praenoscen-

2199 2627 2281 2685 do
2319 2627 2469 2684 scire
2511 2626 2846 2696 denuntiat,
2877 2642 3008 2682 sese
3039 2626 3191 2682 scire
3240 2630 3297 2683 et
3343 2625 3618 2698 praescire
3649 2626 3889 2683 eadem

2199 2717 2592 2774 demonstrat.
2611 2718 2734 2774 Hoc
2747 2716 3044 2789 Propheta
3064 2715 3381 2773 conﬁrmat
3400 2715 3608 2772 dicens
3632 2733 3646 2770 :
3674 2718 3891 2774 Domi-

2200 2823 2315 2865 nus
2333 2808 2445 2863 scit
2466 2806 2855 2879 cogitationes
2879 2806 3206 2874 hominum,
3228 2806 3510 2878 quoniam
3532 2819 3717 2861 vanae
3739 2811 3889 2862 sunt

2202 2895 2391 2969 (Psal.
2413 2911 2568 2961 xcm,
2609 2894 2688 2966 11)
2716 2911 2729 2950 :
2763 2898 2819 2951 et
2844 2909 3126 2951 rursum:
3155 2894 3332 2962 Deus,
3357 2894 3554 2950 tuscis
3575 2894 3886 2965 insipien-

2203 2986 2349 3043 tiam
2369 3000 2583 3056 meam,
2601 2989 2657 3041 et
2682 2984 2905 3041 delicta
2924 2998 3056 3041 mea
3072 2999 3110 3040 a
3137 2988 3192 3040 te
3212 2998 3331 3040 non
3354 2988 3495 3039 sunt
3513 2980 3888 3042 abscondita

2207 3076 2395 3144 (Psal.
2424 3091 2614 3148 vaui,
2646 3079 2698 3143 6)
2732 3091 2744 3130 :
2777 3078 2833 3131 et
2860 3073 3113 3130 iterum:
3158 3073 3236 3129 Et
3286 3088 3484 3131 omnes
3532 3073 3665 3130 vias
3717 3091 3889 3132 meas

2202 3166 2555 3237 prxvidisti,
2578 3166 2720 3238 quia
2736 3180 2856 3221 non
2883 3170 2967 3221 est
2983 3179 3176 3221 sermo
3197 3164 3261 3219 in
3285 3164 3493 3234 lingua
3511 3177 3666 3220 mea.
3698 3164 3888 3233 Ecce,

2203 3256 2473 3323 Domine,
2508 3259 2574 3310 tu
2601 3254 2933 3326 cognovisti
2959 3253 3161 3309 omnia
3190 3253 3512 3310 novissima
3541 3258 3595 3308 et
3617 3254 3891 3326 antiqua

437 3347 497 3402 et
550 3344 631 3402 ad
686 3346 980 3402 Geneseos
1034 3344 1259 3402 librum
1315 3346 1482 3418 (Gen.
1540 3362 1681 3417 xxv,
1740 3345 1853 3416 23),
1913 3348 1971 3401 et
2017 3342 2097 3401 ad
2207 3342 3317 3414 (Psal.cxxxvn1,4,v,5).Etitem:Tu
3337 3339 3890 3399 solusnosticorda

436 3434 799 3510 prophetam
827 3434 1179 3493 Malachiam
1195 3436 1365 3507 (Mal.
1393 3450 1434 3502 ι,
1465 3435 1521 3507 2)
1542 3434 1827 3492 refertur:
1859 3450 1984 3491 non
2005 3450 2097 3491 so-
2204 3433 2468 3490 ﬁliorum
2481 3432 2801 3489 hominum
2824 3432 3026 3501 (Prov.
3051 3434 3274 3500 xv,ll).
3300 3432 3367 3487 Et
3381 3429 3669 3488 Salomon
3692 3449 3708 3488 :
3734 3434 3885 3498 Quae

435 3525 567 3582 lum
593 3523 678 3581 ait
702 3525 893 3581 dilexi
917 3524 1101 3581 Jacob
1134 3522 1463 3597 a‘ntequam
1490 3528 1856 3596 nasceretur,
1881 3528 1941 3581 et
1964 3524 2098 3580 odio
2208 3526 2351 3581 sunt
2375 3521 2437 3579 in
2460 3521 2640 3580 corde
2666 3520 2930 3577 hominis
2953 3520 3111 3578 oculi
3140 3519 3225 3578 tui
3253 3519 3479 3583 vident,
3516 3520 3802 3593 Domine,
3824 3524 3885 3577 in

441 3615 630 3672 habui
651 3615 817 3671 Esau
861 3613 1218 3688 priusquam
1262 3630 1336 3671 ex
1381 3614 1590 3671 matris
1621 3619 1788 3672 utero
1818 3614 2097 3671 fundere-
2209 3614 2364 3670 libro
2388 3618 2490 3669 tuo
2512 3611 2715 3668 omnia
2734 3610 3093 3678 scribentur,
3107 3610 3293 3666 homo
3306 3607 3467 3665 videt
3486 3608 3548 3664 in
3568 3607 3752 3675 facie,
3774 3613 3884 3667 Do-

440 3706 558 3775 tur,
616 3703 725 3760 sed
768 3703 831 3759 in
878 3707 1150 3776 posteros
1202 3720 1413 3761 eorum
1470 3721 1741 3762 amorem
1789 3721 1996 3761 meum
2043 3709 2101 3762 et
2206 3701 2409 3759 minus
2452 3706 2656 3758 autem
2703 3699 2966 3757 intuetur
2996 3715 3099 3756 cor
3130 3699 3319 3768 (Psal.
3352 3714 3628 3766 cxxxvm,
3668 3698 3786 3766 16).
3822 3703 3883 3756 Et

443 3792 655 3850 odium
684 3792 1074 3863 conservavi;
1106 3792 1315 3850 odium
1346 3795 1406 3851 in
1438 3796 1615 3859 Esau,
1649 3794 1822 3866 cujus
1863 3799 2099 3852 montes
2206 3790 2377 3850 item:
2399 3790 2613 3847 Omnia
2626 3790 2778 3847 enim
2793 3790 2978 3847 corda
2990 3793 3381 3859 scrutatur,et
3394 3788 3710 3844 universas
3724 3805 3884 3845 men-

442 3879 551 3953 qui
578 3879 959 3954 appellantur
986 3881 1111 3939 Seir
1136 3882 1341 3953 redegi
1367 3882 1429 3939 in
1461 3882 1877 3953 solitudinem;
1915 3887 1972 3940 et
2006 3900 2100 3941 ur-
2210 3881 2360 3937 tium
2403 3880 2790 3950 cogitationes
2832 3878 3121 3949 intelligit
3163 3881 3203 3947 (ι
3228 3877 3442 3933 Paral.
3465 3892 3671 3944 xxviii,
3700 3877 3780 3947 9).
3818 3880 3882 3932 Et

441 3968 552 4026 bes
582 3968 695 4026 feci
739 3985 870 4027 esse
899 3969 1186 4041 desertas,
1217 3975 1274 4029 et
1309 3989 1347 4030 a
1375 3972 1753 4047 serpentibus
1786 3975 1965 4046 atque
1993 3972 2099 4030 be-
2208 3968 2532 4044 Apostolus
2558 3985 2572 4025 :
2615 3968 2793 4025 Vivus
2822 3974 2907 4026 est
2925 3968 3086 4025 enim
3110 3967 3222 4023 Dei
3244 3981 3455 4032 sermo,
3477 3970 3531 4022 et
3553 3965 3807 4036 efﬁcax.
3830 3972 3881 4022 et

444 4058 570 4116 stiis
615 4058 873 4117 obtineri
901 4060 1069 4132 (Mal.
1104 4078 1146 4132 ι,
1178 4061 1254 4134 3).
1281 4061 1349 4118 Si
1388 4063 1587 4120 autem
1615 4062 1840 4119 dixerit
1884 4063 2098 4133 Edam,
2199 4058 2817 4133 penetrabilioromni
2828 4058 3034 4130 gladio
3047 4055 3674 4127 ancipiti,pertingens
3695 4071 3883 4127 usque

443 4146 562 4204 hoc
609 4152 700 4206 est
743 4151 934 4205 Esau:
966 4149 1252 4206 destructi
1305 4150 1557 4223 quidem
1598 4166 1810 4207 sumus
1842 4151 1922 4208 ad
1947 4151 2101 4209 iram
2210 4150 2292 4208 ad
2316 4149 2664 4206 divisionem
2704 4152 2948 4205 artuum
2978 4151 3035 4205 et
3054 4146 3481 4214 medullarum,
3507 4149 3564 4200 et
3584 4144 3883 4202 discretor

446 4235 570 4305 Dei,
596 4236 703 4293 sed
726 4252 967 4292 rursum
992 4236 1428 4295 aediﬁcabimus
1449 4239 1714 4297 civitates
1743 4240 1871 4312 [al.,
1899 4241 2105 4298 civita-
2212 4238 2662 4312 cogitationum,
2685 4242 2882 4294 etnon
2908 4243 2992 4294 est
3014 4236 3148 4292 ulla
3168 4239 3451 4292 creatura
3467 4233 3794 4290 invisibilis
3818 4235 3880 4289 in

446 4322 630 4401 tem]:
656 4324 784 4382 haec
813 4324 1068 4396 Domino
1090 4326 1446 4400 praedicente
1470 4328 1814 4400 cognoscite
1843 4329 2013 4403 quod
2038 4329 2103 4386 il-
2214 4332 2528 4400 conspectu
2558 4329 2729 4400 ejus;
2757 4328 2959 4384 omnia
3000 4326 3156 4383 enim
3202 4323 3369 4381 nuda
3401 4327 3456 4380 et
3493 4328 3715 4394 aperta
3741 4328 3880 4379 sunt

445 4414 517 4471 lis
565 4412 1008 4472 aediﬁcantibus
1056 4430 1170 4486 ego
1208 4415 1544 4489 destruam,
1595 4420 1655 4474 et
1695 4417 1848 4475 iram
1898 4434 2102 4475 meam
2130 4473 2175 4490 κ
2214 4419 2546 4489 oculiseius
2564 4417 2737 4490 (Heb.
2762 4433 2842 4485 IV,
2868 4416 2973 4488 12).
3000 4414 3112 4482 Qui
3135 4414 3427 4471 discretor
3446 4411 3879 4483 cogitationum

448 4507 671 4562 aeterna
697 4518 912 4561 eorum
925 4473 1174 4561 vastitas
1204 4473 1569 4578 approbabit
1590 4473 1861 4577 (Ibidié).
2130 4473 2178 4531 Β
2480 4473 2702 4579 utique
2715 4509 2773 4563 et
2798 4473 2995 4562 bonas
3008 4473 3085 4560 et
3112 4501 3308 4559 malas
3338 4473 3589 4566 scireiet
3603 4498 3883 4571 judicare

445 4594 625 4666 igitur
652 4594 715 4650 in
767 4597 925 4651 Esau
952 4594 1133 4651 rebus
1182 4594 1455 4665 ostendi;
1511 4611 1780 4653 amorem
1813 4599 2014 4653 autem
2041 4596 2105 4654 in
2215 4594 2790 4670 comprobatur.Cui
2819 4590 3002 4650 etiam
3030 4590 3245 4648 beatus
3273 4588 3383 4646 Job
3413 4586 3722 4645 humiliter
3745 4605 3883 4645 con-

444 4700 579 4753 vos,
608 4684 725 4740 hoc
754 4687 844 4740 est
883 4683 946 4740 in
973 4683 1182 4753 Jacob,
1214 4684 1606 4758 sequentibus
1646 4684 2007 4759 approbato,
2039 4685 2106 4741 il—
2212 4680 2449 4737 litetur:
2480 4680 2617 4737 Scio
2647 4680 2789 4752 quia
2836 4680 3037 4737 omnia
3083 4685 3268 4750 potes,
3301 4684 3355 4735 et
3399 4678 3576 4734 nulla
3625 4682 3682 4734 te
3738 4679 3883 4735 latet

444 4771 517 4829 lis
546 4772 863 4831 destructis
892 4777 950 4830 et
978 4773 1238 4830 redactis
1260 4773 1341 4831 ad
1371 4773 1774 4831 solitudinem.
1813 4775 2107 4833 Videbunt
2215 4771 2495 4842 cogitatio
2525 4770 2679 4841 (Job.
2702 4785 2839 4839 xm,
2871 4773 2927 4839 2)
2952 4786 2965 4826 :
2998 4768 3056 4824 Si
3080 4768 3267 4838 nulla,
3301 4766 3570 4841 sequitur
3596 4765 3748 4840 quia
3772 4782 3883 4824 nec

446 4864 610 4921 oculi
637 4865 839 4935 vestri,
871 4869 928 4920 et
959 4864 1165 4920 dicetis
1190 4880 1203 4919 :
1243 4865 1665 4935 magniﬁcetur
1693 4865 1984 4921 Dominus
2012 4881 2109 4922 su-

444 4966 555 5021 per
585 4954 907 5009 terminum
926 4953 1121 5010 Israel
1150 4952 1319 5026 (Ibid.
1325 4994 1345 5025 ,
1364 4953 1530 5025 5),et,
1553 4970 1625 5009 ex
1657 4953 2108 5026 comparatione

448 5038 752 5096 malorum
779 5057 917 5113 quae
945 5040 1126 5097 frater
1148 5045 1345 5098 vester
1373 5042 1615 5114 patitur,
1656 5041 1756 5098 Dei
1779 5042 1842 5097 in
1871 5058 1981 5099 vos
2007 5043 2109 5100 be-

448 5127 666 5185 neﬁcia
696 5129 981 5197 sentietis,
1011 5134 1120 5186 etc.
1152 5132 1333 5187 Porro
1376 5129 1611 5188 dilectio
1656 5134 1714 5187 et
1744 5131 1953 5188 odium
1982 5131 2105 5203 Dei,

448 5217 545 5276 vel
600 5233 674 5274 ex
724 5217 1100 5290 praescientia
1159 5219 1424 5276 nascitur
1480 5218 1818 5277 futurorum
1878 5220 1974 5277 vel
2036 5236 2110 5278 ex

449 5307 756 5382 operibus.
788 5307 825 5374 οἱ·
869 5306 1057 5374 Idem,
1085 5306 1148 5363 in
1188 5308 1557 5381 expositione
1599 5312 1786 5365 Amos
1818 5310 1926 5382 (ιιι,
1980 5313 2105 5379 l2):

453 5395 739 5470 Cognovi,
772 5395 1071 5470 inquiens,
1103 5399 1298 5455 multa
1345 5399 1572 5455 scelera
1616 5388 1813 5456 vestra
1841 5405 1896 5455 et
1918 5400 2111 5469 fortia

444 5492 697 5555 peccata
727 5493 925 5544 vestra
945 5487 1148 5560 (Amos
1163 5504 1220 5555 v,
1244 5488 1325 5560 12)
1351 5504 1365 5542 :
1399 5489 1533 5545 Haec
1553 5489 1813 5560 cognitio
1832 5504 1958 5545 non
1977 5489 2111 5560 jux-

452 5577 514 5629 ta
540 5573 687 5630 illud
709 5574 1095 5646 intelligenda
1125 5579 1214 5633 est
1254 5576 1421 5649 quod
1476 5576 1618 5633 alibi
1663 5576 1958 5646 legimus:
2003 5578 2109 5634 Co-

456 5663 659 5726 gnovit
702 5664 991 5719 Dominus
1021 5680 1114 5721 eos
1144 5666 1250 5736 qui
1277 5668 1405 5735 ejus
1432 5672 1571 5722 sunt
1612 5670 1681 5734 (Il
1723 5667 1867 5723 Tim.
1900 5681 1962 5734 ll,
1999 5667 2105 5738 19),

460 5744 565 5799 sed
589 5747 757 5815 quod
778 5749 969 5804 Deum
991 5750 1077 5805 nil
1099 5754 1300 5816 lateat.
1313 5755 1372 5808 et
1398 5754 1605 5809 omnia
1626 5753 2008 5825 peccantium
2023 5769 2110 5811 se-

852 6335 903 6357 ’,
928 6336 977 6359 ἰ
986 6338 1023 6359 -ί
1046 6327 2073 6369 binm-9;...“

2178 6341 2635 6365 μβ..-

2214 4858 2414 4916 mala:
2448 4857 2610 4914 unde
2659 4861 2715 4914 et
2754 4857 3045 4914 Dominus
3082 4856 3147 4913 in
3194 4854 3529 4927 Evangeliis
3556 4854 3775 4913 crebro
3804 4856 3884 4912 vi-

2215 4949 2377 5006 disse
2406 4946 2795 5019 cogitationes
2815 4946 3177 5004 malivorum
3198 4943 3583 5013 describitur;
3611 4942 3720 5016 qui
3741 4959 3883 5001 cum

2214 5037 2546 5113 paralytico
2577 5036 2831 5094 diceret:
2865 5036 3278 5093 Remittuntur
3325 5033 3433 5091 tibi
3472 5037 3728 5103 peccata
3771 5050 3883 5091 cte-

2208 5133 2434 5199 perunt
2463 5127 2690 5184 Scribx
2716 5133 2769 5183 et
2799 5125 3102 5182 Pharisxi
3125 5124 3292 5180 intra
3320 5136 3400 5190 se,
3431 5120 3493 5177 id
3520 5125 3610 5177 est
3637 5120 3699 5176 in
3725 5123 3885 5193 cogi-

2216 5216 2540 5275 tationibus
2570 5215 2691 5272 suis
2717 5215 2913 5272 dicere
2950 5213 3047 5269 hic
3090 5210 3484 5282 blasphemat,
3515 5210 3649 5281 quis
3685 5218 3883 5281 potest

2214 5312 2463 5379 peccata
2491 5306 2790 5363 dimittere
2813 5304 2934 5359 nisi
2955 5302 3117 5358 solus
3149 5303 3338 5358 Deus?
3366 5300 3627 5369 Quorum
3661 5303 3885 5371 cogita-

2218 5398 2405 5454 tiones
2435 5402 2504 5452 ut
2532 5396 2678 5453 vidit
2709 5395 3021 5464 Dominus,
3048 5391 3227 5447 dixit.
3256 5390 3472 5459 Quales
3492 5404 3639 5460 rogo
3662 5392 3887 5461 cogita-

2219 5488 2404 5544 tiones
2428 5485 2591 5559 (audi
2621 5483 2850 5558 quales)
2871 5487 2937 5538 ut
2959 5482 3105 5555 quid
3125 5480 3397 5552 cogitatis
3418 5479 3584 5536 mala
3605 5480 3670 5535 in
3691 5482 3880 5536 cordi-

2220 5579 2325 5635 bus
2356 5578 2562 5635 vestris
2586 5581 2614 5632 ?
2655 5574 2892 5649 (Matth.
2921 5588 3001 5642 Ix,
3034 5577 3088 5641 2,
3116 5574 3261 5640 3-4.)
3289 5569 3499 5627 Procul
3535 5568 3729 5627 dubio
3760 5588 3883 5628 ma-

2215 5665 2278 5724 la
2300 5682 2512 5723 eorum
2538 5665 2816 5736 cogitata;
2846 5679 2910 5719 se
2950 5661 3147 5717 videre
3191 5676 3261 5717 ac
3289 5658 3733 5733 reprehendere
3762 5678 3882 5717 ma-

2216 5754 2540 5813 nifestans:
2571 5752 2881 5827 quomodo
2897 5754 3100 5810 autem
3125 5748 3289 5807 mala
3303 5763 3514 5806 eorum
3532 5752 3641 5806 aut
3660 5749 3877 5823 videre,

2766 6346 3442 6362 -..ι-...ζ
