3936 6398
74 278 243 349 "1129
1056 282 1144 336 DE
1186 275 1858 341 PREDESTINATIONE
1899 275 2178 333 CONTRA
2214 280 2261 333 J.
2308 280 2604 339 SCOTUM.
3413 292 3547 351 1130

43 420 85 489 εμὲ
106 405 206 458 aut
227 400 545 471 objurgare
574 406 826 474 poterat,
847 404 896 458 si
920 404 1218 463 nesciret?
1240 404 1570 463 Identidem
1595 399 1761 475 apud
1792 403 1838 456 Α
1876 413 2009 456 ram
2031 416 2164 472 quae
2192 405 2432 472 aperuit
2478 420 2542 462 os
2587 420 2761 463 suum
2788 412 2844 463 et
2874 408 3134 478 suscepit
3187 417 3544 486 sanguinem

44 518 79 565 εκ,
105 489 463 546 Pharisaeum
490 489 701 546 fecisse
731 490 969 563 dicitur,
989 492 1067 548 ad
1094 494 1267 565 cujus
1286 494 1615 568 prandium
1630 506 1763 548 evo-
1872 490 2093 558 fratris
2120 492 2214 548 tui
2238 493 2312 549 de
2338 510 2526 551 manu
2555 501 2663 553 tua
2685 511 2709 552 .'
2748 510 2937 567 vagus
2986 503 3042 554 et
3080 502 3383 573 profugus
3422 508 3546 566 sive

43 614 83 655 δῇ
103 584 289 647 catus,
316 578 465 635 dum
495 579 823 637 meretricis
857 581 1302 654 pcenitudinem
1330 582 1618 657 lacrymis
1648 581 1761 638 cri-
1875 581 2132 636 tremens
2161 582 2279 638 eris
2298 598 2480 654 super
2508 589 2735 643 terram
2772 584 2937 657 (Gen.
2992 602 3069 656 1v,
3110 588 3192 659 lt,
3233 591 3339 661 l2).
3394 597 3544 653 Ecce

44 660 62 739 λ
103 667 396 739 nibusquc
456 668 727 725 testantis
765 670 1231 729 misericorditer
1286 672 1568 745 suscepit.
1601 670 1762 729 Pha-
1872 670 1930 724 et
1957 674 2276 740 peccatum
2308 671 2437 744 ejus
2461 673 2752 744 arguitur,
2786 678 2845 733 et
2890 690 3079 749 paena
3107 692 3146 735 a
3176 660 3431 740 Domino
3461 685 3544 742 ir-

104 756 261 812 risaei
286 757 670 826 cogitationes
700 764 754 815 et
786 759 943 816 videt
970 763 1027 818 et
1051 759 1580 819 cohibetzdicebat
1600 760 1760 817 enim
1871 760 2154 825 rogatur:
2205 758 2260 815 Si
2311 760 2601 818 Dominus
2650 777 2764 818 nec
2818 768 3077 821 mortem
3128 780 3240 823 nec
3290 784 3542 841 pcenam

45 884 69 920 τι
101 844 442 901 Phariswus
474 845 642 902 intra
670 862 751 903 se.
784 848 903 903 Hic
954 850 1008 904 si
1034 854 1182 905 esset
1235 850 1553 921 propheta,
1584 850 1763 906 sciret
1871 844 2192 915 praescivit,
2221 847 2358 920 quis
2386 864 2578 922 aquas
2601 849 2827 919 diluvii,
2848 851 3070 924 quibus
3100 861 3317 927 praeter
3331 874 3539 918 arcam

46 976 73 1011 ξ,
103 934 299 1004 utique
345 949 477 1005 quae
504 941 557 991 et
589 937 791 1006 qualis
834 943 919 993 est
948 939 1168 995 mulier
1192 954 1326 1011 quas
1366 940 1563 1011 tangit
1590 950 1761 1008 eum;
1870 933 2070 1022 omnis
2102 951 2243 992 caro
2268 936 2583 1004 deleretur,
2616 937 2898 997 induxit?
2951 944 3175 1016 Nempe
3224 946 3374 1019 ipse,
3431 952 3538 1022 qui

102 1023 237 1093 quia
262 1024 578 1093 peccatrix
602 1030 687 1081 est
717 1027 887 1095 (Luc.
916 1042 1008 1095 vn,
1033 1028 1145 1099 39).
1175 1028 1360 1100 Cujus
1390 1025 1761 1099 cogitationi-
1869 1020 1951 1078 ad
1980 1026 2098 1079 Noe
2121 1024 2269 1082 dixit
2300 1043 2314 1082 ι
2353 1028 2523 1083 Venit
2558 1029 2699 1097 ﬁnis
2744 1030 3038 1087 universae
3094 1036 3297 1091 carnis
3327 1020 3534 1095 coram

46 1156 69 1192 ί
100 1110 212 1166 bus
241 1110 368 1168 sine
394 1110 582 1171 dubio
613 1113 817 1187 pravis
842 1131 914 1172 ac
941 1116 1220 1188 pessimis
1251 1117 1540 1174 Dominus
1569 1120 1627 1175 et
1648 1132 1758 1189 po-
1869 1128 1979 1170 me.
2005 1114 2256 1183 Repteta
2285 1121 2369 1173 est
2400 1122 2566 1175 terra
2614 1120 2935 1191 in.quitate
2969 1136 3008 1178 a
3033 1123 3196 1193 facie
3220 1140 3446 1191 eorum.
3479 1135 3537 1186 et

46 1245 64 1280 ,,
102 1202 282 1255 tenter
310 1197 536 1270 obviat,
571 1205 629 1258 et
667 1202 1059 1274 poenitentem
1111 1203 1402 1262 feminam
1439 1204 1761 1262 clementer
1869 1216 1975 1273 ego
2000 1203 2346 1274 disperdam
2387 1221 2481 1264 eos
2512 1222 2645 1265 cum
2678 1213 2865 1267 terra.
2896 1210 3054 1269 Ecce
3081 1227 3187 1283 ego
3233 1214 3535 1275 adducam

98 1286 371 1344 absolvit.
402 1288 569 1345 Idem
618 1289 905 1347 dominus
930 1307 1069 1348 cum
1094 1307 1133 1350 a
1158 1293 1472 1351 Pharisasis
1500 1294 1758 1350 incesse-
1869 1291 2091 1349 diluvii
2112 1308 2303 1366 aquas
2333 1309 2516 1366 super
2537 1301 2786 1363 terram,
2817 1303 2883 1353 ut
2913 1276 3272 1369 inter/{ciam
3302 1320 3536 1363 omnem

94 1379 271 1447 retur,
300 1392 370 1433 eo
409 1377 580 1450 quod
627 1378 909 1453 discipuli
964 1380 1097 1453 ejus
1139 1397 1264 1439 non
1308 1381 1445 1440 lotis
1473 1382 1759 1440 manibus

96 1465 536 1523 manducarent
573 1466 813 1539 (Matth.
842 1485 943 1539 xv,
976 1472 1053 1542 2),
1074 1471 1424 1545 respondit:
1454 1474 1590 1530 Non
1622 1473 1759 1529 lotis

46 1542 64 1639 ξ
94 1554 368 1610 manibus
400 1556 773 1615 manducare
792 1573 912 1614 non
938 1542 1290 1632 coinquinat
1315 1560 1634 1625 hominem,
1656 1562 1759 1619 sed

46 1695 55 1707 ,
97 1656 161 1697 ea
191 1658 323 1714 quae
350 1643 425 1701 de
453 1647 632 1703 corde
655 1653 877 1705 exeunt
902 1650 1298 1720 coinquinant
1329 1651 1645 1709 hominem.
1670 1652 1758 1707 De

1869 1396 2112 1439 carnem
2166 1383 2230 1439 in
2276 1398 2397 1456 qua
2444 1385 2697 1454 spiritus
2744 1388 2886 1443 vitae
2930 1392 3014 1443 est
3042 1389 3248 1447 subter
3275 1394 3533 1461 caelum;

1868 1472 2152 1529 universa
2179 1488 2312 1545 quae
2331 1474 2396 1530 in
2418 1478 2585 1531 terra
2613 1480 2754 1532 sunt
2781 1484 3228 1536 consumentur.
3257 1480 3426 1553 (Gen.
3456 1498 3534 1553 v1,

1873 1559 1958 1631 l3,
1990 1560 2071 1633 l7)
2107 1578 2121 1617 :
2157 1561 2215 1619 Si
2244 1576 2357 1619 nec
2385 1562 2687 1636 praescivit
2710 1568 2970 1622 mortem
2989 1569 3048 1623 et
3068 1582 3285 1640 poenas
3322 1570 3538 1643 impio-

1866 1665 2028 1716 rum,
2060 1649 2197 1723 quis
2242 1650 2382 1721 igne
2408 1651 2631 1708 ccelcsti
2667 1653 3051 1725 Pentapolim
3084 1659 3538 1716 concremavit?

46 1724 57 1799 ζ
99 1732 271 1788 corde
319 1734 474 1790 enim
504 1741 726 1793 exeunt
756 1738 1146 1808 cogitationes
1174 1741 1378 1811 mala’,
1410 1740 1753 1809 homicidia,
1786 1759 1831 1814 Β
1868 1735 2048 1808 Atqui
2072 1752 2257 1795 verax
2288 1738 2593 1813 Scriptura
2645 1724 2916 1805 testatur,
2947 1743 3118 1816 quod
3138 1746 3374 1815 pluerit
3419 1748 3535 1804 Do-

98 1825 415 1895 adulteria,
444 1827 921 1896 formicationes,
944 1830 1140 1900 furta,
1178 1832 1346 1901 falsa
1398 1833 1755 1899 testimonia,

48 1976 55 1999 π
97 1915 352 1984 invidiae,
376 1916 772 1991 basphemiaa,‘
799 1924 855 1975 et
877 1919 1002 1976 haec
1027 1926 1166 1976 sunt
1196 1936 1332 1993 qua?
1362 1923 1755 1994 coinquinant

48 2060 51 2071 ,
96 2002 379 2061 hominem
404 2005 608 2079 (Ibid,
643 2010 729 2076 ιι,
763 2010 848 2079 t8,
880 2011 968 2078 ιε),
998 2010 1113 2081 20).

47 2149 54 2183 ἱ
158 2094 367 2159 Quaero
390 2093 575 2165 igitur
604 2099 809 2153 utrum
837 2095 941 2154 illa
971 2097 1198 2155 sciebat
1224 2113 1304 2155 an
1332 2097 1672 2167 nesciebat;
1705 2099 1754 2155 si

48 2181 53 2247 ξ
93 2181 411 2253 nesciebat,
438 2184 754 2256 quomodo
806 2186 1199 2261 exponebat?
1226 2191 1392 2245 Patet
1447 2203 1591 2259 ergo
1646 2190 1757 2245 Do-

47 2267 57 2361 'E
93 2270 319 2329 minum
374 2272 526 2330 scire
580 2277 830 2347 peccata
877 2292 1015 2350 quae
1065 2276 1469 2351 reprehendit,
1518 2281 1575 2335 et
1624 2276 1753 2335 ﬁeri

48 2359 56 2435 ,ξ
95 2359 383 2431 prohibet,
434 2362 715 2437 factaque
788 2379 916 2421 non
973 2364 1274 2439 impunita
1335 2366 1749 2441 praetermittit.

48 2446 55 2517 ξ
96 2448 369 2522 Nunquid
420 2450 655 2509 malum
705 2454 882 2511 Judw
928 2454 1251 2527 proditoris
1298 2471 1371 2512 ac
1400 2455 1751 2513 Judaeorum

48 2534 55 2625 ξ
94 2539 581 2613 persequentium
628 2542 972 2616 ignorabat,
1002 2542 1108 2617 qui
1136 2547 1304 2602 tanto
1342 2548 1482 2602 ante
1531 2544 1751 2619 praedi-

96 2625 263 2685 cebat
280 2629 309 2685 ?
336 2630 432 2688 Ait
461 2630 624 2688 enim
658 2649 671 2688 :
703 2632 860 2690 Ecce
884 2634 1261 2691 ascendimus
1288 2634 1747 2706 Jerosolymam,

48 2714 54 2797 ξ
94 2722 142 2772 et
187 2720 767 2780 consummabantur
806 2724 1009 2780 omnia
1063 2739 1197 2796 qua;
1237 2726 1469 2795 scripta
1505 2730 1647 2782 sunt
1676 2726 1749 2782 de

50 2866 53 2875 ν
92 2804 241 2863 Filio
273 2807 567 2880 hominis;
594 2809 874 2867 tradetur
900 2814 1057 2869 enim
1109 2814 1408 2885 gentibus,
1441 2820 1498 2871 et
1537 2815 1749 2871 illude-

94 2898 205 2965 tur,
233 2902 289 2952 et
312 2899 738 2969 ﬂagellabitur
766 2905 821 2958 et
848 2908 1215 2972 conspuetur
1261 2908 1315 2961 et
1360 2905 1750 2975 cruciﬁgetur

94 2983 325 3049 (Matth.
358 3002 519 3058 xxvr,
572 2988 698 3060 18);
731 2992 788 3045 et
815 2988 968 3047 inter
1010 2991 1422 3050 coenandum:
1483 2994 1647 3050 Unus
1673 3008 1748 3050 ex

92 3072 243 3172 vobis
273 3076 475 3172 tradet
506 3091 597 3172 me
620 3077 868 3172 (Matth.
897 3095 1000 3172 xx,
1023 3081 1116 3172 _21)
1138 3085 1245 3172 get
1272 3081 1352 3138 ad
1378 3081 1583 3172 ipsum
1613 3095 1748 3154 pro-
1774 3116 1818 3172 ο

89 3158 336 3219 ditorem
366 3181 380 3221 :
413 3164 580 3232 Quod
600 3165 757 3235 facis
782 3166 888 3235 fac
929 3168 1104 3225 citius
1151 3168 1348 3242 (Joan.
1370 3186 1494 3240 xm,
1526 3170 1622 3243 27)
1648 3189 1664 3239 ;
1691 3174 1749 3229 et

90 3249 162 3306 ad
187 3251 502 3325 apostolos
528 3270 542 3310 :
577 3255 798 3312 Omnes
827 3271 928 3314 vos
957 3259 1311 3316 scandalum
1337 3260 1658 3331 patiemini
1681 3261 1746 3318 in

88 3354 172 3395 me
218 3342 283 3397 in
314 3343 434 3399 ista
482 3349 654 3401 nocte
682 3344 921 3416 (Matth.
959 3362 1123 3419 xxvx,
1149 3350 1279 3421 3t):
1310 3351 1369 3406 et
1413 3348 1749 3421 specialiter

89 3424 257 3487 beato
273 3433 445 3488 Petro
460 3431 817 3491 ﬁdelissimo
835 3434 1170 3492 confessori
1191 3452 1301 3494 suo
1320 3438 1559 3507 :Amen,
1572 3454 1745 3496 amen

90 3516 213 3574 dico
234 3521 346 3577 tibi
362 3522 509 3594 quia
556 3522 619 3579 in
651 3523 766 3580 hac
807 3531 999 3592 nocte,
1030 3531 1354 3599 antequam
1404 3527 1609 3599 gallus
1660 3527 1745 3585 bis

92 3620 277 3666 vocem
303 3610 564 3673 dederit.
591 3618 683 3670 ter
707 3628 801 3671 me
817 3614 1064 3686 negabis
1092 3614 1307 3687 (Marc.
1326 3630 1449 3682 xxv,
1466 3617 1578 3688 30);
1608 3620 1668 3674 et
1683 3617 1749 3674 in

89 3696 442 3773 Apocalypsi
472 3717 486 3757 :
514 3701 597 3758 Et
622 3702 838 3773 angelo
860 3704 1189 3761 Laodicaeas
1208 3705 1497 3763 Ecclesiae
1515 3706 1709 3764 scribe
1723 3720 1746 3764 .'

93 3781 208 3841 haec
235 3787 379 3845 dicit
407 3805 429 3847 .·
456 3806 656 3857 amen,
702 3798 861 3850 testis
911 3793 1109 3862 ﬁdelis
1165 3800 1221 3852 et
1280 3810 1476 3864 verus,
1509 3796 1616 3869 qui
1659 3802 1745 3854 est

85 3873 444 3946 principium
470 3885 771 3937 creatura
798 3881 907 3938 Dei
924 3896 946 3939 .'
970 3882 1091 3939 scio
1122 3897 1306 3955 opera
1330 3889 1457 3954 tua,
1477 3885 1622 3957 quia
1649 3900 1747 3942 ne-

91 3977 197 4033 que
220 3966 486 4038 frigidus
542 3985 620 4035 es,
654 3986 845 4044 neque
892 3972 1150 4047 calidus.
1198 3973 1440 4032 Utinam
1476 3975 1746 4047 frigidus

92 4065 251 4125 esses,
281 4063 387 4114 aut
417 4060 697 4118 calidus!
725 4061 830 4117 sed
854 4046 999 4134 qu'ia
1029 4062 1264 4133 tepidus
1293 4078 1375 4132 es,
1422 4046 1531 4121 nec
1571 4046 1747 4137 frigi-

91 4139 215 4212 dus,
246 4161 351 4203 nec
377 4148 638 4220 calidus,
669 4150 957 4220 incipiam
986 4156 1043 4207 te
1070 4166 1335 4209 evomere
1364 4166 1441 4209 ea:
1466 4168 1570 4209 ore
1596 4168 1744 4210 meo.

95 4229 236 4297 QUia
271 4236 417 4294 dicis
444 4240 612 4312 quod
636 4239 798 4296 dives
822 4254 975 4309 sum,
1007 4245 1062 4297 et
1105 4241 1503 4312 locupletatus
1530 4248 1583 4299 et
1614 4243 1749 4299 nul-

94 4319 200 4377 lius
229 4338 362 4396 egeo
391 4345 405 4386 :
467 4330 553 4387 Et
573 4330 762 4386 nescis
794 4330 938 4403 quia
967 4334 1034 4385 tu
1063 4345 1122 4388 es
1151 4331 1333 4389 miser
1362 4337 1417 4389 et
1444 4331 1747 4390 miserabi-

96 4406 162 4463 lis
188 4416 243 4467 et
262 4429 495 4487 pauper
527 4422 582 4473 et
609 4432 798 4475 caecus
824 4423 880 4475 et
927 4417 1127 4475 nudus
1153 4418 1362 4489 (Apoc.
1399 4436 1480 4492 ιιι,
1517 4418 1603 4486 14,
1640 4420 1744 4492 17).

1867 1826 2065 1882 minus
2083 1841 2122 1884 a
2147 1828 2404 1885 Domino
2434 1829 2632 1900 ignem
2664 1836 2717 1887 et
2738 1831 3001 1901 sulphur
3029 1834 3093 1889 in
3145 1835 3531 1905 Sodomama,

1866 1919 2047 1987 atque
2071 1917 2361 1986 ﬁnitimas
2391 1918 2662 1977 civitates
2694 1920 2864 1992 (Gen.
2886 1937 3008 1991 χιχ,
3028 1922 3141 1993 24).
3173 1923 3315 1989 Quis
3337 1926 3535 1983 Domi-

1864 2018 1982 2060 nus
2011 2020 2048 2061 a
2077 2005 2332 2063 Domino
2355 2005 2473 2063 nisi
2499 2007 2678 2064 Filius
2704 2024 2742 2066 a
2770 2009 2960 2067 Patre.

1935 2088 1992 2145 Si
2010 2090 2299 2147 Dominus
2319 2106 2537 2165 poenas
2555 2093 2975 2165 peccatoribus
2994 2109 3120 2152 non
3140 2099 3528 2171 praeparavit,

1862 2178 2000 2251 quis
2023 2179 2371 2238 Pharaonis
2397 2196 2834 2256 servorumque
2857 2183 3016 2241 illius
3043 2184 3327 2244 duritiam
3357 2187 3531 2245 ulcis-

1862 2282 2006 2324 cens
2035 2272 2121 2327 tot
2147 2269 2344 2343 plagis
2374 2270 2598 2328 attrivit
2620 2276 2648 2328 ?
2673 2272 2840 2330 Certe
2862 2273 3165 2348 Scriptura
3204 2277 3530 2334 Dominum

1860 2359 1991 2417 haec
2015 2359 2224 2417 omnia
2242 2359 2456 2417 fecisse
2477 2364 2535 2419 et
2551 2360 2826 2419 intulisse
2847 2362 3073 2421 clamat
3095 2383 3109 2422 :
3134 2365 3301 2422 Unde
3321 2370 3380 2425 et
3394 2366 3530 2440 ipse

1862 2448 2153 2507 Dominus
2195 2449 2498 2508 Pharaoni
2540 2466 2649 2524 per
2690 2455 2892 2510 Mosen
2925 2453 3193 2527 loquitur
3224 2473 3238 2512 :
3269 2455 3370 2512 Ad
3419 2455 3529 2515 hoc

1860 2541 2018 2598 enim
2048 2540 2316 2598 excitavi
2344 2546 2399 2597 te
2428 2546 2496 2597 ut
2526 2542 2895 2599 ostenderem
2919 2543 2983 2600 in
3016 2548 3076 2600 te
3102 2544 3528 2614 fortitudinem

1859 2644 2073 2701 meam,
2116 2634 2170 2686 et
2216 2636 2507 2687 narretur
2555 2647 2770 2688 nomen
2816 2647 3011 2690 meum
3052 2633 3116 2689 in
3168 2634 3334 2690 omni
3362 2639 3529 2691 terra

1858 2719 2051 2791 (Rom.
2091 2735 2172 2790 ιχ,
2208 2720 2317 2791 t7).
2359 2718 2502 2786 Quis
2534 2725 2841 2794 postremo
2871 2737 3066 2794 aquas
3106 2721 3292 2779 Rubri
3337 2723 3526 2780 maris

1859 2823 2042 2882 super
2069 2823 2174 2865 eos
2220 2807 2459 2865 induxit
2486 2812 2653 2867 tanta
2697 2810 3047 2884 pernicitate
3094 2812 3397 2884 potentiae,
3439 2816 3525 2883 ut,

1856 2897 2000 2955 hinc
2024 2898 2166 2955 inde
2194 2897 2434 2955 ﬂuentis
2464 2898 2838 2969 circumdati,
2879 2900 3035 2958 adeo
3064 2916 3277 2958 omnes
3306 2902 3527 2959 obrue-

1856 2992 2064 3045 rentur
2096 2991 2164 3045 ut
2190 2987 2395 3044 nullus
2445 3003 2656 3047 eorum
2700 2989 3033 3047 evaderet?
3062 2990 3173 3047 Ubi
3218 2991 3269 3047 si
3324 2991 3526 3049 dicere

1856 3075 2115 3133 volueris
2144 3076 2334 3133 Deum
2360 3076 2611 3150 quidem
2631 3077 2825 3135 maria
2847 3077 3148 3147 divisisse,
3180 3078 3290 3135 sed
3337 3078 3525 3136 alium

1856 3165 2062 3222 nescio
2090 3179 2278 3237 quem
2305 3163 2637 3231 reduxisse,
2668 3165 2808 3238 quis
2840 3164 3173 3223 fatuitatem
3200 3169 3369 3224 tuam
3396 3181 3525 3223 non

1854 3248 2095 3312 rideat?
2124 3252 2272 3311 Dicit
2313 3252 2475 3310 enim
2504 3253 2808 3327 Scriptura
2839 3271 2852 3311 :
2883 3256 3196 3328 Ingressus
3247 3261 3337 3313 est
3362 3258 3521 3314 enim

1856 3358 2040 3416 equus
2067 3341 2318 3401 Pharao
2346 3358 2482 3400 cum
2512 3342 2791 3401 curribus
2820 3349 2876 3401 et
2905 3344 3199 3415 equitibus
3228 3345 3293 3401 in
3329 3359 3517 3408 mare,

1856 3437 1911 3491 et
1927 3431 2172 3489 reduxit
2188 3446 2371 3503 super
2389 3446 2484 3489 eos
2500 3432 2789 3489 Dominus
2813 3447 3003 3504 aquas
3018 3434 3225 3490 maris.
3250 3435 3319 3491 Et
3335 3433 3480 3490 item
3504 3451 3519 3490 :

1854 3520 2122 3577 Dextera
2170 3524 2297 3589 tua,
2345 3521 2617 3585 Domine,
2646 3521 2966 3592 magniﬁce
3008 3522 3072 3578 in
3116 3522 3525 3593 fortitudine;

1855 3610 2108 3667 dextera
2130 3614 2257 3677 tua,
2271 3610 2542 3678 Domine,
2558 3610 2857 3681 percussit
2876 3609 3187 3668 inimicum
3212 3611 3349 3669 etin
3370 3611 3523 3668 mul-

1856 3700 2117 3757 titudine
2169 3699 2386 3771 gloriae
2418 3703 2537 3755 tua:
2579 3699 2903 3770 deposuisti
2939 3699 3316 3757 adversarios
3365 3715 3524 3756 meos

1857 3786 2068 3861 (Exod.
2096 3803 2195 3859 xv,
2230 3790 2318 3856 t9,
2349 3790 2427 3856 6),
2459 3790 2517 3844 et
2561 3791 2796 3845 cietera.
2849 3786 2909 3842 Si
2936 3802 3049 3844 nec
3074 3786 3524 3860 praedestinavit

1853 3892 1967 3935 nec
1993 3875 2361 3950 praeparavit
2383 3874 2675 3932 Dominus
2704 3879 2964 3933 mortem
3008 3879 3065 3932 et
3112 3890 3353 3948 poenas,
3384 3874 3523 3949 quis

1853 3963 2131 4021 homines
2160 3962 2594 4020 mandatorum
2641 3978 2891 4019 suorum
2919 3966 3395 4033 transgressores
3425 3962 3524 4020 vel

1852 4051 2113 4126 lapidari
2162 4049 2259 4109 vel
2310 4050 2440 4108 aliis
2487 4051 2778 4108 mortium
2802 4050 3123 4121 generibus
3153 4050 3523 4108 occidendos

1856 4140 2156 4198 decrevit?
2181 4143 2331 4198 Nam
2353 4140 2484 4197 haec
2513 4140 2721 4197 omnia
2746 4142 2935 4197 Deum
2963 4140 3325 4215 praecepisse
3341 4144 3524 4214 atque

1856 4229 2068 4287 fecisse
2090 4228 2395 4303 Scriptura
2440 4228 2927 4288 manifestissime
2969 4232 3356 4302 protestatur,
3385 4244 3524 4303 quae

1858 4320 2039 4377 etiam
2066 4322 2204 4393 post
2227 4322 2484 4376 mortem
2512 4320 2693 4376 Josue
2719 4318 3112 4393 peccantibus
3152 4318 3291 4376 ﬁliis
3344 4317 3527 4377 Israel

1860 4412 2051 4466 Deum
2081 4408 2403 4466 suscitasse
2456 4408 2833 4467 adversarios
2882 4424 3304 4483 saepenumero
3330 4408 3527 4466 incul-

94 4495 166 4567 Si,
196 4474 462 4575 inquam,
493 4474 656 4563 Deus
679 4474 792 4563 nec
820 4505 1084 4581 praesciit
1102 4474 1748 4581 inligandam”;
1777 4474 1822 4531 D
1861 4503 1977 4559 cat.
2010 4497 2127 4555 Sed
2156 4501 2213 4557 et
2240 4497 2317 4556 de
2366 4496 2687 4557 Salomone
2739 4474 2993 4570 Regum.
3008 4502 3215 4555 narrat
3254 4497 3527 4569 historia,

90 4584 170 4643 vit
190 4604 423 4665 poenas,
447 4611 645 4671 quare
669 4599 837 4653 tanto
880 4599 1020 4654 ante
1074 4596 1350 4670 praedixit
1383 4596 1542 4655 ﬁlios
1572 4596 1751 4656 Israel

95 4674 439 4755 abAssyriis
458 4688 520 4743 et
556 4683 926 4758 Babyloniis,
956 4685 1222 4759 itemque
1258 4684 1556 4760 Assyrios,
1576 4686 1753 4745 alias-

96 4778 206 4836 que
232 4774 627 4847 quamplures
656 4777 866 4846 gentes
889 4789 921 4832 a
945 4774 1314 4848 Babyloniis,
1338 4775 1626 4850 ipsosque
1644 4777 1755 4835 Ba-

96 4850 361 4926 bylonios
390 4877 429 4921 a
477 4862 662 4921 Medis
693 4866 753 4921 et
798 4863 1012 4933 Persis,
1061 4863 1176 4921 hos
1216 4864 1398 4923 etiam
1447 4880 1485 4921 a
1514 4865 1753 4933 Graecis,

101 4941 318 5005 Graecos
342 4964 380 5007 a
407 4950 698 5009 Romanis
727 4951 1081 5026 capiendos,
1111 4952 1483 5027 eosdemque
1536 4957 1755 5013 Roma-

99 5043 202 5088 nos
229 5036 306 5094 ad
331 5038 618 5099 ultimum
647 5040 1051 5099 destruendos
1082 5040 1110 5097 ?
1136 5044 1287 5100 Nam
1316 5041 1485 5116 quod
1511 5046 1757 5119 prapter

101 5130 298 5183 eorum
322 5127 548 5188 scelera
571 5134 629 5187 et
655 5129 993 5204 impietates
1012 5128 1076 5186 in
1104 5132 1295 5186 Deum
1324 5129 1404 5187 ab
1434 5145 1507 5187 eo
1531 5130 1752 5202 traditi,

101 5211 267 5283 atque
318 5222 732 5289 persecutores
789 5235 1001 5278 eorum
1044 5219 1281 5277 excitati
1340 5222 1500 5290 sunt,
1544 5234 1756 5278 omnes

102 5301 448 5384 prophetica
492 5308 735 5383 paginas
788 5313 1079 5367 resonant
1124 5308 1652 5384 quemadmodum
1699 5311 1759 5367 et

104 5382 212 5474 ξΡδί
236 5382 649 5463 Persecutores
680 5398 999 5473 aliquoties
1027 5382 1166 5456 falsi
1203 5398 1602 5474 reperiuntur.
1656 5401 1759 5457 Ve-

103 5470 205 5534 luti
229 5481 524 5557 Rapsaces
552 5488 685 5562 [al.,
719 5470 962 5562 Nichao]
993 5489 1102 5563 qui
1128 5470 1296 5559 dixit,
1346 5487 1509 5561 quod
1553 5488 1757 5546 Domi-

105 5578 211 5622 nus
240 5572 293 5626 ei
306 5577 660 5648 praeceperit
689 5579 1025 5635 Jerusalem
1052 5577 1257 5637 venire
1285 5578 1378 5649 (II
1396 5577 1546 5635 Par.
1577 5593 1756 5647 xxxv,

104 5652 469 5733 2U-Legitur
521 5683 768 5741 quoque
797 5668 859 5724 in
924 5667 1135 5725 Genesi
1188 5666 1415 5725 dixisse
1464 5665 1759 5723 Dominus

108 5743 185 5801 ad
215 5745 378 5817 Cain,
412 5756 559 5827 quid
580 5755 823 5825 fecisti?
860 5758 1217 5823 Maledictus
1264 5759 1378 5816 eris
1431 5771 1612 5828 super
1643 5761 1756 5813 ter-

525 5846 771 5907 PATROL.
816 5849 968 5907 CXV.

1859 4588 2029 4664 quod
2055 4592 2195 4663 post
2222 4587 2519 4645 offensam
2547 4588 2602 4645 ei
2631 4585 3004 4645 suscitaverit
3027 4585 3184 4643 Deus
3239 4585 3527 4645 adversa-

1858 4678 1981 4737 rios
2028 4676 2111 4735 ad
2158 4676 2496 4733 Idumaaum
2526 4679 2583 4733 et
2633 4674 2804 4732 alios.
2837 4676 2982 4741 Quae
3028 4673 3237 4731 omnia
3284 4673 3336 4730 si
3354 4673 3530 4745 juxta

1862 4772 2031 4827 tuam
2077 4765 2440 4840 pravitatem
2470 4780 2509 4822 a
2536 4762 2839 4821 contrario
2886 4762 3309 4835 intelligentur,
3362 4777 3533 4835 pror-

1863 4873 1967 4913 sus
1998 4854 2198 4913 omnis
2223 4854 2302 4911 ab
2331 4853 2416 4910 eis
2444 4853 2665 4911 veritas
2692 4851 3013 4909 auferetur.
3049 4854 3180 4908 Non
3206 4853 3433 4915 autem,
3464 4854 3533 4909 ut

1863 4944 2067 5017 ﬁngis,
2121 4941 2512 5015 intelligenda
2574 4938 2962 4999 beatissimus
3029 4938 3402 5011 Augustinus
3466 4938 3532 4997 in

1864 5032 2149 5094 omnibus
2174 5048 2328 5107 pene
2359 5029 2668 5107 opusculis
2727 5029 2877 5101 suis,
2908 5027 3334 5104 praecipueque
3373 5029 3438 5087 in
3458 5028 3532 5087 li-

1863 5124 1990 5183 bris
2020 5121 2481 5196 quatuordecim
2509 5134 2665 5194 quos
2695 5118 2757 5175 in
2798 5118 3239 5192 Eptateuchum
3264 5118 3533 5177 mirabili

1866 5210 2201 5269 eruditione
2228 5208 2835 5283 confecit,clarissime
2854 5209 3221 5268 manifestat.
3245 5206 3535 5282 Loquitur

1867 5301 2160 5360 Dominus
2201 5316 2309 5375 per
2355 5305 2538 5358 Amos
2585 5299 2987 5373 prophetam:
3019 5299 3303 5357 Percussi
3338 5312 3440 5354 vos
3467 5297 3535 5354 in

1868 5397 2042 5450 vento
2070 5396 2301 5461 urente,
2336 5397 2391 5449 et
2421 5390 2486 5448 in
2533 5389 2800 5461 aerugine
2855 5388 3304 5446 multitudinem
3338 5386 3539 5444 horto-

1869 5498 2006 5540 rum
2056 5487 2389 5539 vestrorum
2433 5484 2487 5537 et
2533 5480 2849 5537 vinearum
2889 5483 3260 5547 vestrarum;
3315 5475 3542 5533 oliveta

1869 5577 2069 5630 vestra
2105 5576 2160 5627 et
2188 5569 2365 5639 ﬁceta
2394 5574 2595 5626 vestra
2625 5566 2879 5625 comedit
2904 5581 3108 5633 eruca,
3141 5572 3197 5622 et
3238 5580 3361 5622 non
3383 5564 3541 5623 redi-

1871 5662 1976 5719 stis
2002 5661 2084 5718 ad
2110 5675 2223 5731 me,
2259 5659 2405 5715 dicit
2434 5658 2726 5715 Dominus
2760 5673 2775 5712 :
2807 5656 2947 5712 misi
2970 5656 3036 5712 in
3065 5671 3167 5713 vos
3198 5660 3447 5713 mortem
3476 5655 3543 5713 in

1876 5755 1975 5813 via
2016 5752 2330 5824 Egypti.‘
2349 5750 2630 5822 percussi
2670 5749 2732 5806 in
2777 5746 2982 5819 gladio
3017 5748 3270 5818 juvenes
3319 5750 3545 5822 vestro,

3042 5839 3108 5894 36
