3936 6436
453 378 585 434 1131

446 514 635 572 usque
683 496 767 556 ad
818 495 1226 565 captivitatem
1303 509 1590 566 equorum
1645 498 1999 558 vestrorum,
2052 494 2107 543 et
2135 489 2177 540 A
2216 491 2657 562 providentiam
2713 495 2911 566 suam]
2968 495 3397 552 suscitaturum
3428 512 3493 553 se
3536 498 3867 560 Chaldaeos.

447 588 769 649 ascendere
793 585 917 656 feci
964 583 1343 654 putredinem
1391 588 1727 640 castrorum
1776 588 2105 637 vestrorum

447 682 509 737 in
541 692 720 736 nares
749 682 995 743 vestras,
1028 678 1081 730 et
1116 689 1235 730 non
1267 673 1505 730 redistis
1532 673 1615 730 ad
1664 687 1773 739 me,
1819 670 1963 725 dicit
1995 669 2108 723 Do-

443 766 664 828 minus.
723 761 907 830 Unde,
942 765 1187 819 sanctus
1215 762 1618 836 Hieronymus
1665 761 1747 818 ita
1777 760 1991 816 effatus
2018 759 2106 812 est

449 855 531 925 (in
554 852 734 908 Amos
764 850 844 922 1v)
879 868 893 906 :

514 942 640 1012 [Per
667 939 877 997 omnia
916 940 1155 1011 ﬂagella
1185 945 1241 997 et
1280 944 1577 998 tormenta
1605 937 1875 997 eruditur
1900 934 2100 1004 Israel,

442 1028 604 1086 unde
649 1032 707 1085 et
735 1043 807 1084 eo
838 1032 1107 1100 tempore
1137 1044 1259 1101 quo
1291 1028 1370 1085 ab
1420 1027 1718 1102 IEgyptiis
1748 1024 1969 1083 auxilia
1997 1037 2103 1096 po-

440 1116 764 1185 stulabant,
798 1116 1050 1173 mittitur
1076 1117 1138 1173 in
1169 1134 1273 1174 eos
1301 1133 1487 1190 mors,
1521 1122 1577 1174 et
1600 1114 2013 1190 percutiuntur
2042 1111 2102 1166 in

439 1206 642 1278 gladio
686 1206 942 1278 juvenes
988 1222 1220 1275 eorum,
1244 1212 1301 1263 et
1344 1223 1537 1280 equos
1569 1222 1724 1279 quos
1752 1203 1865 1259 sibi
1894 1204 2103 1257 contra

436 1296 543 1354 Dei
589 1301 963 1371 praeceptum
1006 1296 1480 1370 multiplicarunt
1510 1298 1637 1368 [al.,
1670 1292 2101 1366 multiplicave-

434 1388 615 1460 rant],
663 1387 978 1461 captivitas
1010 1403 1171 1444 saeva
1213 1387 1538 1452 concludit,
1586 1390 1653 1442 ut
1695 1383 1949 1458 putredo
2003 1397 2101 1437 ca-

437 1483 701 1535 strorum
757 1480 814 1532 et
864 1475 1013 1533 fetor
1066 1476 1375 1533 morientis
1432 1475 1726 1533 exercitus
1774 1471 2099 1529 viventium

433 1582 616 1624 nares
641 1565 911 1638 impleat,
944 1581 1207 1639 cumque
1237 1570 1294 1622 et
1318 1566 1447 1621 hinc
1478 1565 1700 1636 fecerit,
1732 1567 1797 1619 ut
1844 1560 2101 1633 corripe-

432 1659 526 1717 ret
574 1653 995 1727 delinquentes
1050 1658 1108 1711 et
1163 1654 1513 1710 emendaret
1553 1657 1842 1720 errantes,
1869 1664 1980 1705 nec
2016 1648 2099 1702 sic

433 1743 688 1817 quidem
712 1743 1018 1800 redierunt
1041 1742 1121 1802 ad
1145 1760 1305 1811 eum,
1331 1742 1473 1799 dicit
1500 1741 1836 1811 Dominus]

435 1936 692 1979 vermem
738 1922 1079 1978 ascensione
1106 1921 1385 1989 diluculi,
1416 1926 1473 1979 et
1497 1920 1788 1989 percussit
1819 1918 2099 1974 hederam

434 2017 493 2069 et
543 2011 807 2081 exaruit,
866 2015 919 2067 et
970 2026 1105 2067 cum
1158 2015 1326 2066 ortus
1377 2010 1589 2080 ﬂiisset
1642 2009 1750 2077 sol,
1815 2008 2098 2077 praecepit

433 2102 595 2157 Deus
622 2105 796 2156 vento
827 2099 1026 2155 calido
1055 2103 1111 2155 et
1141 2099 1363 2167 urenti,
1392 2103 1445 2155 et
1471 2099 1764 2168 percussit
1792 2096 1883 2152 sol
1918 2110 2099 2163 super

436 2194 621 2260 caput
651 2189 845 2260 Jonas,
868 2192 922 2244 et
945 2188 1234 2244 astuabat
1268 2187 1428 2258 (Jon.
1461 2202 1540 2259 IV,
1573 2186 1647 2258 7).
1682 2188 1828 2241 Ecce
1852 2198 2097 2256 parasse

434 2280 595 2335 Deus
636 2292 907 2333 vermem
936 2275 1170 2347 dicitur,
1201 2275 1308 2348 qui
1346 2275 1409 2331 in
1437 2274 1725 2331 ultionem
1752 2270 2097 2329 inobedien-

434 2365 531 2423 die
558 2364 869 2438 prophetas
898 2363 1146 2420 kikaion
1176 2379 1302 2420 una
1346 2367 1520 2419 nocte
1568 2360 1829 2418 mirabili
1862 2359 1955 2415 Dei
1986 2374 2095 2431 po-

433 2454 623 2517 tentia
675 2457 1039 2523 surgentem,
1084 2452 1638 2526 protectionemque
1684 2449 1922 2506 virentis
1966 2464 2098 2503 um-

433 2542 675 2601 braculi
704 2547 947 2616 repente
977 2542 1347 2616 praebentem
1394 2539 1689 2608 exederet,
1718 2538 2098 2612 prophetam-

434 2648 556 2707 que
584 2635 715 2690 orto
746 2632 870 2693 sole
900 2636 1114 2688 ventus
1143 2646 1325 2687 urens
1354 2634 1411 2688 et
1436 2628 1666 2685 calidus
1714 2626 2095 2701 praecipiente

434 2721 695 2779 Domino
737 2721 891 2779 adeo
940 2723 1292 2794 percuteret,
1322 2723 1389 2775 ut
1424 2722 1687 2774 aestuans
1722 2720 1947 2790 peteret
1976 2715 2098 2771 ani-

433 2828 550 2869 mus
588 2827 713 2868 sum
758 2816 823 2867 ut
850 2814 1204 2867 moreretur.
1237 2807 1402 2864 Idem
1432 2807 1645 2864 doctor
1670 2821 1977 2880 exponens
2004 2805 2098 2860 Mi-

433 2902 670 2961 cheeam
698 2899 1059 2975 prophetam
1111 2898 1510 2971 Hieronymus
1540 2897 1625 2969 (in
1662 2895 1847 2952 Mich.
1877 2911 1956 2961 ιιι,
1989 2896 2045 2967 4)
2079 2912 2090 2950 :

432 2992 527 3065 [Et
551 2990 703 3061 haec,
733 2988 950 3061 inquit,
978 2987 1260 3045 universa
1288 2985 1611 3059 patientur,
1639 2985 1785 3058 quia
1837 2983 2095 3058 pessime

432 3082 687 3150 egerunt
710 3078 774 3135 in
831 3076 1046 3134 studiis
1074 3079 1133 3131 et
1174 3075 1237 3131 in
1262 3074 1678 3146 voluptatibus
1708 3074 1854 3141 suis,
1888 3078 1946 3130 et
1973 3089 2096 3130 non

430 3184 605 3241 reges
625 3167 813 3236 fuere,
838 3165 943 3222 sed
970 3164 1232 3238 tyranni,
1249 3179 1362 3220 nec
1386 3163 1710 3236 praepositi,
1736 3163 1840 3219 sed
1868 3162 2094 3229 leones,

1546 370 1604 426 S.
1646 367 2009 425 PRUDENTII
2049 364 2429 425 TBECENSIS
2471 370 2779 426 EPISCOPI

2127 3202 2161 3257 (ἶ

3735 377 3867 432 1132

2215 578 2317 650 qui
2362 579 2825 655 interpretantur
2872 583 3045 655 quasi
3098 582 3419 653 daemonia,
3475 585 3570 641 vel
3622 587 3869 657 angelos

2214 666 2512 738 pessimos
2563 670 2929 742 signiﬁcans,
2964 673 3067 743 qui
3117 673 3456 730 ministrant
3502 673 3687 731 furori
3717 677 3868 747 ejus,

2215 759 2269 811 et
2290 756 2392 813 ira:
2420 763 2475 815 et
2506 759 2875 816 tribulationi
2902 777 3088 833 quam
3114 762 3288 818 infert
3316 763 3376 818 in
3402 768 3749 836 peccatores
3781 768 3871 822 vel

2214 845 2448 903 animas
2474 848 2789 904 hominum
2823 850 3225 922 pessimorum
3250 867 3359 924 per
3393 868 3546 924 quas
3574 859 3869 911 merentes

2214 934 2467 991 cruciat:
2490 936 2551 991 hi
2574 943 2776 993 autem
2799 938 3061 994 Chaldaei
3084 955 3228 1008 gens
3250 956 3461 996 amara
3482 946 3570 997 est
3590 946 3647 998 et
3670 943 3865 1015 velox,

2214 1039 2334 1080 non
2366 1040 2621 1097 parcens
2655 1030 2711 1082 et
2752 1028 2867 1083 cito
2911 1027 3157 1101 explens
3186 1028 3353 1101 quod
3398 1030 3508 1086 sibi
3550 1030 3725 1088 fuerit
3755 1032 3866 1089 im-

2213 1119 2508 1185 peratum,
2566 1120 2622 1173 et
2679 1116 2952 1173 ambulat
3010 1133 3189 1190 super
3241 1117 3619 1177 latitudinem
3676 1126 3863 1194 terrae,

2214 1204 2341 1260 lata
2373 1205 2532 1260 enim
2558 1212 2611 1262 ct
2639 1209 2904 1275 spatiosa
2926 1209 3021 1264 via
3048 1214 3133 1264 est
3154 1225 3287 1279 quae
3316 1210 3480 1265 ducit
3513 1212 3595 1267 ad
3619 1218 3863 1269 mortem

2213 1292 2453 1363 (Matth.
2486 1310 2587 1363 vn,
2632 1296 2759 1366 33).]
2808 1299 2848 1366 ᾧ
2883 1300 3025 1351 item
3082 1297 3141 1352 in
3192 1298 3383 1354 Abdia
3436 1301 3731 1373 propheta
3780 1304 3862 1373 (in

2210 1381 2560 1454 Abdiam,i,
2601 1388 2692 1453 16)
2729 1401 2741 1438 :
2777 1385 3077 1451 Quoniodo
3130 1389 3281 1443 enim
3342 1389 3403 1443 in
3458 1405 3603 1445 nece
3655 1406 3863 1447 eorum

2210 1468 2437 1528 laetatus
2468 1488 2551 1542 es,
2584 1474 3047 1547 conviviumque
3078 1475 3415 1545 celebrasti,
3449 1484 3503 1535 et
3552 1481 3615 1535 in
3670 1486 3866 1536 monte

2210 1569 2417 1617 sancto
2446 1578 2592 1631 meo,
2627 1563 2742 1618 hoc
2773 1570 2860 1619 est
2883 1564 2944 1619 in
2974 1565 3231 1621 Ecclesia
3264 1567 3478 1636 bibisti,
3510 1584 3632 1624 non
3659 1585 3861 1625 meum

2211 1650 2478 1717 calicem,
2503 1651 2610 1708 sed
2641 1653 2884 1709 diaboli.
2920 1654 2999 1709 De
3029 1670 3152 1727 quo
3182 1655 3243 1710 in
3290 1655 3567 1713 llabacuc
3597 1657 3818 1714 dicitur
3847 1677 3858 1714 :

2126 1740 2135 1751 ’
2222 1742 2315 1795 Va:
2334 1744 2439 1812 qui
2447 1748 2619 1811 potat
2649 1744 2992 1812 proximum
3019 1761 3190 1802 suum
3220 1745 3596 1804 subversione
3620 1749 3861 1804 turbida

505 1833 549 1903 -ι-
580 1834 648 1889 Et
674 1832 735 1887 in
766 1833 919 1891 lona
946 1832 1245 1905 propheta
1269 1831 1486 1901 legitur
1514 1847 1527 1885 :
1563 1831 1638 1885 Et
1669 1829 1911 1900 paravit
1940 1828 2097 1883 Deus
2130 1845 2169 1901 Β

2214 1829 2461 1900 (Elabar.
2497 1847 2555 1898 ιι,
2594 1834 2677 1902 l5)
2706 1834 2717 1887 ι
2752 1833 2833 1888 ita
2882 1834 3176 1889 universes
3221 1839 3426 1905 gentes
3454 1837 3547 1892 vel
3578 1836 3864 1893 fortitudi-

2210 1934 2316 1973 nes
2346 1920 2658 1976 contrarize
2690 1921 2998 1994 suppliciis
3029 1923 3338 1993 delegatus,
3366 1925 3456 1981 vel
3508 1925 3861 1982 adversariae

2208 2025 2465 2082 quisque
2513 2011 2759 2067 virtutes
2810 2011 3037 2080 bibent,
3070 2018 3124 2069 et
3172 2014 3586 2071 absorbebunt
3625 2017 3862 2087 sangui-

2205 2113 2344 2154 nem
2374 2103 2564 2155 tuum.

2278 2190 2319 2258 ’ξ’
2344 2192 2475 2245 iam
2489 2205 2634 2245 vero
2654 2192 2819 2263 quod
2844 2191 3140 2249 luereseos
3169 2193 3364 2264 elogio
3389 2193 3721 2265 denotatos,
3752 2213 3857 2254 nec

2205 2278 2497 2334 habentes
2517 2278 2721 2335 lumen
2742 2296 2865 2352 quo
2885 2281 3086 2338 videre
3104 2299 3428 2355 possumus
3448 2285 3612 2357 quod
3636 2285 3862 2342 malum

2207 2384 2243 2425 a
2272 2384 2558 2442 perverso
2587 2378 2756 2426 motu
2784 2370 2984 2427 liberae
3012 2373 3335 2430 voluntatis
3366 2375 3635 2448 prodeat,
3668 2376 3864 2432 aerius

2206 2457 2542 2526 insimulas,
2558 2474 2670 2513 nos
2694 2474 2725 2513 e
2747 2464 2955 2516 contra
2976 2464 3033 2517 et
3063 2462 3313 2518 scientes
3334 2479 3442 2535 per
3462 2463 3715 2533 gratiam
3740 2463 3863 2531 Dei,

2208 2550 2263 2602 et
2276 2546 2335 2602 in
2345 2546 2667 2617 telligentes
2683 2549 2841 2604 unde
2857 2549 2927 2605 sit
2942 2549 3171 2605 malum
3187 2551 3368 2607 veluti
3390 2554 3702 2624 praemissa
3715 2553 3864 2609 satis

2208 2635 2571 2708 abundeque
2598 2637 2947 2707 informant,
2960 2637 3219 2695 dicimus
3238 2645 3417 2713 atque
3433 2647 3743 2714 optamus:
3759 2642 3869 2699 uti-

2206 2737 2348 2777 nam
2362 2721 2589 2788 lumen,
2603 2722 2769 2794 quod
2786 2723 2960 2779 nobis
2974 2724 3400 2796 superbissime
3412 2725 3867 2793 demis,coelitus

2207 2810 2460 2883 adeptus
2490 2811 2823 2869 humillime
2854 2812 3211 2885 possideres,
3227 2818 3285 2867 et
3303 2827 3427 2871 non
3448 2813 3509 2867 in
3535 2817 3721 2879 tanta,
3745 2822 3867 2872 tam

2205 2916 2414 2973 prava,
2439 2904 2683 2973 tamque
2704 2916 2987 2974 perversa
3013 2900 3378 2973 impingeres
3401 2918 3414 2956 :
3441 2902 3672 2958 videres
3701 2904 3865 2960 enim

2206 3006 2393 3063 quam
2423 3006 2547 3046 non
2576 2990 2864 3045 veraciter
2886 2988 3106 3044 dixeris
3140 3004 3153 3043 :
3189 2991 3344 3057 Quos
3380 2993 3549 3061 justc
3574 2992 3865 3065 deseruit,

2206 3080 2271 3135 id
2291 3087 2374 3139 est
2400 3094 2507 3136 sua
2527 3080 2780 3149 propria
2811 3078 3203 3148 perversitate
3226 3080 3442 3147 puniri
3461 3083 3761 3150 permisit.

2277 3168 2380 3223 Vis
2403 3167 2628 3240 quippe
2654 3165 2901 3234 intelligi
2928 3181 3053 3221 non
3076 3166 3243 3222 aliud
3264 3183 3397 3223 esse
3415 3185 3661 3241 poenam
3681 3171 3866 3242 puni-

428 3238 631 3332 neque
658 3254 933 3327 magistri
959 3252 1418 3326 discipulorum,
1451 3253 1559 3309 sed
1604 3252 1732 3326 lupi
1759 3252 1966 3309 ovium
1992 3269 2006 3320 ;
2039 3257 2098 3310 et
2128 3238 2163 3257 ν
2207 3238 2561 3328 nouemque
2579 3253 2930 3327 peccatoris,
2954 3255 3071 3310 nisi
3100 3272 3277 3313 suam
3301 3238 3610 3331 propriam
3630 3238 3870 3332 perver-

313 3395 317 3399 .
432 3348 806 3406 satiaverunt
831 3359 897 3400 se
924 3342 1235 3413 carnibus,
1264 3346 1319 3400 et
1346 3341 1660 3399 incrassati
1690 3346 1849 3409 sunt,
1875 3346 1932 3398 et
1981 3341 2096 3397 sub

430 3440 565 3512 [al.,
602 3436 779 3507 sicut]
825 3432 1227 3506 pinguissima
1278 3433 1478 3490 hostia
1533 3432 1925 3489 interfectioni
1965 3433 2091 3503 (aL,

430 3522 868 3583 interfectionis
890 3528 1031 3580 sunt
1052 3530 1257 3597 supp.]
1285 3527 1341 3579 et
1361 3521 1667 3596 suppliciis
1694 3522 1929 3579 Domini
1950 3537 2097 3596 prai-

429 3613 690 3688 paravi.]
717 3614 760 3684 -ι-
788 3613 951 3670 Idem
980 3614 1044 3670 in
1071 3612 1444 3687 expositione
1477 3611 1757 3669 Habacuc
1785 3612 2094 3686 prophetas

430 3717 741 3777 exponens
793 3703 1021 3760 dictum
1072 3703 1513 3777 propheticum,
1563 3703 1812 3760 Domine
1885 3698 2097 3760 audivi

429 3793 797 3851 auditionem
842 3798 1030 3865 tuam,
1061 3798 1118 3850 et
1161 3793 1354 3861 timui,
1387 3792 1784 3864 Hieronymus
1833 3792 2087 3859 (Habeo.

427 3899 515 3951 ιιι,
547 3883 618 3953 l).
656 3882 915 3955 [Audivi,
949 3881 1162 3956 inquit,
1194 3897 1407 3955 poenas
1436 3897 1590 3955 quas
1616 3879 2093 3938 Nabuchodono-

430 3989 534 4032 sor
561 3978 619 4030 et
645 3972 891 4031 diabolo
945 3972 1337 4045 praeparasti].
1372 3973 1413 4043 ιι·
1463 3976 1608 4029 item
1633 3970 1695 4027 in
1721 3970 2090 4044 expositione

434 4063 734 4123 Zachariae
766 4063 1078 4137 propheta
1113 4064 1197 4135 (in
1247 4063 1619 4134 Zachar.x1,
1641 4062 1733 4133 7):
1767 4062 1938 4132 [Cum
1989 4076 2092 4117 au-

428 4159 551 4211 tem
577 4152 916 4211 secundum
947 4151 1337 4225 Septuaginta
1390 4150 1649 4222 legimus
1681 4167 1694 4207 :
1727 4151 1809 4206 Et
1844 4165 2088 4220 pascam

426 4258 563 4301 oves
619 4242 932 4300 occisionis
972 4242 1036 4297 in
1089 4246 1253 4298 terra
1285 4240 1603 4308 Chanaan,
1646 4239 1731 4295 sic
1758 4254 2086 4312 possumus

427 4331 755 4403 intelligere
780 4330 945 4404 quod
974 4329 1271 4404 populum
1300 4329 1667 4395 Judaeorum,
1690 4328 1796 4402 qui
1826 4328 2087 4385 destina-

426 4425 525 4477 tus
568 4425 661 4478 est
702 4420 880 4477 morti
916 4419 978 4475 in
1021 4422 1145 4476 toto
1193 4419 1339 4476 orbe
1381 4418 1713 4492 dipersum,
1744 4418 1861 4475 hoc
1905 4421 1995 4475 est
2023 4418 2086 4473 in

2207 3346 2479 3411 sitatam;
2525 3343 2606 3400 ita
2662 3346 2729 3400 ut
2768 3347 2824 3399 et
2871 3348 3126 3400 mortem
3174 3350 3234 3401 et
3284 3362 3518 3419 poenas,
3554 3348 3652 3403 Dei
3694 3349 3866 3420 justo

2199 3434 2425 3506 judicio
2455 3432 2875 3505 peccatoribus
2906 3434 3220 3505 irrogatas,
3254 3438 3492 3509 penitus
3521 3438 3781 3509 auferas,
3809 3444 3869 3495 et

2205 3523 2292 3579 eis
2338 3521 2533 3579 solam
2579 3523 2892 3594 propriam
2940 3525 3369 3582 conscientiam
3426 3542 3673 3599 poenam
3727 3543 3869 3585 esse

2203 3612 2548 3682 contingas:
2572 3610 2739 3685 quod
2765 3612 2910 3684 quia
2936 3612 3219 3684 Origenes
3238 3615 3608 3673 mendaciter
3634 3616 3866 3686 docuit,

2205 3700 2564 3761 sententiam
2609 3701 2789 3771 justas
2817 3700 3223 3760 damnationis
3254 3704 3504 3777 excepit.
3536 3706 3685 3761 Cum
3716 3721 3868 3777 ergo

2201 3790 2350 3847 diois
2382 3807 2396 3846 :
2432 3791 2616 3847 Omne
2645 3791 2835 3861 igitur
2861 3792 3088 3849 malum
3134 3800 3243 3850 aut
3261 3799 3574 3863 peccatum
3613 3800 3717 3863 est,
3751 3803 3867 3853 aut

2200 3896 2382 3951 plena
2403 3882 2663 3952 peccati,
2697 3879 2920 3937 mirum
2950 3886 3039 3937 est
3062 3897 3170 3938 cur
3196 3899 3322 3939 non
3360 3884 3684 3941 attenderis
3710 3884 3868 3941 nihil

2201 3986 2238 4027 a
2264 3970 2434 4027 nihili
2458 3968 2803 4029 nullatenus
2832 3985 3011 4042 posse
3062 3970 3281 4044 puniri.
3313 3972 3372 4029 Si
3417 3972 3622 4046 itaque
3648 3989 3865 4046 pecca-

2201 4063 2329 4117 tum
2357 4058 2508 4115 nihil
2543 4061 2649 4127 est,
2692 4063 2748 4114 et
2779 4074 2961 4131 poena
2982 4060 3119 4135 ejus
3140 4060 3406 4118 similiter
3433 4061 3581 4118 nihil
3607 4068 3716 4131 est,
3732 4078 3864 4135 quo

2197 4152 2375 4223 pacto
2405 4147 2554 4205 nihil
2581 4164 2619 4205 a
2647 4129 2815 4203 nihili
2842 4129 3131 4220 puniatur
3158 4165 3283 4207 non
3334 4150 3510 4208 video
3542 4169 3555 4207 :
3587 4129 3713 4208 imo
3739 4129 3865 4210 hoc

2197 4243 2392 4296 totum
2421 4237 2570 4294 nihil
2611 4253 2744 4295 esse
2791 4236 3108 4311 conﬁrmo,
3140 4239 3246 4295 sed
3303 4256 3443 4297 cum
3474 4240 3733 4298 Ecclesia
3760 4257 3863 4300 ca-

2197 4327 2417 4385 tholica
2446 4326 2735 4385 conﬁteor
2762 4331 3079 4400 peccatum
3109 4330 3229 4385 Deo
3254 4329 3458 4403 judice
3502 4330 3725 4403 puniri,
3756 4348 3864 4389 ou-

2194 4419 2295 4490 jus
2323 4417 2657 4492 prohibitor
2699 4421 2878 4490 atque
2925 4417 3280 4490 reprobator
3320 4419 3646 4477 certissime
3697 4435 3862 4477 com-

427 4512 586 4567 terra
610 4509 896 4565 Chanaan
913 4513 1093 4582 atque
1120 4507 1451 4580 gentilium,
1475 4511 1689 4579 pascat
1716 4507 2003 4563 Dominus
2029 4509 2088 4562 et
2115 4559 2160 4584 ἢ
2199 4507 2516 4580 probatur.
2569 4506 2813 4572 Quoties
2852 4522 2994 4564 vero
3041 4507 3258 4579 legitur
3297 4510 3555 4583 quisque
3611 4511 3859 4584 propria

426 4598 651 4656 nutriat
673 4597 753 4654 ad
801 4597 1267 4654 immolandum.
1295 4598 1337 4667 -ι-
1367 4599 1432 4651 In
1461 4594 1676 4651 eodem
1718 4594 1909 4667 (ibid,
1940 4595 2000 4651 d.
2030 4610 2082 4652 c.

2115 4559 2161 4614 D

2198 4596 2512 4670 iniquitate
2552 4595 2854 4669 damnari,
2883 4595 2966 4652 ita
3016 4598 3217 4669 potius
3260 4597 3717 4669 intelligendum
3763 4604 3859 4656 est

425 4703 507 4753 x1,
537 4688 627 4761 ll)
656 4704 671 4743 :
704 4688 1037 4760 Cognoseet
1084 4685 1348 4760 populus
1391 4684 1737 4741 Judaaorum
1781 4684 1862 4742 ad
1902 4699 2087 4757 quem
2197 4685 2386 4759 quod,
2430 4685 2645 4742 merito
2688 4687 2841 4757 ejus,
2871 4688 3170 4757 peccator,
3221 4685 3304 4743 ab
3350 4687 3453 4746 illo
3498 4689 3604 4762 qui
3649 4690 3859 4747 omnia

424 4777 655 4834 dictum
703 4780 836 4834 est:
873 4778 1087 4835 Semen
1133 4775 1445 4845 Chanaan,
1474 4779 1530 4831 et
1569 4788 1692 4830 non
1738 4774 1922 4841 Juda,
1985 4774 2090 4846 qui
2193 4775 2447 4848 judicat,
2492 4776 2651 4848 juste
2697 4774 3036 4831 damnetur.
3090 4777 3621 4842 Quemadmodum
3674 4778 3857 4836 etiam

424 4883 590 4926 nunc
615 4868 979 4925 caeremoniis
1002 4866 1147 4922 meis
1167 4863 1505 4920 custoditur
1529 4863 1675 4936 (sive
1695 4863 1841 4936 quia
1861 4863 2022 4922 Chan
2031 4880 2090 4921 a-

424 4957 544 5013 neci
570 4957 1039 5030 interpretantur
1054 4953 1270 5024 parati
1294 4953 1376 5009 ad
1396 4953 1839 5024 humilitatem),
1868 4968 2090 5025 cogno-

425 5048 598 5102 scent
623 5046 769 5118 quia
797 5044 946 5101 olim
991 5043 1188 5116 parati
1217 5044 1358 5097 sunt
1398 5045 1463 5097 ut
1500 5040 1890 5098 humilientur
1918 5059 1955 5100 a
1981 5046 2090 5101 Do-

423 5134 645 5207 mino.]
669 5135 711 5205 -ι-
758 5133 926 5191 Idem
956 5132 1019 5189 in
1048 5131 1423 5206 expositione
1451 5130 1734 5188 Habacuc
1780 5134 2087 5206 prophetae

424 5237 739 5297 exponens
785 5222 969 5280 verba
1027 5221 1264 5278 Domini
1292 5220 1542 5278 dicentis
1573 5236 1588 5277 :
1620 5221 1775 5279 Ecce
1803 5237 1908 5294 ego
1937 5225 2091 5280 suci-

429 5315 571 5372 tabo
600 5313 937 5381 Chaldaeos,
954 5318 1188 5385 gentem
1209 5328 1483 5370 amaram
1504 5318 1559 5369 et
1590 5313 1865 5384 velocem,
1885 5315 2087 5371 ambu-

427 5405 653 5462 lantem
675 5416 858 5473 super
877 5402 1255 5460 latitudinem
1275 5408 1471 5473 terrae,
1486 5407 1554 5458 ut
1571 5404 1871 5473 possideat
1894 5405 2088 5462 taber-

423 5493 654 5551 nacula
682 5507 802 5548 non
821 5506 966 5565 sua;
994 5492 1303 5551 horribilis
1323 5498 1378 5548 et
1405 5492 1694 5549 terribilis
1727 5498 1811 5550 est
1828 5493 2082 5565 (Eabae.

423 5597 468 5653 ι,
495 5584 575 5654 6),
600 5584 661 5639 et
682 5585 901 5640 caetera
923 5587 1061 5657 post
1084 5580 1483 5640 fundamenta
1512 5581 1776 5639 historia
1801 5582 2089 5658 interpre-

424 5669 719 5727 tationem
746 5670 1130 5742 allegorieam
1150 5672 1233 5729 ita
1262 5670 1565 5744 coaptavit
1587 5671 1672 5749 (in
1698 5673 1931 5731 Habac.
1950 5690 1988 5743 ι,
2008 5675 2084 5748 6),

427 5754 867 5821 [Comminatur
944 5764 1097 5817 Deus
1153 5761 1478 5817 adversum
1531 5765 1974 5834 contemptores
2030 5768 2089 5820 et

431 5838 898 5903 calumniatores
919 5850 1308 5920 providentiae
1328 5864 1455 5905 suae
1483 5850 1612 5920 [at.,
1644 5850 2082 5910 calumniantea

2197 4865 2688 4940 quandocunque
2717 4864 2937 4925 dicitur
2964 4870 3281 4938 peccatum
3322 4866 3632 4942 iniquitas,
3661 4868 3855 4926 scelus

2196 4960 2380 5029 atque
2420 4954 2698 5028 impietas
2728 4970 2938 5012 eorum
2985 4957 3390 5029 patratoribus
3436 4958 3628 5027 reddi,
3658 4960 3742 5016 ita
3771 4958 3856 5031 pii

2196 5045 2421 5102 sanitas
2449 5043 2779 5101 intellectus
2806 5044 3059 5118 percipit
3088 5048 3153 5103 ut
3193 5046 3405 5105 merito
3431 5061 3637 5104 eorum
3668 5062 3856 5119 poena

2196 5133 2554 5205 dignissima
2580 5133 2833 5207 rependi
2856 5133 3192 5206 justissima
3222 5135 3529 5202 sentiatur,
3561 5149 3688 5191 non
3715 5150 3854 5209 pec-

2195 5228 2329 5281 cata
2356 5238 2469 5297 pro
2498 5223 2781 5296 peccatis,
2815 5228 2919 5281 aut
2944 5222 3170 5283 scelera
3195 5239 3310 5298 pro
3339 5222 3666 5281 sceleribus
3694 5240 3855 5281 eom-

2194 5313 2458 5387 pensari.
2494 5313 2586 5370 Sic
2616 5313 2795 5370 etiam
2827 5328 2967 5370 cum
2995 5320 3248 5387 peccata
3274 5312 3505 5372 visitari
3549 5312 3849 5372 dicuntur.

2196 5406 2324 5459 Non
2355 5402 2512 5476 ipsa,
2544 5417 2680 5474 quae
2729 5418 2854 5459 non
2899 5406 3039 5459 sunt
3085 5402 3453 5473 substantias,
3488 5404 3594 5461 sed
3641 5420 3851 5462 eorum

2195 5496 2475 5551 auctores
2505 5496 2686 5567 atque
2714 5497 3035 5562 amatores,
3060 5493 3306 5551 ultionis
3336 5495 3698 5569 aequissima
3721 5510 3853 5551 sen-

2195 5583 2443 5641 tentiam
2474 5598 2737 5657 recipere
2765 5582 3095 5641 creduntur
3124 5601 3137 5641 :
3172 5584 3463 5659 quodque
3492 5584 3794 5644 subnectis
3833 5601 3848 5640 :

2759 5742 2855 5784 10A
2863 5742 2997 5782 NNES
3048 5742 3276 5788 SCOTUS.

2262 5856 2429 5928 (Cap.
2446 5858 2711 5923 l0,nnm.
2738 5858 2791 5923 6,
2822 5856 2973 5916 sect.
2989 5854 3069 5925 3.)
3100 5856 3138 5907 Θ
3164 5854 3310 5922 Quae
3327 5854 3449 5912 duo
3467 5857 3519 5913 si
3547 5857 3725 5916 nulta
3746 5872 3847 5915 ra-
