3936 6404
68 301 205 356 H33

997 299 1088 352 DE
1128 295 1804 353 PREDESTINATIONE
1848 294 2134 350 CONTRA
2172 296 2222 349 J.
2269 298 2564 354 SCOTUM.

3385 302 3527 363 113i

66 425 146 480 tio
176 423 327 479 sinit
353 424 533 478 Deum
552 423 855 491 praescire,
875 428 1101 494 quanto
1122 425 1312 492 magis
1339 424 1730 493 przedestiua-
1759 423 1805 476 Α
1844 436 1984 475 nem
2006 435 2128 476 non
2147 436 2278 477 esse
2302 439 2314 477 :
2337 438 2467 478 esse
2480 427 2682 479 autem
2712 438 2924 479 eorum
2940 439 3077 497 quae
3096 426 3253 481 Deus
3275 426 3371 484 vel
3390 427 3531 487 fecit

64 528 146 580 re,
173 514 311 585 quis
340 512 562 568 audeat
587 512 785 568 dicere
805 512 923 567 nisi
943 526 980 567 a
1009 514 1320 569 contrario
1348 515 1376 568 ‘?

740 654 1068 695 CORRECTIO.

133 750 175 817 αι-
202 746 343 803 Jam
371 745 633 803 diximus
664 747 851 802 Deum
882 744 1171 801 veraciter
1192 746 1470 818 praescire
1496 749 1734 802 tantum

66 840 345 908 peccata,
374 851 496 892 non
528 834 708 891 etiam
729 834 1192 908 praedestinare;
1224 851 1471 908 pmnam
1500 851 1643 891 vero
1668 834 1733 890 il-

63 923 266 981 lorum
294 929 351 981 et
374 924 652 997 praescire
684 929 742 980 et
764 924 1216 997 praedestinare,
1271 924 1456 981 libere
1487 925 1733 1009 contite~

67 1029 204 1068 mur
232 1031 246 1070 :
278 1029 486 1070 verum
507 1016 806 1085 quantum
828 1029 1007 1085 super
1030 1012 1115 1067 tui
1141 1013 1407 1069 caecitate
1431 1018 1732 1086 stupeam,

64 1118 309 1175 nequeo
338 1102 678 1175 explicare;
711 1106 778 1159 ut
822 1103 927 1173 qui
970 1102 1263 1157 hactenus
1295 1103 1735 1173 priescientiam

69 1197 126 1247 et
152 1192 754 1265 przedestinationem
789 1207 977 1246 unum
1030 1208 1161 1247 esse
1193 1190 1554 1248 adstruxeris
1584 1192 1737 1247 adeo

68 1285 131 1335 ut
156 1280 315 1337 nihil
343 1281 580 1336 dili'erre
608 1280 1065 1351 asseveraveris,
1091 1296 1254 1336 nunc
1285 1297 1426 1335 cum
1467 1280 1738 1353 quadam

63 1369 431 1426 discretione
496 1368 796 1442 posueris,
856 1368 1111 1424 dicendo
1178 1368 1475 1441 siquidem
1544 1389 1554 1424 :
1608 1385 1739 1440 quae

64 1460 179 1514 duo
211 1461 269 1514 si
296 1460 473 1516 nulla
505 1460 662 1515 ratio
689 1474 830 1515 vera
863 1459 1004 1514 sinit
1028 1461 1213 1514 Deum
1232 1459 1608 1528 praescire,et
1636 1458 1738 1514 ad-

63 1548 270 1606 dendo
306 1566 322 1603 :
354 1554 583 1620 quanto
638 1549 827 1617 magis
874 1550 1337 1618 prcedestz'nare,
1392 1547 1737 1603 nullatenus

66 1653 135 1697 ea
164 1638 300 1693 sine
333 1637 540 1710 aliquo
586 1637 921 1693 differentia
952 1636 1198 1708 intelligi
1249 1637 1467 1693 debere
1498 1637 1739 1710 permit-

64 1727 156 1784 tis.
187 1725 319 1784 Hoc
362 1727 565 1799 ipsum
610 1726 673 1782 in
703 1726 1216 1798 consequentibus
1245 1726 1593 1797 conﬁrmas,
1646 1726 1736 1782 di-

67 1832 209 1873 09118
253 1835 266 1872 ζ

638 1902 877 1943 JOANNES
929 1903 1157 1944 SCOTUS.

137 1996 304 2068 (Cap.
339 1994 425 2062 10,
453 2009 624 2050 num.
658 2000 712 2065 7,
747 2000 890 2050 sect.
920 1995 996 2065 3.)
1032 2000 1070 2048 Θ
1096 1995 1300 2051 Simili
1323 1995 1518 2064 modo,
1565 1995 1618 2050 si
1643 1995 1735 2050 ui-

68 2086 155 2142 lu'l
183 2086 365 2142 aliud
390 2090 474 2143 est
508 2084 986 2155 praedestinalio,
1024 2086 1143 2140 nisi
1169 2099 1372 2141 eorum
1403 2100 1537 2155 qua
1578 2086 1736 2141 Deus

66 2174 352 2243 facienda
389 2174 699 2244 praevidit,
753 2175 1148 2243 prwparatio,
1190 2174 1482 2245 quomodo
1532 2189 1735 2247 eorum

68 2279 193 2334 quae
215 2266 382 2323 Deus
412 2279 519 2320 nec
546 2264 715 2334 fecit,
747 2278 853 2319 nec
896 2263 1187 2333 facienda
1215 2265 1615 2334 praeparavit,
1644 2264 1733 2319 di-

71 2355 256 2413 cenda
293 2360 380 2411 est
402 2353 866 2424 praedestinatio
890 2354 917 2409 ‘2

737 2475 1060 2516 CORREOTIO.

133 2570 175 2639 -ξ-
201 2568 586 2626 Conﬁrmans
615 2567 796 2638 igitur
822 2567 974 2623 nihil
1002 2567 1167 2623 aliud
1193 2583 1324 2623 esse
1344 2567 1735 2640 praedestina-

70 2657 309 2729 tionem,
340 2658 459 2713 nisi
485 2673 695 2713 eorum
743 2673 880 2730 quae
914 2660 1066 2713 Deus
1110 2657 1390 2714 facienda
1437 2658 1731 2731 praevidit,

68 2748 596 2820 praeparationem,
630 2748 897 2819 profecto
930 2763 1066 2803 eam
1094 2763 1130 2803 a
1160 2747 1537 2820 prtescientia
1566 2764 1736 2821 sepa-

70 2851 195 2891 rare
225 2835 608 2892 convinceris
641 2853 654 2891 :
689 2835 832 2908 quia
865 2836 1063 2891 omnis
1116 2836 1477 2910 praeparatio
1538 2836 1733 2891 nullo-

74 2924 248 2981 modo
274 2925 515 2998 absque
541 2925 917 2997 praescientia
940 2924 1177 2995 dicitur,
1203 2924 1577 2998 praescientia
1593 2938 1734 2979 vero

76 3012 296 3086 absque
327 3013 773 3087 praeparatione
798 3012 1157 3068 creberrime
1199 3013 1509 3084 reperitur.
1560 3010 1737 3067 Multa

1769 1780 1810 1835 Β

76 3102 224 3158 enim
255 3102 616 3174 praescimus
643 3100 736 3156 vel
766 3116 802 3156 a
839 3101 1025 3155 servis
1054 3101 1294 3166 nostris,
1343 3100 1438 3155 vel
1498 3100 1577 3156 ab
1607 3099 1737 3155 aliis
1767 3140 1808 3196 ε

76 3192 441 3263 quibuslibet
470 3190 765 3257 facienda,
795 3206 932 3262 quze
984 3189 1098 3262 ipsi
1129 3189 1378 3245 minime
1426 3204 1735 3261 praepara-

78 3296 222 3336 mus.
256 3284 504 3338 Constat
525 3295 668 3349 ergo
690 3278 1278 3351 praedestinationem
1300 3294 1336 3334 a
1364 3277 1736 3350 praescientia

77 3367 399 3439 plurimum
429 3367 674 3431 distare,
708 3383 849 3422 cum
879 3384 1014 3422 eam
1055 3366 1201 3421 nihil
1233 3366 1396 3423 aliud
1426 3381 1614 3438 quam
1640 3382 1736 3421 eo-

75 3472 201 3513 rum
228 3475 366 3532 qum
395 3461 550 3514 Deus
580 3457 860 3513 facienda
889 3457 1187 3528 praevidit,
1221 3456 1735 3529 praeparationem

77 3546 342 3605 insinuas
374 3567 388 3605 :
419 3548 565 3621 quia
596 3550 784 3603 Deum
833 3547 1207 3603 conditorem
1262 3546 1536 3602 omnium
1598 3562 1735 3618 quae

80 3641 229 3707 sunt,
255 3638 317 3694 in
346 3641 648 3711 quantum
681 3641 839 3708 sunt,
873 3637 1145 3710 praescire
1192 3636 1400 3692 omnia
1456 3636 1734 3699 dicimus,

78 3724 161 3781 vel
182 3727 258 3783 ab
288 3727 427 3800 ipso
457 3731 617 3793 sunt,
644 3726 739 3782 vel
767 3727 845 3782 ab
880 3727 1011 3799 ipso
1041 3742 1165 3782 non
1191 3729 1348 3781 sunt.
1398 3728 1547 3782 Sunt
1574 3724 1736 3781 enim

82 3814 152 3869 ab
171 3831 239 3872 eo
266 3823 551 3873 creaturae
585 3832 818 3881 omnes,
843 3833 994 3887 quas
1026 3814 1400 3887 praeseiendo
1425 3814 1733 3887 praedesti-

80 3904 233 3961 navit
256 3911 434 3980 atque
460 3906 707 3977 creavit,
724 3906 878 3961 sicut
895 3905 1197 3962 ordinavit
1214 3909 1392 3977 atque
1409 3904 1733 3975 disposuit;

82 4006 197 4049 non
226 4001 366 4052 sunt
390 3996 472 4052 ab
498 4012 568 4052 eo
594 4000 867 4069 peccata,
901 4011 1037 4067 quas
1065 4011 1174 4050 nec
1198 3993 1439 4065 creavit,
1473 4010 1582 4049 nec
1608 3992 1737 4048 ﬁeri

80 4081 272 4151 voluit,
291 4085 568 4159 quinimo
585 4084 920 4158 prohibuit;
946 4101 1083 4157 quae
1103 4084 1237 4139 ideo
1260 4082 1407 4138 nihil
1431 4082 1734 4149 dicuntur,

82 4172 213 4237 quia
240 4191 359 4231 non
387 4180 531 4232 sunt
559 4180 768 4232 creatae
798 4174 1168 4237 substantiae,
1203 4174 1309 4229 sed
1347 4177 1683 4228 creatarum
1702 4186 1739 4228 δ.

85 4261 192 4317 Deo
211 4264 597 4322 rationalium
623 4264 1105 4320 substantiarum
1139 4278 1342 4335 pravse
1373 4261 1734 4329 voluntates,

80 4353 446 4427 perversique
482 4358 682 4411 motus
703 4354 766 4409 in
797 4353 1010 4409 intima
1040 4351 1419 4425 culpabiliter
1464 4367 1535 4407 ac
1568 4351 1738 4407 dam-

83 4439 341 4499 nabiliter
391 4445 652 4501 distorti.
709 4448 896 4501 Deum
957 4447 1159 4500 autem
1216 4458 1329 4498 nec
1371 4442 1593 4511 videre,
1624 4457 1735 4497 nec

88 4529 242 4599 scire,
280 4535 682 4607 necjndicare
714 4539 915 4591 motus
965 4532 1265 4606 quoslibet
1323 4537 1733 4588 creaturarum

88 4631 227 4689 quas
254 4621 377 4695 ipse
402 4624 561 4693 fecit,
592 4641 780 4698 quam
808 4624 882 4681 sit
905 4623 1162 4697 impium
1184 4623 1400 4691 dicere,
1424 4636 1732 4695 quamque

87 4707 328 4766 veritatis
353 4718 411 4769 et
438 4714 678 4788 pietatis
709 4714 993 4782 alienum,
1040 4712 1190 4769 nulli
1235 4711 1506 4767 fidelium
1545 4710 1736 4767 ambi-

92 4808 215 4862 gere
239 4804 599 4862 conceditur.
635 4804 808 4861 Videt
829 4819 1012 4877 porro
1041 4803 1554 4877 quandocunque,
1588 4816 1738 4874 quo-

92 4887 497 4966 modocunque
559 4898 616 4951 et
667 4894 1018 4967 ubicunque
1074 4898 1393 4951 moventur
1447 4896 1734 4949 creaturae

96 4988 227 5048 suae,
253 4981 621 5057 perindeque
648 4988 704 5040 et
726 4983 979 5057 judicat,
1037 4999 1106 5039 ac
1158 4998 1268 5055 per
1320 4982 1437 5037 hoc
1480 4996 1607 5037 non
1653 4982 1737 5037 ita

95 5065 265 5123 modo
310 5086 379 5129 ea
424 5076 630 5131 videre
662 5074 953 5131 dicendus
980 5077 1069 5129 est
1119 5088 1190 5129 ac
1234 5071 1528 5143 judicare,
1561 5070 1738 5142 quasi

93 5150 361 5216 hactenus
380 5162 677 5236 ignorata,
695 5166 801 5222 sed
822 5181 958 5238 quae
985 5167 1313 5235 antequam
1326 5161 1536 5218 ﬁerent
1557 5175 1739 5234 praes-

100 5240 284 5319 cierat,
340 5255 695 5325 praeviderat
746 5271 814 5312 ac
872 5254 1265 5327 iudicaverat.
1308 5250 1535 5307 Eadem
1589 5249 1740 5307 dum

97 5328 253 5401 ﬁunt,
270 5341 389 5411 scit,
401 5345 564 5402 videt
575 5351 632 5403 et
641 5345 890 5417 judicat,
908 5344 1186 5417 factaque
1196 5358 1323 5398 non
1340 5341 1543 5415 aliquo
1554 5355 1737 5411 novo,

104 5419 315 5508 tibique
336 5437 579 5493 eatenus
599 5437 807 5508 ignoto
825 5434 1073 5507 judicio,
1099 5432 1205 5490 sed
1218 5431 1387 5505 quod
1408 5434 1544 5487 ante
1560 5445 1743 5486 saecu-

100 5505 157 5565 Ῑδσ
173 5519 604 5584 praedestinavit
623 5505 961 5583 secundum
979 5540 1116 5582 eam
1137 5520 1580 5596 praescientiam
1602 5535 1739 5593 qum

103 5611 205 5657 nec
222 5603 431 5670 fallitur
444 5632 553 5674 nec
585 5621 853 5675 mutatur
867 5615 1040 5691 punit
1071 5613 1453 5688 aequissimus
1473 5610 1744 5667 redditor

107 5690 274 5761 atclue
294 5690 887 5765 condemnat.Verum
908 5704 1185 5775 estigitur
1200 5719 1411 5760 eorum
1429 5718 1564 5775 quae
1584 5703 1739 5757 Deus

107 5786 207 5834 nec
235 5779 378 5860 fecit,
406 5808 514 5854 nec
542 5797 821 5857 facienda
848 5794 1231 5870 praeparavit,
1263 5790 1739 5867 praadestinatio—

1771 4501 1815 4555 D

1845 509 1940 564 vel
1970 508 2249 566 facienda
2276 511 2660 584 praeparavit,
2691 512 3312 586 praedestinationem,
3336 516 3401 573 id
3430 522 3527 577 est

1847 597 2310 670 dispositionem
2336 617 2407 657 ac
2454 602 3049 676 praaordinationem,
3081 608 3140 661 et
3188 606 3524 665 auctoritas

1843 687 2187 744 divinorum
2209 687 2609 762 eloquiorum,
2647 695 2702 748 et
2736 696 3129 751 tractatorum
3163 695 3531 755 orthodoxe-

1841 792 1980 833 rum
1991 776 2190 833 unitas
2201 780 2675 838 concordissima
2685 781 3095 856 docet.Itaque
3111 783 3343 842 malum
3353 785 3523 859 quod

1843 870 1932 921 est
1947 870 2283 938 peccatum,
2309 869 2434 926 sive
2452 870 2897 944 corruptionem
2913 888 3020 928 seu
3040 872 3346 931 defectum
3366 875 3516 932 boni

1846 956 2149 1027 appellare
2174 957 2370 1029 malis,
2411 975 2522 1015 nec
2550 963 2740 1017 Deum
2776 977 2928 1029 esse,
2952 978 3064 1018 nec
3086 962 3165 1020 ab
3184 962 3320 1036 ipso
3346 980 3514 1023 crea-

1845 1047 1996 1113 tum,
2030 1061 2140 1101 nec
2176 1046 2286 1119 ipsi
2324 1048 2613 1120 placitum
2634 1050 2977 1123 frequenter
2995 1052 3258 1110 diximus
3279 1058 3338 1111 et
3369 1054 3516 1113 fate-

1847 1150 2021 1188 mur:
2067 1139 2129 1190 at
2148 1139 2610 1209 consequentias
2643 1140 2797 1211 ejus,
2842 1140 2904 1196 id
2948 1145 3039 1197 est
3068 1157 3309 1214 poenas,
3347 1144 3516 1202 nullo

1848 1221 1963 1276 nisi
1978 1223 2099 1278 Deo
2113 1228 2355 1280 auctore
2373 1230 2427 1280 et
2444 1226 2645 1295 judice
2667 1228 2815 1291 ﬁeri,
2832 1227 3347 1288 fronteliberrima
3371 1248 3510 1304 pro-

1850 1311 2231 1369 clamamus?
2252 1314 2417 1387 quia,
2452 1315 2685 1372 dicente
2722 1318 3020 1391 Propheta
3044 1322 3286 1376 :Justus
3318 1324 3519 1379 Domi-

1850 1418 1962 1456 nus
1990 1404 2523 1475 jush’lz‘asdilexd,
2563 1409 2903 1478 aequitatem
2943 1410 3094 1464 vidit
3130 1412 3336 1466 vultus
3387 1413 3517 1481 ejus

1851 1491 2035 1561 (Psal.
2060 1510 2119 1563 x,
2154 1495 2225 1563 8),
2244 1493 2320 1548 ad
2343 1495 2390 1563 ej
2405 1511 2471 1549 us
2492 1495 2786 1565 justitiam
2808 1496 3513 1556 indubitanternovimus

1849 1580 2142 1651 pertinere
2168 1587 2231 1637 ut
2256 1582 2469 1654 puniat
2492 1588 3020 1655 transgressorem,
3051 1587 3156 1659 qui
3206 1586 3517 1660 prohibuit

1848 1684 1885 1724 a
1909 1671 2406 1741 transgressione,
2432 1688 2539 1728 nec
2560 1673 2819 1731 inultum
2841 1674 3142 1749 relinquat
3155 1677 3513 1749 praevarica-

1850 1762 2060 1829 torem,
2088 1760 2193 1832 qui
2220 1760 2478 1831 benigne
2504 1764 2738 1819 monuit
2765 1778 2841 1820 ne
2866 1764 3311 1837 praevaricaret.

1920 1849 1977 1902 Si
2007 1864 2214 1904 verum
2243 1849 2448 1905 lumen
2480 1851 2836 1921 attenderes,
2860 1868 3055 1926 eoque
3081 1853 3369 1912 illustrari
3395 1855 3511 1912 hu-

1848 1935 2064 1991 militer
2110 1942 2361 2009 peteres,
2395 1939 2630 1995 videres
2671 1955 2861 2012 quam
2911 1941 3211 1998 contraria
3258 1942 3369 1999 tibi
3394 1943 3515 2017 ipsi

1848 2040 2104 2097 poneres
2149 2026 2405 2083 dicendo
2459 2045 2471 2082 :
2518 2029 2666 2097 Ista,
2714 2029 2779 2085 id
2821 2035 2908 2086 est
2939 2036 3277 2100 peccatum,
3325 2047 3507 2102 mors,

1846 2115 2109 2183 miseria,
2142 2116 2373 2172 deserto
2404 2132 2522 2173 uno
2578 2120 2844 2175 omnium
2880 2120 3187 2188 pﬁneipio
3229 2120 3509 2178 deorsum

1845 2205 1910 2259 in
1931 2205 2191 2263 nihilum
2222 2206 2375 2263 bona
2401 2224 2533 2279 qua:
2575 2214 2996 2280 corrumpunt,
3026 2210 3228 2268 redire
3268 2216 3511 2268 conten-

1844 2294 1999 2350 dunt
2020 2296 2187 2368 (Cap.
2218 2295 2302 2366 10,
2333 2312 2503 2353 num.
2537 2301 2591 2365 8,
2624 2301 2763 2354 sect.
2794 2300 2875 2367 4),
2909 2313 3052 2355 cum
3083 2315 3268 2373 supra
3286 2299 3511 2357 dixeris

1844 2383 2073 2440 nullam
2106 2389 2387 2443 naturam
2415 2386 2626 2459 perire.
2662 2391 2811 2444 Nam
2835 2403 2975 2460 quas
3003 2386 3067 2446 in
3106 2387 3366 2446 nihilum
3421 2404 3513 2447 rev

1845 2474 2052 2543 dcunt,
2097 2475 2289 2547 perire
2329 2476 2465 2549 quis
2511 2477 2789 2533 nesciat?
2842 2481 3279 2549 Argumentare
3332 2478 3517 2551 igitur

1843 2563 2310 2637 quantumlibet,
2342 2570 2399 2622 et
2427 2581 2583 2637 nega
2604 2581 2642 2623 a
2664 2569 2785 2622 Deo
2807 2581 2920 2623 nec
2941 2567 3207 2640 praesciri
3230 2582 3343 2625 nec
3361 2582 3511 2641 prin.

1845 2652 2130 2710 destinari
2158 2659 2427 2727 peccata,
2452 2660 2729 2727 mortem,
2751 2656 3145 2729 supplicia.eo
3173 2658 3341 2731 quod
3362 2656 3512 2715 nihil

1846 2740 1981 2811 sint,
2014 2746 2090 2813 et,
2122 2743 2617 2818 quandocunque
2665 2744 2782 2801 tale
2816 2743 3048 2818 aliquid
3101 2744 3164 2801 in
3193 2744 3511 2819 Scripturis

1844 2830 2081 2902 legitur,
2115 2847 2152 2888 a
2174 2834 2475 2889 contrario
2505 2833 2787 2903 intellige.
2817 2832 2990 2890 Fides
3011 2849 3157 2890 vero
3186 2833 3510 2901 catholica,

1844 2921 2184 2977 secundum
2210 2922 2451 2993 regulas
2477 2938 2513 2979 a
2543 2922 2818 2979 Patribus
2848 2922 3166 2993 diligenter
3202 2930 3508 2996 exaratas,

1846 3013 1904 3064 et
1925 3009 2074 3065 scire
2103 3015 2160 3066 et
2185 3010 2462 3082 praescire
2487 3013 2675 3067 Deum
2700 3016 2970 3083 peccata,
2996 3018 3054 3068 et
3077 3012 3509 3084 prtedestinare

1847 3102 1903 3153 et
1928 3113 2271 3170 praeparare
2297 3098 2412 3154 illis
2452 3105 2728 3169 mortem,
2762 3104 2948 3172 atque
3000 3100 3300 3172 supplicia
3324 3101 3514 3156 ﬁdeli-

1848 3193 1935 3245 ter
1962 3187 2235 3244 edocebit
2278 3204 2291 3242 :
2324 3188 2619 3260 quoniam
2661 3191 2838 3260 Deus,
2886 3188 3254 3261 sempiterna
3283 3193 3344 3245 et
3368 3204 3514 3246 vera

1847 3278 2145 3351 sapientia
2165 3283 2347 3350 atque
2371 3278 2623 3349 justitia,
2648 3293 2774 3334 non
2799 3293 2838 3334 a
2855 3277 3062 3334 nihilo.
3087 3277 3287 3335 sedab
3303 3278 3510 3353 aliquo

1846 3366 2144 3440 prohibet,
2192 3383 2316 3423 non
2368 3366 2536 3436 nihil,
2571 3366 2678 3423 sed
2708 3367 2937 3440 aliquid
2966 3368 3159 3440 punit.
3222 3371 3372 3425 Eum
3400 3385 3513 3427 au-

1848 3463 1966 3514 tem
1997 3462 2053 3512 et
2076 3457 2393 3529 prohibere
2420 3474 2456 3513 a
2484 3458 2771 3530 peccatis,
2799 3456 2862 3513 id
2891 3461 2985 3514 est
3011 3458 3311 3528 perversis
3340 3459 3515 3515 moti-

1846 3547 1962 3603 bus
1987 3546 2162 3602 malre
2190 3546 2538 3615 voluntatis,
2570 3546 2895 3620 pravisque
2943 3546 3157 3603 usibus
3211 3548 3515 3606 membro-

1844 3653 1982 3692 rum
2009 3635 2296 3708 corporis,
2327 3636 2533 3709 eisque
2561 3636 2776 3692 merito
2804 3634 3024 3692 inferre
3051 3637 3358 3708 condigna
3374 3653 3515 3712 sup-

1844 3726 2045 3799 plicia,
2077 3741 2292 3781 omnes
2321 3725 2537 3783 divinae
2564 3726 2805 3798 paginae
2833 3730 3140 3793 resonant,
3174 3726 3349 3782 sicuti
3380 3726 3514 3797 jam

1844 3817 2055 3888 paucis
2084 3816 2416 3885 attigimus.

1918 3905 2325 3971 Quamobrem
2380 3911 2484 3961 tua
2510 3905 2712 3977 potius
2755 3903 3058 3973 miranda,
3094 3903 3218 3963 imo
3246 3903 3515 3961 dolenda

1845 3998 1933 4050 est
1972 3994 2229 4062 ezecitas,
2265 3994 2371 4065 qui
2397 3993 2682 4049 omnibus
2711 3992 3063 4049 hominibus
3098 3997 3239 4050 ante
3267 3996 3322 4050 te
3343 3992 3515 4049 inau-

1846 4084 1971 4140 dito
2000 4088 2281 4156 portento
2311 4082 2541 4138 moliris
2567 4096 2815 4139 omnem
2848 4087 3203 4139 sanctarum
3251 4081 3516 4156 Scriptu-

1844 4189 2051 4228 rarum
2082 4172 2393 4228 veritatem
2443 4172 2869 4228 inconcussam
2917 4187 3100 4228 sensu
3150 4171 3514 4245 pravissimo

1843 4266 2202 4336 pervertere,
2232 4262 2459 4318 docens
2486 4262 2781 4319 veraciter
2833 4261 3017 4330 dicta,
3074 4260 3364 4319 fallaciter
3406 4263 3513 4320 de-

1842 4352 1986 4408 bere
2013 4350 2283 4424 intelligi,
2318 4353 2497 4408 etiam
2519 4357 2746 4423 nostra,
2789 4355 2909 4409 ate
2947 4352 3127 4409 nobis
3174 4353 3351 4409 toties
3378 4367 3513 4411 ma-

1844 4441 2152 4515 levoleque
2172 4442 2438 4515 impacta
2458 4442 2713 4506 inscitia,
2739 4440 2846 4513 qui
2862 4440 3243 4497 illuminante
3255 4441 3513 4498 Domino

1844 4533 2126 4590 tenebras
2156 4538 2396 4589 nostras
2426 4538 2729 4607 quantum
2784 4530 2913 4602 ipse
2952 4531 3097 4588 dare
3135 4534 3194 4587 et
3223 4530 3514 4603 adjuvare

1844 4623 2149 4694 dignatur,
2182 4626 2464 4680 eamdem
2488 4622 2803 4678 veritatem
2829 4619 3247 4677 innutabiliter
3266 4623 3325 4675 et
3352 4635 3512 4677 asse-

1842 4712 2035 4769 rimus
2064 4718 2121 4769 et
2149 4717 2426 4769 tenemus
2451 4731 2463 4779 ;
2496 4726 2633 4783 quae
2654 4710 2703 4764 si
2733 4707 2841 4764 tibi
2873 4709 3254 4781 aliquatenus
3283 4707 3513 4763 illuxis-

1846 4806 1952 4868 set,
1993 4815 2315 4873 nunquam
2362 4798 2632 4873 prol‘ecto
2689 4796 2947 4853 dixisses
2978 4813 2993 4852 :
3024 4796 3516 4853 Pus-destinatio-

1846 4906 1978 4947 nem
2020 4896 2074 4948 et
2113 4890 2561 4960 praescientz‘am
2592 4888 2697 4943 Dei
2737 4891 3026 4942 naturam
3049 4899 3169 4941 esse
3207 4885 3374 4958 (Cap.
3424 4884 3510 4960 lo,

1845 4996 2014 5036 num.
2049 4985 2102 5047 9,
2138 4983 2281 5035 sect.
2313 4979 2389 5050 5).
2425 4976 2722 5043 Quoniam
2750 4974 2903 5031 sicut
2931 4974 3248 5047 prmmissa
3276 4972 3510 5031 affatim

1845 5068 2309 5142 adstipulantur,
2335 5066 2586 5125 relativa
2613 5068 2861 5122 naturas
2912 5068 3093 5137 atque
3142 5064 3514 5121 substantias

1845 5173 1972 5215 non
2001 5159 2436 5215 demonstrant.
2464 5159 2603 5213 Esse
2625 5159 2829 5212 autem
2849 5155 2977 5211 haec
3002 5153 3252 5213 relativa
3271 5153 3514 5210 dubitat

1846 5264 2048 5305 nemo.
2069 5248 2314 5304 Falsum
2336 5250 2425 5303 est
2445 5260 2590 5317 ergo
2612 5245 2712 5301 Dei
2732 5249 3017 5301 naturam
3045 5260 3175 5301 esse
3195 5243 3514 5318 praescieri-

1848 5343 1995 5397 tiam
2020 5343 2077 5395 et
2102 5336 2715 5412 praedestinationem,
2745 5335 3069 5409 praesciens
3093 5334 3323 5408 quippe
3348 5330 3513 5388 aliud

1847 5430 2105 5505 praescit,
2128 5434 2183 5485 et
2204 5427 2639 5503 praedestinans
2670 5425 2835 5483 aliud
2864 5424 3071 5498 utique
3100 5421 3508 5498 praedestinat.

1852 5520 1930 5592 Si,
1960 5520 2235 5593 inquam,
2266 5518 2369 5575 Dei
2393 5520 2612 5575 natura
2640 5518 2727 5573 est
2756 5513 3132 5588 praescientia
3160 5515 3219 5570 et
3245 5509 3512 5585 praedes-

1850 5608 2079 5678 tinatio,
2104 5621 2483 5680 consequens
2514 5605 2623 5662 erit
2654 5608 2719 5661 ut
2743 5617 2807 5658 se
2858 5601 3129 5658 futurum
3187 5598 3516 5674 praescierit

1850 5703 2030 5772 atque
2068 5696 2602 5772 praedestinaverit,
2655 5694 2773 5749 hoc
2823 5695 3028 5748 autem
3074 5690 3207 5747 ﬁeri
3263 5687 3515 5746 nullate-

1850 5805 1965 5846 nus
1990 5787 2202 5861 potuit,
2233 5787 2349 5844 nisi
2378 5786 2507 5858 ejus
2558 5781 2935 5858 praescientia
2964 5785 3023 5839 et
3064 5777 3513 5856 praedestinatio
