3936 6434
1048 28 1411 43 -Ε

407 370 540 427 1135
1501 372 1554 421 S.
1597 366 1961 423 PRUDENTH

2283 368 2380 424 SlS
2418 320 2733 428 EPIStIOPl
3704 374 3837 429 1136

402 495 541 549 ante
569 490 773 562 ipsum
797 487 980 544 fuisse
1005 488 1375 545 mendaciter
1395 489 1629 545 dicatur
1658 507 1672 555 ;
1699 491 1758 545 et
1787 488 1967 561 impie
1998 487 2060 544 in
2090 492 2138 549 Α
2174 489 2297 548 duo
2326 493 2513 552 verba
2555 497 2693 552 sunt
2733 494 3093 565 paenitentia
3122 496 3180 550 et
3239 496 3647 568 praescientia,
3688 512 3839 569 quo-

400 581 526 637 duo
555 578 762 651 aliqua
788 575 1114 632 dividatur.
1147 576 1320 637 Quod
1349 593 1535 650 quam
1582 577 1657 633 sit
1702 577 1959 650 impium
2006 582 2064 634 et
2172 595 2308 637 rum
2330 582 2477 654 quia
2522 598 2715 639 unum
2770 597 3102 654 congruere
3157 581 3527 640 credidimus
3555 587 3678 641 Deo
3709 586 3838 656 [al.,

400 669 833 742 blasphemum
861 680 1043 722 nemo
1071 679 1197 722 non
1241 665 1405 723 videt
1439 683 1451 723 :
1486 682 1611 723 non
1653 666 1814 723 enim
1843 672 1932 723 est
1982 664 2065 722 illi
2174 684 2437 740 congrue
2485 670 2786 729 credimus
2836 670 2899 728 in
2947 669 3111 744 Deo],
3145 669 3207 727 id
3253 674 3344 729 est
3395 674 3840 743 prwscientiam

403 758 571 817 aliud
585 772 724 823 esse,
743 754 906 812 aliud
921 755 1096 827 scire,
1114 753 1222 811 sed
1230 754 1347 812 hoc
1369 760 1460 813 est
1474 755 1558 812 illi
1575 757 1728 813 scire
1742 754 1909 829 quod
1922 770 2059 813 esse.

402 851 534 905 Non
559 852 647 903 est
676 844 902 918 quippe
932 842 1016 899 illi
1063 843 1344 900 accidens
1371 845 1489 902 hoc
1527 848 1758 901 tantum
1809 844 2064 914 bonum,

403 937 555 993 sicut
579 934 780 1003 nobis,
808 932 1034 1006 quibus
1064 932 1257 990 multa
1315 934 1608 1004 contingit
1654 934 1905 991 nescire.
1938 937 2066 991 Non

401 1030 607 1082 autem
663 1022 857 1080 evenit
910 1037 1034 1078 non
1062 1036 1218 1094 esse,
1276 1021 1383 1079 sed
1430 1028 1651 1080 natura
1705 1024 1836 1095 ejus
1884 1028 2066 1095 atque

400 1113 760 1177 substantia,
788 1110 969 1169 etiam
997 1110 1246 1169 scientia
1273 1112 1426 1171 sicut
1447 1117 1500 1170 et
1529 1112 1821 1186 sapientia
1847 1110 2067 1170 veraci-

401 1213 491 1266 ter
515 1203 900 1280 praedicatur.

472 1298 601 1352 Non
633 1291 816 1362 enim,
847 1294 913 1348 ut
944 1290 1026 1348 ait
1053 1290 1442 1362 Augustinus,
1501 1291 1630 1363 ejus
1684 1290 1929 1349 scientia
1967 1306 2068 1348 va-

398 1384 589 1443 riatur
609 1380 733 1438 ullo
754 1379 963 1450 modo,
986 1382 1052 1436 ut
1068 1379 1234 1436 aliud
1253 1379 1317 1437 in
1345 1395 1419 1438 ea
1437 1379 1618 1437 faciat
1638 1396 1772 1453 quae
1789 1379 2066 1437 nondum

399 1476 563 1540 sunt,
620 1468 786 1527 aliud
834 1484 973 1541 quae
1020 1468 1151 1540 jam
1209 1472 1368 1537 sunt,
1420 1468 1585 1526 aliud
1614 1484 1751 1542 quas
1802 1468 2061 1525 fuerunt.

398 1564 527 1619 Non
559 1560 722 1617 enim
767 1573 938 1615 more
967 1561 1176 1615 nostro
1204 1557 1302 1614 ille
1333 1557 1423 1614 vel
1466 1558 1636 1631 quod
1662 1557 1932 1616 futurum
1979 1561 2066 1615 est

396 1650 706 1727 prospicit,
738 1648 833 1706 vel
862 1647 1032 1722 quod
1056 1664 1321 1721 praesens
1352 1653 1440 1704 est
1471 1648 1701 1723 aspicit,
1748 1648 1840 1706 vel
1896 1647 2065 1721 quod

393 1739 766 1814 praeteritum
795 1742 883 1793 est
907 1736 1169 1809 respicit,
1195 1736 1302 1793 sed
1335 1735 1454 1793 alio
1486 1737 1672 1794 modo
1730 1736 2003 1810 quodam
2027 1752 2065 1794 a.

2174 772 2467 830 negamus
2487 760 2550 817 in
2579 775 2652 818 eo
2679 774 2810 817 esse
2822 760 3248 829 paenitentiam
3280 777 3294 817 :
3326 761 3475 818 Cum
3494 776 3639 819 vero
3660 760 3835 823 alius,

2171 845 2489 920 liquidiore
2514 847 2989 906 consideratione
3018 848 3133 906 ista
3163 851 3558 922 pertractans,
3587 850 3836 924 quaesie-

2175 936 2249 992 rit
2271 936 2794 1009 quemadmodum
2824 937 2918 995 vel
2947 938 3081 1012 ipsa
3107 939 3489 1013 praescientia
3535 943 3658 998 Deo
3703 956 3835 998 con-

2175 1028 2370 1095 gruat,
2403 1029 2460 1081 et
2499 1025 2793 1083 invenerit
2833 1026 3017 1098 hujus
3077 1026 3257 1084 etiam
3305 1027 3474 1084 verbi
3527 1031 3837 1085 notionem

2173 1112 2329 1169 illius
2374 1112 2661 1171 ineffabili
2703 1113 3010 1173 divinitate
3052 1113 3229 1184 longe
3275 1113 3515 1189 lateque
3547 1116 3836 1187 superari,

2172 1216 2298 1260 non
2348 1202 2600 1261 miratur
2648 1203 2776 1277 [al.,
2836 1203 3172 1277 miraretur]
3227 1207 3553 1279 utrumque
3612 1206 3689 1262 de
3739 1205 3839 1263 illo

2173 1294 2417 1365 propter
2447 1290 2726 1349 homines
2756 1292 2873 1349 dici
2916 1292 3206 1366 potuisse,
3237 1291 3314 1351 dc
3348 1309 3474 1368 quo
3513 1297 3839 1369 utrumque

2172 1382 2416 1453 propter
2440 1380 2647 1453 ipsum
2673 1380 3004 1453 incongrue
3025 1380 3321 1438 diceretur
3351 1400 3364 1439 :
3398 1382 3549 1456 quid
3567 1387 3659 1440 est
3675 1383 3838 1440 enim

2172 1468 2573 1542 praescientia,
2608 1468 2727 1527 nisi
2757 1469 3004 1527 scientia
3033 1469 3413 1540 futurorum;
3464 1472 3614 1545 quid
3637 1476 3838 1529 autem

2173 1556 2440 1614 futurum
2467 1564 2557 1615 est
2585 1559 2728 1627 Deo,
2750 1558 2896 1631 quia
2924 1558 3134 1615 omnia
3156 1562 3433 1631 tempora
3457 1559 3837 1632 supergredi-

2172 1644 2313 1701 tur?
2358 1645 2415 1702 Si
2441 1645 2602 1703 enim
2659 1645 2906 1703 scientia
2935 1646 3067 1720 [al.,
3099 1644 3163 1703 in
3214 1645 3459 1704 scientia
3506 1647 3689 1720 Deus]
3736 1647 3840 1705 Dei

2170 1748 2267 1790 res
2297 1733 2460 1808 ipsas
2488 1734 2692 1805 habet,
2720 1752 2845 1793 non
2872 1739 3013 1793 sunt
3036 1736 3090 1792 ei
3110 1735 3324 1793 futuras
3343 1736 3450 1793 sed
3468 1741 3838 1810 praesentes;

396 1834 750 1887 nostrarum
793 1824 1232 1894 cogitationum
1262 1824 1701 1881 consuetudine
1751 1825 1931 1896 longe
1961 1823 2063 1882 ali-
2095 1845 2134 1902 Β
2171 1838 2243 1880 ac
2263 1838 2371 1897 per
2397 1824 2514 1881 hoc
2542 1840 2668 1882 non
2688 1824 2819 1896 jam
2837 1825 3232 1899 prtescientia,
3258 1825 3363 1882 sed
3393 1828 3628 1883 tantum
3649 1827 3842 1883 scien-

397 1922 607 1992 terque
636 1917 894 1974 diverso.
923 1914 1022 1970 1110
1049 1914 1275 1988 quippe
1300 1930 1422 1971 non
1445 1929 1518 1970 ex
1542 1913 1660 1971 hoc
1692 1914 1755 1971 in
1788 1913 1937 1971 illud
1967 1929 2065 1971 co-

395 2008 683 2080 gitatione
728 2007 982 2072 mutata,
1039 2002 1146 2059 sed
1196 2003 1447 2060 omnino
1498 2002 2064 2061 incommutabiliter

392 2096 576 2165 videt,
606 2095 689 2153 ita
719 2097 783 2151 ut
808 2093 911 2151 illa
965 2090 1215 2165 quidem
1244 2108 1384 2166 quae
1441 2092 1849 2166 temporaliter
1887 2091 2060 2156 ﬁunt,

398 2188 459 2243 et
487 2184 691 2241 futura
720 2181 996 2240 nondum
1029 2180 1169 2250 sint,
1201 2185 1257 2239 et
1313 2181 1635 2255 praesentia
1659 2181 1790 2254 jam
1847 2180 1983 2245 sint,
2008 2184 2066 2239 et

394 2273 697 2349 praeterita
718 2273 853 2344 jam
880 2287 1005 2328 non
1036 2270 1186 2341 sint;
1219 2270 1349 2344 ipse
1377 2286 1522 2329 vero
1551 2275 1676 2329 haec
1706 2271 1914 2329 omnia
1948 2275 2064 2329 sta-

395 2363 507 2421 bili
532 2379 603 2421 ac
659 2361 1029 2435 sempiterna
1069 2360 1393 2435 praesentia
1425 2360 1922 2435 comprehendat,
1953 2376 2064 2418 nec

398 2451 572 2510 aliter
599 2449 811 2519 oculis,
843 2450 1014 2507 aliter
1057 2452 1259 2508 mente
1291 2464 1458 2507 :non
1510 2450 1674 2507 enim
1730 2466 1805 2508 ex
1858 2449 2064 2508 animo

395 2543 631 2598 constat
662 2543 720 2597 et
749 2555 1021 2613 corpore,
1046 2554 1158 2596 nec
1189 2538 1359 2596 aliter
1380 2554 1564 2607 nunc,
1590 2544 1646 2597 et
1676 2538 1845 2596 aliter
1863 2541 2061 2609 antea,

395 2633 455 2687 et
475 2629 646 2687 aliter
685 2633 931 2703 postea;
981 2627 1278 2702 quoniam
1305 2643 1429 2684 non
1472 2627 1624 2685 sicut
1669 2631 1901 2698 nostra,
1933 2628 2063 2701 ejus

394 2734 641 2792 quoque
671 2716 920 2775 scientia
950 2716 1129 2773 trium
1163 2722 1527 2790 temporum,
1558 2715 1869 2789 praesentis
1901 2714 2062 2771 vide-

394 2807 550 2877 licet,
579 2810 636 2864 et
657 2805 938 2880 prteteriti
961 2804 1057 2862 vel
1080 2804 1263 2861 futuri
1288 2804 1570 2861 varietate
1586 2806 1874 2873 mutatur,
1895 2804 2060 2877 apud

394 2912 581 2970 quem
608 2911 735 2953 non
765 2899 854 2953 est
882 2893 1247 2962 immutatio,
1271 2909 1382 2949 nec
1413 2892 1707 2949 momenti
1735 2892 2063 2951 obumbra-

394 2986 502 3044 tio.
534 2990 738 3061 Neque
769 2984 933 3042 enim
965 2983 1019 3039 ei
1046 2982 1299 3040 intentio
1334 2981 1411 3039 de
1441 2982 1803 3053 cogitatione
1860 2983 1920 3039 in
1965 2999 2062 3041 co-

397 3075 753 3146 gitationem
785 3072 1019 3144 transit,
1049 3071 1112 3128 in
1138 3072 1314 3143 cujus
1338 3070 1697 3143 incorporeo
1740 3071 1959 3129 intuitu
1989 3072 2060 3129 si-

395 3165 527 3222 mul
546 3165 775 3259 adsunt
786 3165 1005 3259 cuncta
1022 3177 1162 3259 quae
1179 3160 1363 3259 novit,
1382 3160 1677 3259 quoniam
1708 3162 2062 3259 temporalia
2091 3202 2132 3259 Ο

397 3257 620 3325 movet,
651 3252 833 3310 nullis
861 3250 985 3307 suis
1015 3248 1453 3322 temporalibus
1477 3249 1768 3308 motibus.
1801 3250 1889 3306 Ibi
1917 3266 2060 3321 ergo

400 3343 552 3400 vidit
572 3342 807 3399 bonum
832 3354 963 3395 esse
991 3339 1160 3412 quod
1176 3338 1335 3409 fecit,
1352 3338 1460 3396 ubi
1483 3339 1719 3396 bonum
1741 3357 1870 3397 esse
1890 3341 2060 3412 vidit,

374 3502 381 3509 λ
402 3435 469 3489 ut
495 3431 738 3498 faceret,
768 3443 881 3485 nec
905 3428 1053 3502 quia
1070 3427 1297 3485 factum
1317 3427 1486 3497 vidit,
1528 3428 1839 3487 scientiam
1868 3429 2063 3504 dupli-

401 3519 563 3576 cavit
584 3517 677 3574 vel
705 3533 777 3573 ex
807 3516 1012 3591 aliqua
1034 3521 1206 3591 parte
1236 3516 1423 3587 auxit,
1465 3522 1756 3592 tanquam
1805 3519 2059 3577 minoris

401 3606 664 3662 scientiae
693 3605 869 3662 fuerit
915 3605 1274 3681 priusquam
1316 3605 1538 3665 faceret
1588 3607 1756 3681 quod
1809 3608 2059 3679 videret,

399 3695 507 3770 qui
531 3700 656 3753 tam
677 3694 936 3770 perfecte
954 3711 1080 3754 non
1106 3700 1474 3770 operaretur,
1504 3697 1620 3753 nisi
1649 3701 1775 3755 tam
1795 3697 2062 3773 perfecta

400 3785 648 3843 scientia
674 3784 771 3842 cui
796 3785 945 3841 nihil
974 3801 1049 3843 ex
1095 3785 1228 3857 ejus
1256 3785 1543 3860 operibus
1574 3785 1916 3844 adderetur.
1950 3790 2059 3845 Ne-

399 3888 519 3945 que
548 3872 709 3930 enim
763 3872 917 3931 sicut
945 3873 1281 3945 hominem,
1341 3873 1424 3931 ita
1471 3876 1659 3931 Deum
1689 3876 2055 3950 cujusquam

399 3961 539 4018 facti
563 3962 657 4019 sui
682 3963 951 4037 poenitet,
1009 3963 1183 4036 cujus
1211 3964 1287 4021 de
1344 3964 1629 4021 omnibus
1678 3966 1929 4023 omnino
1973 3982 2062 4024 re-

396 4048 516 4108 bus
574 4057 701 4110 tam
757 4055 845 4111 est
891 4051 1014 4111 fixa
1067 4053 1363 4111 sententia
1431 4069 1617 4127 quam
1675 4058 1837 4113 certa
1908 4071 2060 4128 pras-

2170 1913 2253 1971 tia
2279 1912 2397 1970 dici
2425 1916 2656 1987 potest:
2690 1914 2739 1971 si
2768 1917 2994 1984 autem,
3024 1914 3176 1972 sicut
3203 1915 3266 1971 in
3296 1914 3506 1972 ordine
3530 1919 3838 1989 tempora-

2170 2002 2318 2060 lium
2347 2006 2778 2073 creaturarum,
2810 2004 2893 2062 ita
2923 2008 2981 2062 et
2999 2004 3167 2078 apud
3209 2021 3352 2062 eum
3380 2005 3658 2062 nondum
3698 2009 3837 2062 sunt

2172 2108 2309 2166 quae
2339 2091 2540 2150 futura
2600 2096 2760 2159 sunt,
2801 2093 2910 2151 sed
2967 2109 3041 2151 ea
3094 2094 3383 2168 praevenit
3411 2094 3655 2152 sciendo
3687 2112 3701 2151 :
3740 2094 3831 2151 bis

2171 2196 2316 2253 ergo
2344 2197 2417 2241 ea
2441 2180 2637 2251 sentit,
2669 2196 2794 2238 uno
2814 2181 3062 2256 quidem
3090 2182 3278 2239 modo
3307 2182 3645 2240 secundum
3675 2182 3831 2240 futu-

2169 2286 2377 2329 rorum
2404 2269 2870 2345 praescientiam,
2919 2270 3107 2329 altero
3136 2287 3281 2329 vero
3323 2272 3659 2329 secundum
3688 2287 3835 2346 prte-

2174 2359 2433 2417 sentium
2487 2358 2817 2418 scientiam.
2897 2360 3136 2434 Aliquid
3214 2370 3357 2432 ergo
3432 2361 3838 2436 temporaliter

2172 2447 2390 2506 accidit
2418 2450 2551 2516 [al.,
2583 2448 2831 2522 accedit]
2862 2448 3121 2506 scientias
3144 2449 3249 2507 Dei
3277 2449 3448 2523 quod
3474 2449 3837 2507 absurdissi-

2171 2553 2344 2595 mum
2364 2542 2546 2611 atque
2570 2536 2959 2595 falsissimum
2988 2542 3078 2597 est
3099 2556 3113 2597 :
3136 2554 3249 2595 nec
3271 2539 3435 2596 enim
3461 2542 3673 2614 potest,
3696 2556 3837 2613 quae

2172 2630 2426 2684 ventura
2451 2626 2790 2700 praenoscit,
2838 2642 3023 2685 nosse
3065 2643 3205 2684 cum
3261 2628 3552 2699 venerint,
3582 2627 3704 2684 nisi
3743 2627 3835 2684 bis

2170 2715 2567 2785 innotescunt,
2600 2720 2657 2773 et
2683 2717 3123 2789 praenoscendo
3145 2721 3477 2791 antequam
3503 2718 3639 2788 sint,
3663 2720 3724 2774 et
3742 2733 3835 2774 co-

2171 2807 2515 2875 gnoscendo
2536 2821 2676 2862 cum
2705 2806 2837 2878 jam
2859 2810 3017 2862 sunt.
3044 2810 3129 2863 Ita
3165 2806 3233 2862 ﬁt
3276 2812 3359 2877 ut,
3400 2805 3569 2880 quod
3593 2805 3779 2878 longe
3801 2821 3837 2863 a

2169 2893 2414 2951 veritate
2443 2894 2746 2951 seclusum
2768 2900 2877 2963 est,
2902 2894 3305 2968 temporaliter
3329 2894 3561 2968 aliquid
3602 2895 3838 2952 accidat

2170 2980 2300 3056 [al.,
2351 2982 2620 3056 accedat]
2651 2983 2911 3040 scicntia;
2948 2982 3070 3050 Dei,
3113 2998 3252 3038 cum
3277 2983 3655 3055 temporalia,
3700 3001 3837 3058 qua:

2169 3072 2586 3146 praesciuntur,
2610 3072 2793 3129 etiam
2812 3070 3128 3146 praesentia
3162 3070 3520 3141 sentiuntur,
3543 3087 3684 3145 quae
3714 3089 3839 3131 11011

2170 3160 2583 3219 sentiebantur
2611 3164 2939 3234 antequam
2992 3158 3221 3229 ﬁerent,
3262 3159 3370 3215 sed
3406 3162 3837 3220 tantummodo

2168 3250 2707 3324 praesentiebantur
2728 3249 2859 3321 [al,,
2875 3247 3390 3322 praesciebantur].
3410 3249 3469 3305 Si
3490 3265 3630 3307 vero
3654 3252 3837 3308 etiam

2170 3353 2313 3396 cum
2365 3336 2640 3395 venerint
2689 3352 2827 3409 quae
2882 3335 3357 3411 praesciebantur
3408 3353 3539 3394 esse
3576 3342 3838 3397 ventura

2171 3424 2304 3501 [al.,
2332 3425 2576 3497 futura],
2599 3424 2747 3481 nihil
2785 3426 2928 3482 novi
2955 3425 3186 3483 accidet
3206 3426 3336 3499 [al.,
3358 3427 3608 3500 accedit]
3640 3429 3837 3485 scien-

2171 3516 2265 3573 tiae
2316 3514 2437 3583 Dei,
2486 3513 2593 3570 sed
2637 3513 2910 3571 manebit
2927 3513 3030 3573 illa
3076 3516 3456 3589 przescientia
3490 3517 3646 3574 sicut
3689 3522 3836 3589 erat,

2168 3604 2350 3663 etiam
2403 3604 2764 3678 priusquam
2801 3603 3071 3661 venirent
3132 3620 3271 3678 quae
3335 3605 3836 3679 praesciebantur,

2169 3692 2482 3768 quomodo
2505 3692 2634 3765 jam
2652 3692 3029 3767 praescientia
3045 3692 3295 3764 dicetur,
3319 3694 3569 3767 quando
3590 3710 3723 3752 non
3753 3699 3839 3753 est

2169 3798 2372 3841 rerum
2392 3781 2731 3839 futurarum
2752 3782 2781 3838 ?
2809 3784 2941 3840 Jam
2964 3782 3128 3839 enim
3160 3783 3487 3857 praesentia
3507 3788 3651 3841 sunt
3699 3801 3836 3858 qua:

2169 3870 2372 3928 futura
2412 3869 2715 3943 cernebat,
2764 3874 2823 3928 et
2872 3869 3057 3944 paulo
3093 3876 3238 3944 post
3292 3875 3468 3927 erunt
3511 3873 3832 3944 praeterita.

2168 3959 2604 4017 Praeteritarum
2653 3963 2854 4016 autem
2911 3975 3137 4029 rerum,
3185 3960 3337 4017 sicut
3419 3961 3831 4034 praesentium,

2166 4047 2521 4106 nullomodo
2550 4051 2747 4123 potest
2790 4047 2907 4105 dici
2937 4048 3335 4122 praescientia.
3388 4048 3635 4107 Raditur
3689 4067 3834 4122 ergo

390 4139 665 4200 scientia.
2166 4137 2247 4198 ad
2270 4137 2334 4195 id
2361 4141 2428 4196 ut
2452 4137 2559 4195 ﬁat
2577 4136 2758 4195 rebus
2779 4137 2909 4211 jam
2933 4138 3334 4212 praesentibus
3379 4138 3648 4208 scientia,
3694 4156 3831 4213 quea

468 4230 789 4296 Quomodo
813 4246 956 4303 ergo
1000 4230 1285 4305 poeniteat
1312 4231 1541 4307 aliquid
1570 4233 1894 4291 Dominum
1926 4235 2058 4309 (Au-
2163 4228 2380 4287 iisdem
2426 4228 2608 4285 rebus
2637 4227 2850 4285 futuris
2879 4231 3007 4286 erat
3058 4228 3454 4302 praescientia,
3502 4232 3561 4286 et
3587 4244 3732 4286 cum
3762 4246 3833 4286 ea

394 4323 552 4390 gust.
574 4321 653 4375 ad
681 4319 1279 4394 Simplicianum,li.b.
1314 4337 1374 4392 11,
1401 4325 1599 4394 quaest
1621 4327 1678 4392 2,
1704 4338 1813 4397 per
1840 4325 2055 4393 totum)
2164 4334 2299 4393 quae
2353 4316 2729 4391 praescientia
2782 4320 2909 4374 erat
2964 4317 3155 4390 prius,
3203 4322 3413 4392 postea
3461 4317 3715 4375 scientia
3766 4318 3829 4375 in

392 4408 456 4464 in
478 4423 602 4482 quo
635 4412 728 4466 est
754 4410 951 4466 omnis
980 4409 1356 4483 praescientia
1375 4412 1403 4467 ‘2
1435 4414 1551 4469 Nos
1594 4427 1739 4469 vero
1768 4428 1907 4470 cum
1936 4412 2054 4470 1100
2163 4410 2284 4465 Deo
2312 4406 2436 4472 ﬁat,
2468 4406 2727 4465 admittit
2752 4405 3216 4464 mutabilitatem
3240 4410 3298 4464 et
3340 4406 3689 4480 temporalis
3715 4411 3825 4479 est,

393 4496 470 4554 dc
495 4498 616 4554 Deo
639 4497 703 4555 in
732 4498 950 4556 divinis
970 4499 1286 4573 Scripturis
1313 4499 1597 4558 addimus
1616 4501 1940 4573 indignum
1962 4518 2054 4560 ar-
2084 4555 2127 4573 ἡ
2164 4513 2305 4553 011111
2343 4496 2418 4553 sit
2438 4499 2595 4553 Deus
2624 4496 2730 4569 qui
2752 4511 2893 4552 vere
2923 4511 3287 4569 summeque
3314 4500 3421 4566 est,
3469 4511 3582 4553 nec
3608 4496 3732 4553 ulla
3758 4512 3828 4553 ex

389 4584 689 4643 bitramur
715 4555 833 4644 hoc
855 4555 931 4645 de
956 4587 1060 4644 illo
1094 4555 1370 4658 sentire?
1845 4555 2056 4649 EtEt
2083 4555 2128 4609 Ι)
2161 4591 2331 4662 parte
2356 4587 2431 4644 sit
2451 4555 2783 4656 mutabilis,
2813 4555 3084 4643 110οή11110
3131 4555 3305 4644 m‘otu
3330 4555 3557 4643 no'vitio
3603 4589 3826 4661 tempo-

390 4673 622 4749 aliquid
640 4675 874 4734 dicatur
895 4692 1004 4751 per
1018 4676 1187 4751 quod
1207 4676 1323 4734 hoc
1350 4676 1555 4752 aliquo
1572 4678 1758 4736 modo
1775 4678 2056 4737 demons-
2159 4676 2320 4735 ralis.
2380 4676 2583 4735 Placet
2605 4676 2785 4747 igitur
2804 4678 2871 4733 ut
2897 4690 3026 4733 non
3079 4675 3355 4733 dicamus
3375 4677 3820 4748 prwscientiam

390 4766 594 4824 tretur.
625 4768 775 4824 Cum
820 4781 966 4826 vero
1018 4765 1207 4824 verba
1235 4765 1466 4839 omnia,
1519 4766 1743 4841 quibus
1781 4767 2056 4829 humana
2161 4766 2285 4838 Dei,
2359 4765 2467 4822 sed
2544 4764 2970 4823 tantummodo
3045 4766 3379 4823 scientiam.
3468 4767 3819 4832 Quaeramus

387 4855 690 4930 colloquia
718 4860 1136 4930 conseruntur,
1166 4856 1325 4913 illius
1370 4857 1737 4932 sempiterna
1782 4858 1970 4917 virtus
1995 4863 2054 4919 et
2161 4860 2220 4914 et
2255 4855 2374 4913 hoc
2402 4853 2715 4929 quomodo
2748 4871 2762 4911 :
2794 4869 2921 4911 non
2967 4854 3131 4912 enim
3183 4854 3494 4912 scientiam
3561 4855 3821 4913 solemus

387 4945 670 5003 divinitas
698 4945 1051 5003 mirabiliter
1079 4949 1262 5019 atque
1308 4944 1727 5005 incunctanter
1777 4949 2048 5017 excedat,
2159 4944 2440 5002 dicerein
2463 4943 2663 5013 nobis,
2693 4943 2813 5002 nisi
2836 4960 2977 5001 cum
3032 4959 3216 5004 sensa
3263 4947 3321 5001 et
3365 4942 3665 5002 intellecta
3692 4961 3820 5001 mc-

385 5033 686 5106 quidquid
704 5033 780 5090 de
810 5033 912 5091 illo
948 5034 1303 5092 humanitus
1350 5033 1586 5109 dicitur,
1639 5036 1809 5109 quod
1866 5037 2050 5096 etiam
2157 5034 2355 5093 moria
2380 5033 2727 5105 retinemus,
2761 5033 2824 5090 id
2842 5038 2933 5092 est
2961 5049 3103 5091 cum
3144 5034 3534 5091 meminimus
3587 5032 3820 5106 aliquid

384 5120 734 5177 hominibus
760 5121 1140 5196 aspernabile
1168 5122 1445 5181 videatur
1473 5123 1609 5198 ipsa
1634 5123 1911 5185 humana
1938 5127 2048 5185 ad-
2155 5123 2412 5182 sensisse
2430 5139 2544 5181 nos
2563 5123 2659 5180 vel
2687 5122 3069 5190 intellexisse,
3097 5126 3165 5183 ut
3187 5124 3252 5181 id
3285 5124 3453 5198 quod
3496 5123 3629 5197 [al.,
3662 5139 3817 5227 cum]

384 5212 667 5266 monetur
689 5209 1026 5281 inﬁrmitas,
1055 5213 1234 5271 etiam
1262 5212 1365 5272 illa
1392 5229 1531 5289 quae
1554 5220 1956 5287 congruenter
1984 5217 2047 5275 in
2152 5216 2436 5273 volumus
2476 5213 2834 5274 recolamus.
2896 5214 3070 5281 Quod
3097 5213 3148 5272 si
3203 5214 3288 5273 ita
3324 5214 3389 5270 in
3430 5215 3552 5271 Deo
3600 5217 3705 5278 est,
3756 5209 3817 5283 ui

385 5298 702 5373 Scripturis
733 5300 958 5357 sanctis
985 5300 1062 5357 de
1083 5302 1204 5359 Deo
1225 5302 1386 5361 dicta
1415 5303 1736 5377 existimat,
1760 5306 2046 5363 humanas
2153 5305 2348 5380 possit
2383 5303 2626 5378 proprie
2656 5303 2774 5360 dici
2803 5305 3090 5375 intelligit
3120 5310 3177 5362 et
3207 5305 3510 5361 intellexit
3531 5321 3546 5373 ;
3568 5303 3745 5361 sentit
3764 5307 3812 5358 et
3880 5290 3881 5301 “

383 5389 701 5463 capacitati
738 5389 979 5463 aptiora
1020 5406 1153 5448 esse
1182 5407 1371 5465 quam
1399 5392 1619 5450 divinae
1672 5394 2040 5454 sublimitati.
2154 5397 2355 5464 sensit,
2385 5393 2602 5451 amittit
2628 5396 2892 5466 tempus,
2920 5397 2978 5450 et
2999 5393 3256 5467 subripit
3285 5392 3678 5450 nihilominus
3720 5391 3817 5448 illa

384 5483 464 5534 Ac
492 5493 601 5551 per
627 5478 746 5536 hoc
773 5479 956 5537 etiam
987 5479 1122 5553 ipsa
1150 5494 1281 5537 esse
1306 5482 1795 5541 transcendenda
1836 5488 1925 5542 est
1953 5501 2045 5543 sa-
2152 5484 2544 5553 mutabilitas,
2575 5499 2713 5556 quae
2740 5483 2916 5554 longe
2945 5499 2983 5541 a
3005 5483 3108 5541 Dei
3139 5482 3480 5541 substantia
3500 5497 3816 5540 removen-

381 5565 515 5622 nior
528 5565 860 5624 intellectus
886 5568 1018 5642 [al.,
1043 5568 1281 5627 saniore
1314 5569 1636 5644 intellectu]
1663 5589 1677 5639 ;
1720 5572 1873 5631 sicut
1926 5572 2045 5631 ista
2152 5575 2234 5633 da
2263 5579 2371 5634 est.
2400 5577 2468 5632 Et
2500 5578 2705 5632 tamen
2730 5577 2788 5631 et
2807 5574 2916 5631 scit
2944 5577 3101 5631 Deus
3125 5578 3184 5632 et
3217 5574 3457 5649 praescit
3484 5575 3641 5630 Deus
3667 5570 3815 5628 incf-

380 5653 789 5728 qualicunquc
817 5660 1165 5715 transcensu
1198 5660 1521 5733 sunt:quis
1548 5665 1637 5716 est
1662 5662 1825 5717 enim
1851 5662 2044 5718 1101111⁶
2152 5662 2320 5720 fabili
2348 5663 2555 5721 modo.
2588 5664 2681 5721 Sic
2707 5664 2869 5720 enim
2908 5667 2965 5721 ct
2993 5664 3244 5738 pmnitet
3291 5661 3580 5722 ineffabili
3610 5660 3812 5718 modo.

382 5752 553 5810 num,
602 5742 700 5798 cui
723 5759 851 5801 non
871 5751 1149 5804 occurrat
1176 5748 1238 5804 in
1270 5750 1390 5805 Deo
1422 5753 1643 5807 cuncta
1693 5751 2041 5822 praescientc
2153 5752 2304 5809 Cum
2333 5753 2495 5810 enim
2520 5753 2768 5811 scientia
2815 5753 2919 5809 Dei
2963 5752 3143 5824 longe
3190 5752 3369 5810 distet
3422 5751 3500 5810 ab
3543 5750 3814 5807 humana

380 5827 797 5893 paenitentiam
825 5845 954 5891 esse
978 5848 1106 5893 non
1132 5849 1332 5909 posse.
1389 5840 1457 5895 Et
1486 5840 1641 5897 certe
1681 5841 1886 5897 tamen
1909 5838 2039 5898 haec
2152 5840 2417 5911 scientia,
2448 5841 2533 5901 ita
2561 5846 2626 5899 ut
2654 5841 2962 5902 irridenda
2991 5841 3066 5901 sit
3114 5840 3511 5917 comparatio,
3562 5843 3811 5915 utraque
