3936 6374
77 269 205 322 1137

999 269 1090 323 DE
1130 261 1813 325 PRIEDESTINATIONE
1855 262 2139 321 CONTRA
2185 265 2235 318 J.
2287 263 2572 324 SCOTUM

3371 271 3504 325 1138

73 393 276 446 tamen
309 390 562 447 scientia
588 393 861 460 vocatur,
894 394 953 450 et
989 391 1120 448 haec
1165 392 1416 466 quidem
1467 391 1743 448 humana
1772 388 1820 443 Α
1849 387 2032 444 etiam
2060 388 2122 444 id
2152 389 2354 462 ipsum
2383 389 2552 462 quod
2584 389 2742 445 Deus
2770 386 2986 443 dicitur
3012 385 3194 457 longe
3226 387 3392 445 aliud
3419 395 3514 448 est

74 479 200 535 talis
227 483 333 548 est,
362 483 429 536 ut
449 480 524 535 de
551 479 654 536 illa
676 480 838 538 dicat
859 482 1180 554 Apostolus
1213 499 1226 537 :
1251 483 1452 539 Etiam
1484 479 1737 538 scientia

75 569 418 626 destruetur
437 567 491 640 (1
521 569 659 625 Cor.
691 585 816 640 xm,
849 570 926 642 9),
958 569 1127 643 quod
1151 569 1319 627 nullo
1347 569 1534 628 modo
1577 572 1735 624 recte

75 657 147 712 de
179 657 431 713 scientia
451 656 552 714 Dei
575 657 693 714 dici
721 662 939 730 potest.
986 659 1078 715 Sic
1110 665 1166 716 et
1195 659 1287 716 ira
1314 657 1583 716 hominis
1612 660 1731 713 tur-

73 745 217 802 bida
247 748 358 809 est,
391 750 449 803 et
469 762 594 802 non
625 746 754 804 sine
785 747 1052 804 cruciatu
1075 747 1300 817 animi;
1329 748 1420 805 ira
1443 761 1588 803 vero
1609 745 1732 813 Dei,

71 832 144 888 de
183 849 312 905 qua
337 833 557 891 dicitur
583 833 646 890 in
677 835 1036 905 Evangelio:
1084 836 1205 892 Sed
1258 836 1354 892 ira
1383 835 1491 892 Dei
1535 837 1736 890 manet

71 937 255 991 super
283 937 414 979 eum
441 922 642 995 (Joan.
675 939 760 993 ιιι,
791 924 902 996 36).
929 927 996 981 Et
1020 923 1378 998 Apostolus:
1411 923 1738 981 Revelatur

73 1012 224 1068 enim
256 1013 352 1069 ira
380 1014 494 1070 Dei
540 1013 613 1070 de
658 1013 804 1070 caelo
861 1029 1043 1084 super
1092 1030 1321 1071 omnem
1374 1014 1734 1085 impietatem

76 1101 261 1167 (Rom.
288 1119 328 1173 1,
365 1103 583 1176 18),illa
606 1103 768 1159 enim
797 1102 1229 1176 tranquillitate
1240 1104 1462 1176 jugiter
1489 1116 1738 1159 manen-

73 1193 124 1246 te
154 1189 216 1247 in
246 1196 525 1249 creatura
547 1193 792 1250 subdita
819 1199 1054 1250 exercet
1084 1192 1428 1250 admirabili
1458 1191 1738 1265 aequitate

73 1279 426 1338 vindictam.
485 1281 888 1339 Misericordia
936 1298 1184 1356 quoque
1238 1281 1502 1338 hominis
1553 1280 1739 1338 habet

68 1369 433 1426 nonnullam
463 1370 662 1426 cordis
688 1370 994 1427 miseriam
1019 1388 1032 1439 ;
1057 1371 1219 1427 unde
1249 1371 1429 1428 etiam
1459 1369 1521 1426 in
1549 1368 1739 1426 latina

68 1457 283 1528 lingua
312 1475 536 1516 nomen
592 1461 856 1534 accepit:
883 1476 1028 1517 nam
1074 1461 1214 1518 inde
1244 1465 1334 1518 est
1355 1461 1538 1518 etiam
1570 1458 1737 1533 quod

68 1563 189 1604 non
223 1549 426 1604 solum
449 1550 714 1620 gaudere
743 1567 877 1607 cum
929 1550 1351 1622 gaudentibus,
1398 1549 1504 1606 sed
1554 1549 1735 1605 etiam

73 1637 214 1705 ﬂere
245 1652 381 1693 cum
410 1638 692 1703 ﬂentibus
718 1638 992 1696 hortatur
1038 1638 1359 1712 Apostolus
1399 1640 1588 1706 (Rom.
1627 1641 1732 1706 xu,

1847 493 2035 550 quam
2075 479 2597 551 quemadmodum
2627 480 2715 534 est
2745 477 2972 533 dictum
3029 477 3197 549 quod
3234 481 3395 535 stetit
3446 481 3510 536 in

1845 581 2157 639 synagoga
2187 568 2454 639 deorum,
2487 571 2691 624 tamen
2723 565 2801 624 ad
2858 581 2979 622 non
3013 567 3202 623 latere
3229 583 3512 640 quoquo-

1848 655 2034 713 modo
2061 657 2315 730 pertinet
2359 656 2831 714 communicatio
2881 656 3014 729 ipsa
3069 656 3371 714 vocabuli.
3418 658 3512 714 Sic

1847 745 2026 802 etiam
2057 745 2131 802 de
2151 746 2512 804 irahominis
2541 745 2793 803 detraho
2821 744 3233 803 turbulentum
3251 749 3508 819 motum,

1848 835 1913 889 ut
1936 837 2246 891 remaneat
2273 834 2549 891 vindictae
2582 833 2787 905 vigor:
2840 837 3021 906 atque
3066 832 3148 890 ita
3199 837 3510 907 utcunque

1847 935 2102 992 assurgo
2127 921 2188 978 in
2227 922 2500 980 notitiam
2528 922 2685 979 illius
2714 938 2851 996 quas
2895 921 3234 995 appellatur
3264 922 3355 979 ira
3383 923 3508 979 Dei.

1845 1008 1994 1067 Item
2023 1010 2097 1068 de
2109 1011 2518 1068 misericordia
2535 1012 2584 1069 si
2601 1010 2837 1069 auferas
2854 1011 3509 1083 compassionem,cum

1847 1101 1978 1172 ejus
2009 1117 2194 1173 quem
2223 1100 2580 1170 miserearis,
2611 1101 3005 1174 partieipatus
3034 1116 3097 1156 es
3134 1100 3411 1172 miseriae,
3441 1105 3508 1157 ut

1845 1194 2156 1247 remaneat
2171 1190 2493 1264 tranquilla
2507 1191 2746 1248 bonitas
2769 1190 3165 1246 subveniendi
3192 1194 3247 1247 et
3272 1207 3310 1248 a
3331 1192 3510 1248 mise-

1846 1280 1935 1336 ria
1958 1279 2277 1351 liberandi,
2309 1280 2650 1336 insinuatur
2666 1279 3088 1336 miserieordim
3118 1279 3336 1336 divinae
3358 1297 3508 1353 qua-

1845 1367 2160 1442 liscunque
2199 1369 2480 1440 cognitio.
2513 1367 2714 1425 Zelum
2760 1383 3005 1442 quoque
3038 1367 3138 1424 Dei
3166 1383 3294 1424 non
3331 1385 3509 1442 repu-

1847 1457 2084 1515 diemus
2101 1463 2158 1515 et
2183 1474 2598 1532 aspernemur,
2619 1474 2758 1514 cum
2783 1457 3074 1531 scriptum
3099 1457 3504 1526 inveniamus;

1846 1548 1952 1605 sed
1981 1548 2328 1606 auferamus
2359 1548 2435 1605 de
2481 1548 2752 1606 humano
2782 1548 2908 1605 zelo
2967 1546 3260 1620 pallidam
3302 1548 3507 1604 tabem

1845 1637 2090 1708 doloris,
2124 1643 2182 1696 et
2210 1638 2556 1696 morbidam
2608 1637 3128 1712 perturbationem
3182 1638 3390 1710 animi,
3421 1655 3510 1695 re-

80 1726 180 1796 15).
205 1725 353 1792 Quis
396 1731 599 1783 autem
630 1743 780 1784 sano
810 1728 1005 1800 capite
1053 1727 1268 1784 dixerit
1321 1727 1447 1784 ulla
1493 1726 1738 1784 miseria
1765 1745 1806 1800 Β
1844 1728 2372 1801 maneatqueillud
2400 1728 2597 1785 solum
2618 1727 3507 1800 indiciumquocorruptiocas’

72 1815 236 1885 tangi
264 1816 478 1884 Deum,
509 1831 695 1888 quem
724 1820 927 1873 tamen
951 1817 1182 1890 ubique
1219 1817 1524 1890 Scriptura
1552 1816 1734 1872 mise-

72 1903 370 1960 ricordem
402 1905 535 1975 [al.,
566 1904 771 1962 multa:
826 1905 1277 1977 misericordiae]
1303 1921 1432 1963 esse
1461 1910 1732 1962 testatur.

69 1995 159 2050 Ira
189 1997 248 2051 et
276 1994 471 2050 zelum
491 1995 832 2052 humanum
860 2011 986 2053 non
1011 1995 1142 2053 sine
1161 2000 1328 2068 peste
1346 1995 1552 2053 livoris
1571 1992 1738 2052 intel«

68 2083 348 2155 ligimus;
380 2084 673 2142 zelantem
693 2101 837 2143 vero
869 2089 1059 2142 Deum
1084 2087 1323 2156 (Exod,
1346 2103 1446 2155 xx,
1467 2090 1732 2154 5;xxx1v,

74 2176 156 2246 tt)
185 2190 313 2231 non
342 2175 446 2243 ita,
479 2175 586 2232 sed
615 2176 832 2234 eodem
859 2176 1067 2246 verbo,
1105 2192 1233 2234 non
1272 2176 1491 2234 eodem
1513 2174 1730 2232 modo:

71 2263 321 2334 longum
353 2268 442 2321 est
470 2280 818 2338 percurrere
844 2268 1078 2334 caetera,
1113 2270 1170 2322 et
1199 2271 1342 2322 sunt
1389 2265 1736 2321 innumera-

72 2351 230 2424 bilia,
262 2353 492 2426 quibus
551 2354 891 2411 ostenditur
928 2355 1119 2414 multa
1148 2353 1356 2412 divina
1381 2353 1595 2410 iisdem
1622 2367 1735 2410 no-

76 2441 340 2498 minibus
375 2443 667 2516 appellari
691 2445 913 2516 quibus
951 2445 1225 2501 humana
1255 2459 1394 2500 cum
1425 2444 1736 2517 incompa-

73 2529 243 2586 rabili
282 2531 632 2588 diversitate
660 2533 740 2603 sej
752 2537 934 2590 uncta
957 2536 1113 2590 sunt.
1146 2534 1265 2588 Nec
1295 2537 1497 2589 tamen
1515 2531 1738 2588 frustra

75 2619 284 2676 eadem
326 2624 468 2677 sunt
495 2621 679 2676 rebus
710 2621 984 2695 utrisque
1033 2621 1222 2678 indita
1250 2620 1550 2678 vocabula
1575 2639 1588 2689 ;
1619 2620 1736 2676 nisi

75 2709 215 2782 quia
235 2710 368 2767 haec
392 2711 796 2784 cognita,un
822 2711 883 2767 in
913 2711 1273 2785 quotidiana
1301 2709 1735 2768 consuetudine

75 2804 390 2856 versantur
419 2804 476 2856 et
533 2801 958 2874 experimentis
1016 2800 1428 2858 usitatioribus
1477 2800 1737 2856 innotes-

77 2895 232 2955 cunt,
262 2890 628 2947 nonnullam
644 2891 724 2948 ad
740 2891 1130 2963 intelligenda
1156 2891 1256 2948 illa
1281 2891 1564 2948 sublimia
1585 2907 1737 2964 prae-

76 2977 211 3035 bent
233 2979 455 3036 viam?
479 2981 628 3036 Cum
676 2979 840 3035 enim
892 2979 1288 3053 desumpsero
1344 2979 1420 3036 de
1465 2980 1739 3036 humana

79 3067 322 3158 scientia
355 3067 841 3158 mutabilitatem,
862 3074 918 3125 et
946 3070 1230 3126 transitus
1249 3068 1553 3142 quosdam
1585 3085 1622 3126 a
1642 3085 1738 3126 co-
1770 3102 1812 3158 ε

78 3157 358 3227 gitatione
383 3157 447 3213 in
477 3157 921 3227 cogitationem,
953 3175 1091 3214 cum
1125 3158 1466 3229 recolimus,
1498 3163 1563 3214 ut
1612 3173 1738 3214 cer-

78 3261 288 3303 namus
312 3246 521 3302 animo
545 3245 714 3318 quod
736 3245 800 3301 in
816 3247 1087 3303 contuitu
1103 3246 1235 3318 ejus
1251 3245 1436 3319 paulo
1457 3249 1595 3302 ante
1615 3262 1739 3303 non

78 3339 418 3407 erat,atque
450 3333 534 3390 ita
567 3333 644 3388 de
675 3337 843 3405 parte
861 3333 924 3389 in
951 3337 1184 3406 partem
1216 3333 1439 3390 crebris
1464 3334 1740 3391 recorda-

80 3421 337 3478 tionibus
370 3421 764 3492 transilimus,
819 3421 982 3479 unde
1039 3423 1220 3479 etiam
1273 3437 1348 3479 ex
1389 3428 1570 3492 parte
1599 3421 1740 3479 dicit

79 3511 398 3582 Apostolus
457 3514 733 3566 nostram
791 3509 1157 3568 scientiam:
1211 3527 1352 3567 cum
1408 3526 1555 3582 ergo
1610 3511 1741 3567 haec

81 3604 291 3659 cuncta
315 3601 654 3669 detraxero,
683 3605 741 3658 et
764 3601 1064 3674 reliquero
1110 3599 1306 3658 solam
1362 3601 1740 3658 vivacitatem

84 3693 246 3746 certae
275 3694 459 3763 atque
488 3689 866 3746 inconcussas
887 3689 1172 3759 veritatis,
1221 3704 1348 3745 una
1376 3695 1557 3762 atque
1575 3693 1741 3746 teter-

83 3793 157 3834 na
185 3777 691 3851 contemplatione
746 3782 964 3835 cuncta
990 3777 1418 3849 collustrantis,
1458 3779 1582 3835 imo
1616 3794 1740 3835 non

83 3867 393 3940 reliquero,
416 3883 540 3924 non
561 3868 723 3924 enim
743 3867 927 3924 habet
953 3868 1142 3924 ethoc
1163 3867 1436 3924 humana
1467 3869 1737 3950 scientia,

83 3957 182 4012 sed
209 3974 318 4030 pro
347 3957 580 4013 viribus
603 3957 968 4028 cogitavere,
987 3957 1330 4014 insinuatur
1353 3957 1501 4014 mihi
1532 3963 1742 4014 utcun-

84 4061 193 4116 que
214 4046 465 4104 scientia
488 4046 610 4103 Dei.
647 4046 821 4112 Quod
840 4052 1048 4103 tamen
1076 4062 1324 4119 nomen,
1357 4062 1427 4102 ex
1474 4062 1544 4102 eo
1573 4047 1741 4120 quod

86 4135 318 4192 sciendo
349 4135 582 4208 aliquid
608 4151 731 4191 non
761 4135 1252 4201 latethominem,
1284 4135 1481 4208 potuit
1503 4152 1636 4191 esse
1656 4136 1740 4192 rei

86 4223 310 4297 utrique
333 4241 696 4293 commune;
729 4241 1087 4297 quanquam
1135 4229 1192 4280 et
1219 4225 1281 4280 in
1311 4224 1456 4298 ipsis
1487 4224 1742 4282 homini-

88 4310 194 4369 bus
224 4315 370 4372 solet
419 4314 684 4370 discerni
712 4331 749 4370 a
778 4314 1075 4387 sapientia
1117 4314 1383 4371 scientia.
1437 4316 1503 4371 Ut
1561 4314 1741 4372 etiam

89 4404 398 4474 Apostolus
424 4403 596 4460 dicit:
627 4405 759 4460 Alii
783 4404 1020 4475 quidem
1074 4404 1262 4460 datur
1302 4419 1418 4474 per
1461 4405 1741 4474 spiritum

87 4506 267 4549 sermo
333 4496 666 4564 sapientiae,
721 4495 836 4551 alii
884 4509 1074 4550 sermo
1112 4495 1375 4551 scientiae
1415 4495 1741 4553 secundum

88 4584 342 4642 eumdem
374 4586 654 4655 spiritum
687 4588 729 4652 (1
765 4585 901 4641 Cor.
926 4600 1028 4653 xu,
1059 4584 1134 4657 8).
1166 4584 1231 4640 In
1262 4587 1382 4641 Deo
1421 4589 1623 4642 autem
1652 4587 1740 4642 ni-

89 4673 299 4729 mirum
328 4690 456 4730 non
488 4677 628 4730 sunt
654 4674 785 4730 haec
832 4672 956 4730 duo
982 4673 1087 4730 sed
1119 4690 1331 4742 unum,
1365 4679 1421 4731 et
1450 4675 1511 4730 in
1541 4675 1737 4732 homi-

90 4761 258 4826 nibus
285 4763 534 4836 quidem
558 4763 688 4820 haec
717 4763 799 4819 ita
827 4763 1089 4819 discerni
1119 4763 1506 4837 probabiliter
1546 4763 1740 4823 solent

91 4854 150 4905 ut
185 4853 479 4924 sapientia
508 4853 806 4926 pertineat
847 4851 927 4908 ad
957 4852 1322 4909 intellectum
1352 4859 1734 4923 aeternorum,

95 4939 326 4998 scientia
355 4958 497 4998 vero
528 4939 607 4996 ad
639 4956 711 4997 ea
741 4957 877 5014 quae
911 4941 1187 4997 sensibus
1218 4943 1488 5014 corporis
1512 4944 1740 5016 experi-

91 5041 236 5084 mur.
265 5030 377 5086 Sed
406 5030 544 5086 licet
564 5028 715 5086 alius
734 5030 916 5086 aliam
945 5029 1342 5086 differentiam
1367 5031 1738 5104 proferat,ni-

93 5117 137 5171 si
163 5122 355 5176 tamen
385 5120 627 5176 diversa
656 5123 874 5190 essent,
908 5136 1032 5176 non
1066 5119 1150 5175 sic
1181 5119 1260 5178 ab
1309 5120 1596 5193 Apostolo
1626 5121 1738 5178 dis-

93 5205 513 5275 tinguerentur.
548 5208 722 5275 Quod
753 5225 900 5265 sane
928 5209 979 5264 si
1010 5209 1091 5265 ita
1117 5214 1208 5264 est
1237 5215 1302 5266 ut
1319 5211 1739 5268 nomenscien-

94 5293 181 5349 tize
221 5297 395 5354 rebus
423 5314 580 5371 quas
629 5314 738 5372 per
769 5313 1015 5356 sensum
1046 5299 1314 5372 corporis
1373 5299 1734 5373 experimur,

95 5382 493 5457 deputandum
525 5389 597 5445 sit
644 5388 775 5460 [al.,
828 5387 1230 5462 deputatum],
1278 5388 1444 5447 nulla
1475 5395 1564 5447 est
1613 5405 1739 5449 om-

98 5471 229 5530 nino
260 5476 508 5535 scientia
529 5475 631 5534 Dei
657 5495 669 5546 ;
699 5493 823 5534 non
850 5477 1009 5534 enim
1043 5481 1200 5536 Deus
1229 5494 1336 5552 per
1365 5478 1634 5552 seipsum
1665 5497 1737 5539 ex

98 5575 330 5635 corpore
361 5570 416 5623 et
443 5566 651 5624 anima
678 5569 932 5637 constat,
964 5567 1116 5624 sicut
1143 5568 1348 5625 homo.
1381 5569 1495 5626 Sed
1524 5570 1738 5628 melius

99 5647 301 5708 dicitur
330 5655 509 5712 aliam
548 5671 677 5711 esse
712 5655 1026 5712 scientiam
1059 5656 1178 5726 Dei,
1212 5661 1267 5712 et.
1294 5671 1416 5712 non
1465 5658 1740 5729 ejusdem

101 5740 320 5806 generis
346 5745 516 5817 cujus
544 5745 657 5804 ista.
685 5746 774 5804 est
795 5759 932 5816 quae
958 5744 1275 5804 hominum
1296 5745 1549 5806 dicitur:
1579 5747 1732 5809 sicut

1845 1818 2022 1875 titatis
2049 1818 2348 1891 impunita
2378 1833 2510 1873 esse
2533 1832 2660 1873 non
2691 1817 2921 1885 sinitur,
2955 1821 3011 1872 et
3041 1817 3417 1887 assurgimus
3442 1821 3510 1874 ut

1845 1907 2208 1980 incipiamus
2258 1907 2461 1980 aliquo
2507 1907 2694 1963 modo
2725 1921 2939 1979 capere
2971 1905 3163 1962 zelum
3193 1907 3314 1962 Dei.
3352 1909 3506 1972 Qua-

1842 2001 2088 2070 propter
2115 2012 2257 2053 cum
2285 1995 2542 2068 legimus
2572 1995 2753 2052 etiam
2783 1998 2972 2052 Deum
3012 1995 3332 2065 dicentem,
3385 2011 3509 2066 pce-

1845 2086 1994 2142 nitet
2021 2100 2113 2142 me
2139 2085 2188 2156 (Ι
2210 2085 2352 2155 Reg.
2377 2099 2475 2153 xv,
2503 2087 2612 2157 11),
2629 2083 3085 2140 consideramus
3105 2082 3252 2155 quid
3283 2083 3344 2139 id
3373 2099 3506 2140 esse

1846 2173 2034 2231 soleat
2059 2173 2121 2230 in
2140 2172 2492 2229 hominibus
2519 2188 2677 2245 opus
2727 2171 3080 2245 paenitendi,
3112 2187 3252 2228 cum
3295 2172 3509 2244 procul

1844 2261 2034 2320 dubio
2056 2262 2349 2336 reperitur
2371 2261 2652 2320 voluntas
2691 2260 3004 2318 mutandi:
3035 2260 3146 2317 sed
3174 2260 3236 2317 in
3258 2261 3507 2318 homine

1846 2369 1986 2410 cum
2006 2352 2212 2410 dolore
2244 2351 2562 2422 animiest;
2584 2351 2961 2425 reprehensit
2987 2350 3150 2407 enim
3172 2350 3236 2407 in
3257 2366 3320 2407 se
3341 2351 3510 2424 quod

1847 2446 2070 2500 temere
2099 2442 2621 2500 fecit.Auferamus
2651 2457 2796 2512 ergo
2826 2441 2939 2498 ista
2965 2457 3100 2513 quae
3131 2441 3208 2497 de
3235 2441 3509 2498 humana

1843 2531 2189 2589 inﬁrmitate
2218 2536 2400 2605 atque
2429 2531 2774 2602 ignorantia
2815 2529 3080 2601 veniunt,
3107 2533 3165 2586 et
3191 2534 3510 2587 remaneat

1846 2621 2043 2678 solum
2072 2620 2218 2677 velle
2245 2623 2311 2676 ut
2341 2634 2465 2676 non
2507 2621 2592 2676 ita
2622 2619 2695 2676 sit
2727 2618 2956 2692 aliquid
2984 2618 3510 2692 quemadmodum

1847 2715 2009 2778 erat;
2035 2711 2119 2766 sic
2140 2713 2339 2784 potest
2363 2708 2814 2782 aliquantulum
2840 2708 3104 2764 intimari
3149 2709 3335 2764 menti
3366 2723 3511 2764 nos-

1848 2805 1947 2857 tl'ae
1974 2817 2098 2874 qua
2121 2799 2330 2871 regula
2357 2798 2718 2869 intelligatur
2763 2797 2930 2872 quod
2978 2797 3227 2870 pmnitet
3271 2801 3454 2854 Deum
3494 2817 3508 2855 :

1847 2907 1987 2947 eum
2013 2889 2172 2946 enim
2204 2888 2492 2961 poenitere
2523 2887 2759 2957 dicitur,
2806 2887 2934 2944 vult
2963 2902 3088 2944 non
3118 2903 3248 2943 esse
3281 2886 3514 2960 aliquid

1849 2981 2002 3037 sicut
2025 2978 2246 3036 fecerat
2265 2983 2330 3034 ut
2362 2980 2541 3045 esset,
2577 2977 2686 3033 sed
2715 2980 2918 3033 tamen
2948 2979 3032 3048 ut,
3056 2993 3196 3032 cum
3226 2977 3308 3033 ita
3334 2980 3512 3046 esset,

1847 3070 1929 3127 ita
1958 3084 2087 3125 esse
2113 3067 2348 3135 debeat,
2379 3069 2454 3134 et,
2507 3081 2648 3122 cum
2677 3066 2759 3122 ita
2789 3081 2921 3121 esse
2947 3065 3080 3134 jam
3104 3080 3231 3122 non
3278 3065 3512 3132 sinitur,

1845 3161 1972 3232 jam
1993 3173 2116 3214 non
2134 3156 2352 3212 debeat
2380 3171 2510 3212 esse
2526 3155 2640 3223 ita;
2671 3157 2964 3227 perpetuo
2985 3154 3258 3227 quodam
3284 3157 3342 3210 et
3359 3157 3515 3210 tran-

1849 3247 2035 3322 quillo
2075 3245 2371 3318 aaquitatis
2399 3244 2649 3316 judicio,
2682 3260 2805 3317 quo
2827 3245 2984 3299 Deus
3011 3246 3228 3300 cuncta
3256 3242 3518 3299 mutabi-

1850 3338 1929 3395 lia
1958 3333 2752 3393 incommutabilivoluntate
2783 3333 3191 3407 disponit.Sed
3221 3332 3516 3405 quoniam

1850 3426 2288 3502 praescientiam
2319 3429 2378 3480 et
2408 3424 2726 3481 scientiam
2757 3440 2898 3480 cum
2944 3422 3127 3480 laude
3158 3422 3423 3479 solemus
3452 3423 3517 3479 in

1850 3516 2198 3574 hominibus
2220 3514 2525 3589 appellare
2560 3515 2692 3586 [al.,
2724 3514 2970 3586 dicere],
3009 3513 3287 3586 iramque
3317 3513 3516 3586 ipsam

1851 3605 2000 3663 solet
2036 3607 2372 3662 humanum
2402 3619 2595 3676 genus
2652 3604 2714 3660 in
2740 3604 2982 3674 magnis
3013 3602 3417 3676 potestatibus
3443 3602 3516 3658 ti-

1851 3711 2013 3752 mere
2041 3694 2241 3769 potius
2270 3710 2459 3768 quam
2486 3693 2946 3767 reprehendere,
2980 3695 3381 3763 congruenter
3409 3708 3521 3764 pu-

1851 3788 2050 3842 tamus
2081 3784 2222 3841 talia
2246 3783 2362 3840 dici
2385 3783 2460 3839 de
2493 3786 2632 3840 Deo.
2669 3783 2775 3838 (lui
2805 3787 3006 3838 autem
3046 3781 3215 3850 zelat,
3247 3783 3304 3836 et
3332 3795 3519 3852 quem

1850 3873 2080 3947 aliquid
2106 3873 2374 3946 poenitet,
2407 3872 2921 3945 quanquamIat.,
2953 3870 3266 3944 quoniam]
3282 3869 3376 3926 vel
3395 3869 3519 3925 cul-

1849 3962 1981 4035 pari
2008 3961 2175 4029 solet,
2208 3960 2301 4017 vel
2337 3960 2399 4016 in
2432 3976 2495 4016 se
2523 3959 2769 4032 culpam
2821 3959 3134 4028 corrigere,
3169 3961 3350 4031 atque
3380 3958 3517 4016 ideo

1850 4069 1990 4108 cum
2020 4050 2484 4123 reprehensione
2514 4049 2627 4104 ista
2656 4049 2730 4104 de
2761 4048 3112 4105 hominibus
3165 4047 3302 4116 diei,
3335 4062 3514 4120 prop-

1851 4146 2013 4198 terea
2042 4144 2242 4197 movet
2270 4155 2410 4196 cum
2438 4138 2697 4209 legimus
2727 4154 2859 4196 esse
2890 4137 3120 4211 aliquid
3133 4139 3194 4194 in
3214 4139 3336 4194 Deo
3358 4137 3518 4209 ejus-

1852 4229 2037 4287 modi.
2098 4227 2210 4284 Sed
2269 4227 2368 4286 illa
2437 4228 2763 4302 Scriptura,
2824 4227 3110 4284 omnibus
3168 4226 3514 4298 consulens,

1849 4323 2172 4394 propterea
2200 4319 2397 4388 magis
2426 4322 2484 4375 et
2510 4318 2627 4375 ista
2653 4317 2844 4391 ponit,
2876 4334 2953 4374 ne
2985 4316 3086 4374 illa
3110 4333 3246 4391 quae
3276 4315 3521 4390 placent

1853 4409 1936 4466 sic
1963 4408 2374 4481 intelligantur
2396 4408 2458 4464 in
2486 4410 2606 4464 Deo
2632 4407 2946 4482 quomodo
2977 4410 3423 4464 consueverunt
3452 4406 3516 4462 in

1850 4496 2202 4555 hominibus
2228 4495 2494 4566 intelligi.
2528 4498 2634 4552 Per
2658 4496 2788 4552 haec
2828 4495 2989 4552 enim
3014 4511 3149 4568 quae
3178 4494 3518 4567 displicent,

1851 4604 1991 4644 cum
2017 4603 2088 4644 ea
2111 4602 2236 4643 non
2275 4585 2615 4644 audeamus
2671 4585 2755 4641 sic
2798 4583 3128 4655 intelligere
3185 4583 3250 4638 in
3300 4585 3424 4638 Deo
3452 4586 3522 4638 ut

1848 4676 2236 4733 inveniuntur
2285 4676 2345 4730 in
2392 4675 2662 4738 homine,
2695 4673 2990 4729 discimus
3050 4672 3233 4728 etiam
3289 4670 3390 4727 illa
3430 4668 3513 4726 sic

1846 4780 2114 4839 quaerere
2139 4781 2277 4836 quae
2302 4767 2442 4837 apta
2472 4778 2601 4819 esse
2634 4767 2814 4835 atque
2862 4760 3283 4818 convenientia
3339 4761 3516 4832 puta-

1847 4855 2086 4912 bamus.
2121 4857 2292 4924 Nam,
2317 4853 2365 4909 si
2394 4855 2716 4927 propterea
2745 4866 2871 4907 non
2897 4853 2988 4906 est
3018 4848 3162 4906 illud
3193 4849 3268 4905 de
3293 4849 3412 4904 Deo
3434 4846 3522 4903 di-

1847 4945 2110 5002 cendum
2149 4943 2294 5017 quia
2324 4943 2385 5000 in
2436 4941 2681 4999 homine
2712 4939 3010 5014 displicet,
3060 4955 3186 4996 non
3241 4937 3518 4996 dicamus

1811 5103 1826 5117 .
1846 5033 2404 5093 incommutabilem
2436 5035 2646 5102 Deum,
2679 5032 2824 5105 quia
2866 5030 2942 5087 de
2973 5029 3325 5088 hominibus
3373 5043 3516 5085 cum

1846 5123 2311 5197 reprehensione
2341 5122 2569 5179 dictum
2597 5126 2683 5178 est
2713 5139 2724 5177 :
2751 5123 2888 5179 Non
2919 5121 3071 5178 enim
3094 5125 3177 5178 est
3205 5120 3330 5176 illis
3358 5134 3516 5176 com-

1849 5214 2100 5271 mutatio
2128 5212 2318 5283 (Psal.
2362 5227 2477 5280 LIV,
2507 5213 2620 5283 ‘20).
2653 5215 2796 5268 Item
2828 5213 2968 5267 sunt
2992 5209 3281 5283 quaedam
3307 5223 3444 5280 quae
3459 5207 3523 5260 in

1846 5302 2092 5359 homine
2122 5300 2454 5358 laudabilia
2486 5305 2646 5366 sunt,
2692 5301 2756 5356 in
2805 5301 2927 5356 Deo
2973 5303 3177 5356 autem
3229 5310 3359 5353 esse
3397 5309 3521 5350 non

1848 5394 2124 5465 possunt,
2151 5389 2304 5447 sicut
2333 5388 2551 5462 pudor,
2578 5405 2716 5463 qure
2748 5391 2997 5445 aetatum
3028 5385 3380 5442 viridiorum
3399 5397 3524 5439 ma.

1848 5496 2036 5551 gnum
2066 5484 2155 5536 est
2181 5482 2609 5536 ornamentum
2634 5497 2646 5547 ;
2673 5477 2824 5534 sicut
2848 5476 3027 5532 timor
3048 5475 3176 5531 Dei:
3205 5487 3330 5530 non
3361 5469 3523 5530 enim

1848 5573 2082 5626 tantum
2108 5569 2169 5625 in
2212 5567 2514 5624 veteribus
2566 5566 2734 5624 libris
2763 5563 3048 5621 laudatur
3079 5562 3212 5634 [al.,
3254 5575 3380 5619 non
3431 5575 3528 5632 est

1848 5661 2081 5716 tantum
2103 5659 2165 5714 in
2194 5657 2493 5714 veteribus
2518 5657 2685 5713 libris
2710 5653 3041 5724 laudatus],
3076 5651 3182 5708 sed
3206 5648 3528 5726 Apostolus

1854 5747 2036 5809 etiam
2068 5747 2246 5806 dicit:
2279 5747 2658 5816 Perﬁcientes
2690 5742 3223 5812 sanctiﬁcationem
3254 5744 3315 5798 in
3349 5741 3493 5796 timo
