3936 6386
448 247 585 305 H39

1546 249 1600 303 S.
1633 248 2006 304 PRUDENTII
2043 246 2422 305 TRECENSIS
2464 249 2779 307 EPISCOPI

3757 249 3904 302 1160

446 386 516 430 re
531 370 644 428 Dei
671 370 764 442 (II
788 371 1044 432 00r.vn,
1068 372 1120 442 l)
1140 389 1153 439 ;
1173 373 1277 443 qui
1303 372 1507 444 utique
1541 371 1743 427 nullus
1768 372 1830 427 in
1859 375 1977 427 Deo
1994 375 2102 427 est.
2135 373 2182 428 Α
2219 371 2294 428 de
2322 372 2509 428 nihilo
2540 377 2653 430 est:
2687 373 3079 443 animamque
3102 370 3176 425 de
3208 370 3400 425 nihilo
3446 369 3673 427 factam
3719 369 3909 426 dedit

451 460 613 519 Sicut
633 474 778 530 ergo
803 457 1086 532 quaedam
1103 458 1433 515 laudabilia
1461 460 1779 516 hominum
1801 476 1924 516 non
1954 464 2110 516 recte

447 550 734 607 dicuntur
762 549 824 605 in
845 552 987 615 Deo,
1016 548 1099 604 sic
1129 549 1418 620 quendam
1440 549 1768 623 culpabilia
1791 550 2111 607 hominum

448 642 606 699 recte
628 637 1039 707 intelliguntur
1064 636 1126 692 in
1144 638 1286 702 Deo,
1318 654 1442 694 non
1472 638 1554 695 ita
1584 644 1649 695 ut
1677 639 1736 695 in
1762 638 2110 695 hominibus

450 728 556 785 sed
597 726 909 783 vocabulis
961 727 1388 783 tantummodo
1434 729 1881 795 communibus,
1930 728 2109 797 longe

447 817 568 875 alia
601 816 835 873 ratione
889 819 946 871 et
974 816 1179 873 modo.
1222 821 1370 873 Nam
1402 818 1586 891 paulo
1616 824 1753 890 post
1797 818 1960 874 idem
2006 821 2109 874 Sa-

446 905 630 973 muel,
692 905 790 961 cui
846 904 1077 961 dixerat
1122 906 1450 963 Dominus:
1513 910 1769 965 Pwm’tet
1810 924 1902 964 me
1950 909 2111 978 quod

447 995 859 1052 constituerim
888 1010 1087 1065 regem
1115 995 1291 1063 Saul,
1322 996 1438 1068 ipsi
1484 997 1643 1053 Sauli
1706 998 1788 1053 ait
1844 997 1919 1053 de
1964 998 2105 1067 Deo,

444 1086 728 1155 quoniam
767 1099 890 1140 non
943 1090 1026 1140 est
1055 1085 1209 1140 sicut
1243 1086 1437 1151 homo,
1492 1093 1555 1141 ut
1586 1089 1873 1156 poeniteat
1902 1102 2033 1143 eum
2059 1088 2114 1157 (Ι

444 1175 693 1245 Reg.xv,
732 1172 819 1241 ll,
860 1174 969 1243 29).
1026 1173 1135 1229 Ubi
1164 1174 1439 1231 videlicet
1468 1176 1610 1231 satis
1640 1175 1899 1231 ostendit
1929 1176 2109 1231 etiam

445 1276 590 1318 cum
618 1261 764 1319 dicit
795 1266 949 1320 Deus
966 1264 1213 1332 paenitet
1238 1279 1350 1332 me,
1373 1279 1498 1321 non
1527 1265 1798 1322 humano
1825 1281 1992 1321 more
2013 1281 2108 1321 ac—

445 1351 793 1425 cipiendum
831 1367 987 1421 esse,
1038 1352 1192 1410 sicut
1234 1354 1384 1424 jam,
1454 1358 1751 1426 quantum
1781 1355 2105 1421 valuimus,

446 1440 913 1514 disputavimus,

518 1530 557 1596 'l'
571 1530 723 1587 Audi
736 1530 917 1587 etiam
937 1530 1192 1604 qualiter
1210 1532 1372 1587 idem
1394 1531 1821 1589 subtilissimus
1838 1533 2109 1605 disputa-

447 1623 542 1675 tor
562 1620 1006 1693 praescientiam
1024 1621 1126 1677 Dei
1140 1636 1178 1677 a
1196 1625 1413 1679 natura
1425 1622 1812 1693 discernat,in
1835 1638 2111 1680 sermone

2220 462 2477 534 corpori,
2502 478 2643 519 cum
2670 462 2862 518 factus
2892 466 2979 516 est
3011 462 3196 515 homo
3226 476 3238 514 :
3274 474 3467 531 usque
3493 459 3649 515 adeo
3675 465 3907 515 autem

2218 550 2379 608 mala
2403 552 2725 609 vincuntur
2755 570 2791 608 a
2818 552 3015 611 bonis,
3059 553 3144 616 ut,
3171 550 3451 622 quamvis
3483 550 3778 606 sinantur
3812 566 3907 606 es-

2217 656 2278 694 se
2309 640 2388 695 ad
2412 640 2956 697 demonstrandum
2983 656 3169 711 quam
3217 638 3415 710 possit
3462 643 3520 694 et
3546 638 3700 711 ipsis
3733 638 3905 694 bene

2218 728 2303 783 uti
2328 730 2557 799 justitia
2588 728 3116 801 providentissima
3144 726 3435 782 Creatoris
3461 728 3591 797 [al.,
3615 727 3758 800 ipse
3786 726 3901 783 be-

2215 832 2291 871 ne
2322 818 2407 873 uti
2428 819 2658 888 justitia
2689 817 3217 890 providentissima
3238 816 3574 887 Creatoris];
3603 816 3786 873 bona
3816 822 3898 872 ta-

2218 922 2356 961 men
2381 908 2508 962 sine
2539 906 2712 962 malis
2734 922 2862 961 esse
2884 908 3157 978 possunt,
3192 904 3513 960 sicutDeus
3541 905 3672 977 ipse
3700 921 3898 960 verus

2217 1000 2273 1050 et
2325 1011 2623 1065 summus,
2692 995 2863 1050 sicuti
2922 997 3120 1051 omnis
3187 1010 3368 1066 super
3424 995 3605 1051 istum
3678 993 3901 1061 caligi-

2216 1101 2436 1140 nosum
2505 1102 2698 1141 aeren:
2786 1086 3040 1141 etelestis
3118 1085 3428 1141 invisibilis
3501 1084 3900 1157 visibilisque

2218 1179 2511 1245 creatura,
2535 1176 2699 1232 mala
2720 1190 2858 1230 vero
2893 1176 3021 1229 sine
3043 1174 3221 1230 bonis
3261 1190 3391 1230 esse
3421 1190 3543 1230 non
3590 1178 3895 1247 possunt,

2216 1265 2508 1338 quoniam
2530 1271 2758 1321 naturae
2788 1265 2849 1320 in
2879 1266 3103 1337 quibus
3133 1268 3292 1332 sunt,
3324 1266 3385 1320 in
3432 1270 3738 1337 quantum
3784 1278 3899 1319 na-

2218 1360 2364 1412 turze
2424 1361 2582 1425 sunt,
2636 1357 2843 1428 utique
2892 1356 3069 1411 bonae
3101 1360 3262 1423 sunt,
3316 1356 3649 1411 detrahitur
3695 1369 3896 1428 porro

2218 1447 2448 1502 malum
2473 1463 2598 1503 non
2621 1447 2826 1519 aliqua
2852 1451 3069 1503 natura
3085 1463 3222 1519 qum
3255 1450 3603 1511 accesserat,
3630 1446 3735 1501 vel
3764 1445 3897 1501 ulla

2220 1538 2351 1608 ejus
2378 1542 2567 1610 parte,
2610 1537 2868 1607 sublata,
2902 1538 3004 1591 sed
3039 1553 3111 1593 ea
3138 1553 3275 1609 quae
3306 1536 3510 1592 vitiata
3539 1552 3610 1592 ac
3640 1535 3894 1608 depra-

2218 1633 2354 1684 vata
2387 1629 2578 1683 fuerat
2600 1632 2816 1685 sanata
2843 1635 3022 1700 atque
3067 1632 3351 1684 correcta.
3388 1626 3725 1682 Arbitrium
3780 1626 3899 1693 igi-

445 1708 524 1765 de
553 1708 754 1765 verbis
774 1709 1043 1783 Apostoli
1063 1727 1076 1766 :
1100 1710 1171 1767 Si
1188 1712 1345 1767 enim
1366 1712 1511 1766 data
1533 1718 1677 1768 esset
1709 1713 1806 1768 lea:
1831 1727 1962 1783 quae
1980 1728 2113 1782 ρος·
2138 1744 2182 1798 Β
2222 1723 2315 1774 tur
2339 1719 2660 1773 voluntatis
2691 1722 2831 1773 tunc
2881 1722 2973 1773 est
3020 1733 3158 1773 vere
3202 1716 3482 1783 liberum,
3532 1731 3677 1771 cum
3722 1714 3894 1769 vitiis

444 1804 537 1856 set
562 1800 888 1869 viviﬁcare,
917 1800 1159 1856 omnino
1180 1814 1257 1856 ea:
1288 1800 1413 1871 lege
1439 1806 1583 1857 esset
1596 1801 1841 1871 justitia
1864 1802 2108 1873 (Galam,

446 1887 562 1959 2t).
598 1888 969 1959 Augustinus
995 1889 1091 1955 (de
1112 1889 1304 1945 verbis
1329 1890 1607 1959 Apostoli
1631 1906 1804 1947 serm.
1833 1890 2109 1962 11):[Eli-

443 1982 673 2047 guntur
693 1977 800 2050 qui
826 1994 949 2035 non
979 1982 1140 2050 sunt,
1176 1994 1287 2035 nec
1304 1985 1461 2036 errat
1480 1980 1582 2053 qui
1613 1980 1792 2049 eligit,
1824 1996 1934 2037 nec
1954 1997 2108 2037 vane

443 2067 636 2138 eligit;
663 2067 827 2137 eligit
848 2073 1070 2141 tamen,
1092 2074 1150 2126 et
1167 2069 1350 2127 habet
1368 2069 1606 2141 electos,
1629 2088 1786 2143 quos
1802 2076 2109 2128 creaturas

445 2161 538 2215 est
565 2157 895 2231 eligendos,
920 2158 1102 2215 habet
1126 2163 1328 2215 autem
1357 2160 1523 2232 apud
1546 2176 1607 2215 se
1634 2160 1860 2232 ipsum,
1891 2177 2016 2216 non
2046 2161 2106 2217 in

442 2249 666 2307 natura
685 2262 821 2312 sua.
856 2246 965 2304 sed
988 2247 1050 2304 in
1069 2248 1447 2320 praescientia
1472 2250 1606 2320 sua]
1627 2252 1669 2319 -ξ-
1694 2250 1855 2305 Idem
1886 2251 1970 2317 (in
2000 2250 2103 2305 lib.

444 2346 567 2404 31v,
594 2335 667 2392 de
696 2335 872 2394 Civil.
904 2338 1035 2405 Dei,
1070 2353 1122 2408 c,
1159 2338 1280 2409 l2):
1343 2337 1457 2394 Sed
1486 2340 1633 2411 quia
1688 2342 1843 2395 Deus
1890 2344 2107 2397 cuncta

444 2424 750 2504 praescivit
775 2429 833 2483 et
859 2425 996 2483 ideo
1047 2441 1293 2500 quoque
1351 2427 1661 2484 hominem
1714 2434 2105 2501 peccaturum

442 2512 725 2585 ignorare
748 2529 873 2571 non
902 2516 1116 2587 potuit,
1141 2516 1476 2573 secundum
1506 2516 1566 2572 id
1610 2517 1778 2590 quod
1807 2517 2109 2589 prtescivit

445 2604 629 2675 atque
651 2602 1278 2677 disposuit,civitatem
1305 2608 1581 2661 sanctam
1631 2621 1767 2661 eam
1812 2604 2107 2661 debemus

444 2707 734 2763 asserere,
757 2707 883 2749 non
905 2693 1243 2749 secundum
1277 2692 1424 2749 illud
1446 2693 1612 2767 quod
1636 2693 1696 2749 in
1717 2703 1921 2749 nostra
1943 2695 2104 2764 cogi-

445 2780 674 2838 tatione
696 2781 826 2852 [al.,
858 2781 1221 2853 cognitione]
1254 2782 1562 2854 pervenire
1582 2798 1706 2839 non
1728 2784 1941 2855 potuit,
1960 2784 2107 2856 quia

444 2867 633 2929 inDei
660 2869 1168 2943 'I'dispensatione
1208 2872 1311 2942 [αἱ.
1347 2871 1767 2944 dispositione]
1793 2888 1917 2928 non
1957 2873 2103 2929 fuit:

444 2971 645 3030 neque
671 2958 835 3016 enim
860 2959 1046 3016 homo
1072 2966 1322 3033 peccato
1342 2961 1736 3018 suodivinum
1763 2962 1956 3034 potuit
1975 2978 2106 3036 per-

444 3046 688 3105 turbare
710 3048 1239 3123 consilium,quasi
1266 3052 1453 3107 Deum
1471 3049 1640 3123 quod
1670 3053 1958 3108 statuerat
1980 3068 2103 3108 mu-

442 3139 571 3197 tare
593 3138 982 3212 compulerit;
1007 3155 1146 3196 cum
1169 3142 1358 3197 Deum
1387 3140 1758 3213 prtesciendo
1782 3145 2105 3214 utrumque

444 3229 827 3301 prmvenerit;
854 3229 916 3286 id
946 3233 1036 3287 est
1056 3233 1114 3287 et
1138 3230 1345 3299 homo,
1368 3246 1553 3303 quem
1582 3230 1816 3287 bonum
1836 3231 1965 3304 ipse
1985 3248 2108 3289 cre-

443 3317 587 3386 avit,
626 3334 816 3390 quam
874 3319 1073 3375 malus
1129 3324 1288 3377 esset
1340 3319 1601 3387 futurus,
1659 3324 1717 3377 et
1765 3321 1914 3393 quid
1958 3321 2104 3377 boni

445 3404 627 3461 etiam
650 3406 735 3462 sic
756 3405 832 3462 de
861 3406 963 3462 illo
988 3411 1150 3464 esset
1175 3408 1304 3479 ipse
1326 3407 1613 3464 facturus.
1634 3411 1787 3465 Deus
1813 3410 1974 3466 enim
1999 3410 2108 3466 etsi

444 3491 663 3547 dicitur
691 3497 915 3550 statuta
940 3498 1194 3563 mutare,
1226 3495 1390 3551 unde
1440 3497 1668 3568 tropica
1720 3498 2018 3553 locutione
2045 3499 2105 3553 in

451 3579 775 3653 Scripturis
806 3582 1028 3639 sanctis
1050 3584 1232 3640 etiam
1261 3584 1611 3656 paenituisse
1655 3586 1870 3655 legitur
1916 3589 2107 3643 Deum

438 3669 505 3742 (Ι
524 3671 668 3742 Reg.
698 3687 801 3742 xv,
837 3672 946 3741 lt),
967 3672 1141 3744 juxta
1155 3672 1218 3728 id
1247 3673 1461 3728 dicitur
1490 3674 1657 3745 quod
1684 3675 1871 3732 homo
1902 3692 2106 3748 spera-

440 3763 631 3831 verat,
660 3760 754 3819 vel
771 3762 1141 3820 naturalium
1169 3778 1492 3819 causarum
1513 3763 1662 3819 ordo
1684 3764 2107 3834 gestabat,non

438 3850 615 3922 juxta
636 3850 699 3907 id
728 3852 894 3925 quod
920 3867 983 3909 se
1016 3852 1408 3926 Omnipotens
1434 3852 1735 3910 facturum
1764 3870 1893 3910 esse
1918 3871 2105 3928 praes-

443 3939 646 3997 cierat.
677 3941 843 4000 Fecit
888 3942 1091 4015 itaque
1127 3944 1286 3999 Deus
1316 3942 1488 4015 (sicut
1518 3943 1806 4017 scriptum
1847 3945 1958 4017 est)
1999 3947 2105 4003 ho-

441 4032 661 4089 minem
685 4038 915 4089 rectum
946 4034 1168 4104 (Lacte.
1198 4049 1294 4101 vn,
1320 4034 1430 4105 30),
1450 4049 1519 4089 ac
1551 4050 1658 4107 per
1682 4035 1797 4091 hoc
1827 4034 2104 4093 volunta-

442 4119 519 4177 tis
545 4120 754 4189 bonae;
785 4136 911 4176 non
937 4121 1102 4178 enim
1126 4125 1324 4177 rectus
1373 4129 1530 4177 esset
1556 4123 1789 4180 bonam
1835 4139 1958 4180 non
2000 4125 2108 4182 ha-

441 4208 597 4266 bens
637 4208 1028 4266 voluntatem.
1060 4209 1228 4266 Bona
1268 4210 1450 4279 igitur
1492 4210 1768 4268 voluntas
1828 4230 1982 4286 opus
2018 4220 2107 4272 est

443 4295 587 4364 Dei;
620 4312 761 4352 cum
791 4312 864 4353 ea
888 4297 1115 4371 quippe
1145 4298 1225 4354 ab
1255 4298 1356 4355 illo
1376 4298 1571 4357 factus
1601 4306 1687 4357 est
1707 4302 1894 4359 homo
1914 4304 2105 4370 ;mala

441 4399 588 4442 vero
610 4383 889 4444 voluntas
907 4387 1124 4459 prima,
1155 4388 1449 4461 quoniam
1493 4390 1700 4446 omnia
1728 4407 1912 4464 opera
1941 4393 2103 4450 mala

2219 1809 2600 1881 peccatisque
2639 1824 2764 1864 non
2809 1808 3027 1863 servit:
3062 1807 3199 1864 Tale
3239 1808 3449 1864 datum
3502 1810 3591 1862 est
3642 1820 3681 1861 a
3733 1806 3889 1871 Deo,

2216 1899 2407 1971 quod,
2435 1900 2728 1955 amissum
2757 1899 3003 1971 proprio
3033 1897 3195 1965 vitio,
3226 1898 3340 1953 nisi
3387 1913 3424 1953 a
3451 1911 3574 1969 quo
3604 1895 3742 1952 dari
3771 1912 3887 1968 po-

2218 1990 2345 2053 tuit,
2379 1991 2547 2045 reddi
2574 2005 2697 2045 non
2726 1994 2940 2063 potest.
2992 1988 3155 2045 Unde
3199 1988 3423 2044 Veritas
3448 1987 3630 2042 dicit:
3684 1986 3755 2042 Si
3781 2002 3885 2042 vos

2213 2082 2409 2136 Filius
2441 2082 2803 2148 liberaverit,
2856 2087 2999 2136 tunc
3050 2095 3185 2137 vere
3226 2080 3398 2135 liberi
3448 2079 3613 2134 eritis
3671 2078 3878 2148 (Joan.

2215 2188 2340 2240 vui,
2374 2174 2483 2242 36),
2504 2171 2563 2227 id
2590 2172 2792 2243 ipsum
2823 2175 2912 2225 est
2940 2174 3141 2225 autem
3187 2186 3257 2225 ac
3289 2169 3338 2224 si
3364 2169 3585 2224 diceret
3615 2184 3628 2222 :
3675 2166 3736 2224 Si
3765 2182 3881 2223 vos

2218 2262 2391 2318 Filius
2448 2262 2650 2317 salvos
2704 2261 2924 2323 fecerit,
2988 2266 3129 2316 tunc
3164 2275 3302 2316 vere
3336 2259 3486 2316 salvi
3516 2258 3697 2315 eritis.
3734 2256 3883 2313 Inde

2214 2353 2440 2425 quippe
2469 2351 2752 2407 liberator
2782 2351 2941 2406 unde
2976 2352 3260 2419 salvator,

2284 2442 2320 2507 1-
2351 2441 2465 2496 Sed
2508 2441 2652 2513 quia
2683 2456 2822 2496 cum
2852 2441 3132 2497 Cicerone
3190 2444 3247 2495 et
3287 2439 3498 2495 Stoicis
3540 2438 3640 2493 Dei
3693 2453 3882 2510 praes-

2214 2532 2494 2588 cientiam
2545 2531 2781 2587 conaris
2830 2536 3117 2599 evertere,
3175 2529 3318 2585 andi
3377 2529 3525 2601 quid
3556 2529 3632 2584 de
3680 2544 3753 2584 eo
3785 2527 3878 2583 vel

2214 2626 2423 2677 contra
2488 2636 2624 2677 eum
2696 2620 2986 2675 adversus
3059 2619 3521 2675 mathematicos
3593 2622 3877 2689 agentem

2214 2715 2457 2765 sanctus
2493 2709 2865 2779 Augustinus
2888 2708 2948 2763 in
2980 2708 3132 2763 libro
3182 2707 3258 2762 de
3306 2708 3552 2763 Civitate
3582 2708 3683 2762 Dei
3712 2708 3878 2780 quid

2212 2803 2271 2853 to
2303 2799 2637 2855 Christiana
2684 2798 2929 2853 veritate
2995 2797 3324 2869 disputavit
3372 2797 3465 2866 (de
3503 2798 3683 2853 Civit.
3744 2798 3874 2865 Dei,

2212 2886 2316 2951 lib,
2340 2901 2398 2956 v,
2428 2902 2561 2959 cap.
2595 2888 2681 2958 9):
2705 2888 2867 2957 (Hos,
2898 2885 3198 2957 inquiens,
3220 2886 3419 2942 Cicero
3443 2884 3525 2940 ita
3548 2884 3876 2954 redargue-

2211 2990 2275 3031 re
2305 2975 2510 3032 nititur
2538 2980 2604 3032 nt
2631 2990 2756 3031 non
2777 2976 3075 3031 existimet
3100 2974 3329 3047 aliquid
3350 2989 3413 3029 se
3443 2973 3736 3030 adversus
3766 2988 3873 3031 eos

2211 3065 2412 3122 valere
2463 3065 2577 3121 nisi
2639 3066 2869 3121 auferat
2926 3066 3375 3131 divinationem,
3408 3080 3596 3136 quam
3654 3063 3737 3119 sic
3779 3079 3878 3119 co-

2210 3161 2389 3213 natur
2419 3155 2650 3212 auferre
2708 3160 2773 3212 ut
2834 3160 3012 3225 neget
3071 3170 3203 3210 esse
3269 3153 3583 3211 scientiam
3646 3153 3877 3211 futuro-

2212 3263 2370 3311 rum,
2395 3262 2652 3319 eamque
2682 3246 2967 3302 omnibus
3014 3245 3242 3301 viribus
3270 3244 3499 3302 nullam
3530 3259 3660 3300 esse
3682 3245 3873 3301 omni-

2212 3350 2292 3391 no
2316 3335 2660 3401 contendat,
2693 3334 2786 3391 vel
2818 3335 2878 3390 in
2909 3334 3179 3400 homine,
3206 3334 3299 3389 vel
3348 3333 3410 3389 in
3443 3337 3585 3398 Deo,
3613 3333 3873 3389 nullam-

2212 3440 2331 3497 que
2361 3441 2563 3481 rerum
2589 3424 3066 3498 praedictionem.
3097 3428 3183 3480 Ita
3212 3427 3268 3479 et
3306 3423 3405 3479 Dei
3432 3423 3873 3496 prmscientiam

2211 3518 2415 3583 negat,
2438 3519 2495 3571 et
2510 3530 2755 3570 omnem
2782 3515 3162 3587 prophetiam
3194 3513 3326 3569 luce
3352 3513 3666 3569 clariorem
3693 3529 3876 3570 cona-

2212 3607 2309 3659 tur
2338 3608 2600 3659 evertere
2625 3603 2799 3658 vanis
2816 3602 3457 3672 argumentationibus,
3481 3605 3538 3657 et
3561 3617 3875 3675 opponen-

2214 3691 2294 3747 do
2328 3692 2443 3747 sibi
2469 3692 2754 3764 quaedam
2796 3692 3043 3748 oracula
3090 3708 3227 3765 quae
3269 3691 3439 3747 facile
3481 3696 3735 3763 possunt
3785 3708 3871 3748 re-

2216 3779 2354 3847 felli,
2387 3796 2520 3852 quae
2547 3785 2750 3836 tamen
2779 3796 2888 3836 nec
2920 3780 3050 3853 ipse
3082 3780 3401 3836 convincit.
3441 3783 3505 3835 In
3535 3780 3629 3835 his
3668 3786 3866 3837 autem

2214 3871 2783 3927 mathematicorum
2815 3872 3173 3941 conjecturis
3230 3870 3559 3927 refutandis
3609 3872 3737 3941 ejus
3780 3888 3867 3929 re-

2214 3964 2361 4029 gnat
2389 3960 2618 4025 oratio;
2651 3962 2794 4032 quia
2822 3975 2960 4015 vere
2992 3960 3137 4015 tales
3169 3964 3307 4016 sunt
3338 3964 3402 4016 ut
3448 3974 3510 4015 se
3550 3960 3694 4032 ipsae
3735 3961 3867 4017 des-

2217 4052 2417 4104 truant
2445 4052 2502 4104 et
2532 4049 2822 4105 refellant.
2882 4049 3059 4105 Multo
3090 4053 3230 4105 sunt
3280 4053 3482 4105 autem
3512 4048 3863 4107 tolerabilio-

2213 4153 2307 4193 res
2328 4137 2431 4211 qni
2458 4138 2552 4193 vel
2582 4138 2778 4194 sidera
2801 4138 2924 4194 fata
2950 4139 3341 4208 constituunt,
3390 4153 3577 4211 quam
3626 4139 3728 4194 iste
3755 4140 3860 4211 qui

2212 4226 2336 4282 tolit
2363 4228 2805 4298 praescientiam
2836 4226 3206 4295 futurorum;
3238 4241 3383 4282 nam
3405 4231 3462 4283 et
3489 4226 3750 4282 confiteri
3770 4243 3860 4282 es-

2216 4330 2281 4371 se
2311 4315 2523 4386 Deum,
2585 4320 2642 4372 et
2691 4332 2913 4382 negare
2959 4332 3087 4371 esse
3126 4316 3447 4388 praescium
3505 4316 3852 4387 futurorum,

2216 4404 2593 4477 apertissima
2622 4405 2861 4481 insania
2888 4408 3005 4461 est:
3040 4404 3207 4477 quod
3230 4409 3287 4461 et
3316 4406 3442 4478 ipse
3474 4419 3614 4460 cum
3640 4404 3851 4461 videret

442 4475 752 4548 praecessit
779 4476 843 4532 in
872 4458 1140 4549 homine,
1171 4458 1440 4533 defectus
1462 4478 1663 4550 potius
1712 4458 1822 4537 fuit
1849 4481 2101 4553 quidam

2217 4458 2401 4549 esse
2418 4458 2861 4550 essent;
2881 4458 3149 4549 asserere
3192 4458 3367 4566 φιοᾶ
3408 4494 3691 4566 scriptum
3731 4498 3847 4549 est:

442 4563 522 4621 ab
552 4579 733 4637 opere
762 4564 864 4621 Dei
895 4565 975 4622 ad
997 4581 1109 4623 sua
1133 4580 1341 4638 opera,
1368 4582 1557 4638 quam
1584 4583 1741 4640 opus
1787 4567 1997 4636 ullum,
2038 4573 2103 4627 Et

438 4654 578 4712 ideo
606 4654 772 4712 mala
799 4670 1005 4728 opera,
1041 4654 1187 4728 quia
1226 4654 1562 4712 secundum
1590 4672 1674 4727 se,
1728 4673 1852 4713 non
1883 4674 2099 4715 secun-

438 4744 589 4801 dum
620 4746 831 4816 Deum,
865 4749 929 4801 ut
954 4761 1167 4802 eorum
1196 4760 1452 4818 operum
1475 4750 1765 4819 tanquam
1795 4746 2099 4805 fructuum

438 4833 744 4894 malorum
772 4832 1055 4890 voluntas
1079 4834 1215 4907 ipsa
1236 4837 1391 4890 esset
1410 4834 1569 4890 velut
1589 4834 1771 4891 arbor
1793 4836 1976 4907 mala,
1997 4841 2102 4894 aut

435 4924 568 4995 ipse
585 4924 772 4981 homo
789 4923 853 4981 in
881 4928 1180 4997 quantum
1198 4925 1375 4982 mala:
1391 4925 1922 4983 voluntatis.Porro
1937 4928 2102 4986 mala

438 5012 743 5081 voluntas,
790 5013 1073 5085 quamvis
1122 5030 1245 5071 non
1301 5015 1377 5072 sit
1406 5015 1743 5073 secundum
1788 5021 2094 5089 naturam,

439 5101 546 5159 sed
575 5107 787 5159 contra
812 5108 1117 5175 naturam,
1148 5106 1294 5178 quia
1336 5106 1550 5163 vitium
1580 5111 1687 5174 est,
1722 5111 1925 5164 tamen
1965 5109 2095 5179 ejus

433 5196 667 5251 natura:
688 5196 777 5249 est
807 5194 981 5265 cujus
1011 5199 1101 5252 est
1126 5195 1360 5260 vitium,
1394 5197 1561 5269 quod
1618 5197 1737 5254 nisi
1765 5198 1826 5254 in
1874 5204 2093 5256 natura

431 5300 559 5342 non
588 5288 789 5358 potest
817 5299 972 5357 esse,
1022 5286 1129 5341 sed
1183 5286 1245 5342 in
1295 5304 1366 5345 ea
1414 5304 1604 5361 quam
1646 5290 1870 5346 creavit
1898 5306 1970 5345 ex
1998 5291 2091 5346 ni-

429 5375 577 5446 hilo,
606 5390 735 5433 non
762 5391 951 5450 quam
1003 5376 1208 5447 genuit
1236 5383 1470 5435 creator
1523 5380 1598 5436 de
1647 5397 1709 5436 se
1740 5380 1800 5435 in
1848 5397 1909 5437 se
1958 5381 2091 5453 ipso

432 5466 577 5537 [al.,
631 5467 710 5523 de
773 5469 1141 5542 semetipso].
1206 5470 1368 5525 Sicut
1425 5472 1631 5541 genuit
1680 5471 1935 5528 verbum
1986 5488 2094 5545 per

431 5555 599 5625 quod
626 5555 789 5612 facta
819 5562 960 5613 sunt
1006 5558 1233 5628 omnia,
1265 5557 1430 5630 quia,
1475 5560 1585 5613 etsi
1635 5559 1711 5615 de
1749 5564 1919 5616 terrae
1961 5562 2092 5633 pul-

429 5652 571 5696 vere
624 5643 780 5699 Deus
823 5646 1000 5702 ﬁnxit
1044 5646 1379 5714 hominem,
1431 5649 1644 5705 eadem
1693 5654 1851 5706 terra
1899 5651 2090 5706 homi-

432 5723 651 5798 nisque
676 5728 809 5798 [at.,
857 5731 1203 5804 omnisque]
1252 5738 1489 5791 terrena
1511 5736 1789 5794 materies
1839 5738 2089 5795 omnino

2210 4583 2383 4639 Dixit
2433 4584 2718 4653 insipiens
2747 4584 2811 4638 in
2843 4584 3021 4639 corde
3071 4599 3176 4639 suo
3206 4599 3327 4639 non
3357 4590 3441 4639 est
3484 4585 3641 4639 Deus
3670 4584 3845 4650 (Psal.

2207 4687 2333 4739 xm,
2361 4672 2430 4744 l).
2460 4673 2572 4728 Sed
2593 4687 2718 4727 non
2747 4688 2819 4727 ex
2850 4688 2959 4727 sua
2983 4687 3243 4743 persona
3271 4690 3284 4728 :
3318 4672 3471 4728 Vidit
3489 4672 3646 4727 enim
3672 4689 3846 4745 quam

2207 4766 2361 4817 esset
2392 4761 2758 4817 invidiosum
2802 4765 2860 4816 et
2914 4762 3259 4818 molestum.
3322 4762 3581 4835 Ideoque
3630 4766 3844 4819 Cottam

2206 4848 2339 4904 fecit
2364 4848 2773 4921 disputantem
2824 4849 2897 4904 dc
2945 4850 3060 4906 hac
3102 4868 3163 4907 re
3194 4851 3483 4907 adversus
3529 4850 3762 4919 Stoicos,
3788 4850 3843 4906 in

2207 4937 2375 4993 libris
2402 4939 2491 4994 De
2520 4939 2765 4995 deorum
2818 4946 3064 5007 natura,
3112 4945 3169 4996 et
3221 4957 3332 5013 pro
3387 4940 3606 4996 Lucilio
3649 4938 3837 5007 Balbo,

2212 5026 2307 5083 cui
2332 5027 2668 5084 Stoicorum
2716 5034 2917 5100 partes
2940 5029 3355 5086 defendendas
3406 5030 3591 5100 dedit,
3649 5029 3842 5085 maluit

2205 5116 2355 5172 ferre
2380 5117 2760 5189 sententiam,
2786 5134 2973 5190 quam
3002 5134 3113 5191 pro
3145 5124 3330 5187 Cotta,
3363 5120 3469 5191 qui
3518 5118 3737 5176 nullam
3762 5117 3839 5175 di-

2203 5206 2716 5274 vinamnaturam
2747 5223 2876 5262 esse
2916 5208 3240 5264 contendit.
3296 5210 3361 5263 In
3390 5208 3558 5264 libris
3602 5223 3735 5264 vero
3763 5209 3840 5264 De

2203 5295 2596 5355 divinatione.
2623 5310 2695 5351 ex
2718 5312 2779 5352 se
2808 5312 2941 5368 ipso
2968 5298 3341 5369 apertissime
3370 5302 3683 5371 oppugnat
3705 5314 3840 5371 prai-

2203 5384 2515 5441 scientiam
2547 5385 2905 5441 futurorum.
2940 5389 3058 5441 Hoc
3089 5391 3292 5443 autem
3332 5391 3523 5443 totum
3554 5387 3739 5443 facere
3765 5389 3837 5443 vi-

2201 5474 2393 5542 detur,
2427 5490 2503 5530 ne
2566 5475 2754 5531 fatum
2788 5491 2915 5531 esse
2958 5477 3314 5541 consentiat,
3355 5480 3412 5532 et
3451 5475 3664 5548 perdat
3707 5476 3815 5532 libe

2200 5579 2335 5619 ram
2378 5563 2771 5635 voluntatem,
2820 5568 2993 5637 putat
3036 5566 3217 5633 enim,
3273 5580 3560 5621 concessa
3608 5565 3833 5622 scientia

2200 5652 2559 5721 futurorum,
2624 5655 2703 5710 ita
2759 5671 2887 5710 esse
2947 5672 3325 5727 consequens
3385 5655 3597 5723 fatum,
3649 5660 3699 5711 et
3745 5673 3831 5711 ne-

2199 5742 2327 5810 gari
2355 5743 2606 5800 omnino
2639 5757 2763 5801 non
2792 5744 2999 5815 pessit.
3030 5744 3143 5803 Sed
3172 5742 3609 5817 quoquomodo
3635 5756 3693 5802 se
3736 5745 3828 5804 ha-

1775 6350 1815 6360 -
1894 6348 2201 6365 ..-Δ
2252 6352 2443 6366 ⁸-
2544 6351 2691 6366 -κ
