3936 6402
46 264 215 317 1141

1060 270 1150 324 DE
1189 268 1855 328 PR/EDESTINATIONE
1893 267 2170 324 CONTRA
2208 270 2256 322 J.
2300 268 2520 326 SCOTU
2587 312 2598 324 .

3413 274 3549 328 1142

35 384 279 441 beant
321 389 776 448 tortuosissimas
808 395 1278 451 concertationes
1318 402 1373 452 et
1419 394 1774 470 disputatio-
1805 393 1855 448 Δ
1889 406 1924 447 a
1954 392 2130 447 nobis
2159 409 2283 448 non
2311 393 2429 449 nisi
2462 392 2799 449 volentibus
2826 392 2955 448 fieri
2986 392 3276 449 sentimus
3302 397 3359 450 et
3387 397 3552 452 novi-

37 490 175 530 nes
215 476 770 551 philosophorum,
814 498 948 551 nos,
991 489 1055 539 ut
1083 484 1440 542 conﬁtemur
1465 499 1774 542 summum

39 569 108 618 et
151 581 406 622 verum
454 571 659 636 Deum,
708 572 788 627 ita
817 571 1186 630 voluntatem
1217 590 1646 648 summamque
1673 588 1780 645 po-

42 657 382 710 testatem
425 673 494 712 ac
543 660 982 728 praescientiam
1033 662 1164 732 ejus
1213 662 1571 719 conﬁtemur
1611 679 1622 717 :
1663 665 1776 717 Nec

42 743 397 801 timemus
441 763 516 802 ne
562 748 697 804 ideo
750 766 875 806 non
918 751 1222 809 voluntate
1267 754 1564 809 faciemus
1611 751 1776 825 quod

42 833 414 891 voluntate
444 836 720 906 facimus,
763 841 909 912 quia
931 841 996 901 id
1026 858 1139 898 nos
1173 843 1437 899 facturos
1467 843 1563 900 ille
1591 858 1776 915 praes-

43 922 221 978 civit
260 925 453 995 cujus
485 928 858 999 praescienlia
891 929 1009 986 falli
1049 947 1173 987 non
1219 935 1451 1005 potest;
1486 931 1653 1005 quod
1694 931 1779 985 Ci-

48 1028 215 1067 cero
247 1013 484 1083 timuit,
519 1021 584 1072 ut
612 1025 994 1090 oppugnaret
1021 1022 1484 1093 praescientiam,
1512 1027 1569 1078 et
1601 1019 1779 1078 Stoici

48 1106 120 1156 ut
158 1118 317 1158 non
352 1105 560 1162 omnia
584 1108 1084 1165 necessitateﬁeri
1112 1110 1398 1182 dicerent,
1422 1125 1778 1183 quanquam

51 1191 308 1248 omnia
346 1193 472 1249 fato
500 1195 630 1251 ﬁeri
665 1197 1112 1254 contenderent.
1150 1199 1304 1265 Quid
1333 1205 1422 1255 est
1441 1215 1584 1269 ergo
1615 1197 1780 1271 quod

49 1280 300 1337 Cicero
369 1282 562 1339 timuit
602 1284 662 1340 in
709 1287 1084 1358 prmscientia
1132 1288 1492 1358 futurorum,
1537 1293 1602 1344 ut
1648 1304 1782 1344 eam

43 1367 474 1426 labefactare
519 1373 925 1446 disputatione
955 1375 1291 1432 detestabili
1316 1380 1598 1434 niteretur
1627 1378 1655 1433 ‘?
1691 1378 1782 1432 Vi-

48 1458 316 1514 delicet
369 1461 513 1533 quia
559 1463 606 1518 si
648 1464 925 1534 praescita
969 1471 1108 1522 sunt
1155 1467 1362 1522 omnia
1401 1467 1621 1536 futura,
1670 1468 1786 1523 hoc

51 1547 308 1605 ordine
346 1551 587 1608 venient
618 1569 740 1625 quo
773 1554 974 1612 futura
1003 1572 1132 1612 esse
1163 1557 1440 1629 praescita
1470 1561 1631 1629 sunt,
1663 1561 1784 1618 etsi

51 1638 187 1694 hoc
227 1638 468 1696 ordine
518 1641 778 1710 venient,
828 1648 1020 1700 certus
1053 1651 1140 1701 est
1173 1646 1319 1702 ordo
1349 1663 1550 1703 rerum
1599 1663 1781 1720 prais-

1885 498 2042 537 mus.
2064 482 2277 538 Omnia
2295 499 2439 539 vero
2456 482 2578 538 fato
2603 479 2732 538 ﬁeri
2758 497 2882 536 non
2902 481 3160 537 dicimus
3185 497 3200 537 :
3229 481 3355 538 imo
3384 483 3554 542 nulla

1886 569 2014 625 ﬁeri
2058 569 2176 626 fato
2207 571 2464 627 dicimus
2492 591 2503 638 ;
2537 570 2828 645 quoniam
2868 569 2972 627 fati
3003 586 3227 628 nomen
3257 571 3362 628 ubi
3401 572 3556 631 solet

1887 676 1922 714 a
1960 659 2343 732 loquentibus
2385 661 2550 734 poni,
2596 660 2659 716 id
2697 664 2784 717 est
2823 660 3243 718 constitutione
3283 662 3553 721 siderum

1886 765 2010 821 qua
2039 750 2296 823 quisque
2325 754 2652 824 conceptus
2673 754 2776 808 aut
2795 754 2974 808 natus
3003 755 3111 819 est,
3133 752 3425 824 quoniam
3453 770 3552 812 res

1887 837 2018 911 ipsa
2067 838 2322 895 inaniter
2369 840 2671 910 asseritur,
2712 839 2862 896 nihil
2889 839 3087 896 valere
3117 845 3553 899 monstramus.

1888 927 2170 984 Ordinem
2197 932 2399 986 autem
2432 943 2774 1000 causarum,
2806 929 2913 986 ubi
2936 929 3217 986 voluntas
3243 929 3347 987 Dei
3373 931 3556 1004 pluri-

1887 1033 2056 1072 mum
2106 1022 2319 1090 potest,
2373 1034 2572 1090 neque
2611 1033 2931 1088 negamus,
2980 1033 3177 1092 neque
3221 1019 3329 1076 fati
3375 1036 3557 1079 voca-

1887 1107 2034 1163 bulo
2074 1121 2528 1180 nuncupamus.
2581 1108 2701 1165 Nisi
2740 1109 2891 1166 forte
2941 1114 3008 1166 ut
3041 1110 3244 1180 fatum
3286 1127 3323 1168 a
3363 1111 3556 1183 fando

1891 1197 2118 1254 dictum
2163 1198 2586 1269 intelligamus,
2638 1198 2700 1254 id
2755 1203 2863 1264 est,
2923 1213 2961 1255 a
3006 1198 3314 1272 loquendo
3364 1219 3378 1256 :
3430 1218 3558 1259 non

1893 1287 2055 1342 enim
2086 1286 2350 1342 abnuere
2389 1303 2714 1359 possumus
2745 1302 2874 1344 esse
2918 1288 3209 1361 scriptum
3252 1289 3314 1346 in
3351 1289 3558 1348 litteris

1895 1377 2116 1432 sanctis
2153 1394 2164 1432 :
2193 1378 2389 1433 Semel
2435 1378 2666 1433 loculus
2696 1383 2780 1433 est
2809 1379 2988 1447 Deus,
3034 1379 3152 1434 duo
3184 1379 3308 1436 hac
3351 1381 3562 1437 audivi

1894 1467 2175 1538 quoniam
2205 1471 2464 1534 potestas
2494 1467 2604 1522 Dei
2633 1471 2760 1536 est;
2787 1471 2842 1522 et
2875 1465 3002 1537 tibi,
3035 1468 3304 1534 Domine,
3334 1469 3562 1526 miseri-

1895 1555 2101 1612 cordia
2129 1555 2233 1627 qui
2261 1555 2459 1612 reddis
2505 1555 2628 1626 [al.,
2679 1555 2824 1626 quia
2872 1561 2938 1611 tu
2975 1557 3206 1628 reddes]
3237 1558 3562 1630 unicuique

1893 1646 2218 1700 secundum
2268 1659 2449 1714 opera
2498 1650 2626 1714 ejus
2664 1645 2855 1715 (Psal.
2913 1661 3034 1712 xxx,
3093 1645 3176 1713 l2,
3233 1645 3338 1718 13).
3390 1646 3565 1711 Quod

55 1728 264 1783 cienti
306 1731 440 1784 Deo
481 1734 538 1786 et
579 1732 625 1786 si
667 1736 861 1787 certus
894 1737 982 1789 est
1011 1735 1161 1790 ordo
1191 1749 1415 1806 rerum,
1461 1742 1655 1793 certus
1699 1727 1787 1792 est
1817 1749 1856 1804 Β
1895 1735 2054 1791 enim
2103 1734 2330 1790 dictum
2382 1739 2492 1806 est,
2546 1735 2724 1791 semel
2775 1736 3008 1791 locutus
3061 1741 3167 1804 est,
3217 1735 3566 1806 intelligitur

56 1817 230 1873 ordo
265 1833 630 1887 causarum,
651 1837 772 1877 non
795 1822 958 1879 enim
980 1824 1111 1880 ﬁeri
1138 1825 1368 1897 aliquid
1393 1829 1588 1898 potest
1617 1825 1784 1898 quod

29 1911 201 1962 'non
256 1907 488 1980 aliqua
531 1909 796 1966 efﬁciens
843 1927 1029 1968 causa
1067 1915 1457 1985 praecesserit.
1494 1915 1551 1972 Si
1581 1919 1783 1971 autem

59 2002 286 2052 certus
319 2001 419 2052 est
448 1998 599 2054 ordo
631 2015 957 2057 causarum
990 2001 1158 2075 quod
1186 2002 1252 2059 ﬁt
1279 2019 1459 2059 omne
1489 2003 1656 2076 quod
1696 2004 1779 2069 tit,

61 2086 220 2154 fato,
257 2086 492 2160 inquit,
515 2088 894 2147 ﬁuntomnia
913 2107 1050 2164 qute
1081 2091 1264 2159 ﬁunt;
1294 2094 1459 2165 quod
1492 2092 1542 2148 si
1568 2094 1649 2149 ita
1673 2099 1778 2161 est,

61 2176 228 2232 nihil
262 2181 367 2233 est
400 2177 462 2233 in
496 2183 703 2236 nostra
746 2185 1058 2253 potestate,
1092 2182 1449 2255 nullumque
1497 2187 1584 2238 est
1629 2182 1782 2239 arbi-

62 2265 266 2321 trium
295 2266 656 2324 voluntatis.
673 2270 843 2335 Quod
874 2271 922 2326 si
945 2270 1781 2346 concedimus,inquit,omnis

66 2355 374 2412 humana
423 2356 545 2413 vita
593 2358 974 2430 subvertitur,
1037 2361 1256 2416 frustra
1312 2362 1475 2432 leges
1534 2361 1777 2432 dantur,

65 2443 312 2500 frustra
336 2445 1778 2523 objurgationes,laudes,vituperationes,exhor-

71 2534 355 2590 tationes
387 2535 771 2607 adhibentur,
805 2553 1003 2611 neque
1033 2539 1154 2594 ulla
1172 2540 1402 2609 justitia
1427 2539 1605 2596 bonis
1632 2556 1780 2613 prae-

68 2623 227 2689 mia,
275 2628 341 2680 et
373 2625 554 2681 malis
582 2627 879 2700 supplicia
908 2629 1228 2685 constituta
1264 2634 1420 2686 sunt.
1462 2633 1592 2685 Haec
1633 2645 1777 2700 ergo

69 2728 148 2769 ne
192 2720 690 2786 consequantur,
738 2716 1012 2787 indigna.
1053 2723 1109 2774 et
1152 2718 1438 2786 absurda,
1481 2724 1537 2776 et
1582 2719 1776 2791 pernio

67 2803 245 2860 ciosa
278 2803 478 2859 rebus
507 2805 814 2871 humanis,
854 2822 980 2864 non
1009 2808 1138 2864 vult
1169 2823 1298 2864 esse
1329 2809 1772 2880 praescientiam

70 2891 466 2957 futurorum,
497 2898 677 2966 atque
709 2895 770 2951 in
795 2896 906 2952 has
935 2899 1246 2967 angustias
1275 2897 1476 2953 Cicero
1507 2902 1773 2954 coarctat

69 2982 371 3038 animum
407 2981 780 3054 religiosum,
811 2989 878 3041 ut
905 3001 1094 3042 unum
1115 2986 1296 3056 eligat
1320 3002 1350 3042 e
1381 2984 1642 3052 duobus,
1665 2991 1769 3042 aut

1894 1822 2296 1892 immobiliter,
2319 1823 2434 1878 hoc
2466 1826 2552 1878 est
2583 1822 3155 1880 incommutabiliter
3183 1829 3274 1880 est
3301 1823 3562 1893 locutus,

1895 1911 2048 1967 sicut
2090 1911 2256 1967 novit
2305 1911 2879 1968 incommutabiliter
2925 1912 3132 1968 omnia
3183 1928 3321 1984 quae
3360 1913 3565 1971 futura

1893 2004 2050 2063 sunt,
2084 2004 2141 2056 et
2181 2016 2318 2072 quae
2347 1999 2478 2072 ipse
2513 1999 2782 2056 facturus
2812 2004 2918 2056 est.
2953 2001 3074 2056 Hac
3100 2000 3305 2073 itaque
3329 2000 3563 2059 ratione

1891 2103 2208 2160 possemus
2255 2103 2291 2144 a
2337 2087 2524 2144 fando
2562 2088 2754 2145 fatum
2795 2088 3123 2162 appellare,
3154 2089 3269 2145 nisi
3309 2090 3427 2146 hoc
3456 2106 3565 2146 no-

1890 2193 2032 2234 men
2050 2178 2184 2248 jam
2212 2177 2274 2233 in
2300 2177 2418 2234 alia
2445 2193 2509 2233 re
2535 2176 2750 2233 soleret
2784 2177 3055 2249 intelligi,
3087 2194 3211 2251 quo
3241 2178 3427 2236 corda
3456 2179 3565 2234 ho-

1890 2262 2127 2323 minum
2160 2266 2446 2324 nolumus
2484 2265 2780 2324 inclinari.
2812 2269 2942 2323 Non
2981 2272 3072 2324 est
3107 2271 3313 2324 autem
3353 2283 3564 2325 conse-

1890 2373 2082 2430 quens
2113 2361 2196 2426 ut,
2225 2357 2273 2412 si
2306 2358 2425 2413 Deo
2456 2361 2653 2413 certus
2681 2362 2771 2415 est
2802 2357 3000 2413 omnis
3031 2356 3181 2414 ordo
3212 2373 3558 2429 causarum,

1887 2448 2023 2504 ideo
2054 2446 2202 2503 nihil
2233 2446 2310 2502 sit
2335 2447 2397 2502 in
2419 2451 2638 2503 nostrae
2665 2446 2990 2504 voluntatis
3020 2447 3286 2505 arbitrio.
3314 2451 3380 2505 Et
3409 2448 3558 2521 ipsae

1887 2538 2113 2611 quippe
2129 2541 2348 2594 nostras
2379 2537 2716 2594 voluntates
2736 2537 2800 2593 in
2820 2553 3146 2594 causarum
3163 2537 3373 2594 ordine
3395 2543 3557 2610 sunt,

1885 2627 1990 2700 qui
2021 2633 2219 2683 certus
2246 2631 2334 2683 est
2354 2630 2493 2695 Deo,
2518 2628 2770 2699 ejusque
2792 2627 3172 2700 praascientia
3195 2626 3555 2698 continetur,

1884 2716 2178 2790 quoniam
2215 2721 2273 2772 et
2300 2716 2587 2773 humana:
2607 2715 2950 2773 voluntates
2969 2717 3384 2773 humanorum
3416 2731 3557 2789 ope-

1883 2822 2020 2862 rum
2047 2821 2246 2862 causae
2287 2808 2447 2862 sunt.
2479 2809 2672 2878 Atque
2699 2805 2781 2863 ita
2809 2805 2914 2879 qui
2944 2819 3159 2862 omnes
3189 2821 3394 2862 rerum
3410 2820 3554 2862 ceu-

1883 2912 1982 2952 sas
2001 2895 2318 2969 praescivit,
2354 2895 2622 2968 profecto
2653 2896 2716 2952 in
2752 2895 2838 2952 eis
2866 2895 3066 2953 causis
3099 2895 3281 2953 etiam
3310 2899 3554 2953 nostras

1879 2985 2218 3042 voluntates
2265 2984 2545 3054 ignorare
2584 3000 2708 3040 non
2756 2985 2970 3057 potuit,
3011 3001 3166 3057 quas
3204 2989 3554 3043 nostrorum

71 3087 201 3126 esse
225 3071 480 3144 aliquid
502 3071 564 3126 in
593 3077 802 3128 nostra
831 3074 1158 3142 voluntate,
1178 3080 1281 3130 aut
1301 3091 1429 3131 esse
1450 3076 1768 3147 praescien-
1795 3105 1835 3161 ρ
1879 3089 2135 3146 operum
2165 3089 2382 3129 causas
2421 3089 2550 3130 esse
2589 3073 2911 3145 praescivit.
2943 3077 3092 3130 Nam
3122 3077 3180 3130 et
3205 3073 3354 3130 illud
3381 3073 3552 3146 quod

68 3160 216 3216 tiam
240 3161 928 3226 futurorum.Quoniam
951 3169 1272 3236 utrumque
1292 3164 1613 3220 arbitratur
1631 3181 1763 3221 esse

70 3265 197 3306 non
225 3267 447 3325 posse,
483 3251 589 3307 sed
629 3251 678 3307 si
709 3252 963 3309 alterum
993 3253 1468 3321 conﬁrmabitur,
1511 3254 1766 3310 alterum

74 3341 224 3413 tolli,
259 3342 313 3397 si
343 3341 713 3411 elegerimus
752 3343 1192 3414 praescientiam
1237 3342 1596 3408 futurorum,
1641 3344 1766 3401 tolli

75 3431 423 3488 voluntatis
447 3431 791 3500 arbitrium;
827 3433 873 3488 si
888 3433 1241 3504 elegerimus
1263 3434 1583 3490 voluntatis
1609 3434 1765 3491 arbi-

79 3520 286 3593 trium,
323 3521 456 3577 tolli
485 3522 928 3594 praescientiam
955 3523 1312 3579 futurorum.
1365 3527 1495 3596 Ipse
1539 3523 1760 3596 itaque,

79 3613 146 3664 ut
172 3611 269 3666 vir
319 3626 590 3682 magnus
637 3616 694 3668 et
734 3612 950 3668 doctus
980 3617 1070 3670 est
1095 3613 1229 3668 vitae
1261 3614 1546 3669 humanae
1575 3613 1762 3685 pluri-

81 3715 255 3756 mum
283 3712 358 3759 ac
401 3702 761 3774 peritissime
792 3702 1138 3769 consulens,
1172 3719 1243 3758 ex
1271 3703 1362 3758 his
1392 3703 1633 3759 duobus
1664 3703 1764 3758 eli-

85 3789 167 3858 git
196 3791 336 3861 [al.,
366 3790 556 3862 eligit]
585 3791 842 3848 liberum
869 3791 1193 3848 voluntatis
1231 3791 1566 3860 arbitrium,
1597 3792 1764 3864 quod

87 3883 147 3934 ut
165 3881 654 3944 conﬁrmaretur,
675 3880 917 3950 negavit
937 3882 1377 3954 prsescientiam
1392 3880 1758 3950 futurorum;

87 3971 265 4040 atque
292 3971 378 4026 ita
409 3969 563 4026 dum
591 3970 720 4027 vult
753 3969 949 4026 facere
977 3970 1218 4040 liberos,
1253 3972 1387 4026 fecit
1419 3971 1759 4041 sacrilegos.

87 4057 461 4128 Religiosum
485 4063 689 4115 autem
709 4060 950 4115 animus
977 4065 1301 4131 utrumque
1332 4059 1511 4128 eligit,
1534 4064 1765 4115 utrum-

85 4161 198 4217 que
231 4148 559 4205 conﬁtetur
576 4153 633 4205 et
651 4149 773 4205 ﬁde
799 4149 1036 4221 pietatis
1068 4154 1390 4220 utrumque
1423 4147 1760 4205 conﬁrmat.

88 4237 426 4312 Quomodo,
464 4239 658 4312 inquit
682 4255 826 4296 nam
855 4239 903 4295 si
931 4243 1016 4295 est
1043 4239 1422 4312 praescien'tia
1463 4238 1758 4306 furorum,

89 4333 417 4398 sequentur
441 4329 545 4386 illa
573 4329 781 4386 omnia
804 4345 942 4403 quae
977 4345 1250 4386 connexa
1280 4333 1439 4395 sunt,
1467 4329 1660 4384 donec
1690 4343 1762 4384 eo

90 4419 477 4485 perveniatur
509 4423 570 4475 ut
604 4419 752 4476 nihil
785 4420 856 4475 sit
886 4419 948 4475 in
978 4423 1189 4475 nostra
1215 4419 1542 4474 voluntate.
1577 4419 1762 4474 Porro

95 4503 139 4557 si
169 4509 257 4561 est
285 4506 520 4581 aliquid
550 4508 611 4564 in
653 4513 864 4565 nostra
900 4508 1209 4564 voluntate
1239 4506 1466 4562 eisdem
1507 4507 1764 4562 recursis

102 4594 385 4662 gradibus
414 4614 488 4654 eo
513 4599 856 4670 pervenitur
877 4602 942 4654 ut
964 4613 1087 4654 non
1115 4598 1188 4653 sit
1208 4596 1585 4669 praescientia
1605 4597 1764 4654 tutu-

102 4694 302 4738 rorum
336 4701 349 4741 :
379 4702 528 4744 nam
557 4703 667 4760 per
691 4687 792 4744 illa
821 4687 1028 4743 omnia
1058 4687 1142 4743 sic
1184 4687 1526 4744 recurritur.
1578 4688 1634 4744 Si
1679 4690 1770 4744 est

106 4769 418 4831 voluntatis
451 4777 790 4848 arbitrium,
811 4792 936 4833 non
963 4775 1171 4833 omnia
1200 4775 1321 4833 fato
1347 4774 1535 4845 ﬁunt;
1569 4776 1618 4832 si
1641 4791 1768 4832 non

107 4862 303 4919 omnia
348 4866 470 4922 tato
518 4866 690 4935 ﬁunt,
740 4883 866 4922 non
921 4870 1010 4922 est
1049 4865 1324 4922 omnium
1372 4869 1570 4923 certus
1617 4865 1768 4922 ordo

110 4962 458 5026 causarum;
493 4955 543 5010 si
579 4961 774 5012 certus
813 4971 1142 5012 causarum
1173 4955 1322 5012 ordo
1351 4971 1476 5012 non
1504 4959 1613 5027 est,
1656 4971 1768 5011 nec

109 5050 307 5097 eorum
337 5049 535 5101 certus
581 5049 672 5102 est
712 5044 863 5102 ordo
894 5043 1232 5117 praescienti
1276 5047 1418 5115 Deo,
1459 5060 1598 5117 quas
1639 5043 1770 5100 ﬁeri

108 5137 227 5181 non
271 5137 527 5202 possunt
577 5134 696 5191 nisi
736 5132 1218 5206 praecedentibus
1268 5137 1325 5188 et
1373 5131 1769 5189 efﬁcientibus

113 5217 321 5275 causis.
355 5222 410 5278 Si
458 5239 662 5279 rerum
693 5225 843 5281 ordo
877 5223 1193 5296 prmscienl
1240 5225 1360 5278 Deo
1407 5226 1602 5278 certus
1644 5238 1768 5279 non

118 5307 217 5371 est,
247 5321 366 5366 non
391 5314 599 5371 omnia
620 5314 704 5370 sic
728 5313 978 5372 veniunt
1004 5316 1071 5369 ut
1088 5329 1161 5370 ea
1179 5317 1428 5370 ventura
1445 5312 1764 5385 praescivit.

119 5391 287 5450 Porro
307 5399 354 5454 si
379 5417 503 5459 non
533 5404 740 5460 omnia
770 5404 853 5460 sic
879 5402 1132 5460 veniunt
1165 5406 1231 5458 ut
1264 5401 1342 5459 ab
1383 5401 1484 5458 illo
1516 5406 1771 5460 ventura

124 5489 384 5552 praescita
413 5499 574 5561 sunt,
605 5511 731 5552 non
763 5498 870 5566 est,
901 5494 1117 5568 inquit,
1147 5494 1211 5551 in
1244 5495 1364 5550 Deo
1393 5493 1771 5568 praescientia

128 5577 379 5638 omnium
409 5583 765 5642 futurorum.
799 5589 916 5642 Nos
947 5585 1233 5642 adversus
1264 5584 1411 5641 istos
1444 5584 1769 5655 sacrilegos

133 5673 305 5720 ausus
327 5677 499 5744 atque
527 5675 768 5748 impios,
801 5678 858 5730 et
884 5677 1069 5731 Deum
1094 5674 1354 5732 dicimus
1384 5674 1590 5731 omnia
1621 5675 1770 5732 scire

137 5752 439 5827 antequam
469 5763 637 5835 ﬁant,
673 5767 733 5824 et
767 5765 1072 5824 voluntate
1109 5778 1223 5823 nos
1251 5763 1446 5823 facere
1474 5763 1773 5839 quidquid

1877 3163 2040 3219 idem
2071 3162 2272 3220 Cicero
2305 3161 2596 3227 concedit,
2628 3160 2780 3217 nihil
2805 3161 2955 3224 ﬁeri,
2989 3162 3039 3216 si
3069 3177 3258 3218 causa
3286 3160 3550 3218 efﬁciens

1875 3268 1998 3308 non
2018 3251 2341 3324 praecedat,
2375 3251 2521 3307 satis
2560 3254 2654 3307 est
2682 3249 2763 3307 ad
2790 3265 2930 3307 eum
2960 3251 3024 3307 in
3051 3249 3166 3307 hac
3213 3250 3549 3324 quaestione

1873 3339 2550 3411 redarguendum.Quid
2569 3341 2733 3396 enim
2755 3355 2892 3396 eum
2916 3339 3167 3411 adjuvat
3183 3339 3354 3413 quod
3381 3339 3545 3410 dicit,

1873 3430 2022 3486 nihil
2072 3429 2322 3502 quidem
2369 3429 2500 3486 ﬁeri
2549 3429 2675 3486 sine
2729 3445 2934 3498 causa,
2977 3428 3083 3484 sed
3127 3445 3253 3486 non
3299 3444 3548 3487 omnem

1872 3535 2124 3577 causam
2155 3535 2285 3576 esse
2326 3519 2593 3586 fatalem,
2623 3519 2769 3592 quia
2805 3522 2894 3576 est
2937 3533 3122 3576 causa
3149 3519 3412 3587 fortuita,
3453 3524 3547 3577 est

1873 3610 2186 3680 naturalis,
2206 3615 2295 3666 est
2313 3609 2652 3667 voluntaria
2676 3610 2704 3665 ‘I
2736 3609 2963 3666 Sufﬁcit
2989 3609 3136 3682 quia
3165 3625 3348 3668 omne
3377 3611 3546 3683 quod

1871 3701 1960 3770 ﬁt;
1991 3715 2116 3757 non
2142 3700 2257 3756 nisi
2286 3715 2472 3756 causa
2500 3699 2876 3772 przecedente
2905 3699 3037 3756 ﬁeri
3065 3701 3402 3757 conﬁtetur.
3426 3704 3543 3758 Nos

1872 3791 2035 3847 enim
2091 3805 2193 3846 eas
2251 3804 2465 3846 causas
2519 3805 2654 3862 quae
2706 3789 2991 3847 dicuntur
3046 3787 3322 3856 fortuitae,
3379 3789 3544 3846 unde

1873 3881 2053 3937 etiam
2084 3879 2323 3936 fortuna
2358 3894 2586 3935 nomen
2635 3879 2884 3951 accepit,
2932 3894 3058 3935 non
3106 3894 3236 3935 esse
3282 3878 3542 3937 dicimus

1871 3970 2068 4027 nullas
2101 3968 2209 4025 sed
2235 3969 2486 4025 latentes
2513 3986 2526 4024 :
2555 3983 2780 4040 easque
2801 3967 3124 4024 tribuimus
3147 3968 3244 4025 vel
3265 3969 3368 4026 Dei
3394 3970 3541 4038 veri,

1870 4058 1966 4114 vel
1994 4056 2400 4130 quorumlibet
2431 4054 2750 4128 spirituum
2779 4055 3095 4125 voluntati,
3125 4057 3412 4130 ipsasque
3431 4073 3542 4114 na-

1871 4147 2093 4204 turales
2118 4161 2510 4220 nequaquam
2544 4145 2622 4203 ab
2651 4145 2810 4202 illius
2834 4145 3141 4204 voluntate
3167 4146 3543 4218 sejungimus

1870 4237 1976 4310 qui
1996 4240 2083 4293 est
2112 4240 2322 4294 auctor
2350 4235 2550 4292 omnis
2572 4235 2967 4310 conditorque
2992 4240 3384 4295 naturanam
3397 4253 3544 4295 vero

1871 4343 2068 4384 causae
2097 4325 2450 4383 voluntariae
2477 4329 2583 4382 aut
2611 4325 2715 4382 Dei
2741 4330 2898 4396 sunt,
2927 4329 3032 4384 aut
3060 4327 3547 4398 angelorum,aut

1870 4417 2212 4488 hominum,
2257 4419 2362 4472 aut
2402 4432 2789 4489 quorumque
2841 4417 3220 4486 animalium,
3252 4418 3304 4474 si
3340 4421 3546 4476 tamen

1870 4507 2206 4563 voluntates
2235 4506 2614 4580 appellandae
2637 4507 2777 4563 sunt
2792 4502 3138 4564 animarum
3160 4509 3290 4578 [al.,
3312 4508 3548 4565 anima-

1870 4596 2045 4669 lium]
2075 4597 2323 4654 rationis
2364 4597 2701 4670 expertium
2742 4600 2945 4653 motus
2969 4597 3052 4652 illi
3081 4597 3304 4669 quibus
3341 4597 3549 4669 aliqua

1875 4688 2103 4744 faciunt
2122 4687 2459 4743 secundum
2497 4689 2781 4742 naturam
2817 4700 3014 4753 suam,
3042 4700 3180 4741 cum
3225 4683 3372 4756 quid
3401 4684 3549 4742 boni

1874 4776 2094 4833 malive
2113 4774 2209 4830 vel
2233 4777 2527 4847 appetunt
2554 4773 2651 4830 vel
2672 4775 2916 4829 evitant.
2946 4773 3313 4843 Angelorum
3343 4776 3548 4830 autem

1877 4864 2216 4922 voluntates
2263 4862 2399 4920 dico
2449 4877 2558 4919 seu
2598 4862 2925 4930 bonorum,
2975 4877 3133 4934 quos
3163 4859 3414 4932 angelos
3444 4860 3550 4917 Dei

1876 4953 2154 5022 dicimus,
2199 4967 2308 5008 seu
2349 4951 2673 5016 malorum,
2713 4965 2870 5023 quos
2908 4949 3156 5022 angelos
3197 4949 3426 5008 diaboli
3453 4953 3552 5011 vel

1877 5043 2058 5101 etiam
2083 5042 2394 5099 daemones
2425 5039 2827 5115 appellamus,
2861 5039 2945 5097 sic
2970 5045 3028 5096 et
3068 5039 3412 5112 hominum,
3442 5040 3552 5097 bo-

1876 5149 2097 5190 norum
2135 5131 2358 5188 scilicet
2399 5134 2456 5188 et
2493 5129 2814 5187 malorum.
2857 5133 2938 5186 Ac
2973 5145 3081 5204 per
3109 5130 3225 5187 hoc
3255 5129 3552 5202 colligitur

1879 5239 2003 5280 non
2033 5237 2163 5278 esse
2195 5237 2410 5278 causas
2437 5219 2762 5277 efﬁcientes
2786 5220 3063 5277 omnium
3087 5236 3225 5293 quae
3253 5218 3555 5282 ﬁunt,nisi

1878 5311 2252 5370 voluntarias
2276 5309 2437 5367 illius
2469 5315 2700 5368 naturae
2732 5309 2955 5368 scilicet
2979 5325 3114 5384 quae
3141 5309 3386 5383 spiritus
3413 5307 3553 5363 vitae

1881 5407 1988 5460 est.
2021 5405 2173 5459 Nam
2194 5404 2252 5457 et
2274 5416 2376 5457 aer
2395 5399 2504 5458 iste
2535 5415 2643 5456 seu
2662 5403 2878 5456 ventus
2898 5399 3116 5456 dicitur
3139 5398 3384 5471 spiritus
3390 5395 3546 5468 ,sed,

1881 5492 2175 5567 quoniam
2204 5505 2428 5564 corpus
2457 5493 2568 5561 est,
2595 5505 2721 5546 non
2741 5491 2830 5546 est
2850 5488 3096 5562 spiritus
3113 5487 3272 5544 vitai.
3297 5485 3553 5559 Spiritus

1881 5601 2024 5656 ergo
2049 5583 2185 5640 vitae
2201 5580 2305 5655 qui
2325 5580 2589 5638 viviﬁcat
2610 5579 2818 5638 omnia
2847 5579 2940 5650 (Π
2956 5577 3137 5635 Esdr.
3168 5592 3251 5649 ix,
3283 5577 3362 5650 ϐ),
3385 5590 3554 5634 crea-

1881 5680 2091 5747 torque
2116 5677 2206 5730 est
2234 5671 2434 5728 omnis
2466 5669 2736 5744 corporis
2767 5672 2824 5726 et
2853 5667 3052 5725 omnis
3073 5667 3256 5724 creati
3285 5665 3558 5754 spiritus,

1881 5764 2010 5838 ipse
2043 5765 2132 5823 est
2159 5765 2315 5822 Deus
2347 5761 2600 5836 Spiritus
2629 5759 2837 5832 utique
2857 5773 2984 5818 non
3011 5761 3288 5828 creatus;
3334 5757 3398 5814 in
3426 5756 3561 5830 ejus
