3936 6438
307 353 446 410 1143

1393 349 1446 401 S.
1488 342 1860 404 PRUDENTII
1904 342 2292 404 TRECENSIS
2333 349 2670 406 EPlSCOPl.

2705 103 2750 109 -

3623 357 3778 410 1144

303 475 612 533 voluntate
634 487 876 528 summa
894 473 1159 544 potestas
1185 474 1294 535 est,
1322 487 1460 544 quae
1482 472 1617 542 [al.,
1657 470 2032 543 qua]crea-A
2087 471 2443 529 necessitate
2474 489 2600 529 non
2627 489 2791 530 esse:
2817 474 3010 531 multa
3031 475 3192 531 enim
3213 475 3488 546 facimus,
3511 491 3681 549 quas,
3721 479 3779 535 si

303 569 506 622 torum
535 562 853 636 spirituum
879 561 1077 617 bonas
1106 561 1447 617 voluntates
1478 561 1750 632 adjuvat,
1775 558 1970 614 malas

301 654 557 726 judicat,
580 666 790 709 omnes
811 649 1072 714 ordinat,
1095 653 1152 707 et
1199 649 1571 723 quibusdam
1611 647 1816 706 tribuit
1859 661 1969 720 po-

304 746 602 810 testatem,
626 738 995 814 quibusdam
1023 754 1147 796 non
1176 739 1402 796 tribuit.
1439 739 1600 796 Sicut
1634 738 1797 796 enim
1841 752 1970 794 om-

304 834 477 890 nium
505 834 858 887 naturarum
897 833 1130 886 creator
1158 832 1265 898 est,
1297 829 1380 886 ita
1407 829 1684 886 omnium
1710 829 1970 901 potesta-

303 927 435 978 tum
473 919 666 981 dator.
698 933 822 974 nou
851 918 1228 976 voluntatum
1262 937 1274 975 :
1307 919 1482 976 malae
1513 919 1740 992 quippe
1767 916 1972 973 volun-

302 1015 454 1068 tates
486 1007 565 1066 ab
614 1006 716 1063 illo
755 1022 881 1064 non
922 1010 1081 1077 sunt,
1115 1008 1406 1081 quoniam
1437 1012 1646 1064 contra
1689 1011 1970 1063 naturam

303 1103 442 1154 sunt
471 1113 609 1170 qute
639 1095 718 1154 ab
754 1096 854 1154 illo
884 1101 990 1154 est.
1025 1098 1292 1171 Corpora
1325 1096 1506 1168 igitur
1533 1096 1728 1166 magis
1769 1095 1968 1167 subja-

301 1191 439 1246 cent
467 1186 896 1256 voluntatibus,
929 1187 1215 1260 quaedam
1243 1187 1485 1252 nostris,
1502 1186 1564 1242 id
1584 1190 1675 1243 est
1693 1185 1968 1242 omnium

301 1277 706 1334 animantium
735 1277 1108 1346 mortalium,
1126 1281 1181 1334 et
1202 1277 1402 1347 magis
1432 1277 1749 1333 hominum
1779 1291 1967 1348 quam

296 1367 633 1424 bestiarum
667 1383 680 1422 :
713 1366 1000 1439 quaedam
1027 1383 1172 1423 vero
1198 1366 1550 1437 angelorum
1576 1385 1590 1436 ;
1627 1366 1735 1422 sed
1763 1367 1970 1424 omnia

298 1456 566 1513 maxime
596 1455 701 1512 Dei
728 1455 1022 1512 voluntati
1051 1455 1298 1513 subdita
1322 1460 1462 1513 sunt
1493 1472 1505 1511 :
1540 1455 1637 1512 cui
1661 1455 1843 1512 etiam
1870 1473 1972 1514 vo-

297 1545 558 1602 luntates
606 1560 819 1601 omnes
877 1545 1297 1618 subjiciuntur,
1359 1545 1508 1619 quia
1561 1561 1687 1602 non
1743 1545 1971 1602 habent

297 1636 680 1708 potestatem,
711 1633 830 1690 nisi
859 1650 1049 1707 quam
1079 1634 1174 1690 ille
1205 1634 1500 1691 concedit.
1545 1637 1738 1692 Causa
1767 1634 1970 1708 itaque

296 1739 522 1787 rerum,
546 1739 682 1796 quze
705 1722 846 1780 facit
864 1739 978 1779 nec
1003 1723 1091 1794 ﬁt,
1119 1726 1273 1780 Deus
1289 1727 1396 1792 est,
1421 1723 1551 1780 aliae
1577 1739 1721 1780 vero
1750 1739 1966 1783 causae,

2079 560 2536 631 nollemus,non
2558 565 2763 636 utique
2781 564 3152 634 faceremus;
3181 581 3304 638 quo
3330 565 3611 638 primitus
3629 583 3779 640 per-

2079 647 2224 706 tinet
2245 650 2451 724 ipsum
2469 652 2640 709 velle.
2662 656 2811 709 Nam
2841 652 2890 708 si
2917 652 3221 721 volumus,
3244 660 3351 725 est,
3375 654 3426 710 si
3443 654 3770 726 nolumus,

2077 749 2198 791 non
2228 744 2332 794 est.
2351 741 2481 795 Non
2507 739 2667 796 enim
2697 740 3004 805 vellemus,
3035 742 3085 797 si
3105 741 3423 799 nollemus.
3465 743 3521 801 Si
3547 749 3770 802 autem

2077 823 2179 880 illa
2204 824 2485 884 deﬁnitur
2511 844 2640 884 esse
2668 830 2995 887 necessitas
3026 832 3361 888 secundum
3392 849 3583 906 quam
3614 835 3771 891 diei-

2078 929 2482 982 mus,necesse
2500 933 2632 973 esse
2649 922 2714 974 ut
2735 918 2818 975 ita
2839 918 2913 975 sit
2932 919 3162 992 aliquid
3182 921 3277 977 vel
3304 921 3388 978 ita
3411 922 3769 989 ﬁat,nescio

2078 1015 2183 1058 cur
2207 1017 2342 1060 eam
2373 1005 2696 1063 timeamus
2719 1022 2795 1063 ne
2825 1007 3002 1065 nobis
3027 1008 3364 1066 libertatem
3393 1010 3630 1070 auferat
3659 1029 3772 1070 vo-

2076 1089 2322 1148 luntatis
2355 1111 2368 1149 :
2401 1110 2598 1168 neque
2629 1095 2791 1152 enim
2813 1100 2869 1153 et
2895 1096 3081 1154 vitam
3108 1099 3210 1154 Dei
3231 1103 3287 1155 et
3306 1100 3767 1172 praescientiam

2078 1180 2178 1236 Dei
2210 1182 2325 1238 sub
2355 1184 2704 1242 necessitate
2734 1185 3044 1258 ponimus,
3096 1187 3146 1244 si
3182 1187 3462 1245 dicamus
3505 1206 3765 1248 necesse

2077 1283 2210 1323 esse
2241 1271 2426 1326 Deum
2456 1287 2694 1345 semper
2723 1273 2920 1330 vivere
2951 1278 3007 1331 et
3037 1281 3253 1333 cuncta
3285 1278 3566 1349 praescire
3601 1281 3768 1335 sicut

2076 1371 2187 1412 nec
2220 1361 2485 1429 potestas
2515 1360 2648 1432 ejus
2676 1361 2967 1419 minuitur
3000 1379 3138 1419 cum
3178 1364 3392 1420 dicitur
3419 1367 3574 1422 mori
3604 1366 3766 1423 falli~

2077 1460 2194 1518 que
2220 1463 2344 1504 non
2371 1465 2573 1522 posse.
2609 1451 2701 1508 Sic
2727 1451 2887 1508 enim
2917 1453 3033 1509 hoc
3061 1469 3186 1510 non
3212 1460 3430 1526 potest,
3456 1460 3521 1512 ut
3546 1458 3766 1528 potius

2080 1536 2348 1608 siposset
2361 1539 2607 1595 minoris
2623 1544 2781 1596 esset
2794 1541 2998 1614 utique
3011 1543 3502 1615 potestatis,recte
3519 1545 3764 1618 quippe

2079 1626 2462 1698 omnipotens
2504 1628 2737 1698 dicitur,
2781 1629 2886 1702 qui
2924 1633 3127 1688 tamen
3176 1632 3329 1688 mori
3367 1636 3424 1688 et
3459 1632 3583 1688 falli
3623 1649 3760 1689 non

2078 1718 2295 1787 potest.
2346 1716 2568 1773 Dicitur
2616 1719 2775 1774 enim
2826 1719 3210 1792 omnipotens
3257 1719 3528 1777 faciendo
3576 1723 3761 1794 quod

297 1817 357 1869 et
402 1812 628 1869 faciunt
674 1816 732 1869 et
777 1813 952 1876 ﬁunt,
999 1812 1153 1869 sicut
1199 1817 1337 1868 sunt
1385 1829 1599 1869 omnes
1643 1813 1824 1868 creati
1855 1812 1970 1885 spi—
1998 1826 2038 1880 Β
2076 1803 2218 1874 VU”,
2247 1819 2370 1860 non
2395 1805 2681 1878 Patiendo
2707 1807 2876 1880 (100d
2901 1824 3026 1864 non
3048 1808 3211 1878 V11“;
3244 1809 3410 1882 (ΙΠΟά
3436 1809 3484 1865 Si
3513 1810 3568 1865 ei
3598 1811 3763 1866 300i-

295 1902 465 1973 ritus,
479 1901 744 1958 maxime
761 1900 1088 1958 rationales
1109 1919 1123 1969 ;
1156 1901 1502 1974 corporales
1524 1905 1730 1958 autem
1747 1918 1966 1972 causae,

296 2007 435 2065 qum
481 1990 681 2061 magis
730 1991 882 2046 ﬁunt
929 2007 1118 2064 quam
1163 1990 1409 2058 faciunt,
1459 2006 1583 2047 non
1631 1995 1770 2047 sunt
1817 1991 1970 2046 inter

297 2096 515 2137 causas
565 2079 890 2136 efficientes
939 2079 1450 2148 annumerandae;
1503 2079 1796 2152 quoniam
1853 2081 1969 2136 hoc

294 2172 556 2243 possunt
583 2169 754 2242 quod
782 2184 855 2226 ex
892 2168 1038 2241 ipsis
1082 2168 1308 2226 faciunt
1340 2168 1660 2242 spirituum
1689 2168 1967 2226 volunta-

298 2263 414 2314 tes.
462 2258 782 2325 Quomodo
828 2258 1009 2327 igitur
1049 2257 1199 2314 ordo
1250 2273 1598 2330 causarum,
1641 2257 1747 2331 qui
1786 2274 1969 2331 praes-

299 2346 485 2402 cienti
515 2351 713 2403 certus
745 2350 834 2402 est
861 2348 1004 2417 Deo,
1029 2345 1089 2401 id
1107 2346 1287 2402 efﬁcit
1305 2350 1372 2403 ut
1395 2347 1543 2402 nihil
1570 2347 1643 2403 sit
1672 2347 1734 2403 in
1759 2353 1970 2404 nostra

297 2435 631 2505 voluntate,
659 2451 799 2492 eum
829 2434 891 2491 in
914 2435 1048 2508 ipso
1079 2451 1405 2492 causarum
1431 2435 1642 2493 ordine
1670 2452 1968 2507 magnum

295 2523 569 2581 habeant
633 2523 835 2581 locum
883 2529 1104 2581 nostrae
1161 2523 1502 2581 voluntates
1544 2525 1572 2581 ?
1639 2525 1972 2584 Contendat

298 2629 442 2685 ergo
504 2614 705 2671 Cicero
759 2629 898 2669 cum
945 2613 1030 2670 eis
1076 2613 1181 2687 qui
1228 2613 1390 2670 hunc
1440 2629 1762 2671 causarum
1815 2614 1970 2672 ordi-

297 2717 441 2758 nem
471 2702 684 2759 dicunt
713 2717 850 2759 esse
876 2701 1142 2766 fatalem,
1164 2701 1260 2759 vel
1279 2702 1481 2776 potius
1511 2703 1714 2776 ipsum
1743 2703 1847 2762 fati
1865 2720 1970 2761 no-

294 2790 461 2847 mine
501 2790 828 2863 appellant,
873 2790 1042 2864 quod
1082 2807 1197 2848 nos
1241 2791 1642 2848 abhorremus
1668 2792 1970 2866 prtecipue

294 2884 546 2951 propter
573 2877 942 2936 vocabulum
963 2878 1130 2952 quod
1159 2895 1282 2936 non
1311 2880 1373 2936 in
1392 2896 1457 2937 re
1485 2897 1632 2938 vera
1661 2881 1970 2940 consuevit

294 2967 568 3039 intelligi.
601 2967 776 3034 Quod
805 2983 946 3025 vero
972 2973 1155 3040 negat
1185 2969 1461 3027 ordinem
1509 2970 1784 3027 omnium
1826 2986 1968 3027 cau-

299 3071 509 3112 sarum
556 3071 687 3113 esse
729 3056 1150 3124 certissimum,
1183 3061 1238 3114 et
1281 3059 1383 3115 Dei
1425 3059 1816 3132 prmscientiae
1863 3075 1970 3116 no-

2077 1892 2262 1961 deret,
2297 1910 2689 1969 nequaquam
2734 1901 2886 1953 esset
2917 1897 3321 1971 omnipotens.
3359 1898 3523 1954 Unde
3561 1915 3760 1972 prop-

2077 1988 2239 2040 terea
2266 1983 2554 2056 quasdam
2593 2001 2719 2042 non
2752 1991 2967 2059 potest,
3009 1988 3157 2060 quia
3194 1988 3579 2061 omnipotens
3609 1993 3708 2045 est
3741 2006 3755 2046 :

2076 2071 2229 2128 sicut
2255 2073 2432 2129 etiam
2466 2089 2606 2131 cum
2645 2074 2903 2132 dicimus
2947 2092 3194 2134 necesse
3225 2093 3354 2134 esse
3379 2081 3444 2135 ut
3475 2093 3619 2134 cum
3647 2095 3763 2134 vo-

2074 2160 2297 2234 lumus,
2338 2162 2529 2221 libero
2578 2164 2833 2222 velimus
2876 2166 3146 2236 arbitrio,
3197 2170 3255 2223 et
3293 2182 3506 2224 verum
3536 2168 3763 2242 procul

2075 2250 2262 2308 dubio
2293 2251 2569 2322 dicimus,
2605 2259 2662 2310 et
2696 2269 2820 2311 non
2869 2255 3006 2312 ideo
3053 2256 3255 2328 ipsum
3283 2255 3540 2313 liberum
3587 2257 3754 2314 arbi-

2075 2340 2254 2396 trium
2307 2341 2647 2400 necessitati
2691 2343 3067 2415 subjicimus,
3125 2361 3251 2419 qua
3310 2345 3637 2402 adimimus
3689 2346 3758 2402 li-

2073 2429 2371 2487 bertatem
2393 2431 2525 2502 [al.,
2556 2449 2694 2505 quae
2721 2432 2976 2505 adimit].
3013 2435 3168 2492 Sunt
3195 2435 3378 2506 igitur
3403 2440 3624 2493 nostra:
3644 2451 3756 2492 vo-

2074 2517 2355 2591 luntates,
2395 2525 2452 2578 et
2499 2521 2646 2594 ipsas
2695 2521 2924 2579 faciunt
2971 2522 3273 2596 quidquid
3313 2523 3574 2581 volendo
3613 2524 3762 2581 faei-

2077 2623 2236 2668 mus.
2289 2609 2457 2681 quod
2505 2625 2631 2666 non
2691 2610 2859 2668 ﬁeret
2914 2610 2963 2667 si
3017 2611 3318 2669 nollemus
3379 2631 3393 2669 :
3448 2613 3758 2686 quidquid

2079 2702 2281 2754 autem
2312 2698 2572 2756 aliorum
2593 2699 2914 2757 hominum
2932 2699 3236 2758 voluntate
3261 2701 3472 2758 nolens
3489 2703 3758 2776 quisque

2076 2788 2322 2860 patitur,
2363 2789 2544 2846 etiam
2583 2789 2665 2846 sic
2708 2790 2984 2847 voluntas
3026 2791 3205 2860 valet,
3238 2797 3295 2848 et
3329 2792 3380 2847 si
3420 2808 3546 2848 non
3587 2792 3756 2849 illius

2077 2881 2280 2935 tamen
2319 2879 2449 2950 [al.,
2484 2880 2746 2950 tantum]
2776 2879 3040 2936 hominis
3070 2880 3374 2945 voluntas,
3412 2881 3521 2937 sed
3551 2886 3759 2954 potes-

2077 2970 2170 3024 tas
2203 2967 2302 3023 Dei
2322 2972 2430 3024 est.
2455 2970 2496 3021 Ν
2506 2984 2607 3024 am
2631 2967 2680 3024 si
2698 2968 2976 3026 voluntas
2997 2973 3231 3026 tantum
3243 2975 3398 3026 esset
3419 2987 3528 3027 nec
3546 2976 3756 3044 posset

2077 3057 2245 3130 quod
2269 3055 2467 3126 vellet,
2490 3057 2824 3131 potentiore
2847 3058 3154 3115 voluntate
3184 3059 3597 3132 impediretur,
3639 3076 3755 3116 nec

298 3145 621 3216 tissimum,
653 3146 792 3220 plus
829 3163 969 3202 eum
1007 3163 1196 3221 quam
1227 3147 1404 3205 Stoici
1431 3147 1818 3206 detestamur.
1852 3151 1970 3205 Aut
1997 3180 2038 3237 Ο
2081 3147 2164 3201 sic
2194 3151 2399 3202 tamen
2426 3147 2731 3217 voluntas,
2775 3148 2894 3204 nisi
2945 3147 3218 3206 voluntas
3258 3153 3432 3218 esset,
3463 3165 3573 3205 nec
3604 3149 3755 3206 alte-

297 3233 462 3290 enim
514 3250 646 3291 esse
697 3238 885 3291 Deum
935 3239 1118 3307 negat
1170 3236 1359 3309 (quod
1414 3236 1663 3308 quidem
1717 3237 1967 3294 inducta

300 3324 542 3382 alterius
567 3341 828 3398 persona
857 3325 920 3382 in
947 3325 1114 3383 libris
1141 3326 1216 3382 de
1246 3326 1500 3383 deorum
1527 3331 1744 3385 natura
1771 3326 1966 3384 facere

297 3414 542 3471 molitus
575 3417 706 3486 est),
746 3419 850 3472 aut
903 3416 952 3471 si
1000 3432 1131 3472 esse
1182 3414 1496 3472 conﬁtetur
1525 3418 1735 3486 Deum,
1784 3433 1967 3491 quem

294 3507 479 3574 negat
517 3504 841 3576 praescium
882 3504 1242 3574 futurorum,
1287 3505 1466 3561 etiam
1510 3504 1596 3560 sic
1636 3505 1788 3562 nihil
1829 3507 1972 3564 dicit

297 3592 464 3650 aliud
485 3609 671 3667 quam
691 3594 858 3668 quod
880 3593 976 3650 ille
1001 3611 1014 3650 :
1037 3595 1207 3651 Dixit
1241 3595 1527 3664 insipiens
1547 3596 1610 3651 in
1642 3597 1821 3653 corde
1837 3613 1966 3672 suo,

293 3697 416 3738 non
441 3688 526 3739 est
555 3684 712 3739 Deus
743 3683 933 3754 (Psal.
965 3698 1088 3737 xm.
1122 3682 1169 3754 1)
1199 3683 1306 3754 qui
1328 3683 1491 3739 enim
1517 3699 1644 3740 non
1663 3689 1756 3742 est
1781 3701 1968 3759 praes-

295 3770 427 3827 cius
476 3771 753 3828 omnium
803 3771 1162 3838 futurorum,
1204 3785 1330 3826 non
1388 3777 1476 3827 est
1528 3773 1734 3846 utique
1789 3776 1963 3831 Deus.

299 3861 678 3933 Quapropter
724 3865 781 3916 et
822 3858 1162 3916 voluntates
1215 3862 1435 3916 nostrae
1475 3865 1713 3919 tantum
1766 3863 1968 3923 valent

295 3951 595 4020 quantum
626 3950 784 4005 Deus
816 3963 919 4004 eas
946 3946 1144 4003 valere
1184 3947 1373 4005 voluit
1411 3953 1592 4022 atque
1632 3953 1963 4024 praescivit;

295 4039 353 4093 et
381 4035 520 4092 ideo
549 4036 850 4111 quidquid
880 4035 1082 4092 valent
1112 4037 1438 4094 certissime
1467 4039 1686 4112 valent,
1715 4047 1773 4099 et
1799 4041 1966 4116 quod

294 4124 538 4182 facturae
567 4129 725 4194 sunt,
757 4125 905 4197 ipsaa
935 4125 1184 4184 omnino
1209 4125 1452 4184 facturae
1476 4133 1650 4188 sunt:
1685 4132 1830 4204 quia
1862 4149 1966 4190 va-

294 4211 508 4268 lituras
529 4216 706 4285 atque
723 4213 988 4269 facturas
1015 4213 1112 4270 ille
1139 4215 1439 4287 praescivit
1460 4218 1632 4290 cujus
1652 4221 1968 4293 praescien-

296 4299 380 4355 tia
425 4299 552 4354 falli
584 4315 710 4356 non
752 4305 988 4373 potest;
1020 4309 1392 4377 quapropter
1433 4307 1481 4362 si
1520 4307 1670 4365 mihi
1711 4308 1817 4367 fati
1854 4327 1966 4368 no-

295 4401 442 4443 men
470 4386 652 4443 alicui
692 4388 778 4444 rei
812 4390 1226 4450 adhibendum
1255 4393 1536 4467 placeret,
1575 4398 1772 4470 magis
1811 4399 1968 4457 dice-

296 4492 427 4533 rem
456 4475 650 4533 fatum
679 4493 808 4535 esse
838 4480 1186 4539 inﬁrmioris
1213 4486 1568 4558 potentioris
1591 4489 1964 4548 voluntatem

297 4564 404 4636 qui
432 4581 572 4622 eum
601 4565 786 4625 habet
830 4568 891 4625 in
938 4574 1254 4644 potestate,
1283 4590 1473 4647 quam
1509 4575 1612 4632 illo
1641 4593 1965 4637 causarum

295 4653 528 4727 ordine,
577 4671 762 4729 quem
808 4673 933 4716 non
980 4659 1199 4719 usitato
1250 4663 1359 4719 sed
1402 4680 1511 4722 suo
1566 4681 1733 4724 more
1787 4669 1965 4727 Stoici

296 4743 488 4888 iatum
520 4745 851 4818 appellant,
891 4747 1206 4808 arbitrium
1242 4756 1463 4810 nostras
1500 4753 1826 4816 voluntatis
1864 4775 1966 4817 au-

324 4848 460 4888 erm.

324 4848 460 4890 erm.

366 4923 572 4996 (Idem,
592 4926 764 5000 0.10.)
789 4929 956 4988 Unde
978 4946 1089 4990 nec
1112 4933 1213 4992 illa
1231 4939 1559 4996 necessitas
1578 4939 1966 5002 formidanda

295 5015 408 5083 est,
435 5028 624 5085 quam
663 5015 1048 5078 formidando
1082 5024 1258 5082 Stoici
1291 5026 1722 5087 laboraverunt
1751 5047 1967 5091 causas

289 5370 529 5478 IlOSiI‘ElF:
558 5369 922 5443 voluntates,
950 5391 1027 5433 ne
1053 5379 1332 5440 videlicet
1357 5399 1482 5442 non
1512 5392 1709 5444 essent
1736 5387 1964 5478 liberae,

291 5455 342 5511 si
374 5457 780 5519 subderentur
804 5467 1164 5526 necessitati.
1203 5471 1262 5529 Si
1292 5473 1455 5530 enim
1484 5476 1811 5536 necessitas
1832 5455 1971 5540 nos:

288 5545 380 5642 tra
405 5545 506 5604 illa
534 5549 793 5642 dicenda
821 5561 910 5613 est
939 5574 1076 5632 quae
1120 5575 1246 5618 non
1295 5567 1384 5620 est
1429 5563 1490 5621 in
1536 5570 1741 5625 nostra
1768 5573 1968 5642 potes-

287 5635 427 5730 tate,
453 5638 560 5694 sed
580 5641 761 5730 etiam
783 5644 832 5701 si
850 5647 1138 5721 nolimus,
1163 5651 1342 5710 efﬁcit
1388 5656 1557 5728 quod
1577 5635 1792 5730 potest,
1811 5659 1966 5717 sicut

289 5724 380 5773 est
407 5729 734 5787 necessitas
777 5737 1005 5807 mortis,
1053 5724 1447 5802 manifestum
1487 5724 1958 5808 est—voluntates

289 5810 526 5866 uestras
555 5816 777 5883 quibus
802 5827 958 5883 recte
983 5828 1078 5887 vel
1098 5844 1422 5901 perperam
1447 5836 1681 5908 vivitur,
1711 5838 1825 5896 sub
1847 5839 1950 5898 tali

2077 3235 2221 3304 rius,
2257 3235 2365 3291 sed
2395 3237 2527 3308 ejus
2557 3242 2712 3294 esset
2755 3237 2862 3310 qui
2892 3236 3086 3309 vellet,
3115 3237 3224 3294 etsi
3253 3253 3379 3294 non
3406 3242 3612 3311 posset
3634 3239 3753 3294 im-

2078 3323 2239 3397 plere
2283 3325 2450 3396 quod
2502 3325 2698 3382 vellet.
2755 3325 2921 3382 Unde
2965 3326 3266 3399 quidquid
3311 3331 3526 3400 praeter
3570 3344 3751 3385 suam

2078 3415 2449 3473 voluntatem
2489 3416 2712 3490 patitur
2738 3416 2924 3474 homo
2959 3433 3085 3474 non
3117 3417 3296 3474 debet
3325 3417 3582 3474 tribuere
3613 3418 3749 3489 [al.,

2077 3504 2423 3577 retribuere]
2453 3505 2740 3562 humanis
2777 3504 2873 3562 vel
2905 3505 3216 3577 angelicis,
3257 3505 3350 3561 vel
3384 3507 3751 3580 cujusquam

2079 3594 2259 3650 creati
2304 3594 2545 3666 spiritus
2594 3594 3030 3664 voluntatibus,
3079 3595 3185 3650 sed
3224 3595 3354 3666 ejus
3397 3595 3596 3667 potius
3642 3596 3751 3668 qui

2077 3682 2182 3739 dat
2226 3686 2586 3756 potestatem
2632 3683 2994 3741 volentibus.
3048 3685 3180 3740 Non
3232 3699 3374 3754 ergo
3423 3690 3748 3757 propterea

2076 3772 2224 3828 nihil
2261 3775 2350 3829 est
2378 3773 2440 3828 in
2468 3777 2678 3830 nostra
2719 3773 3046 3844 voluntate,
3078 3773 3224 3846 quia
3268 3774 3424 3828 Deus
3452 3773 3750 3845 praescivit

2076 3861 2225 3933 quid
2268 3861 2539 3918 futurum
2599 3868 2756 3920 esset
2812 3863 2874 3919 in
2935 3867 3144 3920 nostra
3192 3861 3497 3918 voluntate
3550 3879 3564 3917 :
3623 3879 3748 3918 non

2077 3952 2238 4008 enim
2280 3952 2384 4025 qui
2423 3953 2538 4009 hoc
2581 3954 2902 4026 przescivit,
2938 3953 3085 4009 nihil
3120 3952 3438 4026 prmscivit.
3470 3954 3652 4009 Porro
3697 3952 3748 4008 si

2076 4040 2171 4097 ille
2222 4043 2329 4116 qui
2380 4044 2678 4115 praescivit
2719 4043 2866 4117 quid
2907 4043 3178 4100 futurum
3232 4046 3388 4099 esset
3433 4041 3496 4097 in
3542 4048 3750 4099 nostra

2075 4131 2398 4194 voluntate,
2428 4148 2552 4190 non
2583 4133 2790 4206 utique
2816 4133 2984 4204 nihil,
3027 4131 3133 4188 sed
3167 4131 3398 4204 aliquid
3430 4131 3747 4203 praescivit,

2075 4223 2342 4297 profecto
2387 4228 2446 4280 et
2491 4222 2592 4280 illo
2635 4223 2985 4296 praesciente
3033 4226 3121 4279 est
3167 4221 3396 4295 aliquid
3438 4221 3502 4276 in
3543 4225 3748 4277 nostra

2075 4314 2401 4372 voluntate.
2449 4313 2740 4381 Quocirca
2789 4312 3143 4370 nullomodo
3192 4311 3467 4383 cogimur
3511 4315 3615 4367 aut
3658 4327 3749 4366 re—

2075 4408 2236 4462 tenta
2264 4405 2642 4478 prtescientia
2690 4404 2793 4459 Dei
2823 4403 3026 4460 tollere
3056 4401 3379 4459 voluntatis
3409 4399 3746 4464 arbitrium,

2075 4499 2176 4552 aut
2216 4499 2444 4551 retento
2472 4493 2793 4552 voluntatis
2836 4493 3151 4550 arbitrium
3202 4493 3392 4546 Deum
3435 4489 3602 4562 quod
3643 4505 3747 4545 ne-

2075 4584 2167 4641 fas
2199 4589 2306 4657 est,
2338 4599 2566 4655 negare
2594 4583 2914 4657 praescium
2949 4582 3310 4638 futurorum.
3367 4579 3482 4635 Sed
3520 4583 3744 4634 utrum-

2073 4689 2191 4746 que
2219 4673 2660 4747 amplectimur,
2701 4677 3025 4745 utrumque
3055 4670 3308 4726 ﬁdeliter
3355 4672 3413 4725 et
3457 4668 3744 4724 veraciter

2075 4764 2479 4822 conﬁtemur:
2533 4762 2681 4820 illud
2747 4766 2812 4819 ut
2874 4761 3031 4818 bene
3095 4760 3437 4828 credamus,
3505 4757 3621 4812 hoc
3679 4761 3741 4810 ut

2073 4854 2227 4912 bene
2278 4855 2591 4923 vivamus;
2624 4851 2780 4909 male
2829 4855 3030 4909 autem
3073 4849 3288 4906 vivitur
3337 4847 3452 4903 nisi
3500 4845 3575 4902 de
3626 4847 3738 4902 Deo

2073 4944 2228 5002 bene
2271 4945 2548 5001 creditur.
2604 4942 2770 5000 Unde
2825 4941 2982 4998 absit
3029 4956 3068 4997 a
3123 4938 3300 4995 nobis
3338 4937 3470 5008 ejus
3525 4950 3738 5004 negare

2075 5035 2516 5111 prtescientiam
2566 5037 2634 5090 ut
2678 5032 2849 5090 liberi
2894 5046 3022 5088 esse
3066 5029 3344 5098 velimus,
3397 5043 3520 5099 quo
3574 5024 3738 5095 adju-

2077 5129 2253 5183 vante
2285 5141 2496 5182 sumus
2525 5123 2696 5181 liberi
2723 5122 2817 5180 vel
2848 5121 3072 5178 erimus
3111 5120 3122 5174 !
3153 5117 3405 5174 Proinde
3435 5131 3560 5172 non
3590 5113 3736 5169 frus-

2076 5221 2168 5272 tra
2199 5219 2340 5271 sunt
2365 5213 2553 5286 leges,
2583 5211 3059 5284 objurgationes,
3106 5205 3572 5270 exhortationes,
3614 5203 3736 5259 lau-

2077 5306 2184 5361 des
2228 5309 2284 5362 et
2321 5303 2812 5376 vituperationes,
2851 5300 2996 5373 quia
3039 5303 3096 5356 et
3141 5298 3309 5369 ipsas
3352 5295 3582 5350 futuras
3611 5308 3739 5348 esse

2077 5394 2402 5468 praescivit,
2434 5397 2492 5450 et
2525 5393 2734 5449 valent
2761 5389 3092 5464 plurimum
3121 5389 3417 5459 quantum
3461 5397 3563 5438 eas
3606 5381 3741 5437 vali-

2076 5489 2244 5542 turas
2275 5498 2408 5540 esse
2437 5480 2758 5556 praescivit,
2791 5484 2850 5537 et
2874 5493 3082 5552 preces
3120 5475 3322 5532 valent
3362 5471 3442 5529 ad
3462 5486 3534 5527 ea
3557 5469 3738 5542 impeo

2078 5572 2297 5629 tranda
2316 5587 2452 5645 qua:
2473 5586 2535 5627 se
2556 5569 2944 5643 precantibus
2968 5577 3400 5624 concessurum
3419 5575 3550 5618 esse
3570 5575 3738 5632 praes-

2078 5663 2239 5731 civit,
2293 5667 2350 5720 et
2399 5663 2563 5734 justa
2610 5659 2861 5734 prtemia
2911 5657 3090 5715 bonis
3145 5654 3334 5718 factis,
3386 5655 3444 5709 et
3489 5647 3734 5723 peccatis

2080 5752 2377 5825 supplicia
2406 5752 2726 5809 constituta
2762 5753 2920 5805 sunt.
2955 5752 3156 5820 Neque
3189 5744 3350 5800 enim
3379 5741 3514 5797 ideo
3539 5742 3737 5811 peccat

2083 5840 2270 5902 homo
2299 5840 2444 5912 quia
2462 5843 2618 5899 Deus
2650 5839 2819 5898 illum
2843 5839 3232 5910 peccaturum
3253 5827 3590 5904 prtescivit;
3622 5827 3731 5885 imo
