3936 6366
119 262 268 314 1145

1067 259 1158 314 DE
1198 255 1870 314 PRIEDESTINATIONE
1909 251 2189 311 CONTRA
2226 255 2277 308 J.
2318 253 2613 313 SCOTUM.

3429 264 3566 318 1146

113 382 252 439 ideo
303 395 429 439 non
480 381 791 439 dubitatur
837 380 1039 455 ipsum
1082 395 1335 454 peccare
1386 396 1527 437 cum
1554 383 1788 453 peccat,
1822 381 1869 435 A
1906 378 2194 434 atissimis
2222 378 2385 437 beati
2412 381 2599 438 Patris
2630 379 2937 437 sententiis
2959 393 3117 453 pene
3147 394 3361 438 omnes
3391 398 3571 456 supe-

114 472 260 545 quia
288 471 385 528 ille
415 472 590 544 cujus
633 471 1011 545 prmscientia
1060 471 1188 527 falli
1232 487 1359 528 non
1396 474 1615 545 potest,
1650 486 1790 547 ~non

113 560 328 625 fatum,
344 576 470 618 non
495 561 830 627 fortunam,
848 576 975 618 non
1001 559 1434 635 aliquid,aliud
1455 558 1563 617 sed
1587 558 1793 632 ipsum

112 653 507 723 peccaturum
562 666 694 708 esse
748 649 1077 724 praescivit;
1124 649 1230 723 qui
1280 649 1331 705 si
1368 648 1536 720 nolit,
1583 647 1790 721 utique

112 738 246 809 [al.,
277 738 547 814 omnino]
574 754 700 796 non
727 742 938 813 peccat
964 755 976 794 :
1006 737 1137 808 sed,
1162 737 1211 794 si
1230 752 1483 811 peccare
1508 734 1790 801 noluerit,

116 828 305 885 etiam
332 829 449 886 hoc
475 827 573 884 ille
601 827 925 902 praescivit.

184 952 384 1026 (Ibid,
414 969 467 1010 c.
504 951 609 1027 Η).
651 953 832 1027 [Deus
891 953 1097 1028 itaque
1156 966 1436 1009 summus
1491 954 1545 1009 et
1588 964 1788 1021 verus,

113 1059 253 1100 cum
297 1043 490 1101 Verbo
518 1059 628 1101 suo
668 1047 727 1101 et
757 1042 979 1116 Spiritu
1017 1046 1248 1109 sancto,
1279 1057 1418 1116 quas
1455 1040 1571 1099 tria
1596 1054 1791 1097 unum

112 1136 272 1204 sunt,
298 1132 454 1189 Deus
495 1147 654 1188 unus
685 1131 1071 1204 omnipotens
1100 1135 1333 1188 crcator
1364 1133 1421 1186 et
1445 1129 1635 1186 factor
1663 1144 1791 1185 om-

110 1221 201 1277 nis
227 1221 451 1278 animm
479 1224 661 1293 atque
691 1219 891 1277 omnis
929 1219 1201 1294 corporis
1230 1219 1405 1291 cujus
1439 1222 1582 1274 sunt
1608 1216 1793 1291 parti-

109 1308 414 1382 cipatione
439 1308 661 1380 felices,
692 1308 1043 1382 quicunque
1073 1312 1213 1364 sunt
1235 1307 1504 1375 veritate,
1530 1321 1659 1363 non
1687 1320 1791 1362 va-

106 1399 297 1455 nitate
330 1397 553 1469 felices,
588 1395 693 1470 qui
724 1395 860 1454 fecit
903 1396 1216 1454 hominem
1240 1395 1533 1453 rationale
1559 1384 1792 1451 animal

106 1503 181 1544 ex
212 1486 425 1544 anima
479 1490 535 1542 et
560 1501 830 1560 corpore,
856 1486 964 1560 qui
992 1501 1133 1542 eum
1161 1489 1515 1559 peccantem
1543 1499 1655 1540 nec
1674 1482 1790 1539 im-

106 1574 394 1648 punitum
429 1588 561 1630 esse
591 1573 882 1647 permisit,
922 1588 1036 1629 nec
1085 1573 1213 1629 sine
1241 1572 1655 1629 misericordia
1684 1570 1791 1627 des

108 1662 373 1736 reliquit,
405 1662 512 1735 qui
542 1661 720 1718 bonis
750 1664 808 1718 ct
834 1660 1014 1718 malis
1047 1661 1375 1717 essentiam
1420 1660 1604 1717 etiam
1648 1674 1789 1715 cum

1900 469 2025 525 rius
2071 471 2494 543 comprehensi
2558 470 2989 528 sententiarum
3045 472 3287 529 tuarum
3352 471 3570 530 fetores

1902 558 2178 617 exhausti
2208 563 2366 617 sunt.
2399 563 2618 618 Verum
2666 576 2793 618 non
2821 560 2900 618 ab
2927 576 2991 617 re
3022 577 3152 617 esse
3181 560 3490 634 duximus,
3520 563 3572 620 si

1901 647 2101 705 adhuc
2123 648 2398 720 ejusdem
2438 651 2623 708 Patris
2652 650 2812 708 dicta
2840 650 2921 708 ad
2954 650 3227 708 medium
3274 651 3571 725 produca-

1899 752 2061 809 mus,
2091 737 2348 811 qualiter
2376 738 2453 795 de
2478 739 2676 813 poenis
2706 756 2744 797 a
2768 739 2890 797 Deo
2935 739 3240 796 retributis
3269 743 3451 813 atque
3474 756 3570 797 re-

1900 824 2236 883 tribuendis
2270 829 2545 898 senserit,
2578 843 2652 885 ex
2687 828 2841 885 libro
2881 828 3158 885 videlicet
3202 828 3334 901 ejus
3362 833 3572 888 contra

1901 913 2316 974 adversarium
2334 915 2483 989 legis
2512 920 2568 974 et
2595 917 3051 991 prophetarum.

1972 1001 2227 1073 (Contra
2269 1004 2505 1062 advers.
2560 1006 2673 1077 leg.
2707 1011 2762 1062 et
2811 1005 3036 1076 proph.
3068 1004 3172 1062 lib.
3205 1021 3246 1075 ι,
3291 1020 3425 1080 cap.
3462 1006 3570 1079 15.)

1901 1091 2108 1165 [Porro
2173 1096 2379 1150 autem
2431 1094 2530 1151 cui
2578 1093 2857 1167 displicet
2900 1098 3182 1168 peccator
3231 1095 3572 1169 prohibitus

1901 1196 1940 1238 a
1980 1179 2146 1252 ligno
2183 1181 2341 1251 vitae,
2377 1182 2527 1255 quid
2552 1183 2669 1238 nisi
2696 1183 2950 1256 impune
2976 1183 3107 1241 vult
3136 1184 3294 1241 male
3320 1184 3568 1242 vivere?

1901 1273 2017 1327 Nec
2046 1285 2340 1342 magnum
2371 1275 2499 1329 erat
2540 1275 2663 1328 Deo
2707 1275 2764 1328 et
2793 1272 2911 1328 alio
2959 1272 3229 1345 quolibet
3277 1274 3465 1330 modo
3490 1272 3573 1331 vi-

1899 1362 2028 1416 tam
2071 1359 2422 1417 subtrahere
2452 1359 2707 1431 homini,
2757 1376 2942 1433 quem
2988 1360 3186 1431 vivere
3238 1361 3569 1430 noluisset;

1901 1447 2008 1504 sed
2031 1448 2326 1522 quoniam
2347 1449 2670 1507 rationales
2690 1450 2910 1507 animae
2937 1449 3012 1505 de
3040 1451 3335 1523 sapientia
3365 1451 3575 1507 vivunt

1900 1552 2165 1610 quarum
2180 1554 2347 1594 mors
2374 1542 2430 1595 et
2443 1538 2813 1612 insipientia,
2839 1538 3026 1610 hujus
3042 1539 3129 1595 rei
3154 1538 3570 1609 signiﬁcandaa

1901 1625 2095 1699 gratia
2126 1628 2359 1699 lignum
2414 1629 2555 1685 vitte
2583 1628 2752 1696 (Gen.
2786 1644 2848 1695 ιι,
2878 1628 2931 1700 9)
2960 1628 3024 1684 in
3050 1628 3338 1702 paradiso
3376 1628 3575 1685 fructu

110 1716 446 1823 lapidibus:
466 1750 648 1807 vitam
683 1749 1039 1807 seminalem
1065 1748 1248 1806 etiam
1272 1764 1414 1805 cum
1444 1747 1787 1817 arboribus,
1821 1736 1866 1789 Β
2246 1716 2763 1823 ξφξιξῐξίῗωμωξξξ
2802 1733 3054 1823 corppre
3080 1822 3085 1823 γ
3108 1722 3346 1823 sineret.
3400 1716 3575 1785 Quod

108 1840 299 1897 vitam
321 1839 667 1896 sensualem
688 1840 869 1896 etiam
892 1855 1033 1896 cum
1053 1838 1593 1913 pecoribus,vitam
1622 1836 1790 1893 intel-

104 1928 425 1987 lectualem
443 1944 582 1985 cum
614 1928 757 1985 solis
787 1928 1252 1998 angelis,dcdit;
1280 1942 1317 1985 a
1345 1942 1469 2000 quo
1490 1925 1789 1983 estomnis

106 2018 351 2089 modus,
368 2018 568 2075 omnis
593 2017 849 2091 species,
866 2017 1066 2074 omnis
1090 2016 1261 2085 ordo,
1291 2030 1328 2072 a
1350 2031 1475 2088 quo
1504 2018 1596 2071 est
1623 2030 1791 2071 men-

110 2123 592 2178 sura,numerus,
625 2107 890 2180 pondus,
924 2122 962 2164 a
989 2121 1113 2180 quo
1154 2110 1249 2161 est
1279 2104 1581 2179 quidquid
1608 2109 1785 2161 natu-

108 2196 310 2254 raliter
323 2199 437 2269 est,
469 2195 888 2269 cujuscunque
902 2195 1140 2267 generis
1169 2197 1277 2263 est,
1302 2192 1621 2265 cujuslibet
1638 2193 1790 2249 uasti-

109 2284 392 2342 mationis
420 2287 510 2342 est
527 2302 541 2355 ;
561 2300 600 2341 a
629 2299 754 2359 quo
776 2280 919 2340 sunt
946 2282 1178 2341 semina
1198 2282 1554 2351 formarum,
1577 2280 1787 2338 formas

113 2373 443 2443 seminum,
473 2376 677 2431 motus
718 2372 1021 2430 seminum
1057 2375 1240 2445 atque
1265 2370 1643 2440 formarum;
1683 2363 1791 2444 qui

113 2462 280 2521 dedit
337 2467 397 2522 et
444 2462 612 2521 carni
648 2463 967 2535 originem,
998 2461 1533 2536 pulchritudinem,
1565 2459 1791 2517 valetu-

112 2552 343 2624 dinem,
387 2553 847 2629 propagationis
876 2551 1329 2625 fecunditatem,
1368 2550 1788 2609 membrorum

112 2642 594 2718 dispositionem,
628 2643 908 2715 salutem,
945 2642 1373 2709 concordiam;
1405 2642 1512 2715 qui
1557 2645 1615 2699 et
1660 2642 1791 2699 ani-

113 2748 228 2790 mae
254 2733 589 2791 irrationali
637 2733 800 2790 dedit
846 2732 1231 2796 memoriam,
1256 2747 1523 2796 sensum,
1564 2730 1793 2805 appeti-

112 2825 239 2879 tum
269 2841 285 2893 ;
316 2822 601 2881 rationali
629 2826 834 2880 autem
861 2822 1111 2896 insuper
1131 2824 1421 2891 mentem,
1454 2820 1789 2892 intelligen-

114 2910 282 2983 tiam,
298 2913 698 2983 voluntatem,
727 2912 834 2985 qui
857 2926 984 2968 non
1015 2911 1211 2968 solum
1235 2911 1458 2968 ccelum
1483 2915 1540 2968 et
1567 2915 1789 2968 terram

113 3016 220 3057 nec
268 3002 474 3059 solum
504 3001 789 3072 angelum
826 3005 885 3059 et
920 3002 1256 3072 hominem,
1298 3001 1406 3058 sed
1446 3016 1557 3058 nec
1590 3000 1792 3071 exigui

114 3095 167 3148 et
192 3089 669 3164 contemptibilis
699 3089 1023 3146 animantis
1053 3089 1307 3158 viscera,
1340 3104 1452 3146 nec
1491 3089 1619 3146 avis
1646 3104 1790 3162 pen-

113 3181 342 3253 aulam,
374 3195 488 3236 nec
533 3178 740 3235 herbas
768 3177 1112 3248 ﬂosculum,
1166 3194 1278 3235 nec
1307 3178 1550 3235 arboris
1579 3178 1789 3234 folium

115 3271 239 3328 sine
260 3285 514 3327 suarum
535 3268 804 3342 partium
833 3267 1269 3339 convenientia,
1301 3270 1359 3324 et
1388 3267 1664 3341 quadam
1685 3283 1790 3323 ve-

114 3359 217 3417 luti
264 3374 419 3433 pace
473 3356 811 3431 dereliquit,
856 3356 1024 3412 nullo
1070 3355 1258 3413 modo
1313 3361 1403 3413 est
1450 3356 1789 3413 credendus

118 3465 304 3521 regna
328 3449 675 3517 hominum,
696 3463 1029 3520 eorumque
1050 3446 1327 3503 omnium
1343 3446 1787 3503 dominationes

119 3541 173 3594 et
219 3537 535 3595 servitutes
587 3553 626 3595 a
680 3553 806 3593 suae
847 3535 1240 3610 providentiae
1283 3534 1522 3607 legibus
1555 3534 1786 3593 alienas

121 3642 244 3684 esse
270 3625 585 3702 voluisse].

89 3769 93 3773 ’
187 3774 228 3841 -ξ-
254 3770 422 3828 Idem
449 3769 516 3827 in
551 3768 802 3826 homilia
830 3771 896 3826 53
956 3768 1022 3825 in
1062 3767 1452 3840 Evangelium
1497 3766 1782 3826 Joannis:

124 3859 267 3917 Cum
298 3866 501 3917 autem
534 3864 709 3916 tanta
729 3859 903 3931 signa
919 3859 1159 3928 fecisset
1189 3874 1391 3916 coram
1412 3860 1492 3916 eis
1516 3874 1637 3915 non
1660 3872 1789 3916 cre-

123 3949 399 4007 diderunt
426 3951 494 4006 in
518 3965 674 4017 eum,
695 3953 763 4005 ut
782 3963 974 4005 sermo
994 3949 1172 4006 Isaiae
1189 3948 1501 4019 propheta:
1516 3949 1791 4019 implere-

125 4042 240 4105 tur,
290 4055 465 4110 quem
519 4039 717 4095 dixit:
772 4039 1046 4108 Domine,
1086 4038 1217 4109 quis
1255 4037 1511 4094 credidit
1549 4037 1794 4094 auditui

124 4133 338 4198 nostra,
369 4133 428 4185 et
480 4127 797 4185 brachium
843 4127 1089 4183 Domini
1138 4130 1236 4183 cui
1284 4127 1615 4183 revelatum
1659 4124 1791 4183 est?

126 4214 312 4286 (Joan.
341 4234 446 4288 xu,
482 4221 550 4275 37
576 4236 590 4288 ;
632 4218 754 4275 Isa.
788 4232 909 4289 Lm,
946 4220 1019 4288 1).
1050 4215 1159 4273 Ubi
1188 4215 1330 4273 satis
1360 4214 1623 4273 ostendit
1651 4215 1791 4273 bra-

126 4305 315 4364 chium
340 4308 590 4365 Domini
607 4307 811 4380 ipsum
841 4306 940 4364 Dei
973 4305 1186 4362 Filium
1214 4310 1658 4379 nuncupatum,
1676 4308 1788 4363 etc.

129 4394 379 4458 Quidam
425 4411 574 4469 ergo
605 4397 761 4454 inter
807 4412 871 4453 se
918 4396 1265 4462 mussitant,
1298 4398 1355 4452 et
1381 4395 1489 4452 ubi
1530 4398 1794 4469 possunt

125 4480 441 4556 aliquando
473 4484 876 4559 proclamant,
902 4488 960 4542 et
987 4482 1332 4541 turbulenta
1357 4482 1792 4557 disceptatione

126 4573 496 4633 contendunt
544 4574 852 4631 dicentes:
914 4573 1065 4647 quid
1116 4572 1387 4630 fecerunt
1436 4572 1648 4643 Judaei,
1698 4572 1791 4631 vel

128 4673 257 4727 quae
285 4662 465 4737 culpa
511 4678 724 4720 eorum
779 4662 906 4725 fuit,
942 4663 993 4719 si
1042 4678 1292 4720 necesse
1327 4666 1453 4720 erat
1483 4666 1549 4719 ut
1592 4678 1790 4720 sermo

130 4745 289 4805 Isaiae
317 4752 627 4827 prophetae
656 4752 1012 4826 impleretur
1032 4753 1061 4808 ?
1099 4752 1324 4826 quibus
1349 4751 1790 4825 respondemus

132 4833 308 4895 Deum
347 4841 668 4914 praescium
700 4842 1045 4898 futurorum
1084 4857 1194 4915 per
1233 4841 1593 4913 Prophetam
1638 4858 1789 4915 prse-

134 4923 342 4986 dixisse
368 4930 785 4988 inﬁdelitatem
802 4930 1173 5000 Iudaeorum,
1190 4930 1540 5003 praedixisse
1560 4935 1787 5006 tamen,

133 5028 246 5071 non
272 5016 513 5077 fecisse:
543 5036 669 5077 non
695 5020 859 5077 enim
887 5024 1209 5094 propterea
1238 5034 1616 5093 quemquam
1634 5021 1790 5076 Deus

136 5103 210 5160 ad
234 5114 547 5179 peceatum
578 5111 760 5182 cogit,
791 5109 936 5184 quia
962 5109 1164 5166 futura
1191 5106 1513 5164 hominum
1542 5113 1791 5181 peccata

130 5190 251 5260 jam
275 5200 480 5256 novit?
510 5202 799 5258 Fecerunt
838 5215 982 5271 ergo
1013 5200 1336 5273 peccatum
1378 5197 1590 5270 Judaei,
1623 5198 1792 5270 quod

139 5294 237 5338 eos
264 5285 455 5347 facere
472 5306 601 5349 non
630 5289 942 5365 compulit,
964 5290 1063 5347 cui
1083 5291 1402 5362 peccatum
1424 5303 1549 5344 non
1572 5286 1789 5360 placet,

143 5371 241 5427 sed
275 5374 530 5438 facturos
583 5396 714 5438 esse
769 5378 1067 5454 praedixit,
1098 5393 1283 5452 quem
1334 5375 1483 5433 nihil
1520 5376 1680 5434 latet.
1728 5379 1792 5434 Et

142 5456 270 5518 ideo
299 5465 348 5522 si
372 5482 495 5527 non
523 5470 779 5542 malum,
813 5469 922 5525 sed
949 5468 1185 5526 bonum
1210 5466 1407 5525 facere
1438 5465 1790 5539 voluissent,

145 5561 260 5607 110D
282 5558 755 5633 pr0hiberentur,
789 5564 848 5617 ct
896 5559 1014 5617 hoc
1057 5557 1273 5616 facturi
1319 5555 1794 5631 prcevidercntur

152 5636 225 5692 ab
243 5655 307 5696 eo
334 5648 435 5717 qui
458 5651 625 5707 novit
660 5650 807 5724 quid
859 5651 933 5705 sit
959 5650 1217 5724 quisque
1244 5648 1531 5716 facturus,
1565 5648 1622 5702 et
1646 5646 1795 5720 quid

153 5725 203 5784 ei
227 5727 294 5786 sit
320 5746 422 5804 pro
459 5738 590 5811 ejus
612 5753 793 5813 opere
825 5737 1192 5799 redditurus.
1224 5740 1267 5809 -ξ-
1294 5736 1523 5804 Quibus
1555 5734 1792 5796 enucle-

1826 4455 1874 4510 D

1900 1818 2043 1873 ergo
2069 1803 2209 1859 inde
2241 1808 2557 1878 separatus
2589 1806 2843 1862 traditus
2885 1809 2977 1862 est
3000 1807 3178 1863 morti
3217 1822 3575 1863 consumen-

1897 1892 2016 1949 dus
2046 1896 2218 1950 aetate
2249 1894 2420 1965 (Gen.
2452 1909 2535 1963 ιιι,
2563 1898 2654 1963 22,
2702 1895 2818 1966 23),
2849 1894 3019 1968 quod
3058 1910 3452 1968 nequaquam
3488 1895 3574 1951 illi

1899 1981 2236 2052 accidisset,
2270 1982 2320 2038 si
2352 1998 2594 2056 semper
2621 1983 2837 2039 eodem
2868 1983 3004 2040 cibo
3036 1982 3353 2054 frueretur,
3384 1983 3573 2054 signi-

1894 2069 2145 2128 ﬁcatum
2173 2075 2266 2128 est
2281 2070 2450 2144 quod
2469 2071 2636 2144 prius
2668 2071 2749 2129 ab
2776 2071 3028 2145 spiritali
3044 2072 3179 2129 vitm
3207 2072 3374 2143 ligno
3392 2088 3573 2146 prop~

1896 2175 1984 2233 ter
2010 2163 2329 2233 peccatum
2345 2160 2553 2218 anima
2572 2161 2702 2233 ejus
2722 2160 2965 2218 exclusa
2980 2164 3071 2217 est
3099 2164 3155 2218 et
3178 2160 3263 2218 ita
3299 2161 3571 2234 quadam

1897 2264 2009 2305 sua
2037 2248 2315 2305 interiore
2343 2253 2536 2306 morte
2560 2249 2691 2322 jam
2718 2254 2997 2320 mortua;
3038 2265 3186 2307 nam
3213 2250 3291 2306 de
3334 2251 3572 2325 sapien-

1898 2335 1980 2392 tia
2008 2335 2299 2409 scriptum
2331 2340 2423 2393 est
2448 2352 2462 2392 :
2491 2338 2753 2409 Lignum
2792 2338 2931 2394 vitae
2959 2343 3045 2395 est
3073 2339 3571 2408 amplectentibus

1898 2440 2029 2483 eam
2058 2426 2266 2496 (Prov.
2300 2441 2384 2494 Ill,
2417 2426 2528 2499 18).
2574 2425 2748 2493 Quod
2777 2426 2889 2483 iste
2932 2442 3059 2484 non
3079 2426 3418 2499 intelligens
3450 2426 3569 2495 ait;

1900 2515 2209 2583 Quatenus
2269 2530 2413 2586 ergo
2463 2496 2601 2571 ante
2630 2515 3022 2573 maledictum
3073 2496 3431 2573 immortalis
3459 2515 3572 2573 ho-

1899 2621 2003 2662 mo
2042 2607 2335 2680 perpetuo
2378 2605 2576 2662 vivere
2622 2609 2878 2679 poterat,
2911 2607 3016 2679 qui
3035 2606 3313 2662 nondum
3338 2621 3414 2662 ex
3452 2606 3574 2662 ista

1900 2695 2116 2752 arbore
2144 2695 2349 2751 cibum
2380 2700 2743 2769 sumpserat,
2773 2695 2952 2769 quasi
2982 2695 3201 2769 aliquis
3231 2695 3286 2752 ei
3331 2694 3570 2781 dixerit,

1900 2788 2006 2842 aut
2052 2784 2116 2840 in
2165 2784 2268 2840 illo
2315 2783 2469 2842 libro
2521 2784 2743 2841 alicubi
2799 2784 3029 2857 legerit,
3078 2785 3248 2859 quod
3292 2784 3574 2841 nondum

1899 2873 2096 2930 Adam
2122 2877 2464 2947 sumpserat
2484 2889 2557 2929 ex
2586 2873 2723 2930 cibo
2747 2873 2982 2930 arboris
3005 2873 3165 2942 vitae,
3192 2873 3341 2947 quin
3369 2873 3575 2947 potius

1901 2964 2323 3036 intelligendus
2350 2968 2459 3036 est,
2485 2963 2779 3037 quoniam
2803 2964 2943 3021 inde
2966 2965 3050 3021 illi
3077 2965 3200 3022 vita
3230 2964 3295 3022 in
3321 2980 3574 3038 corpore

1901 3057 2194 3126 perpetua
2241 3052 2621 3125 suppetebat,
2667 3068 2743 3108 ne
2781 3056 3075 3110 vetustate
3119 3056 3577 3109 consumeretur

1902 3142 2113 3199 aetatis.
2141 3142 2235 3196 Ad
2255 3140 2373 3197 hoc
2397 3140 2539 3196 inde
2565 3140 2928 3214 prohibitus,
2947 3145 3017 3197 ut
3041 3156 3116 3196 ex
3138 3140 3371 3213 peccati
3392 3155 3578 3213 poena

1895 3232 2025 3304 jam
2056 3230 2140 3286 illi
2166 3235 2321 3286 esset
2346 3229 2677 3286 necessitas
2716 3229 2966 3286 mortis:
3000 3229 3335 3303 quomodo,
3359 3229 3575 3303 inquit,

1899 3336 1973 3376 ex
2014 3319 2116 3375 Dei
2167 3317 2488 3376 maledicto
2531 3318 2687 3374 mori
2754 3317 3021 3391 coeperit,
3075 3334 3216 3374 cum
3270 3318 3388 3375 vita
3440 3318 3576 3391 ipsa

1896 3424 2218 3483 nunquam
2243 3424 2315 3464 ex
2346 3408 2481 3482 ipso
2511 3407 2750 3464 initium
2793 3407 3138 3481 sumpserit,
3188 3407 3366 3481 quasi
3407 3411 3576 3481 opta-

1895 3499 2046 3557 verit
2095 3498 2148 3555 ei
2199 3499 2356 3554 Deus
2404 3502 2687 3569 mortem,
2743 3497 2900 3554 sicut
2945 3498 3135 3555 homo
3189 3497 3446 3567 homini,
3505 3514 3577 3556 ac

1896 3603 2022 3644 non
2057 3587 2159 3644 Dei
2187 3587 2372 3646 verba
2399 3587 2481 3645 ad
2510 3587 2869 3645 sententiam
2906 3587 3248 3661 pertineant
3269 3586 3575 3661 punientis

1895 3692 2022 3735 non
2054 3678 2135 3735 ad
2161 3677 2315 3734 iram
2330 3676 2984 3735 maledicentis.Punire
3010 3681 3214 3733 autem
3234 3680 3429 3733 morte
3447 3692 3574 3732 cor-

1894 3766 2226 3842 porali,fuit
2256 3782 2295 3823 a
2315 3766 2449 3825 vitae
2471 3766 2688 3825 arbore
2729 3782 3179 3840 separare,cum
3203 3765 3333 3837 jam
3357 3764 3570 3823 fuisset

1897 3856 2236 3930 spiritaliter
2256 3859 2554 3923 mortuus,
2577 3855 2783 3912 animo
2806 3855 3009 3928 utique
3037 3857 3351 3928 separatus
3367 3853 3447 3910 ab
3470 3852 3578 3910 ali-

1896 3950 2103 4002 mento
2134 3943 2464 4018 sapientiae:
2485 3946 2643 3999 Deus
2669 3944 2873 4017 itaque
2901 3943 3050 4016 quid
3070 3943 3123 3999 ei
3144 3942 3493 4012 contigisset
3512 3942 3576 3998 in

1899 4036 2105 4093 animo
2132 4033 2473 4105 signiﬁcare
2502 4033 2708 4102 voluit,
2762 4033 3106 4107 separando
3146 4049 3287 4089 eum
3317 4048 3356 4091 a
3407 4032 3575 4102 ligno

1897 4124 2056 4193 vitae,
2085 4140 2210 4197 quo
2232 4122 2693 4194 signiﬁcabatur
2723 4122 3038 4196 sapientia.
3072 4121 3188 4181 Sed
3214 4122 3328 4179 ista
3357 4120 3573 4194 inquit,

1899 4213 2101 4283 arbor,
2154 4229 2293 4286 quae
2335 4212 2397 4268 in
2444 4212 2734 4286 paradiso
2761 4212 2896 4270 vitae
2930 4211 3164 4270 fructus
3194 4211 3448 4280 ferebat,
3480 4210 3577 4267 cui

1899 4303 2231 4378 proderat?
2262 4302 2410 4361 Cui?
2452 4301 2571 4359 nisi
2600 4303 2769 4376 prius
2807 4302 2922 4359 illis
2965 4302 3179 4376 primis
3223 4301 3578 4359 hominibus

1900 4392 2174 4450 masculo
2203 4396 2260 4449 et
2279 4391 2542 4464 feminae,
2577 4392 2683 4467 qui
2706 4392 2876 4465 prius
2915 4392 2980 4447 in
3021 4390 3312 4465 paradiso
3342 4390 3581 4448 fuerant

1902 4483 2227 4541 constituti.
2291 4482 2515 4540 Deinde
2551 4483 2681 4539 istis
2736 4482 2813 4538 de
2869 4481 3159 4555 paradiso
3205 4495 3319 4553 pro
3364 4479 3578 4536 merito

1904 4590 2027 4630 suae
2064 4571 2398 4645 iniquitatis
2451 4571 2655 4643 ejectis
2704 4570 2927 4627 mansit
2969 4569 3048 4626 ad
3094 4567 3457 4625 memoriam
3504 4567 3581 4622 si-

1902 4661 2264 4736 gniﬁcandis
2314 4660 2637 4733 spiritualis
2689 4658 2926 4715 arboris
2975 4657 3139 4726 vitae,
3167 4655 3337 4731 quod
3380 4657 3469 4711 est
3512 4657 3579 4715 ut

1902 4751 2192 4821 diximus,
2222 4749 2357 4822 ipsa
2385 4748 2703 4821 sapientia,
2725 4747 3051 4803 beatarum
3082 4745 3255 4803 cibus
3299 4743 3580 4800 immuta-

1898 4839 2035 4899 bilis
2066 4837 2433 4896 animarum.
2463 4836 2677 4892 Utrum
2715 4837 2920 4891 autem
2950 4833 3052 4889 illo
3093 4832 3228 4889 cibo
3256 4846 3422 4888 nunc
3445 4847 3581 4887 ves-

1900 4931 2070 4987 catur
2106 4925 2348 5000 aliquis,
2370 4924 2490 4981 nisi
2526 4924 2675 4982 forte
2707 4923 2953 4980 Henoch
2985 4925 3043 4979 et
3071 4920 3291 4990 Helias,
3328 4936 3455 4978 non
3497 4923 3581 4978 tc-

1899 5033 2062 5075 merc
2093 5014 2571 5074 asseverandum
2599 5016 2747 5087 puto
2772 5028 2786 5068 :
2843 5010 3010 5083 ligno
3040 5015 3246 5070 tamen
3273 5010 3376 5067 illo
3412 5009 3576 5077 vitae,

1900 5108 2069 5184 quod
2100 5112 2187 5163 est
2212 5106 2273 5162 in
2293 5104 2586 5180 spirituali
2610 5102 2922 5178 paradiso,
2953 5103 3069 5160 nisi
3122 5102 3424 5160 alerentur
3453 5100 3580 5158 ani-

1900 5216 2017 5255 mae
2046 5198 2389 5265 beatorum,
2420 5210 2566 5263 non,
2595 5209 2708 5267 pro
2751 5209 3000 5251 munere
3052 5192 3290 5267 pietatis
3346 5193 3403 5246 et
3431 5188 3577 5244 ﬁde.

1900 5287 2145 5344 lissimte
2194 5282 2617 5349 confessionis,
2646 5281 2896 5339 latronis
2932 5282 3154 5339 animus
3192 5276 3488 5337 credentis
3514 5276 3580 5332 in

1901 5375 2200 5433 Christum
2231 5373 2568 5443 legeremus
2586 5370 2944 5445 paradisum
2964 5369 3183 5426 eodem
3206 5366 3307 5424 Dei
3323 5379 3575 5420 munere

1903 5464 2087 5521 fuisse
2115 5476 2508 5519 concessum:
2539 5459 2753 5529 Amen,
2801 5457 3018 5531 inquit,
3068 5457 3202 5511 dico
3233 5453 3363 5525 tibi,
3405 5452 3580 5509 hodie

1900 5572 2128 5615 mecum
2160 5554 2277 5612 eris
2307 5553 2370 5609 in
2387 5551 2682 5622 paradiso
2716 5548 3349 5623 (Luc.xxm,43).Esse
3373 5547 3577 5600 autem

1901 5646 1984 5702 ibi
2015 5661 2156 5702 cum
2186 5641 2440 5709 Christo,
2469 5640 2585 5696 hoc
2609 5642 2698 5697 est
2726 5654 2857 5694 esse
2889 5652 3031 5693 cum
3062 5635 3197 5691 vitae
3221 5634 3409 5705 ligno.
3445 5637 3577 5705 Ipse

1905 5739 1995 5796 est
2021 5734 2247 5808 quippe
2288 5728 2606 5804 sapientia,
2637 5728 2713 5788 de
2740 5741 2885 5801 qua,
2914 5730 2981 5786 ut
3003 5724 3281 5798 superius
3310 5737 3576 5783 comme-
