3936 6436
333 357 464 411 ίίδτ

1419 359 1475 415 S.
1517 356 1891 415 PRUDENTII
1929 354 2304 411 TRECENSIS
2347 354 2662 412 EPISCOPI

3614 357 3769 412 1148

329 480 581 550 moravi,
616 481 909 554 scriptum
937 484 1044 549 est,
1081 483 1310 554 lignum
1342 484 1479 541 vita!
1505 489 1589 541 est
1619 482 1981 551 amplecten-
2011 484 2059 535 Α
2097 477 2290 533 ﬁdelis
2318 478 2502 535 lector
2527 479 2854 535 advertere.
2879 482 2995 533 Hoc
3017 492 3160 547 ergo
3191 476 3376 533 ctiam
3401 478 3474 535 de
3496 480 3763 537 diluvio.

330 569 487 625 tibus
515 578 646 627 eam
679 572 882 642 (Prov.
914 587 996 641 ιιι,
1032 571 1141 639 18).

404 658 567 731 (Cap.
604 660 714 729 l6.)
741 659 1173 733 Nunquidnam
1222 666 1279 719 et
1323 662 1438 719 hoc
1476 661 1870 719 refellendum
1899 663 1987 717 est

331 746 499 820 quod
536 746 698 805 velut
735 752 925 815 acute,
959 752 1025 805 ut
1064 749 1176 805 sibi
1220 750 1474 823 videtur,
1516 752 1756 808 irridet:
1790 751 1986 824 primo

335 838 523 891 Deum
564 850 689 893 non
722 837 1038 909 prtescisse
1085 839 1253 911 quod
1296 841 1576 912 contigit;
1609 841 1826 897 deinde
1874 840 1986 896 im-

332 924 494 996 plere
522 941 646 981 non
675 926 939 983 valuisse
968 927 1134 1000 quod
1154 944 1523 1004 magnOpere
1543 929 1856 1000 cogitavit;
1879 934 1989 985 tor-

332 1011 414 1068 tio
444 1013 521 1069 ad
546 1014 935 1071 maledictum
962 1031 1024 1072 se
1055 1018 1413 1074 convertisse
1436 1023 1805 1091 superatum.
1822 1016 1988 1075 Unde

335 1100 444 1156 scit
490 1103 677 1159 Deum
724 1119 848 1160 non
896 1106 1206 1177 praescisse
1253 1107 1420 1181 quod
1445 1108 1731 1178 contigit?
1759 1123 1838 1164 an
1865 1123 1989 1180 qua

333 1190 625 1260 contigit?
668 1193 945 1265 quinimo
989 1194 1037 1250 si
1084 1211 1209 1251 non
1238 1197 1607 1266 contigisset,
1634 1197 1988 1253 nullomodo

331 1278 392 1333 id
422 1280 762 1352 praescisset
780 1281 1071 1353 futurum,
1090 1285 1235 1357 quia
1262 1301 1388 1341 non
1413 1290 1538 1342 erat
1561 1286 1850 1342 futurum.
1875 1289 1989 1342 Aut

334 1366 385 1422 si
415 1372 587 1440 putat
611 1374 929 1442 propterea
953 1387 1078 1427 non
1107 1374 1465 1445 praescisset,
1483 1375 1629 1447 quia
1653 1375 1705 1430 si
1726 1374 1990 1444 praescis-

337 1461 428 1511 set
474 1473 550 1513 ne
608 1460 977 1529 contingeret
1015 1462 1378 1533 providisset
1407 1465 1538 1534 [al.,
1570 1464 1985 1537 praevidisset],

336 1549 533 1617 potest
557 1547 672 1603 hoc
697 1553 754 1604 et
783 1548 858 1604 de
876 1550 1109 1606 Christo
1136 1550 1357 1616 dicere,
1379 1552 1484 1625 qui
1514 1554 1801 1609 talentum
1828 1553 1992 1609 dedit

334 1633 568 1692 homini
592 1636 742 1693 nihil
792 1639 1179 1711 acquisituro,
1211 1640 1379 1714 quod
1419 1648 1737 1716 propterea
1786 1644 1991 1716 utique

335 1722 585 1781 dederat
628 1731 693 1783 ut
740 1728 868 1798 ejus
911 1734 1230 1798 augeretur
1272 1733 1546 1803 pecunia,
1580 1733 1873 1805 quidquid
1902 1737 1989 1789 est

2094 570 2296 640 Neque
2327 567 2488 624 enim
2513 568 2802 625 Dominus
2827 570 2996 623 Jesus
3026 582 3152 622 non
3179 565 3296 623 tale
3328 565 3560 640 aliquid
3587 566 3765 626 futu-

2092 671 2231 712 rum
2286 656 2349 712 in
2405 673 2516 712 suo
2544 655 2969 730 praenuntiavit
3012 654 3299 726 adventu,
3338 656 3590 727 quando
3619 657 3707 714 ait
3746 677 3761 714 :

2094 747 2265 803 Sicut
2294 748 2357 802 in
2390 747 2593 803 diebus
2620 749 2743 804 Noe
2762 746 3211 802 manducabant
3237 751 3291 801 et
3324 745 3622 817 bibebant,
3654 763 3766 804 no.

2096 836 2422 904 vellabant,
2445 837 2845 905 aediﬁcabant,
2862 834 3181 902 nubebant,
3198 850 3414 892 uxores
3430 836 3762 905 ducebant,

2099 926 2259 980 venit
2283 925 2580 980 diluvium
2603 932 2657 981 et
2672 925 2937 995 perdidit
2960 939 3179 980 omnes.
3197 925 3298 981 Sic
3313 926 3428 980 erit
3452 930 3511 981 et
3527 926 3763 983 adven-

2098 1020 2192 1068 tus
2212 1015 2363 1069 Filii
2380 1016 2633 1071 hominis
2666 1015 2986 1086 (Luc.xvu,
3010 1014 3119 1086 26).
3152 1015 3271 1069 Hoc
3306 1017 3363 1070 et
3392 1014 3467 1070 de
3497 1015 3765 1072 obdura-

2098 1103 2256 1159 tione
2284 1104 2479 1159 cordis
2516 1104 2858 1160 Pharaonis
2887 1118 2908 1158 .’
2932 1106 3132 1175 Neque
3157 1102 3319 1157 enim
3364 1103 3512 1159 Novi
3544 1103 3762 1159 Testa-

2096 1193 2283 1248 menti
2313 1192 2522 1248 litterae
2548 1209 2671 1248 non
2700 1192 2909 1249 dicunt
2932 1191 3006 1248 de
3033 1191 3403 1264 quibusdam
3427 1211 3440 1250 :
3477 1194 3763 1250 Tradidit

2095 1282 2233 1337 illos
2248 1284 2404 1338 Deus
2426 1284 2487 1337 in
2512 1283 2827 1352 reprobam
2848 1288 3122 1350 mentem,
3139 1287 3203 1337 ut
3222 1282 3463 1352 faciant
3483 1298 3617 1355 qum
3633 1299 3761 1339 non

2097 1374 2459 1428 conveniunt
2504 1372 2690 1444 (Rom.
2721 1389 2758 1440 ι,
2796 1373 2903 1445 18).
2939 1375 3056 1428 Hoc
3103 1371 3178 1427 de
3233 1373 3452 1441 spiritu
3479 1372 3767 1429 mendaci

2098 1477 2281 1533 quem
2303 1462 2476 1533 Deus,
2499 1462 2604 1535 qui
2624 1463 2778 1519 bene
2799 1463 2984 1518 utitur
3004 1462 3186 1517 etiam
3209 1461 3404 1530 malis,
3420 1462 3763 1534 justissimo

2093 1550 2323 1622 judicio
2352 1552 2430 1607 ad
2455 1552 2711 1624 impium
2740 1567 2946 1623 regem
2975 1550 3401 1624 decipiendum
3444 1551 3608 1607 misit
3642 1551 3773 1623 (III

2100 1642 2242 1710 Reg.
2269 1657 2405 1708 xxu,
2437 1642 2547 1712 20).
2582 1643 2741 1697 Sicut
2790 1641 3066 1697 Michaeas
3097 1640 3394 1713 propheta
3421 1640 3535 1696 sibi
3576 1640 3640 1697 in
3671 1640 3763 1696 vi-

2105 1728 2273 1784 sione
2298 1730 2653 1802 prophetica
2680 1731 3162 1787 demonstratum
3192 1744 3320 1785 esse
3352 1733 3629 1785 testatur:
3653 1744 3765 1785 ne-

336 1813 503 1885 quod
550 1814 651 1872 illa
699 1817 993 1887 signiﬁcat
1049 1820 1291 1889 (Matth.
1325 1837 1465 1892 xxv,
1510 1826 1599 1891 24,
1632 1824 1784 1894 etc.).
1835 1824 1991 1893 Ergo
2019 1836 2064 1891 Β
2102 1834 2221 1890 que
2250 1818 2411 1875 enim
2441 1819 2739 1876 dubitavit
2785 1819 2901 1876 tale
2949 1818 3180 1892 aliquid
3222 1818 3414 1874 dicere
3442 1817 3763 1891 apostolus

336 1904 480 1975 quia
511 1905 756 1976 contigit
783 1911 849 1963 ut
890 1907 987 1963 ille
1018 1924 1129 1966 sua
1152 1909 1392 1983 pigritia
1438 1911 1585 1967 nihil
1633 1913 1986 1985 acquireret,

333 1993 450 2048 hoc
479 2008 602 2049 non
632 1996 930 2066 prmscivit
948 1997 1045 2052 ille
1075 1999 1177 2070 qui
1206 1999 1421 2056 dedit?
1447 2000 1647 2057 Dicere
1672 2001 1851 2057 etiam
1880 2017 1989 2074 po-

336 2086 447 2137 test
494 2097 618 2139 non
654 2084 935 2158 implesse
980 2086 1054 2142 de
1101 2088 1215 2144 hoc
1255 2089 1424 2146 lucro
1469 2091 1766 2147 Christum
1825 2092 1991 2164 quod

334 2187 703 2245 magnopere
748 2175 1047 2245 cogitavit.
1101 2180 1292 2235 Potest
1334 2183 1390 2235 et
1430 2179 1578 2235 illud
1625 2181 1883 2250 tertium,
1911 2182 1991 2238 ad

335 2261 728 2319 maledictum
773 2280 835 2320 se
883 2268 1248 2324 convertisse
1293 2274 1671 2342 superatum,
1699 2273 1990 2344 quoniam

334 2350 484 2407 dixit
514 2370 527 2408 :
558 2354 770 2423 Ligate
792 2356 891 2411 illi
918 2371 1133 2413 manus
1162 2365 1217 2415 et
1238 2360 1440 2431 pedes,
1471 2366 1525 2417 et
1554 2363 1833 2432 projicite
1860 2377 1990 2419 eum

346 2441 410 2496 in
460 2442 731 2499 tenebras
772 2447 1097 2503 exteriores
1132 2448 1368 2519 (Matth.
1402 2464 1535 2517 xxu,
1585 2454 1696 2522 13),
1729 2451 1880 2508 sicut
1918 2451 1992 2507 de

336 2528 535 2585 Adam
562 2531 789 2589 dictum
820 2538 906 2590 est
935 2539 1021 2601 ut,
1050 2551 1087 2592 a
1115 2536 1281 2607 ligno
1309 2538 1447 2594 vitae
1479 2546 1794 2612 separatus
1823 2542 1989 2612 (Gen.

337 2634 417 2688 ιιι,
448 2623 518 2675 22
565 2624 622 2676 et
669 2622 779 2694 23),
815 2628 1006 2680 morte
1057 2626 1239 2682 etiam
1295 2629 1565 2700 corporis
1617 2631 1991 2701 plecteretur.

338 2707 483 2763 Huic
541 2709 701 2766 enim
752 2711 986 2769 homini
1036 2714 1270 2772 deserto
1316 2716 1643 2772 deﬁcientis
1692 2718 1819 2788 [al.,
1852 2718 1996 2775 deﬁ-

337 2796 580 2857 nientis]
608 2799 999 2859 maledictum
1023 2803 1254 2860 videtur
1280 2804 1623 2879 impotentis
1648 2808 1990 2882 imperium.

341 2884 507 2941 Dicat
528 2900 670 2956 ergo
699 2888 1093 2961 impotentem
1125 2894 1445 2965 Christum,
1477 2900 1770 2969 quoniam
1796 2899 1870 2955 de
1901 2916 1997 2956 ac-

339 2973 638 3045 quirenda
668 2977 914 3050 spiritali
947 2983 1205 3053 pecunia
1236 2998 1360 3039 non
1387 2986 1583 3059 potuit
1606 2988 1772 3059 quod
1804 2990 2000 3062 cupie-

338 3061 446 3119 bat
469 3063 739 3134 efﬁcere;
773 3067 932 3125 dicat
976 3071 1265 3129 aemulum
1294 3089 1365 3130 ac
1409 3074 1797 3151 malitiosum,
1828 3061 1997 3151 quod

340 3169 514 3254 servo
538 3171 650 3212 suo
674 3157 953 3216 inviderit
971 3160 1168 3218 lucem
1196 3179 1266 3219 ac
1291 3164 1566 3233 salutem,
1582 3183 1765 3241 quem
1786 3169 1999 3241 projici
2028 3200 2069 3257 α

332 3243 512 3315 jussit
540 3245 603 3301 in
634 3248 927 3321 tenebras,
953 3251 1058 3307 ubi
1102 3260 1250 3309 esset
1274 3256 1453 3324 ﬂetus
1509 3262 1565 3312 et
1618 3258 1841 3313 stridor
1860 3260 1999 3315 den-

342 3335 489 3390 tium
516 3336 756 3406 (Matth.
786 3356 922 3409 xm,
958 3343 1067 3410 13).
1092 3342 1151 3398 Si
1183 3349 1385 3400 autem
1415 3345 1490 3401 de
1513 3347 1740 3403 Christo
1760 3349 1842 3406 ita
1873 3365 1998 3406 non

340 3423 479 3494 dici,
493 3440 568 3480 ne
587 3425 704 3482 hoc
725 3429 912 3485 modo
929 3445 991 3485 se
1005 3431 1234 3501 judicet
1250 3446 1372 3489 non
1394 3450 1526 3490 esse
1554 3436 1955 3494 Christianum
1981 3457 1995 3509 ;

341 3528 448 3567 cur
477 3514 659 3570 audet
686 3515 883 3573 dicere
913 3518 988 3574 de
1018 3520 1282 3576 hominis
1312 3523 1642 3592 conditore,
1688 3531 1743 3582 et
1771 3529 1999 3601 peccati

340 3601 555 3657 merito
572 3601 952 3670 damnatore,
968 3609 1133 3678 quod
1155 3624 1278 3665 non
1301 3612 1483 3669 audet
1498 3614 1692 3671 dicere
1709 3615 1784 3671 de
1809 3616 2001 3673 homi-

342 3687 437 3744 nis
471 3689 895 3763 redemptore‘?
923 3696 984 3751 Et
1005 3695 1055 3751 si
1077 3696 1208 3767 ejus
1220 3706 1524 3772 praecepta
1552 3705 1995 3776 contempserit,

341 3795 525 3853 ραιηᾶ
553 3786 788 3840 aeternae
819 3785 1026 3841 mortis
1054 3786 1362 3859 plectetur,
1396 3789 1585 3846 ultore
1627 3794 1841 3849 eodem
1867 3795 1999 3867 ipso

343 3869 583 3928 scilicet.
609 3874 760 3929 Nam
788 3873 851 3929 in
878 3891 1063 3949 quem
1090 3876 1277 3933 alium
1301 3878 1419 3935 nisi
1447 3880 1510 3935 in
1543 3881 1841 3937 Christum
1871 3883 1998 3940 haec

340 3958 665 4017 maledicta
684 3964 959 4019 nesciens
984 3965 1093 4022 iste
1112 3966 1415 4037 jaculatur
1434 3968 1462 4023 ‘l
1493 3969 2001 4044 Quandoquidem

340 4047 437 4103 ille
464 4049 572 4106 ait:
596 4050 663 4107 Si
687 4054 1003 4111 crederetis
1034 4061 1086 4112 et
1117 4057 1334 4130 Moysi,
1361 4059 1678 4116 crederetis
1718 4066 1773 4116 et
1802 4062 1955 4117 mihi
1984 4079 1996 4117 :

340 4137 412 4195 de
441 4154 533 4196 me
556 4142 713 4197 enim
761 4144 869 4198 ille
917 4146 1159 4214 scripsit
1189 4148 1389 4216 (Joan.
1415 4164 1476 4219 v,
1508 4149 1620 4221 46).
1651 4149 1806 4215 Quid
1838 4151 1997 4207 enim

342 4231 513 4285 Pater
544 4230 673 4286 sine
702 4230 866 4303 Filio,
898 4233 990 4289 vel
1018 4239 1159 4291 tunc
1192 4235 1328 4291 fecit
1370 4236 1467 4293 vel
1513 4253 1786 4312 unquam
1840 4240 1995 4297 facit.

345 4317 403 4374 Si
445 4333 588 4388 ergo
637 4316 954 4376 salubriter
999 4338 1123 4378 non
1164 4324 1361 4380 solum
1404 4326 1757 4397 bonitatem,
1788 4346 2000 4387 verum

345 4406 526 4463 etiam
571 4409 949 4466 severitatem
995 4412 1097 4468 Dei
1127 4418 1338 4471 sancta
1371 4417 1674 4489 Scriptura
1695 4435 1999 4476 commen-

343 4494 469 4558 dat.
499 4496 793 4569 quoniam
833 4503 889 4555 et
918 4506 1156 4557 amatur
1204 4502 1359 4559 Deus
1400 4506 1620 4562 utiliter
1659 4511 1713 4563 et
1759 4508 1999 4564 timetur

344 4585 527 4655 (unde
544 4587 864 4659 Apostolus
888 4590 1103 4647 eodem
1123 4590 1255 4648 loco
1279 4598 1602 4668 utrumque
1633 4613 1999 4654 commemo-

339 4679 448 4746 rat,
481 4676 687 4733 dicens
721 4696 734 4735 :
781 4679 951 4736 Vides
981 4695 1122 4752 ergo
1163 4682 1483 4740 bonitatem
1527 4690 1583 4742 et
1628 4690 2001 4743 severitatem

338 4766 452 4823 Dei
476 4767 664 4839 [Rom.
696 4784 770 4838 x1,
812 4770 926 4841 22],
957 4771 1106 4843 quid
1136 4776 1227 4829 est
1280 4773 1449 4846 quod
1501 4774 1609 4831 iste
1664 4775 1915 4833 insanus
1947 4780 2005 4834 et

339 4870 629 4931 praeceps,
664 4872 805 4915 cum
837 4861 1241 4919 Christianum
1274 4879 1403 4920 esse
1447 4865 1649 4937 jactet,
1684 4870 1741 4922 et
1768 4866 1883 4923 hoc
1909 4883 2003 4924 re-

339 4947 657 5017 prehendit
686 4948 747 5004 in
779 4952 898 5007 Deo
923 4952 1379 5023 prophetarum,
1405 4955 1573 5028 quod
1601 4955 1664 5011 in
1695 4958 1814 5012 Deo
1843 4956 2006 5014 inve-

339 5034 428 5089 nit
451 5037 867 5108 apostolorum
888 5039 917 5095 ?
945 5041 1237 5112 quoniam
1268 5042 1430 5098 idem
1471 5044 1627 5099 Deus
1671 5048 1759 5101 est
1788 5049 1847 5101 et
1873 5045 2003 5103 illo-

340 5136 478 5176 rum
499 5126 556 5179 et
579 5122 854 5183 istorum.
881 5128 1053 5192 Quod
1079 5134 1281 5186 autem
1301 5130 1376 5187 de
1396 5131 1508 5188 isto
1531 5135 2006 5191 commemoravi

341 5226 527 5285 quem
554 5212 798 5285 pigrum
829 5229 1063 5273 servum
1094 5220 1255 5275 misit
1280 5221 1345 5276 in
1378 5222 1650 5279 tenebras
1680 5224 2003 5281 exteriores

339 5299 579 5372 (Matth.
611 5318 752 5373 xxv,
776 5304 888 5375 24),
922 5307 1200 5363 severitas
1230 5313 1322 5365 est
1350 5311 1472 5382 Dei,
1504 5311 1609 5368 ubi
1636 5328 1747 5369 nec
1778 5313 2005 5370 futuro-

339 5403 476 5446 rum
503 5391 879 5465 improvidus
909 5394 1126 5451 dicitur
1153 5398 1298 5469 quia
1326 5400 1429 5456 tali
1473 5403 1795 5473 pecuniam
1827 5419 2005 5460 suam

342 5481 620 5550 credidit;
653 5496 764 5539 nec
795 5482 1121 5557 impotens,
1141 5489 1287 5560 quia
1315 5505 1497 5561 quem
1524 5494 1590 5546 ut
1618 5491 1773 5548 bene
1801 5498 2004 5563 ageret

340 5584 464 5627 non
493 5571 623 5643 ipse
643 5574 811 5644 rexit,
838 5578 965 5648 ipse
990 5578 1276 5647 correxit;
1310 5594 1421 5636 nec
1450 5567 1706 5637 mmulus
1736 5598 1805 5638 ac
1834 5583 1999 5639 mali-

341 5658 530 5714 tiosus
584 5662 752 5732 quod
799 5680 837 5719 a
861 5664 995 5721 luce
1027 5670 1375 5738 separatum
1404 5670 1465 5725 in
1510 5671 1789 5726 tenebras
1821 5671 2000 5728 misit.

344 5743 467 5799 Hoc
496 5746 570 5800 de
592 5750 874 5806 omnibus
899 5755 1093 5824 poenis
1118 5756 1456 5825 hominum,
1476 5775 1611 5830 quae
1642 5759 1922 5828 leguntur
1942 5761 2003 5817 in

345 5830 706 5899 Prophoticis
728 5836 896 5897 libris
924 5839 1162 5899 inﬂicta;
1179 5842 1366 5900 fuisse
1395 5847 1805 5915 peccantibus,
1826 5848 2006 5907 debet

2101 1907 2345 1977 Paulus,
2379 1925 2515 1965 cum
2570 1926 2633 1965 se
2683 1910 2859 1965 sciret
2888 1908 3201 1964 verissime
3243 1908 3456 1976 dicere,
3485 1907 3595 1964 ubi
3623 1907 3709 1963 ait
3745 1923 3759 1963 :

2098 1998 2295 2054 Mittet
2326 1999 2450 2054 illis
2496 2000 2654 2055 Deus
2684 2001 3087 2068 operationem
3118 1998 3361 2066 erroris,
3393 2003 3457 2053 ut
3505 1996 3765 2054 credant

2099 2088 2428 2149 mendacio,
2445 2094 2498 2144 et
2510 2089 2871 2158 judicentur
2890 2103 3087 2144 omnes
3108 2088 3214 2159 qui
3232 2103 3352 2143 non
3372 2086 3764 2144 crediderunt

2102 2176 2362 2248 veritati,
2405 2177 2511 2232 sed
2555 2181 2983 2233 consenserunt
3010 2177 3322 2249 iniquitati
3344 2176 3436 2243 (II
3467 2175 3665 2232 Thess.
3695 2189 3762 2243 11,

2106 2268 2217 2334 10).
2244 2267 2363 2320 Hoc
2393 2264 2467 2320 de
2499 2264 2657 2321 facto
2687 2281 2795 2339 per
2824 2268 3086 2339 Moysen,
3115 2264 3212 2321 cui
3244 2267 3401 2321 Deus
3431 2264 3581 2321 dixit
3604 2281 3619 2320 :
3641 2264 3761 2320 Ac-

2103 2353 2231 2423 cipe
2284 2369 2482 2411 omnes
2513 2354 2689 2412 duces
2716 2356 2951 2426 populi,
2974 2360 3028 2410 et
3058 2354 3299 2412 victima
3339 2354 3476 2410 illos
3508 2354 3760 2409 Domino

2105 2448 2317 2499 contra
2338 2443 2670 2510 solem,hoc
2690 2447 2777 2499 est
2799 2444 2860 2499 in
2886 2443 3212 2500 manifesto
3233 2458 3341 2516 per
3369 2441 3532 2499 diem
3552 2442 3757 2510 (Num.

2101 2548 2244 2602 xxv,
2262 2533 2339 2604 4).
2376 2532 2482 2587 Vel
2502 2531 2664 2605 quod
2696 2532 2922 2589 factum
2951 2532 3181 2589 idolum
3210 2535 3441 2607 Moyses
3470 2530 3554 2588 ita
3574 2528 3765 2586 vindi-

2104 2620 2264 2677 cavit
2292 2626 2357 2677 ut
2386 2637 2498 2678 nec
2528 2622 2806 2696 proximo
2836 2637 2950 2678 suo
2978 2621 3236 2695 quisque
3282 2624 3574 2694 parceret,
3606 2618 3762 2675 ferro

2104 2710 2408 2783 perimens
2428 2711 2648 2784 impios
2666 2712 2883 2785 (Exod.
2898 2715 3162 2779 xxxu,27
3185 2716 3240 2767 et
3255 2711 3367 2783 28).
3382 2712 3584 2783 Neque
3599 2707 3760 2764 enim

2106 2806 2163 2856 et
2194 2799 2483 2855 Dominus
2515 2803 2683 2856 Jesus
2711 2817 2836 2856 non
2864 2800 3042 2857 dixit:
3068 2801 3185 2857 Eos
3206 2805 3403 2856 autem
3429 2799 3538 2870 qui
3561 2798 3762 2855 nolue-

2107 2894 2253 2945 runt
2281 2904 2371 2945 me
2400 2905 2659 2961 regnare
2703 2891 2836 2962 sibi,
2870 2891 3181 2959 adducite;
3213 2890 3529 2959 interﬁcite
3559 2902 3760 2945 coram

2107 2994 2199 3035 me
2227 2978 2386 3049 (Luc.
2418 2995 2535 3047 xix,
2563 2981 2654 3053 27)
2688 2997 2701 3035 :
2736 2980 2845 3035 L’bi
2878 2980 3167 3052 profecto,
3199 2978 3347 3052 quia
3391 2982 3647 3034 mortem
3678 2976 3761 3033 si-

2111 3068 2355 3139 gniﬁcat
2387 3069 2749 3135 animarum,
2774 3070 2972 3141 magis
3004 3075 3093 3126 est
3123 3068 3328 3142 utique
3358 3067 3460 3125 illa
3486 3066 3764 3124 ﬁdelibus

2108 3157 2411 3215 horrenda
2431 3163 2487 3215 et
2503 3159 2832 3216 metuenda
2850 3175 3039 3232 quam
3056 3174 3401 3232 corporum.
3422 3157 3590 3214 Unde
3604 3156 3761 3213 idem

2111 3249 2398 3305 Dominus
2429 3249 2598 3305 dicit:
2624 3251 2829 3306 Nolite
2858 3252 3064 3306 timere
3078 3264 3171 3306 eos
3193 3248 3298 3320 qui
3325 3248 3607 3305 occidunt
3636 3262 3766 3303 cor-

2101 3354 2239 3409 pus,
2288 3340 2555 3395 animam
2608 3345 2808 3395 autem
2860 3355 2979 3395 non
3021 3344 3273 3409 possunt
3324 3337 3628 3409 occidere;
3666 3335 3770 3393 sed

2102 3428 2303 3496 potius
2334 3443 2464 3484 eum
2497 3428 2693 3484 timete
2722 3429 2828 3499 qui
2842 3432 3036 3497 potest
3065 3433 3117 3484 et
3149 3428 3436 3492 animam,
3468 3430 3523 3482 et
3552 3439 3768 3494 corpus

2101 3517 2356 3586 perdere
2386 3518 2448 3573 in
2478 3518 2812 3588 gehennam
2837 3517 3078 3587 (Matth.
3109 3518 3294 3587 x,28).
3327 3514 3515 3587 Hujus
3537 3513 3769 3584 generis

2108 3610 2352 3677 mortes,
2380 3622 2487 3679 per
2515 3622 2669 3678 quas
2703 3606 2919 3663 animm
2946 3605 3265 3661 mittuntur
3295 3603 3355 3660 in
3402 3603 3767 3674 gehennam,

2111 3695 2161 3749 si
2190 3696 2326 3767 quis
2356 3695 2517 3751 ﬁdeli
2575 3701 2776 3751 mente
2824 3695 2907 3767 (ut
2955 3695 3209 3764 dignum
3257 3694 3369 3765 est)
3396 3692 3763 3764 cogitaverit,

2107 3784 2284 3840 valde
2310 3784 2501 3840 vilitcr
2543 3784 2864 3840 aestimabit
2902 3783 3238 3856 quamlibet
3289 3781 3766 3854 ingentissimam

2111 3877 2392 3943 stragem,
2411 3878 2467 3928 et
2484 3873 2796 3942 sanguinis
2816 3872 3034 3929 ﬂuvios
3054 3871 3403 3929 mortalium
3420 3882 3764 3944 corporum,

2110 3966 2167 4018 et
2195 3961 2752 4035 quomodocunque
2782 3963 3275 4035 quandocunque
3303 3960 3766 4028 moriturorum;

2109 4067 2264 4124 quas
2318 4050 2511 4107 casdes
2568 4051 2678 4107 istc
2732 4066 3105 4121 exaggerans
3161 4057 3218 4108 et
3260 4049 3621 4106 scholastica
3663 4063 3771 4104 va—

2109 4141 2293 4197 nitate
2319 4139 2685 4205 dcscribens,
2721 4142 2798 4197 ad
2823 4139 3379 4214 blasphemandum
3426 4142 3632 4207 Deum,
3662 4138 3772 4212 qui

2110 4231 2332 4287 talibus
2362 4231 2657 4287 mortibus
2690 4247 2792 4287 eos
2822 4231 3045 4303 quibus
3072 4228 3425 4303 hujusmodi
3449 4234 3638 4285 terror
3661 4228 3773 4284 uti-

2110 4319 2182 4375 lis
2206 4320 2400 4377 fuerat
2424 4320 2801 4392 ﬂagellabat;
2830 4320 3144 4377 horrorem
3172 4319 3385 4376 incutit
3411 4316 3771 4375 mortalibus

2115 4411 2410 4477 sensibus,
2436 4415 2494 4467 et
2513 4410 2744 4483 aliquid
2767 4427 2828 4467 se
2853 4426 3031 4481 agere
3058 4414 3231 4483 putat
3261 4409 3455 4467 calces
3480 4407 3773 4465 adversus

2115 4500 2429 4557 stimulum
2457 4500 2761 4572 jaciendo,
2785 4504 2869 4572 ut,
2893 4517 3030 4556 cum
3063 4500 3137 4555 de
3160 4502 3353 4555 morte
3378 4498 3573 4554 carnis
3603 4512 3776 4554 accu-

2114 4595 2204 4647 sat
2230 4590 2331 4646 Dei
2356 4590 2820 4663 providentiam,
2843 4589 2905 4645 in
2931 4591 3124 4646 morte
3146 4587 3343 4645 cordis
3363 4588 3617 4644 intratur
3639 4589 3771 4658 (aL,

2112 4680 2400 4751 mittatur)
2458 4679 2520 4736 in
2570 4680 2937 4750 gehennam.
2992 4680 3132 4746 Quis
3185 4682 3388 4736 autem
3434 4676 3773 4734 utriuslibet

2114 4788 2296 4827 sexus
2320 4771 2507 4827 homo
2535 4786 2658 4827 non
2685 4770 2889 4826 mallet
2911 4768 3112 4839 gladio
3137 4768 3444 4839 trucidari,
3466 4767 3648 4825 etiam
3670 4767 3772 4825 illo

2111 4861 2298 4918 modo
2319 4877 2443 4933 quo
2474 4859 2797 4917 trucidavit
2829 4858 3120 4916 Sacerdos
3138 4860 3395 4916 Phinees
3411 4858 3611 4930 (Num.
3630 4873 3768 4927 xxv,

2112 4958 2164 5020 7,
2197 4955 2250 5020 8,
2291 4952 2373 5023 Η)
2406 4949 2759 5007 fornicarios
2790 4950 2853 5007 in
2880 4951 3014 5024 ipso
3040 4949 3361 5023 complexu
3389 4948 3632 5006 nefariae
3664 4965 3770 5005 vo-

2109 5041 2377 5114 luptatis,
2421 5040 2681 5097 terribile
2711 5042 3081 5097 constituens
3137 5040 3429 5097 adversus
3458 5052 3770 5095 exsecran-

2112 5131 2223 5187 das
2271 5130 2551 5187 libidines
2599 5130 2844 5187 ultionis
2899 5128 3266 5203 exemplum,
3323 5131 3568 5203 propter
3609 5127 3772 5202 quod

2111 5222 2375 5279 maxime
2425 5224 2545 5277 Deo
2591 5220 2837 5294 placuit,
2884 5220 3042 5293 quis,
3087 5219 3363 5292 inquam,
3408 5234 3533 5275 non
3571 5218 3773 5276 mallet

2114 5312 2213 5368 tali
2258 5327 2473 5382 genere
2522 5310 2732 5367 mortis
2762 5310 3060 5366 interﬁci?
3108 5309 3251 5374 Quis
3307 5324 3433 5365 non
3470 5311 3771 5382 postremo

2112 5402 2250 5472 igne
2297 5401 2600 5474 consumi,
2652 5401 2743 5457 vel
2787 5400 2991 5457 ferinis
3021 5400 3326 5456 morsibus
3354 5414 3463 5473 per
3508 5399 3643 5472 ipsa
3670 5414 3774 5472 pu-

2113 5491 2315 5549 denda
2338 5492 2571 5562 laniari,
2591 5508 2781 5565 quam
2805 5491 2959 5548 mitti
2980 5490 3043 5546 in
3070 5491 3411 5561 gehennam
3432 5488 3589 5561 ignis
3608 5493 3771 5546 aeter-

2111 5582 2218 5638 ni?
2246 5585 2362 5639 Cur
2390 5581 2571 5652 igitur
2602 5585 2757 5637 Deus
2790 5580 3267 5638 Christianorum
3295 5581 3619 5653 peccantes
3647 5577 3772 5634 tali-

2112 5672 2228 5727 bus
2260 5671 2557 5727 mortibus
2585 5671 2819 5745 puniat,
2852 5675 2936 5739 ut,
2968 5673 3105 5744 post
3153 5669 3421 5742 corporis
3466 5668 3772 5725 interitum

2115 5761 2544 5828 transitorium,
2567 5765 2853 5833 sequatur
2874 5761 2935 5815 in
2950 5761 3298 5831 gehennam
3335 5758 3462 5814 sine
3488 5757 3607 5814 fine
3638 5773 3774 5830 sup-

2117 5852 2362 5923 plicium
2372 5894 2385 5920 ,
2399 5851 2513 5909 nisi
2528 5852 2635 5922 (at.
2646 5894 2659 5921 ,
2673 5852 2916 5921 nonne),
2930 5851 3076 5924 quia
3095 5848 3435 5910 testamenti
3458 5848 3769 5921 utriusque
