3936 6376
139 273 277 328 H49

1089 277 1180 331 ns
1219 260 1890 335 PREDES'I‘lNATIONE
1930 269 2209 330 CONTRA
2246 275 2294 333 ι.
2336 272 2639 336 BCOTUM.

3441 274 3585 336 H50

138 410 297 452 unus
322 399 415 452 est
436 396 631 452 Deus?
660 399 1071 470 Nampossent
1087 399 1281 457 Judaei
1297 402 1493 459 dicere
1513 400 1799 457 adversus
1829 395 1878 449 Α
1919 395 2459 464 significationibus
2501 401 2934 458 sacriﬁciorum
2984 399 3255 474 vestique
3296 400 3583 475 nuptialis

135 484 319 557 hujus
361 485 753 559 impietatem,
783 487 1229 561 quantumlibet
1265 495 1585 565 exaggerat
1621 486 1798 556 bella,

138 576 354 645 cades,
378 576 650 647 vulnera,
682 578 913 646 funera,
947 580 1329 653 sanguinem,
1359 582 1538 652 longe
1569 581 1801 636 incom-

135 666 484 738 parabiliter
512 670 631 724 Deo
668 673 879 725 nostro
902 669 1091 726 Deum
1124 686 1186 726 se
1210 671 1434 728 habere
1467 670 1798 727 mitiorem:

137 754 318 827 longe
360 756 582 814 scilicet
632 758 833 814 mitius
882 760 1235 832 punientem
1282 761 1617 818 transituris
1673 759 1799 830 (al.,

137 845 518 914 transitoriis)
566 848 863 904 mortibus
911 864 1255 922 corporum,
1299 866 1489 924 quam
1538 849 1801 906 ﬂammis

138 936 442 1009 perpetuis
467 937 902 1008 gehennarum.
935 943 1006 995 At
1033 941 1195 996 enim
1224 946 1542 1014 propterea
1568 938 1805 996 videtur

137 1025 279 1082 huic
304 1026 459 1084 Deus
487 1027 636 1097 legis
669 1032 727 1085 et
745 1029 1202 1101 prophetarum,
1229 1031 1335 1103 qui
1360 1046 1515 1087 unus
1546 1033 1603 1086 et
1625 1043 1803 1084 verus

138 1117 227 1171 est
244 1117 418 1186 Deus,
437 1117 684 1174 crimine
706 1118 1070 1175 crudelitatis
1094 1120 1611 1192 arguendus,quia
1626 1135 1805 1192 prop-

138 1207 226 1260 ter
249 1204 585 1263 levissimas
616 1222 836 1263 causas
865 1207 957 1263 vel
1000 1209 1178 1264 etiam
1212 1208 1654 1264 erubescendas
1681 1223 1807 1280 pce-

135 1307 285 1349 nam
312 1295 524 1350 mortis
542 1295 639 1351 vel
659 1296 988 1369 corporalis
1017 1296 1249 1365 inﬂixit,
1277 1297 1445 1370 quod
1476 1295 1665 1353 David
1695 1312 1804 1369 po-

134 1382 356 1455 pulum
384 1389 780 1453 numerasset,
810 1384 980 1458 quod
1016 1385 1297 1455 infantes,
1330 1386 1481 1442 sicut
1504 1386 1611 1441 iste
1640 1385 1800 1453 dicit,

133 1470 245 1525 ﬁlii
273 1472 397 1527 Heli
427 1473 751 1529 sacerdotis
779 1474 855 1530 de
884 1474 1016 1529 ollis
1040 1474 1136 1531 vel
1162 1474 1401 1531 cacabis
1424 1477 1542 1531 Deo
1567 1490 1803 1547 praepa-

132 1559 284 1615 ratis
314 1560 542 1632 aliquid
584 1562 1002 1631 degustassent
1029 1581 1042 1619 :
1081 1579 1206 1636 qua
1230 1564 1290 1620 in
1319 1579 1382 1619 re
1408 1578 1531 1620 non
1561 1563 1804 1636 disputo

134 1653 439 1720 quantum
485 1653 543 1705 et
584 1666 773 1723 quam
822 1652 1231 1725 perniciosum
1281 1653 1555 1709 elationis
1592 1653 1802 1708 vitium

1913 483 2435 547 inconvenientem
2451 491 2795 549 carnalibus
2816 490 3096 547 sensibus
3110 490 3262 547 velle
3282 489 3584 549 inculcare

1913 578 2305 635 sermonem?
2354 580 2500 637 Ecce
2544 580 2710 654 quod
2767 584 2857 638 est
2901 577 3277 636 manifestius
3323 578 3586 653 profera.

1912 678 2071 719 mus.
2104 667 2495 737 Evangelium
2524 670 2641 741 legi
2669 669 2850 727 veteri
2880 683 3243 743 comparans
3268 668 3581 739 Dominus,

1913 758 1968 809 et
1994 771 2119 811 non
2148 756 2293 813 illud
2316 760 2546 816 malum
2564 761 2731 833 quod
2751 759 3030 816 homines
3054 763 3192 816 ante
3212 759 3581 833 dedicerant,

1914 843 2021 899 sed
2044 846 2213 917 quod
2242 846 2370 920 ipse
2401 848 2678 913 docebat,
2701 848 3021 922 perfectius
3052 864 3181 904 esse
3212 852 3577 905 contestans.

1914 934 2203 1004 Audistis,
2232 938 2445 1011 inquit,
2471 940 2611 1011 quia
2638 939 2863 995 dictum
2882 943 2964 995 est
2985 956 3006 996 ,ο
3034 939 3170 995 Νοη
3192 938 3419 995 occides
3438 950 3461 1010 ;
3480 939 3589 1011 qui

1914 1030 2113 1081 autem
2146 1027 2451 1095 occiderit,
2477 1044 2614 1085 reus
2643 1029 2757 1085 erit
2766 1028 3020 1099 judicio.
3055 1028 3182 1098 Ego
3221 1031 3420 1084 autem
3450 1029 3583 1085 dico

1914 1114 2075 1169 vobis
2095 1131 2117 1170 .’
2149 1115 2497 1187 Quir-ungue
2516 1119 2709 1174 iratus
2732 1119 2919 1188 fuerit
2946 1116 3142 1187 fratri
3159 1133 3288 1183 suo,
3310 1132 3448 1174 reus
3470 1120 3585 1174 erit

1902 1204 2139 1273 judicio
2162 1219 2184 1271 ,·
2212 1208 2317 1277 qui
2336 1212 2534 1263 autem
2566 1207 2791 1264 dixerit
2830 1206 3060 1274 Racha,
3091 1221 3227 1263 reus
3259 1207 3373 1264 erit
3397 1207 3585 1264 consi-

1917 1294 2031 1348 lio:
2069 1295 2175 1365 qui
2214 1300 2414 1352 autem
2466 1296 2691 1352 dixerit
2734 1292 2944 1363 Fatue,
2978 1311 3115 1353 reus
3146 1297 3261 1353 erit
3300 1297 3586 1367 gehennae

1913 1384 2071 1453 ignis
2112 1384 2351 1453 (Matth.
2380 1401 2437 1441 v.
2470 1390 2563 1450 2t,
2592 1388 2683 1454 22,
2710 1386 2821 1456 23).
2854 1384 3010 1451 Quid
3058 1389 3183 1441 tam
3231 1400 3492 1459 parvum
3523 1385 3585 1440 in

1914 1473 2199 1544 peccatis,
2228 1490 2414 1547 quam
2448 1473 2614 1531 fratri
2640 1473 2837 1530 dicere
2866 1472 3096 1531 Fatue?
3118 1474 3265 1546 quid
3296 1474 3421 1531 tam
3462 1488 3590 1530 ma-

1915 1576 2102 1631 gnum
2134 1563 2194 1618 in
2212 1563 2547 1636 suppliciis,
2565 1580 2752 1637 quam
2777 1562 3050 1635 gehenna
3078 1564 3236 1634 ignis
3254 1563 3282 1619 ?
3303 1563 3360 1618 Si
3379 1563 3439 1619 in
3455 1562 3587 1632 lege

1913 1652 2008 1707 vel
2038 1653 2348 1725 prophetis
2376 1654 2487 1710 iste
2517 1653 2845 1711 invenisset
2873 1654 3161 1727 aliquem,
3188 1652 3483 1727 quoniam
3505 1652 3591 1708 di-

136 1742 262 1795 tam
295 1742 504 1795 sancto
529 1739 677 1809 viro,
706 1746 771 1797 ut
809 1742 982 1797 vellle
1024 1743 1127 1798 Dei
1155 1742 1453 1816 populum
1484 1757 1805 1799 numerare
1836 1744 1878 1807 Β
1915 1742 2097 1798 xisset
2126 1741 2290 1798 fratri
2333 1759 2443 1799 suo
2476 1744 2689 1815 Fatue,
2720 1743 2991 1816 lapidare
3016 1743 3257 1815 jussum
3296 1741 3477 1798 fuisse
3506 1740 3592 1797 di-

140 1828 531 1901 subrepserit,
564 1845 894 1905 eorumque
925 1833 1220 1889 mortibus
1248 1848 1372 1889 non
1407 1834 1662 1900 aeternis,
1700 1831 1808 1887 sed

133 1919 263 1990 jam
295 1918 567 1975 humana
596 1920 937 1976 conditione
966 1921 1254 1989 venturis,
1285 1926 1341 1978 et
1363 1921 1628 1976 celeriter
1649 1925 1809 1976 tran-

140 2008 363 2077 situris,
394 2008 569 2065 fuerit
618 2010 974 2079 ﬂagellatus,
1006 2027 1269 2083 quorum
1314 2010 1509 2067 fuerat
1546 2011 1808 2066 multitu—

138 2098 279 2154 dine
306 2098 553 2156 inﬂatus
600 2100 671 2168 (11
702 2101 845 2171 Reg.
877 2116 1042 2167 xxtv,
1078 2105 1163 2169 18,
1206 2102 1365 2172 etc.).
1398 2104 1512 2157 Nec
1555 2100 1690 2157 dico
1736 2100 1806 2155 ﬁ-

135 2186 247 2243 lios
278 2188 405 2244 Heli
432 2203 557 2244 non
588 2188 775 2245 fuisse
818 2189 1101 2257 infantes,
1134 2194 1201 2246 ut
1236 2192 1344 2245 iste
1391 2189 1678 2262 loquitur,
1710 2204 1810 2245 ne-

137 2277 334 2332 sciens
366 2278 509 2350 quid
539 2277 841 2351 loquatur,
877 2278 984 2334 sed
1013 2280 1144 2351 ejus
1170 2280 1357 2335 aetatis
1395 2296 1520 2353 qua
1558 2283 1809 2351 possent

136 2371 193 2422 et
220 2366 530 2433 deberent,
562 2381 673 2439 pro
716 2368 1008 2437 sacrilego
1061 2384 1219 2424 ausu
1268 2384 1393 2442 quo
1443 2384 1507 2424 se
1554 2369 1806 2424 Domino

138 2456 257 2511 Deo
287 2456 351 2512 in
400 2456 706 2512 sacriﬁciis
757 2457 1175 2530 praeferebant,
1216 2458 1403 2527 digna
1451 2458 1807 2514 coercitione

138 2546 407 2625 cohiberi
439 2546 479 2618 (Ι
508 2549 653 2618 Reg.
696 2564 758 2618 u,
794 2552 847 2613 2,
882 2552 966 2613 12,
1012 2550 1204 2620 seq.);
1250 2549 1417 2621 quod
1465 2548 1807 2617 neglectum

139 2639 315 2704 Deus,
349 2651 475 2692 non
524 2636 635 2693 sibi
681 2637 1025 2705 consulens,
1058 2638 1165 2693 sed
1204 2638 1431 2712 populo
1476 2638 1573 2693 cui
1601 2638 1808 2708 religio

137 2726 453 2799 pietasque
498 2725 840 2798 profuisset,
880 2726 1039 2783 bello
1083 2728 1262 2783 etiam
1310 2728 1654 2798 vindicavit,
1704 2727 1807 2782 ubi

137 2816 238 2872 Dei
267 2816 549 2873 timorem
578 2820 902 2889 potuerunt
939 2832 1160 2887 augere
1190 2817 1420 2885 victuri,
1448 2833 1557 2891 per
1598 2832 1809 2873 eorum

139 2910 366 2963 mortes
408 2905 514 2979 qui
559 2905 816 2978 fuerant,
849 2911 925 2978 et,
959 2907 1006 2963 si
1054 2925 1115 2964 se
1162 2907 1461 2964 nescirent
1508 2911 1646 2981 post
1684 2922 1810 2963 non

138 2996 325 3070 longa
373 3001 718 3068 temporum
764 2998 958 3069 spatia
1002 2998 1294 3055 morituri.
1326 2998 1609 3055 Mortibus
1640 2998 1811 3070 quip-

1914 1831 2157 1899 vinitus,
2190 1836 2431 1905 quantae
2467 1834 2655 1889 Deum
2686 1832 3054 1889 crudelitatis
3094 1831 3415 1903 argueret?
3447 1830 3589 1897 Quis

1915 1937 2040 1977 non
2071 1926 2272 1977 autem
2302 1937 2428 1978 non
2457 1921 2593 1978 dico
2623 1921 2904 1995 lapidari,
2930 1922 3036 1977 sed
3060 1937 3169 1994 per
3193 1918 3464 1989 singulos
3497 1934 3591 1976 are

1915 2014 2033 2079 tus,
2060 2011 2183 2066 imo
2217 2027 2323 2083 per
2351 2012 2589 2081 singula
2606 2011 2875 2086 corporis
2893 2010 3082 2067 frusta
3098 2009 3388 2083 paulatim
3407 2010 3590 2082 atque

1916 2099 2260 2156 minutatim
2305 2100 2511 2157 vivens
2562 2105 2618 2157 et
2669 2100 2932 2156 sentiens
2972 2097 3253 2155 dilaniari
3281 2096 3588 2155 consumi-

1915 2204 2034 2261 que
2065 2187 2393 2253 maluisset,
2411 2204 2597 2263 quam
2622 2190 2910 2261 gehennae
2936 2187 3179 2259 ignibus
3207 2186 3589 2260 nuncupari?

1914 2277 2083 2335 Absit
2113 2284 2315 2335 tamen
2347 2282 2411 2335 ut
2440 2278 2838 2335 crudeliorem
2867 2278 3196 2351 quisquam
3217 2276 3378 2333 dicat
3396 2276 3592 2332 Evan-

1918 2368 2049 2439 gelii
2077 2385 2262 2442 quam
2294 2369 2441 2437 legis
2472 2371 2662 2425 Deum
2690 2368 2702 2425 !
2746 2369 3087 2438 intelligens
3123 2367 3435 2440 utriusque
3461 2382 3589 2423 esse

1915 2474 2109 2514 unum
2139 2462 2196 2514 et
2218 2456 2501 2514 eumdem
2521 2457 2809 2524 Deum,in
2831 2457 2961 2529 lege
2988 2459 3310 2513 terrentem
3340 2454 3592 2512 carnalis

1915 2546 2059 2614 bus,
2091 2547 2153 2603 in
2200 2545 2522 2617 Evangelio
2563 2545 2931 2620 spiritalibus
2959 2545 3179 2619 poenis,
3209 2548 3266 2601 et
3294 2543 3377 2600 ibi
3410 2547 3467 2600 et
3492 2542 3591 2599 hic

1916 2636 2181 2709 ﬁdelem,
2205 2652 2513 2710 nusquam
2536 2635 2863 2693 crudelem.
2885 2632 3041 2702 Quid
3061 2634 3249 2691 illud?
3269 2648 3472 2690 nonne
3494 2630 3593 2688 sia

1917 2727 2146 2783 Christo
2172 2725 2445 2797 linguam
2472 2726 2757 2800 reperiret
2783 2725 3064 2791 alienam,
3084 2724 3147 2781 in
3178 2738 3440 2797 eumque
3466 2720 3592 2779 bla-

1920 2818 2258 2891 sphemam,
2293 2821 2349 2873 et
2392 2816 2612 2890 (qualis
2661 2820 2753 2873 est
2795 2815 2995 2887 hujus)
3029 2814 3218 2888 impia
3248 2813 3592 2885 garrulitate

1919 2906 2353 2970 damnabilem,
2405 2904 2680 2963 acerbius
2735 2909 2792 2961 et
2847 2903 3113 2962 amarius
3170 2903 3590 2973 exagitaretur,

1919 3012 2107 3069 quam
2136 2995 2304 3068 quod
2332 2995 2461 3062 iste,
2494 2994 2569 3050 de
2595 2994 2851 3050 obsonio
2896 2992 3173 3050 sacriﬁcii
3201 2993 3588 3066 praegustato,

138 3104 215 3161 pe
245 3100 576 3159 corporum
598 3086 856 3153 legimus
885 3086 1032 3141 alios
1059 3087 1238 3143 etiam
1265 3092 1536 3143 mortuos
1566 3090 1812 3159 prOpter
1841 3098 1883 3158 ο
1920 3082 2298 3156 corporalem
2328 3082 2847 3155 temporalemque
2877 3097 3125 3154 poenam
3160 3079 3473 3149 sacrilegio
3505 3079 3592 3134 sic

140 3192 266 3233 non
316 3190 452 3245 sua,
500 3174 606 3230 sed
659 3173 856 3231 aliena
902 3179 1152 3247 peccata
1196 3177 1240 3247 (Ι
1271 3178 1413 3246 Reg.
1446 3192 1524 3246 IV,
1561 3176 1668 3247 l0).
1707 3175 1813 3231 Ubi

142 3266 339 3338 magis
369 3268 459 3321 est
486 3265 548 3319 in
579 3263 786 3320 dolore
816 3264 1015 3320 cordis
1046 3264 1228 3337 plaga
1252 3265 1599 3335 viventium,
1623 3280 1812 3337 quam

144 3357 203 3412 in
246 3354 614 3412 resolutione
646 3354 846 3410 carnis
873 3370 1058 3427 poena
1086 3353 1505 3423 morientium;
1547 3354 1653 3410 ubi
1692 3353 1816 3410 ani-

142 3462 257 3502 mas
287 3446 365 3502 de
396 3444 752 3517 corporibus
804 3446 1089 3500 exeuntes
1141 3460 1280 3501 suas
1325 3460 1544 3500 causas
1589 3444 1815 3501 habent

142 3534 235 3592 vel
264 3534 462 3591 malas
490 3534 582 3590 vel
607 3533 823 3601 bonas,
855 3549 979 3588 non
1021 3538 1341 3607 propterea
1370 3537 1632 3603 gravatas
1670 3534 1816 3607 quia

146 3628 335 3681 exutae
360 3643 374 3694 ;
412 3622 757 3680 animarum
784 3638 927 3679 vero
958 3628 1148 3679 morte
1171 3621 1323 3679 alius
1346 3638 1455 3696 pro
1477 3622 1595 3679 alio
1616 3622 1817 3696 plecti-

148 3719 240 3772 tur
286 3731 492 3771 nemo.
529 3714 645 3771 Sed
686 3714 802 3771 hoc
851 3713 1008 3783 dico,
1041 3719 1339 3787 quantum
1383 3713 1679 3770 existimet
1706 3714 1816 3769 iste

150 3805 326 3861 fuisse
351 3809 689 3879 peccatum.
726 3804 896 3873 Quod
930 3806 993 3860 in
1023 3805 1293 3860 convivio
1323 3806 1591 3873 nuptiali
1616 3805 1817 3860 inven-

153 3901 241 3950 tus
265 3899 349 3952 est
376 3897 550 3952 homo
578 3909 700 3949 non
750 3893 973 3950 habens
1014 3899 1227 3950 vestem
1261 3894 1615 3963 nuptialem.
1648 3895 1813 3960 Puto,

152 3983 199 4039 si
221 3983 496 4041 humana
519 3982 997 4039 consideratione
1027 3983 1138 4039 ista
1166 3983 1509 4048 metiamur,
1541 3983 1679 4038 huic
1716 3981 1819 4037 ali-

152 4074 509 4145 quantulum
541 4071 811 4129 sufficere
842 4072 1050 4128 debuit
1079 4072 1455 4137 erubescere,
1488 4076 1563 4140 et,
1593 4075 1658 4127 ut
1690 4071 1819 4144 plu—

150 4162 366 4219 rimum
395 4162 704 4220 invitantis
736 4161 1069 4231 indignatio
1093 4162 1567 4234 protenderetur,
1585 4166 1818 4217 vestem

154 4257 377 4310 mutare
404 4250 703 4325 compelli.
734 4254 803 4308 Et
831 4256 1034 4308 tamen
1064 4249 1292 4306 dictum
1320 4254 1407 4306 est
1434 4267 1445 4305 :
1474 4252 1686 4321 Ligate
1723 4251 1823 4306 illi

154 4357 360 4399 manus
391 4347 449 4400 et
474 4342 672 4411 pedes,
705 4346 760 4398 et
796 4341 1079 4410 projicite
1125 4355 1258 4415 eum
1308 4341 1369 4395 in
1416 4341 1688 4396 tenebras
1720 4356 1817 4396 ea:-

156 4433 388 4490 teriores
414 4444 437 4501 ,'
462 4431 546 4487 ibi
573 4431 685 4487 erit
712 4431 887 4500 ﬂetus
920 4434 975 4519 et
1013 4429 1241 4519 stridor
1270 4429 1537 4484 dentium
1570 4429 1811 4498 (Matth.
1844 4463 1890 4519 ι)

154 4536 285 4591 xxu,
319 4525 401 4591 l2,
446 4525 550 4589 13).
586 4519 700 4576 Sed
729 4519 896 4592 quod
926 4518 1142 4574 dicitur
1167 4518 1296 4591 (aL.
1331 4517 1437 4573 sed
1475 4518 1661 4589 dicit),
1692 4533 1817 4573 non

155 4607 340 4667 levem
362 4610 609 4684 culpam
638 4609 937 4681 signiﬁcat
957 4611 1184 4664 vestem
1213 4622 1337 4664 non
1358 4606 1647 4663 habuisse
1669 4623 1819 4680 nup-

156 4696 349 4757 tialem
375 4700 671 4775 quoniam
700 4698 812 4754 ista
855 4713 1048 4771 parva
1078 4713 1443 4768 magnarum
1476 4697 1649 4767 signa
1680 4700 1822 4754 sunt

157 4802 371 4846 rerum.
404 4789 498 4847 Sic
542 4804 687 4859 ergo
726 4792 784 4845 et
813 4786 1108 4843 sacriﬁcia
1128 4787 1409 4856 visibilia,
1443 4803 1581 4843 cum
1614 4787 1729 4843 sint
1757 4787 1819 4842 in

159 4880 392 4936 terrenis
436 4878 619 4935 rebus
658 4877 896 4949 exigua,
931 4893 1315 4947 magnarum,
1350 4877 1643 4950 quoniam
1685 4877 1818 4949 (aL,

161 4966 228 5037 et)
258 4966 594 5025 divinarum
623 4966 799 5039 signa
828 4968 970 5021 sunt
995 4980 1217 5031 rerum,
1250 4963 1311 5019 in
1343 4966 1564 5037 quibus
1591 4964 1697 5020 ﬁlii
1724 4965 1822 5021 Sa-

163 5056 403 5114 cerdotis
433 5072 496 5113 se
523 5056 692 5130 ipsos
725 5059 864 5124 Deo,
890 5054 1066 5125 cujus
1090 5053 1287 5109 honor
1314 5052 1375 5109 in
1409 5052 1712 5109 sacrificiis
1737 5056 1821 5109 at-

165 5143 427 5216 tenditur,
458 5144 874 5221 praeferebant.
909 5147 1038 5200 Non
1087 5146 1290 5199 autem
1335 5142 1429 5198 ille
1470 5142 1729 5198 conviva
1758 5159 1820 5198 se

162 5235 403 5303 prretulit
450 5252 696 5311 sponso,
738 5234 846 5291 sed
886 5238 1121 5290 tantum
1165 5247 1289 5288 non
1337 5231 1632 5302 congruit,
1675 5232 1821 5304 quia

164 5324 495 5396 nuptiarum
525 5326 657 5399 (aL,
688 5323 1041 5399 nuptialem)
1072 5323 1340 5379 tunicam
1378 5337 1502 5377 non
1530 5319 1814 5378 habebat.

166 5411 572 5474 Verumtamen
619 5414 772 5472 inter
795 5415 962 5488 ipsas
990 5428 1205 5486 pcenas
1235 5411 1458 5484 quibus
1494 5413 1818 5483 utrumque

166 5500 519 5563 vindicatum
569 5510 676 5579 est,
721 5505 817 5561 ille
873 5503 1023 5577 quid
1071 5503 1251 5559 distet
1300 5500 1573 5561 advertit,
1606 5515 1819 5572 quam-

168 5604 275 5661 que
326 5594 874 5670 incomparabiliter
912 5593 1027 5650 ista
1074 5592 1240 5649 illam
1294 5591 1518 5660 vincat,
1547 5589 1820 5659 intelligit

172 5680 268 5748 (Ιυὶ
294 5685 697 5759 corporalibus
727 5689 783 5741 et
808 5683 1240 5756 temporalibus
1267 5680 1554 5754 spiritalia
1581 5684 1637 5734 et
1668 5694 1819 5734 sem-

171 5764 386 5838 Piterna
415 5774 730 5850 praeponit.
762 5773 986 5831 Verum
1033 5770 1181 5846 quid
1229 5784 1385 5844 Opus
1435 5768 1509 5827 de
1549 5766 1819 5842 mysticis

1920 3173 2271 3243 indignatur
2296 3171 2594 3244 ingestam
2614 3173 2642 3228 ?
2668 3170 2775 3227 ubi
2790 3175 3114 3227 venturum
3144 3185 3208 3226 se
3228 3167 3515 3225 Dominus
3538 3168 3595 3223 et

1924 3263 2002 3320 ad
2034 3261 2334 3318 sinistram
2364 3256 2579 3335 positis
2606 3258 2884 3329 gentibus
2930 3259 3198 3315 minatur
3227 3274 3361 3314 esse
3400 3252 3595 3313 dictu-

1921 3366 2058 3406 rum
2079 3366 2092 3405 :
2118 3352 2206 3406 Ite
2225 3351 2288 3405 in
2310 3350 2507 3421 ignem
2531 3355 2840 3406 aeternum.
2861 3350 2966 3421 qui
2976 3354 3234 3419 paratus
3251 3352 3334 3404 est
3355 3340 3593 3403 diabolo

1923 3446 1979 3498 et
2010 3441 2241 3511 angelis
2263 3442 2390 3511 ejus
2412 3440 2656 3509 (Matth.
2680 3456 2815 3508 xxv,
2843 3442 2933 3508 41,
2952 3438 3063 3510 42).
3084 3437 3269 3509 Hujus
3286 3437 3433 3493 tanti
3457 3448 3597 3510 sup-

1924 3531 2083 3604 plicii
2113 3547 2316 3603 quaero
2349 3528 2455 3604 [al.
2485 3528 2731 3603 quaeris]
2780 3544 3050 3585 causam.
3079 3527 3344 3595 Esurivi,
3376 3524 3592 3600 inquit,

1926 3628 1980 3678 et
2024 3636 2144 3677 non
2176 3620 2421 3676 dedistis
2464 3618 2614 3675 mihi
2657 3618 3073 3688 manducare;
3112 3631 3249 3673 ecce
3296 3631 3407 3689 pro
3455 3631 3596 3672 esca

1926 3709 2244 3784 temporali
2289 3724 2410 3765 non
2452 3706 2677 3775 ablata,
2712 3704 2818 3762 sed
2870 3721 2995 3761 non
3046 3704 3189 3761 data
3220 3708 3512 3763 aeternum
3538 3704 3597 3760 et

1926 3799 2297 3857 horrendum
2347 3797 2711 3871 supplicium
2760 3795 3183 3867 comminatur,
3215 3797 3272 3849 et
3318 3796 3496 3857 recte,
3542 3788 3595 3849 si

1926 3891 2208 3949 consulas
2224 3888 2533 3945 veritatem
2544 3889 2893 3960 .Perparum
2913 3884 3174 3941 estenim
3191 3881 3358 3956 quod
3374 3880 3433 3938 in
3446 3881 3596 3939 elee-

1927 3979 2199 4052 mosynis
2225 3977 2403 4034 datur
2427 3996 2440 4045 ;
2466 3977 2574 4033 sed
2603 3992 2744 4032 cum
2773 3975 2870 4048 pie
2903 3973 3098 4038 datur,
3134 3975 3425 4028 aeternum
3454 3969 3595 4027 inde

1928 4068 2209 4125 meritum
2241 4069 2661 4138 comparatur:
2699 4067 2756 4120 et
2791 4062 2927 4119 ideo
2952 4060 3173 4135 potius,
3203 4058 3347 4133 quia
3375 4075 3595 4134 parum

1928 4162 2017 4214 est
2046 4155 2214 4231 quod
2244 4154 2442 4222 datur,
2470 4168 2697 4224 magna
2718 4150 3023 4225 impietate
3044 4165 3169 4207 non
3197 4149 3396 4205 datur.
3427 4148 3595 4205 Unde

1926 4263 2049 4303 non
2082 4246 2301 4302 mirum
2331 4248 2419 4300 est
2448 4243 2613 4318 quod
2644 4245 2823 4299 tantae
2869 4239 3174 4308 sterilitati,
3208 4237 3373 4295 velut
3407 4236 3596 4293 infru-

1928 4341 2275 4393 ctuosarum
2306 4333 2616 4395 arborum,
2641 4332 2795 4403 ignis
2815 4327 3020 4388 {sterni
3050 4327 3413 4403 supplicium
3441 4342 3596 4401 prse-

1927 4431 2194 4499 paratur.
2226 4425 2283 4480 Si
2314 4427 2515 4479 autem
2549 4421 2832 4479 consulas
2860 4418 3174 4476 hominem
3195 4421 3260 4473 ut
3283 4416 3358 4472 de
3380 4432 3490 4472 suo
3510 4430 3601 4472 re-

1930 4514 2245 4590 spondeat,
2279 4515 2385 4570 ubi
2412 4512 2507 4585 [al.
2543 4513 2672 4584 tibi]
2703 4511 2893 4567 omnis
2927 4509 3097 4565 homo
3143 4504 3428 4576 mendax,
3461 4520 3601 4561 con-

1930 4606 2141 4663 temnit
2167 4603 2409 4677 culpam
2433 4605 2491 4659 et
2517 4602 2842 4669 exaggerat
2878 4612 3147 4670 poenam,
3177 4593 3341 4650 illam
3372 4593 3599 4666 quippe

1931 4711 2056 4752 non
2080 4693 2244 4749 videt
2273 4695 2471 4747 mente
2503 4686 2922 4751 carnali,hanc
2944 4684 3222 4741 exhorret
3242 4696 3420 4739 carne
3442 4696 3600 4737 mor-

1930 4782 2213 4840 tali.Ta1is
2245 4783 2333 4836 est
2357 4779 2466 4834 iste
2498 4778 2559 4833 in
2584 4776 2858 4833 omnium
2879 4771 3198 4829 hominum
3218 4770 3323 4844 qui
3339 4770 3600 4843 puniun-

1930 4877 2025 4929 tur
2039 4870 2133 4927 vel
2156 4868 2558 4940 corripiuntur
2588 4864 2650 4921 in
2673 4862 2861 4920 Veteri
2876 4863 3275 4927 Testamento,
3290 4859 3469 4930 longe
3491 4857 3601 4915 mi-

1931 4960 2180 5018 tioribus
2201 4974 2389 5033 quam
2417 4956 2697 5026 leguntur
2722 4951 2783 5008 in
2813 4946 3157 5022 Evangelio,
3182 4946 3599 5023 corporalibus

1927 5050 2144 5125 poenis.
2193 5046 2365 5115 Quod
2423 5045 2584 5102 enim
2636 5041 2931 5099 diluvium
2980 5038 3323 5113 comparari
3361 5037 3598 5097 internis

1929 5138 2173 5211 ignibus
2221 5136 2466 5211 potest?
2496 5150 2631 5207 quas
2683 5130 2921 5188 credes?
2950 5146 3086 5203 quae
3133 5129 3433 5186 vulnera?
3461 5142 3599 5200 qua:

1929 5244 2251 5301 corporum
2282 5228 2502 5281 mortes
2541 5220 2906 5278 cruciatibus
2942 5218 3360 5293 sempiternis?
3385 5213 3601 5285 Viginti

1928 5322 2189 5392 quatuor
2237 5314 2425 5372 millia
2477 5311 2821 5370 cadentium
2870 5309 3070 5383 (Num.
3121 5324 3258 5377 xxv,
3302 5310 3383 5373 9),
3428 5306 3600 5392 tanto

1928 5391 2260 5464 buccarum
2292 5401 2560 5476 strepidu
2581 5399 2753 5457 inﬂat
2771 5400 3042 5463 insanus,
3066 5394 3244 5468 quasi
3270 5408 3396 5450 non
3420 5391 3601 5448 innu-

1929 5495 2242 5554 merabilia
2257 5492 2446 5549 millia
2463 5490 2730 5565 quotidie
2751 5488 3087 5544 moriantur
3103 5487 3225 5541 toto
3248 5483 3393 5541 orbe
3414 5486 3600 5539 terra-

1927 5604 2085 5651 rum,
2120 5585 2223 5640 sed
2255 5582 2599 5639 transitoria
2646 5579 2759 5635 ista
2806 5574 3073 5649 corporis
3111 5574 3217 5645 [aL
3252 5574 3603 5647 corporum)

1929 5692 2094 5732 mors
2126 5678 2231 5729 est.
2249 5671 2389 5735 Quis
2406 5686 2548 5726 vero
2571 5668 2869 5724 mstimare
2892 5663 3082 5739 possit
3113 5666 3253 5736 quot
3273 5658 3459 5717 millia
3482 5664 3600 5717 sta-

1933 5766 2087 5824 bunt
2108 5762 2188 5823 ad
2213 5760 2512 5821 sinistram
2528 5768 2595 5819 ex
2616 5754 2901 5818 omnibus
2918 5751 3362 5828 gentibusque:
3378 5748 3601 5824 sempi-
