3936 6410
328 248 481 309 1151

1406 247 1462 301 S.
1504 236 1875 301 PRUDENTII
1915 233 2295 296 TBECENSIS
2335 242 2671 303 EPISCOPI.

3645 245 3803 302 1152

326 369 511 431 ternis
552 366 911 427 damnanda
942 372 1081 425 sunt
1102 368 1387 439 ignibus?
1426 370 1533 425 Eat
1553 367 1663 423 iste
1690 367 1749 421 et
1775 360 1994 418 clamet
2023 364 2071 415 A
2110 363 2433 422 mendatur
2487 366 2588 423 Dei
2641 366 2902 437 bonitas,
2963 370 3019 425 ct
3080 366 3416 426 econtrario
3460 366 3539 423 de
3588 369 3803 431 Novo,

326 477 431 519 are
474 463 704 534 aperto,
739 462 796 515 et
838 457 1027 514 oculis
1077 457 1318 526 clausis,
1346 457 1518 531 quasi
1565 454 1875 512 confessus
1923 448 1999 505 sit

328 554 487 609 Deus
510 564 687 606 suam
703 545 1134 615 crudelitatem,
1149 545 1295 620 quia
1315 546 1459 603 dicit
1476 561 1584 620 per
1597 542 1959 618 prophetam
1978 560 1993 599 :

332 643 652 699 Exacuam
680 638 831 693 sicut
863 635 1086 707 fulgur
1110 636 1389 708 gladium
1435 650 1651 703 meum,
1690 628 1998 689 inebriabo

331 731 587 801 sagittas
616 740 776 783 meas
802 725 1117 795 sanguine,
1141 731 1196 781 et
1217 725 1461 797 gladius
1480 738 1644 781 meus
1673 720 2004 778 manduca-

331 820 417 878 bit
446 830 658 875 carnes
688 814 761 870 de
787 814 1082 884 sanguine
1101 814 1565 885 vulneratorum
1585 812 1790 883 (Deut.
1811 822 1997 877 xxx",

327 909 422 978 41,
453 904 565 975 42).
593 905 674 959 De
694 901 919 976 quibus
946 901 1143 959 verbis
1168 901 1253 959 sic
1282 901 1391 959 iste
1420 902 1667 967 accusat
1692 899 1880 955 Deum
1901 909 2000 953 ve-

329 997 417 1053 lut
482 1007 721 1065 semper
778 990 1121 1048 humanum
1178 989 1541 1063 sanguinem
1603 988 1998 1053 esurientem;

328 1081 505 1157 quasi
530 1080 780 1137 dixerit:
835 1079 1149 1138 inebriabo
1187 1096 1285 1137 me
1318 1078 1634 1150 sanguine,
1664 1079 1722 1133 et
1747 1074 2004 1131 mandu-

328 1172 482 1232 cabo
500 1186 714 1229 carnes
743 1171 820 1228 de
852 1170 1147 1243 sanguine
1166 1170 1643 1231 vulneratorum.
1669 1166 1785 1224 Sed
1806 1179 2001 1239 quan-

327 1263 606 1323 tumlibet
653 1262 812 1318 hanc
869 1261 1080 1318 utilem
1136 1260 1239 1317 Dei
1283 1259 1824 1317 comminationem
1866 1260 2000 1311 tan-

328 1368 519 1428 quam
561 1350 844 1408 facinoris
892 1349 1160 1420 avidam,
1193 1353 1270 1420 et,
1302 1352 1370 1405 ut
1405 1348 1566 1416 dicit,
1600 1347 1663 1403 in
1716 1343 1845 1402 sola
1873 1358 2003 1399 cru-

330 1441 571 1498 delitate
611 1439 786 1496 malis
844 1438 1268 1497 tantummodo
1315 1436 1694 1508 gloriantem,
1721 1448 1917 1492 vanus
1946 1436 2005 1490 et

328 1546 591 1589 vesanus
610 1528 1116 1595 exhorreat.Quid
1144 1531 1249 1585 aut
1269 1529 1569 1601 quantum
1594 1524 1768 1590 valet,
1799 1521 2002 1580 verbis

330 1622 686 1694 comparata
710 1619 1003 1676 dicentis:
1036 1619 1335 1675 Discedite
1371 1633 1410 1674 a
1438 1631 1548 1682 me,
1581 1613 1909 1680 maledicti,
1937 1612 2002 1667 in

2108 455 2330 528 quibus
2370 458 2455 515 ibi
2483 459 2945 516 commendatur
2969 460 3075 516 Dei
3105 459 3392 517 severitas
3419 478 3434 528 ;
3471 463 3530 516 et
3561 458 3804 516 clamet

2107 545 2440 605 invidiosus
2464 552 2647 624 atque
2674 565 3044 608 venenosus:
3073 553 3218 607 Ecce
3247 550 3353 624 qui
3392 553 3551 607 Deus
3586 549 3806 607 colen-

2107 634 2224 692 dus
2277 642 2385 707 est,
2428 640 2766 697 misericors
2812 644 2870 697 et
2916 640 3258 713 miseratur,
3301 640 3681 710 longanimis
3744 646 3800 697 et

2106 727 2314 782 multa?
2340 728 2802 785 misericordias:
2851 729 2957 800 qui
2998 743 3120 785 non
3153 728 3214 784 in
3242 729 3425 799 ﬁnem
3453 730 3797 799 irascetur,

2108 830 2217 871 nec
2239 816 2302 871 in
2334 822 2619 873 aeternum
2648 816 3107 888 indignabitur:
3157 817 3263 890 qui
3297 833 3420 874 non
3447 817 3799 874 secundum

2100 908 2354 973 peccata
2400 910 2609 969 nostra
2659 905 2813 976 facit
2860 905 3050 975 nobis,
3081 918 3271 978 neque
3307 906 3645 963 secundum
3684 907 3801 962 ini-

2110 994 2367 1064 quitates
2397 999 2636 1051 nostras
2668 994 2948 1052 retribuit
2976 994 3143 1051 nobis
3165 1009 3190 1067 ,'
3225 995 3329 1052 sed
3356 1000 3666 1068 quantum
3700 997 3798 1052 di-

2108 1086 2229 1137 stat
2253 1083 2451 1138 oriens
2499 1083 2576 1140 ab
2621 1084 2943 1155 occidente,
2974 1084 3148 1155 longe
3185 1083 3343 1154 facit
3380 1084 3515 1155 [al.,
3546 1084 3734 1157 fecit]
3757 1101 3795 1142 a

2109 1171 2276 1227 nobis
2303 1179 2551 1243 peccata
2578 1179 2806 1237 nostra,
2838 1174 2943 1245 qui
2964 1174 3119 1230 sicut
3145 1174 3471 1230 miseratur
3488 1179 3687 1244 pater
3716 1176 3797 1244 ﬁ-

2113 1259 2242 1329 lios,
2274 1262 2359 1317 sic
2387 1262 2703 1319 miseratus
2730 1262 2999 1319 timentes
3027 1278 3089 1319 se
3107 1261 3296 1334 (Psal.
3330 1265 3424 1332 cn,
3458 1262 3636 1333 8-13).
3674 1264 3799 1328 Qui

2110 1348 2286 1406 dicit:
2318 1350 2476 1407 Nolo
2522 1355 2771 1407 mortem
2818 1350 2992 1421 impii
3035 1349 3157 1422 [al.,
3180 1351 3562 1423 peccatoris],
3592 1367 3797 1422 quan-

2112 1443 2237 1495 tum
2283 1445 2352 1496 ut
2397 1445 2739 1498 revertatur
2764 1440 2889 1512 [al.,
2920 1446 3156 1498 tantum
3185 1446 3254 1498 ut
3281 1442 3705 1514 convertatur]
3736 1448 3795 1499 et

2112 1530 2274 1586 vivat
2303 1528 2541 1601 (Ezech.
2572 1546 2736 1601 xvln,
2763 1530 2876 1602 23).
2910 1533 3040 1586 Non
3063 1530 3159 1586 ille
3176 1530 3280 1603 qui
3309 1535 3558 1605 propter
3584 1531 3795 1588 lucro-

2111 1635 2248 1676 rum
2276 1620 2592 1676 avaritiam
2623 1620 2803 1678 etiam
2834 1636 2973 1677 eum
3006 1637 3251 1678 servum
3287 1620 3397 1694 qui
3424 1637 3547 1678 non
3576 1621 3799 1694 perdi-

328 1712 527 1782 ignem
556 1715 851 1767 (etemum
874 1709 983 1781 qui
1005 1714 1261 1779 paratus
1304 1712 1388 1763 est
1420 1705 1658 1761 diabolo
1689 1709 1746 1761 et
1770 1701 2003 1773 angelis
2032 1714 2073 1770 Β
2111 1708 2199 1765 dit
2225 1708 2516 1766 talentum
2545 1710 2709 1783 quod
2741 1714 3074 1783 acceperat,
3095 1711 3201 1767 sed
3224 1714 3455 1768 tantum
3482 1711 3794 1784 quianon

331 1802 462 1869 ejus
489 1799 737 1868 (Matth.
769 1814 911 1871 xxv,
943 1798 1057 1869 41).
1089 1795 1177 1852 Ibi
1231 1811 1356 1851 non
1410 1793 1703 1865 sanguine
1753 1790 2005 1847 inebria-

2112 1797 2373 1870 amplius
2402 1798 2740 1871 acquisivit,
2761 1799 2960 1869 ligatis
2979 1799 3264 1856 manibus
3291 1803 3349 1856 et
3365 1799 3621 1873 pedibus
3636 1815 3797 1871 pro-

330 1888 561 1946 buntur
624 1887 876 1957 sagittae,
935 1886 1042 1942 sed
1096 1900 1221 1942 non
1277 1883 1658 1940 satiabuntur
1710 1879 2004 1938 membris
2105 1886 2375 1959 jecturus
2408 1887 2481 1943 sit
2505 1887 2867 1959 [al.,projiei
2891 1888 3096 1960 jussit]
3126 1889 3188 1945 in
3217 1888 3496 1945 tenebras
3528 1888 3792 1943 exterio-

331 1976 620 2035 omnibus
653 1975 955 2043 ﬂamma};
1004 1990 1117 2031 nec
1157 1989 1370 2030 carnes
1404 1971 1639 2042 gladius
1668 1970 2005 2027 manduca-

332 2066 439 2133 bit,
472 2080 723 2121 sensum
752 2063 979 2120 doloris
1020 2062 1192 2119 citius
1221 2061 1501 2118 auferens
1531 2059 1785 2116 mortuis
1815 2073 2005 2131 quam

332 2153 595 2210 inferens
623 2152 984 2221 vulneratis;
1031 2151 1138 2207 sed
1183 2166 1366 2207 nemo
1398 2148 1760 2205 cruciatibus
1792 2147 2007 2203 saltem

335 2240 655 2298 moriendo
684 2240 1075 2309 subtrahitur,
1103 2256 1180 2297 ne
1209 2240 1272 2296 in
1302 2239 1595 2296 moriente
1626 2236 1806 2294 simul
1826 2235 2005 2293 etiam

335 2330 474 2402 ipsa
497 2343 682 2402 pcnna
702 2327 1012 2385 moriatur.
1044 2329 1159 2385 Cur
1186 2344 1312 2385 non
1339 2327 1439 2384 hic
1468 2326 1648 2383 dicit:
1685 2323 2009 2382 colendum

337 2433 417 2475 ne
455 2418 660 2485 istum,
694 2432 772 2473 an
800 2417 1001 2490 potius
1052 2417 1491 2474 exsecrandum
1532 2414 2010 2486 fugiendumque

340 2523 475 2565 esse
507 2506 824 2563 dicemus?
851 2510 941 2562 An
981 2506 1148 2563 timet
1183 2506 1260 2562 de
1285 2506 1515 2562 Christo
1544 2504 1658 2561 ista
1685 2503 1902 2573 dicere,
1932 2516 2011 2558 ne

336 2596 526 2671 ipsius
578 2594 733 2662 ignis
789 2595 994 2652 aeterni
1047 2594 1419 2669 supplicium
1460 2607 1586 2650 non
1614 2591 1852 2661 evadat,
1883 2606 2009 2664 quo

334 2686 435 2743 ille
487 2685 708 2758 impios
750 2687 1055 2759 praeparat
1103 2683 1384 2740 mittere?
1423 2685 1491 2738 Et
1535 2681 1775 2752 ignorat
1828 2680 2013 2737 miser

335 2776 467 2833 haec
508 2774 767 2833 dicendo
796 2774 872 2831 de
902 2777 1022 2831 Deo
1053 2772 1513 2847 prophetarum,
1545 2771 1622 2828 de
1659 2771 1792 2843 ipso
1838 2786 1902 2827 se
1931 2769 2015 2826 di:

338 2879 471 2921 cere
492 2863 667 2935 cujus
696 2866 823 2920 tam
848 2859 1227 2919 tremendam
1257 2859 1630 2917 severitatem
1652 2858 1715 2915 in
1741 2861 2010 2931 Evange-

337 2954 420 3012 lio
443 2952 731 3011 formidat
760 2951 1086 3009 offendere.

2111 1992 2229 2043 res,
2255 1976 2362 2033 ubi
2399 1980 2564 2035 esset
2607 1978 2660 2033 ei
2709 1977 2884 2035 ﬂetus
2914 1981 2972 2035 et
2995 1978 3214 2035 stridor
3240 1978 3511 2035 dentium
3537 1978 3791 2050 (Matth.

2117 2082 2254 2134 xxu,
2288 2066 2398 2139 l2),
2433 2068 2489 2122 et
2516 2066 2623 2139 qui
2650 2066 2965 2123 hominem
3016 2082 3141 2123 non
3193 2065 3528 2123 habentem
3553 2070 3795 2123 vestem

2118 2154 2449 2227 nuptialem
2479 2154 2554 2210 de
2585 2154 2860 2211 convivio
2908 2170 3020 2211 suo
3058 2154 3210 2212 tollit
3237 2158 3294 2212 et
3335 2154 3608 2211 similiter
3653 2155 3792 2210 alli-

2118 2248 2326 2314 gatum
2355 2243 2537 2299 simili
2589 2243 2891 2317 supplicio
2920 2243 3130 2317 punit;
3182 2247 3239 2301 et
3268 2244 3373 2317 qui
3402 2243 3792 2300 venientibus

2117 2331 2198 2388 ad
2226 2347 2290 2387 se
2320 2335 2377 2388 et
2402 2331 2787 2405 pulsantibus
2815 2335 2873 2390 et
2895 2332 3270 2389 dicentibus:
3302 2333 3576 2400 Domine,
3616 2334 3793 2403 aperi

2117 2421 2285 2477 nobis
2305 2436 2327 2476 :
2354 2421 2716 2494 respondet:
2750 2422 2885 2479 Non
2916 2436 3018 2477 vos
3047 2422 3190 2478 novi
3215 2421 3458 2494 (Matth.
3491 2437 3635 2487 xxv,
3668 2424 3788 2489 t2);

2117 2512 2351 2567 tantum
2388 2510 2535 2583 quia
2563 2509 2765 2566 oleum
2793 2525 2999 2567 secum
3028 2510 3198 2584 quod
3242 2510 3632 2566 infunderent
3658 2510 3790 2566 suis

2116 2598 2526 2672 lampadibus,
2555 2614 2682 2656 non
2708 2599 3009 2669 tulerunt;
3059 2603 3119 2656 et
3164 2599 3270 2673 qui
3316 2603 3566 2673 propter
3593 2614 3793 2657 unum

2117 2687 2623 2745 contumeliosum
2644 2687 2899 2744 verbum
2925 2688 3105 2745 mittit
3123 2689 3186 2744 in
3207 2688 3571 2758 gehennam,
3606 2691 3664 2745 et
3683 2688 3791 2762 qui

2117 2792 2229 2850 pro
2250 2776 2566 2849 temporali
2588 2774 2724 2833 cibo
2744 2793 2871 2834 non
2895 2781 3164 2851 accepto,
3186 2778 3325 2847 igne
3351 2777 3607 2834 damnat
3625 2781 3792 2834 teter-

2116 2881 2199 2923 no
2227 2865 2469 2938 (Matth.
2502 2882 2562 2935 v,
2594 2870 2684 2934 22,
2717 2870 2876 2937 etc.).
2923 2870 3059 2923 Haec
3103 2871 3284 2940 atque
3335 2866 3695 2938 hujusmodi
3737 2868 3789 2924 si

2118 2956 2255 3029 quis
2301 2970 2533 3012 vesana
2587 2959 2789 3013 mente
2836 2956 3166 3026 sacrilegus
3223 2954 3365 3011 inde
3420 2955 3602 3026 lenia,
3645 2956 3791 3012 hinc

411 3040 815 3116 Reprehendit
838 3041 1017 3099 etiam
1037 3038 1204 3114 quod
1220 3055 1437 3113 pcenas
1463 3037 1814 3112 impiorum,
1832 3037 2012 3111 signi-
2036 3064 2078 3121 ο
2122 3060 2337 3118 aspera
2366 3043 2624 3115 colligat,
2656 3060 2727 3101 ac
2758 3044 2808 3100 si
2829 3044 3110 3101 homines
3148 3047 3544 3118 utrarumque
3572 3044 3794 3102 littera-

337 3133 549 3191 ﬁcatas
568 3149 678 3206 per
697 3148 875 3189 uvam
900 3132 1091 3204 fellis,
1123 3136 1179 3189 et
1209 3131 1444 3188 botrum
1473 3129 1923 3197 amaritudinis,
1953 3134 2006 3185 et

336 3223 609 3293 furorem
630 3222 963 3279 draconum
976 3226 1157 3292 atque
1171 3221 1757 3291 aspidum,collectas
1772 3218 1916 3276 dicit
1929 3233 2012 3275 es-

346 3326 407 3367 se
428 3312 587 3367 Deus
611 3309 780 3393 apud
805 3325 886 3377 se,
905 3314 961 3365 et
985 3310 1257 3379 signatas
1288 3309 1352 3364 in
1386 3307 1684 3364 thesauris
1712 3308 1857 3376 suis,
1878 3306 2013 3364 red-

342 3397 570 3453 dendas
599 3398 663 3451 in
696 3401 977 3467 tempore,
1009 3412 1144 3451 cum
1190 3397 1395 3465 lapsus
1439 3396 1628 3465 fuerit
1671 3411 1776 3466 pes
1806 3411 2012 3453 eorum

343 3488 518 3542 Deut.
560 3498 747 3550 xxxu,
793 3487 881 3551 32,
914 3487 1004 3552 33,
1036 3487 1168 3552 34);
1214 3483 1503 3554 ignorans
1540 3485 1865 3549 thesauros
1914 3484 2012 3542 hic

345 3570 681 3646 appellatos
708 3570 976 3628 occultas
1024 3570 1453 3644 dispositiones
1481 3572 1585 3629 Dei
1613 3574 1720 3646 qui
1749 3574 2014 3647 disponit

344 3662 597 3721 reddere
616 3661 939 3734 unicuique
963 3661 1291 3718 secundum
1321 3677 1501 3731 opera
1524 3665 1653 3732 ejus
1679 3664 1812 3735 (1b.,
1827 3679 1879 3719 c.
1902 3664 2011 3735 t7).

345 3753 515 3810 Unde
557 3750 881 3825 Apostolus
925 3750 1109 3808 dicit:
1144 3752 1233 3807 Tu
1262 3755 1460 3808 autem
1489 3751 1821 3808 secundum
1850 3752 2016 3808 duri-

347 3843 494 3899 tiam
532 3842 729 3899 cordis
760 3842 854 3898 tui
877 3845 933 3898 et
973 3856 1078 3897 cor
1102 3842 1479 3911 impaenitens
1507 3842 1881 3898 thesaurizas
1908 3841 2021 3898 tibi

343 3933 501 3990 iram
522 3933 587 3989 in
616 3932 711 3989 die
728 3932 840 3989 ine
861 3937 918 3988 et
935 3931 1318 3989 reuelationis
1335 3932 1499 4002 justi
1511 3931 1742 4003 judzcii
1757 3932 1888 4003 Dei,
1911 3930 2020 4004 qui

343 4022 550 4079 reddet
596 4022 919 4095 unicuique
956 4022 1284 4079 secundum
1331 4036 1518 4092 opera
1562 4023 1695 4092 ejus
1724 4021 1914 4094 (Rom.
1947 4036 2011 4084 ιι,

347 4114 400 4179 5,
433 4111 508 4182 6).
538 4110 717 4183 Apud
744 4127 929 4183 quem
971 4110 1133 4167 enim
1182 4111 1297 4166 sibi
1335 4111 1705 4168 thesaurizat
1728 4110 1882 4168 iram
1911 4126 2017 4168 cor

345 4198 748 4270 impoenitens,
779 4198 895 4254 nisi
921 4198 1088 4270 apud
1117 4214 1257 4255 eum
1304 4198 1410 4272 qui
1458 4199 1623 4257 vivos
1655 4203 1743 4257 est
1784 4200 2017 4272 judica-

347 4289 517 4342 turus
547 4289 605 4341 et
625 4288 897 4341 mortuos
917 4286 946 4342 ?
978 4289 1176 4358 Neque
1205 4286 1366 4343 enim
1413 4288 1690 4346 nesciunt
1719 4289 1899 4345 etiam
1930 4289 2014 4346 illi

2119 3149 2257 3189 rum
2282 3133 2590 3206 imperitos
2617 3149 2655 3190 a
2685 3133 2915 3190 Christo
2939 3136 3233 3206 tanquam
3263 3149 3426 3189 saevo
3472 3136 3530 3189 et
3556 3134 3795 3191 crudeli

2120 3221 2368 3274 conetur
2397 3221 2685 3287 avertere,
2718 3221 2775 3274 et
2804 3217 2884 3274 ad
2930 3220 3121 3273 Deum
3148 3217 3588 3291 prophetarum
3615 3218 3798 3274 misc-

2117 3306 2417 3362 ricordem
2443 3306 2775 3379 mitemque
2803 3310 3168 3375 convertere,
3200 3322 3403 3363 nonne
3435 3310 3492 3362 et
3513 3305 3655 3362 huic
3676 3306 3801 3380 ipsi

2118 3395 2225 3468 qui
2251 3394 2368 3451 hoc
2400 3394 2557 3463 facit,
2588 3395 2781 3451 Veteri
2808 3398 3207 3464 Testamento,
3237 3394 3407 3468 quod
3435 3394 3515 3452 ab
3538 3395 3797 3452 homine

2120 3483 2388 3541 similiter
2410 3484 2703 3555 sacrilego
2729 3488 2935 3558 posset
2956 3483 3087 3540 ﬁeri
3105 3487 3293 3553 Novo,
3313 3483 3593 3557 impurus
3611 3488 3800 3559 atque

2120 3572 2344 3647 impius
2373 3572 2734 3646 apparebit?
2778 3572 2890 3639 Qui
2942 3576 3148 3630 autem
3200 3576 3360 3629 recte
3408 3572 3550 3629 colit
3578 3573 3797 3645 Deum,

2121 3665 2178 3718 et
2220 3662 2487 3735 profecto
2536 3662 2852 3736 utriusque
2904 3662 3264 3719 Testamenti
3320 3662 3550 3719 invenit
3594 3679 3797 3722 unum

2121 3753 2331 3819 Deum,
2364 3754 2421 3807 et
2471 3750 2745 3823 ejusdem
2791 3752 2973 3808 unius
3032 3751 3134 3807 Dei
3183 3751 3248 3807 in
3303 3756 3560 3824 utroque
3600 3752 3802 3824 diligit

2119 3838 2472 3909 bonitatem,
2498 3839 2561 3896 in
2590 3843 2845 3914 utroque
2891 3840 3104 3898 metuit
3141 3840 3543 3910 severitatem,
3578 3841 3643 3896 in
3692 3842 3798 3900 illo

2120 3927 2454 3999 intelligens
2483 3929 2858 4001 promissum
2888 3928 3208 4001 Christum,
3239 3928 3303 3986 in
3340 3928 3454 3986 isto
3486 3929 3799 4004 accipiens

2118 4016 2424 4074 redditum
2469 4017 2790 4076 Christum.
2822 4021 3029 4076 Nonne
3081 4018 3166 4075 ibi
3216 4017 3386 4092 prius
3425 4018 3490 4074 in
3536 4017 3654 4074 illis
3695 4036 3801 4077 ve-

2118 4105 2345 4162 teribus
2372 4104 2540 4163 libris
2581 4106 2804 4164 lectum
2852 4110 2945 4163 est
2989 4122 3115 4164 non
3133 4105 3519 4164 reddendum
3562 4107 3798 4165 malum

2118 4211 2230 4268 pro
2259 4195 2441 4264 malo,
2470 4195 2576 4252 ubi
2615 4196 2979 4271 prmcipitur,
3008 4201 3076 4254 ut
3103 4196 3152 4253 si
3177 4196 3525 4269 jumentum
3555 4196 3795 4254 inimici

2122 4283 2215 4339 sui
2244 4299 2442 4340 errare
2472 4284 2731 4358 quisque
2760 4284 3073 4354 invenerit,
3097 4287 3338 4341 revocet
3358 4283 3613 4341 Domino
3633 4286 3789 4356 ejus,

346 4376 576 4432 veteres
610 4373 749 4430 libri
777 4374 1127 4431 thesaurum
1155 4374 1618 4432 desiderabilem
1650 4378 1854 4444 (Prov.
1881 4392 2009 4449 χχι,
2038 4416 2084 4473 D
2122 4376 2181 4430 et
2208 4372 2258 4428 si
2304 4372 2615 4430 cecidisset
2658 4373 2721 4430 in
2761 4373 2883 4443 via,
2915 4389 3042 4431 non
3070 4376 3466 4446 pertranseat,
3500 4372 3608 4429 sed
3637 4373 3793 4431 levet

346 4462 460 4535 20),
487 4462 564 4520 de
606 4478 729 4537 quo
774 4462 860 4520 ibi
900 4462 1193 4536 scriptum
1231 4467 1340 4532 est,
1371 4464 1533 4535 quod
1569 4466 1899 4536 requiescat
1946 4467 2012 4522 in

348 4567 452 4610 ore
476 4553 798 4624 sapientis:
847 4554 909 4610 Et
941 4551 1005 4608 in
1043 4552 1378 4609 Proverbiis
1419 4551 1651 4624 legitur,
1686 4554 1831 4625 quia
1862 4560 2011 4611 Deus

348 4643 716 4701 thesaurizat
744 4640 1133 4715 diligentibus
1157 4656 1219 4699 se
1250 4643 1526 4699 salutem.
1562 4645 1630 4699 Et
1659 4642 1845 4699 Isaias
1874 4658 2012 4717 pro-

344 4733 527 4808 pheta
553 4733 731 4791 dicit:
765 4734 838 4790 In
869 4733 1166 4791 thesauris
1210 4738 1295 4789 est
1342 4734 1509 4790 salus
1540 4740 1770 4805 nostra,
1807 4735 1894 4791 ibi
1920 4750 2014 4792 sa-

339 4824 575 4893 pientia
612 4828 668 4880 et
716 4823 1040 4894 disciplina
1069 4827 1127 4879 et
1160 4822 1357 4892 pietas
1387 4822 1469 4880 ad
1505 4823 1830 4880 Dominum
1869 4825 2011 4898 (Isa.

346 4928 557 4979 xxxm,
588 4913 662 4984 6).
696 4912 767 4968 Hi
797 4915 937 4969 sunt
982 4910 1248 4969 thesauri
1271 4911 1537 4983 justitim,
1570 4911 1676 4968 sed
1702 4912 2014 4986 vaniloqui

350 5003 409 5056 et
452 5000 670 5055 mentis
715 5000 1059 5058 seductores
1115 4999 1502 5057 adversantes
1548 4999 1758 5057 litteris
1804 5002 2012 5074 sacris,

348 5103 506 5161 quas
534 5086 859 5158 intelligere
883 5088 1098 5145 nolunt
1125 5106 1139 5145 :
1170 5088 1495 5159 eligunth
1524 5089 1609 5146 eis
1629 5105 1847 5164 aspera
1874 5107 2011 5164 quas

347 5177 433 5234 ibi
494 5176 796 5248 leguntur,
856 5175 937 5233 ad
1014 5178 1569 5235 commendandam
1639 5180 2013 5237 severitatem

348 5267 472 5339 Dei,
504 5265 659 5324 etde
683 5266 894 5323 litteris
924 5265 1296 5336 Evangelicis
1353 5270 1535 5340 atque
1561 5269 1906 5341 apostolicis
1929 5269 2013 5326 le-

347 5356 448 5415 via
474 5372 612 5430 quae
656 5354 742 5412 ibi
766 5354 1049 5426 leguntur
1078 5353 1158 5411 ad
1196 5356 1751 5414 commendandam
1779 5357 2016 5415 bonita-

348 5448 469 5502 tem
501 5445 622 5517 Dei,
653 5449 711 5502 et
759 5444 926 5518 apud
972 5441 1253 5501 homines
1300 5442 1610 5517 imperitos
1655 5444 1798 5503 hinc
1845 5446 2016 5517 inge-

348 5538 489 5590 runt
515 5533 995 5604 horrorem,inde
1016 5536 1293 5606 quaerunt
1321 5531 1622 5602 favorem;
1655 5534 1831 5608 quasi
1859 5533 2017 5590 difﬁ-

352 5621 460 5676 cile
501 5621 577 5677 sit
616 5626 683 5678 ut
725 5622 1050 5695 quisquam
1099 5620 1366 5678 similiter
1408 5621 1805 5696 blasphemus
1835 5626 2014 5695 atquc

349 5706 574 5778 impius
620 5722 694 5764 eo
747 5709 933 5767 modo
979 5709 1326 5766 adversetur
1381 5712 1546 5769 Novo
1611 5715 2008 5779 Testamento,

355 5807 478 5864 quo
508 5792 615 5848 iste
635 5793 850 5864 Veteri,
882 5809 1138 5866 carpens
1170 5795 1245 5851 de
1273 5796 1464 5851 Veteri
1491 5797 1715 5870 quibus
1742 5798 1826 5855 ibi
1848 5813 2012 5859 com-

2121 4478 2263 4520 cum
2308 4463 2408 4530 illo
2426 4464 2454 4521 ?
2483 4464 2702 4533 (Exod.
2732 4479 2901 4535 xxm,
2930 4468 2986 4533 5)
3016 4466 3223 4520 Nonne
3269 4462 3350 4519 ibi
3399 4463 3568 4536 prius
3602 4464 3791 4538 scrip-

2119 4555 2249 4610 tum
2280 4553 2562 4626 estquod
2589 4552 2908 4627 Apostolus
2938 4552 3144 4626 ponit:
3192 4553 3261 4610 Si
3296 4553 3482 4609 esurit
3513 4553 3790 4610 inimicus

2120 4647 2283 4711 tuus,
2314 4643 2447 4699 ciba
2475 4643 2654 4699 illum
2682 4656 2704 4715 ,°
2734 4645 2785 4700 si
2806 4644 2951 4712 sitit,
2971 4649 3182 4715 potum
3210 4644 3291 4700 da
3309 4643 3454 4699 illi?
3473 4644 3663 4713 (Rom.
3687 4660 3786 4712 xu,

2118 4732 2227 4802 20;
2257 4734 2442 4790 Prov.
2475 4749 2606 4802 xxv,
2637 4733 2752 4806 2t.)
2781 4736 2988 4790 Nonne
3011 4732 3094 4789 ibi
3121 4731 3292 4807 prius
3320 4733 3506 4790 homo
3537 4732 3641 4789 Dei
3670 4735 3788 4789 Deo

2120 4838 2231 4879 suo
2278 4821 2445 4894 quod
2499 4821 2554 4878 ei
2595 4822 2801 4896 utique
2848 4822 2959 4880 scit
3010 4822 3249 4896 placere
3296 4822 3475 4879 dicit:
3540 4824 3788 4880 Domine

2117 4913 2278 4968 Deus
2302 4926 2488 4983 meus,
2518 4911 2570 4967 si
2592 4912 2717 4983 feci
2739 4912 2922 4983 istud,
2963 4912 3016 4968 si
3061 4918 3147 4969 est
3172 4912 3461 4984 iniquitas
3502 4912 3565 4967 in
3596 4914 3785 4969 mani-

2123 5002 2228 5058 bus
2270 5001 2434 5069 meis,
2483 5002 2537 5057 si
2582 5000 2821 5059 reddidi
2866 5002 3336 5059 retribuentibus
3387 5001 3540 5058 mihi
3580 5003 3787 5058 mala?

2120 5090 2308 5163 (Psal.
2340 5106 2441 5163 vn,
2472 5090 2553 5164 4.)
2584 5093 2791 5147 Nonne
2836 5089 2922 5146 ibi
2958 5089 3127 5164 prius
3163 5089 3451 5148 Jeremias
3492 5090 3788 5164 propheta

2121 5179 2404 5238 describit
2446 5180 2638 5236 sancti
2689 5179 3041 5253 patientiam
3088 5179 3413 5253 prtebentis
3459 5180 3787 5253 percutien-

2122 5270 2165 5326 ti
2211 5285 2273 5326 se
2322 5267 2678 5326 maxillam?
2724 5270 2974 5338 (Thren.
3007 5284 3089 5338 ιιι,
3123 5271 3238 5341 30.)
3268 5273 3478 5326 Nonne
3508 5268 3595 5324 ibi
3623 5269 3785 5340 prius

2122 5373 2230 5430 per
2293 5357 2481 5415 alium
2546 5357 2907 5431 prophetam
2988 5356 3339 5431 praecipitur
3404 5361 3469 5414 ut
3546 5357 3782 5414 malitizu

2124 5446 2546 5520 unusquisque
2598 5445 2796 5504 fratris
2848 5445 2944 5504 sui
2971 5461 3097 5503 non
3137 5446 3603 5504 reminiscatur?
3628 5448 3780 5516 (Lev.

2122 5553 2237 5605 xxx,
2291 5537 2402 5608 18.)
2451 5536 2609 5603 Quid
2660 5540 2749 5594 est
2802 5551 2946 5607 ergo
3002 5535 3172 5610 quod
3232 5536 3340 5594 iste
3394 5535 3784 5610 blasphemus

2123 5626 2254 5681 haec
2320 5630 2612 5698 tauquam
2669 5626 2970 5684 contraria
3026 5626 3212 5683 Veteri
3268 5628 3647 5683 Testamento
3711 5626 3782 5682 de

2127 5717 2291 5772 Novo
2356 5714 2612 5785 colligit,
2679 5718 2786 5773 aut
2841 5719 3130 5789 utrasque
3194 5714 3418 5773 litteras
3482 5714 3778 5785 nesciens,

2124 5805 2227 5859 aut
2254 5803 2320 5858 ut
2348 5800 2608 5874 decipiat
2636 5802 2944 5875 imperitos
2974 5819 3036 5861 se
3080 5804 3229 5863 scire
3277 5801 3666 5862 dissimulans
3684 5807 3711 5860 ?
3737 5809 3778 5859 A
