3936 6398
66 276 71 289 ’
176 282 315 340 H53

175 509 285 567 pro
315 494 499 563 malo,
523 494 627 567 qui
652 510 764 567 pro
791 494 927 551 cibo
946 510 1072 551 non
1096 501 1344 569 accepto
1361 497 1424 553 in
1448 497 1644 567 ignem
1668 494 1845 550 mittit

54 592 65 628 τε
177 587 467 640 aeternum
507 583 745 657 (Matth.
775 601 918 653 xxv,
964 583 1077 657 42),
1121 585 1390 658 profecto
1422 584 1760 643 turbabitur
1788 586 1845 639 et

54 682 61 717 τ
176 670 603 728 admonebitur
630 670 1184 744 incomparabiliter
1214 689 1344 729 esse
1375 673 1575 730 mitius
1601 672 1842 731 oculum

56 770 64 807 ε
170 771 289 825 pro
319 757 511 825 oculo,
543 756 777 814 dentem
819 772 933 827 pro
962 757 1140 814 dente
1190 758 1411 817 (Exod.
1453 773 1575 827 xxx,
1616 759 1711 824 24)
1738 754 1845 811 ho-

177 842 328 899 mini
354 843 606 917 auferre,
646 844 753 901 ubi
775 860 1062 902 mensura
1089 844 1370 902 vindictae
1411 845 1669 901 modum
1718 857 1845 900 non

178 932 387 989 transit
431 933 666 1004 injuriae
714 934 871 1005 (Lev.
921 950 1083 1000 χειν,
1146 934 1230 1003 19,
1289 937 1382 1007 20)
1434 950 1623 1008 quam
1677 931 1845 1006 quod

177 1025 423 1095 propter
480 1022 814 1079 exhibitam
864 1023 1309 1081 humanitatem
1364 1028 1597 1081 tantum
1654 1038 1847 1096 repre-

176 1108 443 1168 hendere
485 1110 856 1185 [rependere]
906 1112 1307 1182 severitatem,
1362 1112 1468 1169 ubi
1505 1111 1847 1169 transitoria

176 1204 269 1257 est
298 1201 498 1274 culpa,
532 1205 592 1259 et
636 1201 825 1257 ﬁnem
872 1216 998 1258 non
1051 1201 1238 1259 habet
1288 1218 1474 1275 poena
1505 1219 1519 1259 :
1553 1206 1735 1274 atque
1761 1201 1846 1258 ita

176 1289 389 1358 discet,
423 1289 472 1345 si
501 1288 787 1362 pervicax
828 1305 953 1346 non
1000 1294 1111 1359 est,
1141 1290 1204 1346 in
1232 1295 1490 1364 utroque
1538 1292 1640 1347 Dei
1666 1291 1845 1347 unius

175 1381 578 1447 Testamento,
608 1381 667 1435 et
694 1379 1026 1436 amandam
1054 1378 1388 1436 bonitatem
1426 1383 1484 1437 et
1511 1380 1844 1437 timendam

175 1467 583 1524 severitatem.
642 1467 931 1534 Quamvis
961 1467 1124 1525 enim
1150 1469 1215 1525 in
1247 1469 1443 1526 Veteri
1470 1473 1844 1527 Testamento

173 1561 426 1631 propter
447 1557 876 1631 temporalium
899 1557 1201 1616 bonorum
1229 1559 1696 1633 promissionem
1719 1576 1847 1617 ma-

173 1644 499 1718 lorumque
560 1645 1093 1704 comminationem
1141 1664 1345 1705 servos
1372 1648 1570 1722 pariat
1616 1652 1845 1722 tempo—

1120 285 1211 339 DE
1252 278 1918 342 PRIEDESTINATIONE
1957 278 2046 334 ΩΟ

176 421 297 478 quo
317 388 623 473 tamen,'si
650 407 955 478 quaeratur
980 408 1182 462 utrum
1215 422 1339 464 non
1368 406 1583 464 reddat
1609 404 1840 462 malum
1870 406 1919 459 Α

2188 281 2235 333 Α
2273 281 2320 334 σι.
2366 279 2586 338 SCOTU
2649 323 2664 338 .

2608 405 2834 462 CAPUT
2874 405 2960 461 XI.

1958 492 2125 559 Quod
2166 493 2376 550 divina
2420 493 3213 566 humanaqueiauctoritate
3240 496 3622 565 comprobari

2018 565 2210 637 possit
2234 580 2354 621 non
2376 579 2498 623 esse
2523 567 2638 622 Dei
2652 565 3266 637 prwdestinationem,
3291 568 3410 622 nisi
3426 568 3500 623 de
3526 569 3618 625 his

2024 636 2132 705 qui
2148 638 2490 706 pi'a‘parati
2516 642 2659 693 sunt
2687 637 2769 693 ad
2794 642 3081 693 aeternam
3102 636 3482 707 felicitatem.

2024 724 2067 793 ιι-
2100 723 2429 783 Undecimo
2457 728 2877 800 portentorum
2908 728 3151 783 tuorum
3179 730 3454 785 monstro
3484 726 3575 785 ais
3601 746 3616 785 :

2514 842 2768 885 JOANNES
2822 843 3048 884 SCOTUS.

2022 910 2191 985 (Cap.
2228 915 2310 981 ll,
2346 929 2516 971 num.
2555 914 2606 986 l,
2637 917 2780 972 sect.
2838 913 2910 983 ι.)
2943 918 2982 969 Θ
3030 915 3199 983 Quod
3244 916 3455 975 divina
3511 917 3621 974 hu-

1952 1015 2252 1072 manaque
2280 1003 2643 1061 auctoritate
2673 1004 3057 1074 comprobari
3088 1005 3273 1074 possit
3326 1021 3445 1062 non
3499 1021 3622 1063 esse

3475 286 3615 343 1154

1925 1088 2065 1144 ιῦεἰ
2108 1091 2718 1163 prazdestinationem,
2749 1093 2869 1149 nisi
2914 1093 2987 1149 de
3026 1092 3117 1149 his
3146 1095 3253 1165 qui
3281 1096 3626 1166 praeparati

1953 1182 2095 1233 sunt
2124 1177 2205 1234 ad
2234 1185 2520 1237 aeternam
2541 1180 2922 1250 felicitatem.

2633 1294 2946 1336 COIRECTIO

2025 1365 2067 1434 ιι-
2096 1365 2162 1420 In
2209 1380 2333 1438 quo
2382 1380 2523 1422 cum
2564 1365 2726 1425 dicta
2769 1366 3051 1441 replicas,
3096 1370 3265 1425 tuam
3313 1368 3616 1427 insaniam

1952 1452 2310 1511 manifestas
2339 1454 2427 1511 ais
2456 1454 2620 1511 enim
2652 1471 2666 1511 :

2524 1572 2765 1614 JOANNES
2819 1573 3043 1616 SCOTUS.

2025 1643 2227 1717 (Num.
2256 1646 2339 1718 2.)
2368 1651 2408 1700 Θ
2432 1648 2558 1703 Aut
2583 1647 2876 1719 quomodo
2910 1663 2948 1704 a
2978 1648 3233 1705 veritate
3270 1648 3620 1717 abhorreat,

174 1733 323 1791 ralis
356 1733 765 1791 Hierusalem:
797 1734 861 1791 in
890 1737 1057 1792 Novo
1086 1740 1311 1800 autem,
1343 1736 1450 1793 ubi
1476 1737 1629 1793 ﬁdes
1657 1737 1846 1810 impe-
1874 1761 1917 1816 Β
1954 1734 2009 1790 si
2053 1734 2299 1791 dicatur
2347 1750 2387 1792 a
2432 1736 2639 1807 simili,
2685 1737 2995 1806 praesciuit
3034 1738 3195 1794 Deus
3242 1740 3446 1795 omnia
3491 1753 3625 1810 qua:

176 1827 273 1881 rat
299 1823 676 1905 charita‘tem,
706 1839 832 1897 qua
856 1823 954 1881 lex
981 1824 1176 1898 possit
1203 1824 1460 1898 impleri,
1492 1841 1619 1881 non
1647 1823 1845 1892 magis

176 1912 394 1969 timore
441 1928 639 1985 paenae
683 1929 870 1986 quam
922 1912 1315 1970 delectatione
1345 1914 1475 1986 [al.,
1504 1912 1843 1983 dilectione]

169 2002 419 2075 iustitiae
446 2002 669 2059 liberos
697 2002 897 2076 pariat
923 2006 1150 2059 aeterna
1185 2002 1559 2061 Hierusalem
1597 2023 1611 2059 :
1640 2006 1845 2060 tamen

175 2096 235 2149 et
260 2091 379 2148 illis
406 2091 785 2165 temporibus
806 2091 1027 2149 fuerint
1040 2092 1186 2164 justi
1207 2092 1522 2166 spiritales,
1544 2108 1701 2166 quos
1720 2106 1844 2149 non

172 2180 494 2238 occidebat
529 2180 725 2238 littera
763 2180 1010 2252 jubens,
1063 2180 1173 2237 sed
1207 2180 1558 2238 viviﬁcabat
1603 2181 1844 2255 spiritus

169 2271 420 2343 juvans.
453 2273 620 2327 Unde
668 2274 727 2327 et
771 2270 926 2327 ﬁdes
973 2271 1211 2328 venturi
1258 2270 1476 2328 Christi
1527 2270 1847 2328 habitabat

173 2361 387 2434 utique
437 2361 500 2416 in
548 2360 878 2433 prophetis,
925 2364 1250 2417 venturum
1307 2359 1842 2433 pronuntiantibus

175 2449 519 2519 Christum;
551 2454 610 2506 et
637 2464 801 2506 nunc
831 2453 973 2506 sunt
998 2448 1246 2523 plurimi
1274 2448 1568 2516 carnales,
1598 2449 1705 2523 qui
1748 2448 1845 2506 vel

172 2538 438 2595 haereses
482 2538 732 2608 faciunt,
763 2554 891 2595 non
945 2537 1333 2609 intelligendo
1363 2538 1720 2611 Scripturas,
1748 2537 1845 2595 vel

173 2626 237 2682 in
267 2626 406 2699 ipsa
426 2626 736 2684 Catholica
762 2630 868 2683 aut
897 2626 1097 2683 adhuc
1125 2626 1362 2700 parvuli
1389 2626 1543 2684 lacte
1572 2626 1846 2684 nutriun-

175 2718 296 2787 tur,
329 2720 436 2774 aut
464 2720 758 2789 tanquam
786 2715 966 2789 palea
992 2732 1391 2788 perseverans
1449 2715 1665 2773 futuris
1692 2716 1844 2787 igni-

172 2806 293 2863 bus
322 2811 763 2879 prmparantur.
786 2806 949 2863 Sicut
976 2808 1180 2863 autem
1210 2808 1366 2863 Deus
1393 2821 1553 2863 unus
1582 2812 1640 2864 et
1668 2822 1843 2864 verus

175 2901 414 2954 creator
438 2896 745 2954 bonorum
775 2900 882 2966 est,
914 2900 972 2953 et
1014 2896 1438 2970 temporalium
1491 2902 1550 2954 et
1596 2901 1843 2954 aeterno-

171 2999 337 3053 rum,
370 2984 457 3041 ita
503 2984 667 3040 idem
713 2984 845 3057 ipse
894 2988 1102 3042 auctor
1151 2990 1241 3043 est
1286 2985 1610 3043 amborum
1642 2985 1847 3042 Testa-

171 3078 548 3142 mentorum,
580 3072 727 3145 quia
773 3076 833 3130 et
880 3076 1114 3131 Novum
1164 3075 1225 3130 in
1272 3076 1462 3131 Veteri
1510 3079 1600 3132 est
1626 3074 1847 3145 ﬁgura-

170 3168 330 3235 tum,
364 3166 423 3218 et
454 3164 633 3218 Vetus
660 3161 723 3218 in
753 3164 919 3220 Novo
964 3167 1053 3219 est
1099 3162 1450 3220 revelatum.
1488 3163 1846 3234 lgnoscendi

173 3257 386 3311 autem
415 3251 758 3309 misericors
785 3252 1216 3322 mansuetudo,
1249 3255 1495 3325 propter
1539 3268 1730 3326 quam
1758 3251 1849 3308 di-

175 3347 344 3399 ctum
374 3346 500 3399 est:
525 3345 657 3398 Non
685 3341 884 3399 solum
914 3342 1154 3415 septies,
1174 3342 1281 3398 sed
1302 3342 1483 3399 etiam
1504 3342 1849 3416 septuagies

175 3431 401 3505 septies
430 3430 598 3489 fratri
625 3431 987 3488 remittenda
1006 3448 1135 3488 esse
1153 3435 1407 3505 peccata
1422 3432 1664 3504 (Matth.
1687 3448 1846 3501 xvin,

173 3524 268 3590 22)
301 3538 316 3577 :
349 3536 478 3577 non
508 3520 591 3578 ad
615 3520 734 3577 hoc
760 3519 942 3590 valet,
975 3524 1041 3578 ut
1071 3521 1147 3579 sit
1190 3520 1482 3593 iniquitas
1525 3520 1845 3595 impunita,

175 3616 282 3671 aut
312 3616 562 3685 torpens
608 3614 666 3669 et
712 3609 1023 3666 dormiens
1054 3609 1393 3683 disciplina,
1420 3610 1589 3684 quod
1644 3610 1847 3683 potius

177 3702 343 3760 obsit
369 3716 564 3775 quam
592 3699 851 3771 diligens
897 3700 1277 3773 vigilansque
1318 3699 1605 3757 vindicta.
1638 3700 1849 3756 Claves

177 3792 407 3871 quippe
436 3789 607 3861 regni
635 3789 927 3846 caelorum
957 3789 1042 3846 sic
1070 3789 1239 3846 dedit
1258 3789 1528 3846 Christus
1549 3789 1846 3860 Ecclesiae,

178 3887 244 3939 ut
273 3897 400 3939 non
453 3880 653 3938 solum
695 3879 956 3937 diceret:
994 3881 1133 3950 Qua:
1174 3881 1475 3937 solveritis
1524 3896 1706 3951 super
1734 3886 1851 3937 ter-

179 3988 333 4042 ram,
380 3972 584 4029 sol-uta
631 3976 810 4028 erunt
852 3977 905 4028 et
954 3970 1019 4026 in
1056 3972 1220 4028 caelis
1266 3969 1514 4039 (Matth.
1551 3986 1671 4033 xv1,
1722 3968 1847 4041 19);

179 4062 286 4119 ubi
327 4060 707 4135 apertissime
754 4060 1011 4127 bonum,
1059 4076 1186 4116 non
1234 4058 1470 4116 malum
1518 4075 1630 4134 pro
1686 4058 1851 4115 malo

180 4150 377 4208 reddit
404 4150 702 4218 Ecclesia;
733 4165 944 4205 verum
973 4154 1031 4206 et
1059 4149 1419 4221 adjungeret
1452 4167 1465 4207 :
1503 4155 1648 4217 Quae
1700 4149 1848 4221 liga-

186 4242 388 4299 veritis
418 4242 485 4297 in
510 4247 699 4309 terra,
717 4245 895 4297 erunt
918 4240 1112 4311 ligata
1142 4245 1197 4297 et
1218 4240 1281 4296 in
1313 4239 1483 4310 caelo,
1513 4238 1659 4312 quia
1684 4239 1852 4296 bona

150 4390 159 4400 ,
187 4336 277 4389 est
303 4335 361 4390 et
388 4330 746 4389 vindicandi
768 4329 1022 4402 justitia.
1056 4329 1211 4386 Illud
1238 4328 1402 4385 enim
1429 4328 1600 4401 quod
1628 4327 1712 4385 ait
1742 4344 1756 4385 :
1788 4328 1857 4385 Si

188 4435 295 4477 nec
322 4420 660 4478 Ecclesiam
709 4419 992 4484 audierit,
1018 4420 1095 4477 sit
1125 4420 1237 4476 tibi
1259 4424 1552 4491 tanquam
1581 4417 1853 4476 ethnicus

186 4515 242 4565 et
264 4510 638 4580 publicanus
668 4508 913 4580 (Matth.
934 4510 1099 4581 xviii,
1136 4507 1244 4579 l7),
1276 4506 1522 4578 gravius
1549 4509 1639 4565 est
1664 4522 1854 4581 quam

192 4597 244 4654 si
263 4597 469 4669 gladio
496 4598 791 4669 feriretur,
812 4598 864 4655 si
884 4597 1149 4656 ﬂammis
1168 4597 1615 4664 absumeretur,
1636 4595 1687 4653 si
1715 4595 1855 4653 feris

188 4687 597 4759 subrigeretur
642 4685 750 4763 [al.
801 4687 1238 4762 subjiceretur].
1290 4690 1440 4745 Nam
1486 4686 1572 4744 ibi
1607 4701 1856 4760 quoque

186 4777 507 4851 subjunxit
537 4794 552 4836 :
582 4778 776 4838 Amen
824 4779 958 4836 dico
1006 4779 1189 4849 vobis,
1238 4793 1376 4853 qua:
1418 4777 1751 4850 ligaveritis
1790 4777 1855 4833 in

185 4874 352 4927 terra
399 4874 583 4927 erunt
631 4870 825 4942 ligata
868 4875 924 4927 et
966 4870 1031 4926 in
1076 4870 1264 4928 cwlis.
1313 4871 1383 4926 Ut
1427 4867 1858 4939 intelligeretur

186 4972 374 5030 quam
422 4958 673 5029 gravius
716 4957 792 5016 sit
836 4957 1110 5032 punitus,
1141 4958 1249 5032 qui
1288 4957 1453 5016 velut
1496 4957 1739 5014 relictus
1768 4959 1858 5014 est

189 5046 544 5122 impunitus.
577 5048 681 5107 Hic
724 5048 887 5108 dicat
926 5048 1035 5108 iste
1083 5048 1134 5107 si
1180 5046 1397 5122 placet,
1428 5046 1656 5105 Siccine
1684 5061 1858 5105 man-

193 5135 335 5196 data
362 5138 695 5197 Salvatoris
725 5138 1061 5213 accipimus
1086 5136 1356 5213 jubentis
1383 5135 1412 5193 ‘l
1440 5135 1674 5195 Nemini
1729 5135 1860 5195 red-

193 5224 461 5284 dideritis
514 5227 752 5286 malum
797 5244 911 5303 pro
939 5226 1146 5297 malo;
1178 5226 1306 5297 sed,
1340 5226 1394 5284 si
1422 5224 1560 5299 quis
1588 5239 1700 5282 vos
1727 5239 1857 5298 per-

194 5316 443 5374 cusserit
482 5317 549 5374 in
599 5332 788 5375 unam
831 5317 1158 5390 maxillam,
1188 5315 1450 5391 praebete
1478 5318 1536 5373 et
1564 5314 1855 5385 alteram;

195 5408 294 5461 et:
327 5405 610 5465 Dimittite
660 5406 916 5479 injurias
958 5406 1244 5465 fratribus
1297 5404 1532 5463 vestris.
1578 5405 1729 5461 Ecce
1776 5402 1857 5462 ab

194 5490 542 5555 hominibus
570 5510 698 5554 non
723 5495 1121 5554 reddentibus
1144 5494 1378 5556 malum
1400 5509 1512 5569 pro
1540 5491 1705 5551 malo
1733 5490 1857 5550 alli-

197 5586 369 5653 gatur
411 5585 598 5643 homo
645 5585 916 5643 amarius
946 5589 1005 5644 et
1031 5584 1326 5643 infelicius
1377 5580 1651 5640 Ecclesiae
1680 5580 1857 5639 clavi-

197 5666 313 5727 bus
357 5689 546 5747 quam
592 5673 967 5749 quibuslibet
1014 5673 1387 5745 gravissimis
1414 5676 1473 5733 et
1516 5669 1854 5730 durissimis

200 5755 401 5821 ferreis
429 5763 527 5826 vel
554 5761 965 5828 adamantinis
992 5762 1268 5824 nexibus.

1949 1823 2233 1893 facturus
2262 1829 2428 1887 esset.
2460 1825 2706 1880 dicatur
2731 1840 2772 1881 a
2806 1827 3115 1882 contrario
3155 1828 3463 1897 praesciuit
3488 1842 3624 1898 qua:

1952 1914 2234 1983 facturus
2258 1929 2379 1969 non
2408 1920 2553 1971 esset
2576 1929 2692 1984 pro
2736 1915 2986 1972 nescivit
3014 1930 3037 1971 .'
3065 1916 3346 1972 similiter
3373 1916 3448 1972 de
3470 1930 3627 1986 pra:-

1954 2002 2352 2059 destinatione
2398 2003 2864 2074 intelligendum
2911 2018 2951 2061 a
3000 2005 3205 2074 simili,
3230 2005 3627 2075 praedestina-

1956 2092 2039 2150 vit
2062 2093 2243 2164 Deus,
2269 2108 2415 2164 quos
2438 2094 2814 2163 praeparavit
2841 2094 2925 2150 ad
2946 2108 3118 2150 suam
3147 2096 3483 2165 gratuitam
3524 2110 3624 2151 ac-

1955 2182 2318 2253 cipiendam,
2349 2198 2389 2238 a
2419 2182 2727 2239 contrario
2760 2184 3219 2253 praedestinavit
3271 2184 3486 2254 impios
3542 2184 3626 2241 ad

1955 2272 2265 2329 interitum
2313 2274 2407 2328 vel
2454 2272 2821 2342 supplicium
2869 2280 3182 2344 azternum,
3232 2289 3378 2347 quos
3421 2279 3623 2331 tamen

1956 2379 2077 2419 non
2098 2362 2576 2434 przdestinavit.

2624 2466 2924 2509 CORRBCTIO
2932 2493 2946 2507 .
3444 2502 3451 2507 ,

2026 2544 2069 2613 ιι-
2099 2542 2143 2598 Ο
2174 2540 2490 2612 ingenium
2517 2540 2765 2597 venenis
2792 2539 3104 2613 infectum,
3122 2556 3160 2598 o
3190 2556 3438 2598 sensum
3467 2556 3625 2597 erro-

1953 2646 2095 2687 rum
2123 2629 2388 2686 tenebris
2418 2628 2973 2703 incomparabiliter
3018 2629 3434 2703 obscuratum,
3464 2645 3623 2687 nun-

1956 2735 2148 2792 quam
2178 2718 2406 2792 quippe
2435 2718 2617 2775 etiam
2646 2717 3067 2774 haereticorum
3095 2718 3379 2791 quislibet
3407 2722 3545 2775 ante
3566 2723 3623 2775 te

1959 2808 2123 2865 hunc
2142 2806 2444 2864 nefarium
2462 2806 2829 2863 intellectum
2846 2806 3096 2864 admisit
3117 2826 3132 2864 :
3155 2807 3358 2864 nullus
3381 2807 3625 2865 catholi-

1963 2911 2174 2953 corum
2192 2896 2407 2953 saltem
2423 2900 2623 2952 mente
2642 2896 2938 2969 concepit,
2952 2901 3018 2954 ut
3040 2899 3229 2953 Deum
3257 2897 3409 2954 scire
3422 2913 3535 2971 pro
3551 2912 3623 2953 eo

1960 2984 2130 3059 quod
2157 2989 2246 3041 est
2274 2983 2524 3051 nescire,
2556 2989 2614 3041 et
2641 2984 3069 3057 praedestinare
3096 3002 3210 3058 pro
3239 3002 3311 3043 eo
3339 2986 3507 3059 quod
3535 2990 3625 3041 est

1960 3089 2087 3130 non
2116 3068 2567 3146 prmdéstinare,
2590 3076 2695 3128 aut
2720 3072 3136 3143 intelligerent,
3167 3078 3271 3131 aut
3297 3074 3627 3144 intelligen-

1961 3162 2112 3218 dum
2143 3160 2489 3217 suaderent.
2510 3163 2735 3232 Nempe
2766 3176 2979 3217 omnes
3000 3164 3344 3219 sanctarum
3362 3162 3625 3234 Scriptu-

1958 3266 2169 3308 rarum
2210 3248 2545 3305 ﬁdelissimi
2590 3253 2648 3305 et
2688 3248 3021 3305 doctissimi
3068 3253 3418 3307 tractatores
3469 3266 3625 3307 nun-

1961 3355 2148 3413 quam
2178 3354 2217 3396 a
2262 3341 2564 3395 contrario
2608 3340 2799 3394 Deum
2847 3337 3019 3411 scire,
3049 3339 3147 3395 vel
3191 3340 3623 3414 praedestinare

1958 3428 2124 3486 mala
2152 3427 2442 3501 quaelibet
2467 3426 2837 3484 docuerunt:
2861 3427 2969 3483 sed
2999 3427 3150 3485 sicut
3171 3444 3235 3484 se
3261 3428 3449 3485 habet
3474 3427 3626 3484 veri-

1959 3521 2051 3575 tas
2078 3516 2373 3588 lectionis,
2403 3516 2487 3574 ita
2514 3520 2581 3573 ut
2610 3519 2789 3573 sonat
2808 3516 3070 3589 seposito
3100 3516 3269 3574 omni
3295 3517 3626 3575 obscurita-

1960 3606 2033 3665 tis
2084 3605 2295 3664 nubilo
2348 3604 2803 3677 intelligendam
2857 3606 3151 3662 veraciter
3193 3605 3621 3679 praedicarunt.

1960 3697 2169 3769 Itaque
2200 3695 2251 3751 si
2279 3695 2620 3752 secundum
2648 3699 2776 3752 tam
2804 3695 3165 3768 pravitatem
3198 3694 3387 3767 (quod
3443 3694 3625 3763 absit)

1959 3784 2255 3858 accipitur
2284 3788 2351 3841 ut
2378 3784 2527 3840 scire
2556 3800 2668 3857 pro
2696 3784 2950 3855 nescire,
2973 3788 3032 3840 et
3057 3782 3490 3856 przedestinare
3511 3797 3624 3855 pro

1957 3890 2084 3931 non
2112 3873 2547 3947 praedestinare
2566 3870 2951 3943 intelligatur,
2968 3871 3120 3945 quid
3140 3870 3484 3936 absurdius,
3501 3870 3625 3928 imo

1958 3962 2320 4038 perversius,
2351 3961 2471 4018 dici
2515 3963 2701 4033 queat
2743 3975 2871 4017 non
2924 3960 3149 4017 video:
3182 3960 3394 4018 omnia
3438 3961 3625 4030 enim,

1960 4066 2339 4126 quaecunque
2387 4050 2450 4106 in
2491 4049 2732 4115 divinis,
2762 4048 2856 4105 vel
2896 4052 3139 4122 patrum
3167 4049 3376 4106 litteris
3406 4049 3627 4106 similia

1959 4140 2367 4216 proferuntur,
2386 4138 2585 4196 eidem
2612 4137 2868 4195 insaniae
2898 4138 3321 4210 subjacebunt.
3348 4138 3629 4195 Videlicet

1962 4235 2029 4288 ut
2047 4229 2528 4303 quotiescunque
2546 4227 2782 4299 legitur,
2797 4231 2952 4284 Deus
2981 4227 3198 4299 facere,
3213 4244 3435 4298 creare,
3455 4228 3626 4299 scire,

1962 4318 2262 4394 praescire,
2294 4317 2616 4386 destinare,
2646 4316 3102 4391 prtedestinare,
3142 4318 3446 4389 ordinare,
3476 4334 3628 4392 pras-

1965 4408 2269 4480 ordinare,
2302 4407 2646 4481 disponere,
2678 4406 2992 4480 deputare,
3024 4406 3326 4478 delegare,
3343 4407 3629 4464 decerne-

1963 4516 2050 4569 re,
2083 4502 2366 4571 statuere,
2396 4497 2782 4569 constituere,
2811 4496 3324 4569 tradere,punire,
3347 4497 3625 4560 excitare,

1965 4591 2274 4659 suscitare,
2306 4592 2675 4658 convertere,
2706 4588 3022 4655 damnare,
3074 4586 3503 4656 condemnare,
3537 4586 3634 4656 ju-

1964 4681 2189 4753 dicare,
2219 4678 2494 4752 perdere,
2524 4676 2898 4750 disperdere,
2929 4674 3173 4746 ducere,
3203 4673 3512 4742 inducere,
3541 4673 3633 4730 in-

1964 4768 2204 4839 durare,
2237 4766 2531 4834 occidere,
2573 4779 2814 4838 parare,
2842 4777 3207 4837 praeparare,
3243 4777 3282 4820 a
3329 4762 3631 4819 contrario

1963 4857 2333 4929 intelligatur
2363 4874 2377 4913 :
2408 4853 2688 4910 videlicet
2713 4868 2843 4910 non
2868 4853 3087 4922 facere,
3118 4866 3245 4907 non
3274 4866 3497 4920 creare,
3528 4866 3632 4907 ne-

1967 4947 2139 5018 scire,
2170 4961 2296 5003 non
2322 4943 2619 5019 praescire,
2647 4957 2774 5000 non
2802 4940 3127 5014 destinare,
3156 4956 3284 4999 non
3328 4940 3635 5015 praedesti-

1963 5052 2135 5106 nare,
2163 5051 2291 5095 non
2329 5034 2630 5103 ordinare,
2660 5047 2787 5089 non
2815 5029 3247 5107 praeordinare,
3277 5045 3404 5088 non
3433 5030 3634 5105 dispo-

1964 5142 2129 5199 nere,
2158 5140 2285 5183 non
2331 5124 2645 5198 deputare,
2676 5137 2801 5181 non
2856 5120 3157 5193 delegare,
3184 5136 3312 5180 non
3352 5121 3632 5178 decerne-

1963 5233 2051 5289 re,
2093 5230 2221 5273 non
2268 5218 2548 5283 statuere,
2599 5228 2725 5270 non
2774 5212 3156 5281 constituere,
3201 5227 3328 5269 non
3372 5210 3630 5278 tradere,

1965 5322 2091 5365 non
2121 5304 2357 5379 punire,
2387 5317 2515 5360 non
2543 5302 2826 5373 excitare,
2843 5316 2971 5359 non
2999 5301 3307 5364 suscitare,
3330 5315 3458 5356 non
3490 5315 3633 5357 con-

1964 5399 2215 5465 vertere,
2246 5409 2372 5451 non
2400 5394 2715 5463 damnare,
2746 5408 2874 5450 non
2902 5389 3338 5460 condemnare,
3367 5405 3495 5447 non
3536 5390 3634 5462 ju-

1964 5486 2190 5555 dicare,
2211 5499 2338 5541 non
2365 5481 2638 5558 perdere,
2670 5497 2797 5539 non
2825 5478 3200 5554 disperdere,
3231 5495 3358 5536 non
3383 5478 3627 5553 ducere,

1963 5592 2088 5634 non
2137 5573 2447 5643 inducere,
2477 5588 2601 5629 non
2652 5570 2955 5642 indurare,
2999 5584 3125 5624 non
3170 5568 3463 5639 occidere,
3509 5585 3636 5627 non

1962 5681 2202 5742 parare,
2231 5679 2356 5721 non
2381 5677 2725 5739 praeparare
2757 5680 2772 5731 ;
2802 5660 2970 5735 quod
3003 5659 3056 5714 si
3086 5658 3439 5729 admittitur,
3470 5675 3639 5733 pror.

1968 5773 2072 5817 sus
2140 5754 2341 5816 omnis
2394 5751 2768 5827 iudiciorum
2835 5749 2938 5812 Dei
2993 5746 3212 5810 veritas
3282 5748 3632 5823 abrogatur.
