3936 6406
292 277 425 336 1115

1378 271 1433 325 s.
1476 265 1857 323 PRUDENTII
1895 263 2274 321 meassns
2312 240 2624 322 EPISCOH

3584 266 3718 325 1156

360 404 512 457 Nam
541 396 589 453 si
614 411 686 452 ea
712 412 849 470 quae
896 394 1159 450 diximus
1203 396 1261 449 et
1286 391 1477 448 multa
1527 392 1645 447 alia
1702 388 1951 446 ubicun-
1984 391 2034 445 A
2066 391 2172 447 ubi
2197 393 2311 448 erit
2341 393 2419 448 eis
2447 394 2622 461 ﬂetus
2648 396 2701 447 et
2731 391 2957 446 stridor
2984 390 3249 448 dentium
3294 390 3538 461 (Matth.
3581 409 3703 450 xxv

291 506 413 566 que
440 489 515 546 de
539 490 658 543 Deo
684 481 1198 553 dicuntur,addita
1224 481 1501 551 negativa
1526 478 1824 553 particula
1852 494 1951 534 ac-

2061 481 2173 552 30),
2206 485 2498 554 tanquam
2526 480 2755 555 populo
2814 480 3107 547 maeroris,
3140 494 3499 553 quanquam
3528 495 3724 554 popu-

292 580 610 653 oipiantur,
643 573 909 647 sequitur
952 574 1019 627 ut
1069 574 1256 628 Deum
1303 584 1696 643 nequaquam
1742 582 1951 623 curare
2060 568 2155 625 lus
2188 570 2465 627 maeroris
2514 570 2694 626 etiam
2744 568 3022 625 diabolus
3065 573 3122 625 et
3166 569 3363 639 angeli
3414 569 3565 641 ejus,
3602 585 3728 626 non

292 667 570 727 mortalia
600 665 872 729 fateatur,
897 665 953 717 et
983 661 1288 717 auferatur
1318 660 1418 716 Dei
1442 658 1763 730 judicium,
1786 655 1952 730 quod
2061 659 2546 716 inconvenienter
2600 657 3029 727 intelliguntur,
3060 658 3183 713 sive
3238 657 3383 731 quia
3436 662 3727 715 aeternam

290 758 429 816 ideo
459 753 843 811 constitutum
886 749 1200 821 Scripturze
1233 748 1561 815 clamitant,
1589 751 1654 803 ut
1683 746 1744 802 in
1770 760 1842 802 eo
1871 744 1946 800 de

286 848 463 920 justis
493 840 909 916 peccatoribus
934 838 1255 911 judicetur,
1290 838 1702 911 separatisque
1754 833 1954 906 impiis

291 953 329 993 a
358 934 639 991 societate
661 931 986 1003 justorum,
1013 933 1302 1001 sequatur
1340 932 1627 999 utrosque
1673 939 1952 981 remune-

287 1025 441 1083 ratio
471 1022 702 1089 merita,
737 1024 803 1076 ut
852 1019 1188 1075 secundum
1218 1017 1453 1074 Domini
1499 1017 1761 1071 dictum:
1808 1016 1956 1069 Eant

291 1116 355 1172 hi
382 1116 446 1170 in
488 1112 851 1182 supplicium
902 1115 1212 1179 aeternum,
1234 1110 1393 1179 justi
1422 1113 1620 1164 autem
1665 1108 1729 1162 in
1768 1106 1953 1161 vitam

290 1210 577 1261 aeternam
625 1201 866 1273 (Matth.
898 1215 1040 1270 xxv,
1075 1200 1188 1271 46).
1247 1201 1399 1267 Ergo
1452 1196 1501 1252 si
1551 1195 1741 1251 nescit
1801 1197 1954 1249 Deus

287 1296 657 1366 peccatores,
707 1305 1040 1361 eorumque
1085 1291 1353 1361 peccata,
1413 1302 1523 1341 nec
1575 1285 1955 1355 judicaturus

288 1381 626 1439 credendus
652 1383 761 1436 est.
792 1377 1097 1450 Quidquid
1118 1378 1279 1433 enim
1310 1380 1415 1433 aut
1442 1390 1606 1431 nunc
1634 1370 1957 1446 particula-

288 1474 430 1529 riter
458 1472 521 1527 in
551 1473 900 1543 peccatores
926 1469 1068 1539 agit,
1093 1471 1197 1524 aut
1226 1467 1305 1523 ad
1330 1471 1667 1523 extremum
1716 1478 1956 1534 genera-

288 1562 421 1619 liter
450 1565 692 1618 acturus
724 1559 1004 1626 creditur,
1039 1561 1187 1613 teste
1232 1557 1534 1629 Scriptura
1560 1571 1702 1610 vero
1727 1552 1956 1624 judicio

288 1665 490 1722 agere,
522 1653 889 1720 acturusque
940 1646 1070 1701 sine
1117 1645 1305 1701 dubio
1358 1644 1739 1718 praedicatur.
1773 1642 1956 1696 Porro

294 1757 435 1797 cum
463 1738 559 1795 vel
587 1739 648 1793 in
701 1736 921 1793 divinis
966 1734 1240 1808 eloquiis,
1272 1734 1364 1790 vel
1393 1735 1451 1789 in
1484 1738 1726 1807 patrum
1754 1730 1958 1786 litteris

292 1831 370 1887 de
400 1831 521 1885 Deo
550 1826 692 1885 talia
715 1825 1072 1889 referuntur,
1101 1824 1180 1880 ab
1207 1823 1510 1892 omnibus,
1534 1823 1616 1879 ita
1646 1826 1713 1877 ut
1742 1823 1960 1877 sonant

248 1980 263 1995 ι
292 1918 592 1976 intellecta
644 1921 826 1989 atque
870 1914 1144 1987 exposita
1190 1913 1577 1969 invenimus:
1622 1910 1759 1984 quis
1816 1924 1959 1965 vero

291 2024 421 2066 non
473 2008 716 2065 horreat
737 2006 899 2062 hanc
928 2009 1042 2060 tute
1091 2003 1495 2077 perversitatis
1525 2001 1875 2068 amentiam,
1897 2002 1960 2054 ut

294 2095 669 2154 orthodoxos
751 2098 1099 2150 tractatores
1163 2096 1508 2149 sanctarum
1573 2089 1956 2163 paginarum,

293 2186 519 2260 quibus
548 2184 797 2241 omnino
826 2183 1006 2239 studii
1028 2181 1137 2241 fuit
1167 2182 1447 2239 abstrusa
1478 2180 1730 2252 aperire,
1755 2178 1961 2234 clausa

292 2288 584 2338 reserare,
639 2273 899 2344 ﬁgurata
947 2271 1291 2344 explanare,
1327 2271 1587 2326 obscura
1640 2267 1959 2335 elucidare,

294 2365 461 2422 dicat
484 2364 580 2419 vel
607 2379 679 2419 ea
726 2378 851 2418 non
897 2361 1279 2427 intellexisse,
1312 2360 1407 2415 vel
1446 2357 1649 2415 invide
1680 2372 1959 2429 suppres-

296 2455 486 2511 sisse:
533 2453 736 2510 nullus
790 2468 934 2507 sane
990 2451 1232 2507 illorum
1286 2448 1596 2521 reperitur,
1646 2447 1752 2519 qui
1791 2446 1963 2516 juxta

192 2578 197 2583 ι
296 2548 469 2601 tuam
521 2543 879 2615 pravitatem
907 2556 980 2597 ea
1005 2539 1103 2596 vel
1153 2536 1523 2604 intellexerit,
1551 2535 1645 2591 vel
1671 2539 1962 2590 tractave-

295 2635 392 2703 rit,
423 2632 520 2690 vel
546 2632 834 2689 docuerit.
864 2649 877 2686 :
907 2646 1030 2702 quo
1056 2628 1275 2684 etenim
1306 2630 1486 2698 pacto
1516 2623 1801 2680 credendi
1823 2625 1965 2678 sunt

298 2740 339 2781 δ
367 2722 668 2778 contrario
698 2721 840 2778 talia
889 2716 1268 2787 intellexisse,
1298 2716 1403 2788 qui
1460 2714 1808 2787 ubicunque
1861 2727 1963 2768 ne-

300 2809 631 2868 cessarium
659 2809 771 2864 fuit
810 2808 884 2863 de
912 2806 1138 2863 eisdem
1170 2802 1486 2861 contrariis
1508 2802 1851 2858 nullatenus
1879 2806 1963 2857 ta-

299 2902 560 2957 cuerunt
585 2903 689 2954 aut
719 2896 1032 2970 quomodo
1060 2895 1122 2953 in
1153 2894 1275 2951 suis
1300 2894 1506 2951 litteris
1537 2897 1716 2965 atque
1756 2890 1962 2964 expla-

298 2989 649 3048 nationibus
703 2988 976 3058 ﬁguratas
1030 2984 1347 3042 locutionis
1395 2984 1580 3040 modo
1638 2986 1960 3052 uterentur,

300 3081 408 3155 qui
452 3080 533 3137 ad
575 3080 691 3136 hoc
727 3079 930 3152 ipsum
979 3076 1223 3134 easdem
1255 3074 1659 3148 expositiones
1690 3088 1963 3145 suscepe-

299 3174 455 3239 rant,
482 3174 548 3225 ut
574 3184 787 3225 omnes
811 3166 1101 3239 ﬁguratas
1147 3165 1479 3222 locutiones
1503 3163 1722 3238 apertis
1751 3162 1961 3219 dictio-

298 3261 480 3317 nibus
520 3258 888 3333 expedirent.

374 3352 419 3406 0
447 3353 789 3405 monstrum
818 3346 1214 3411 horrendum,
1245 3360 1283 3400 o
1310 3343 1584 3413 linguam
1638 3341 1964 3414 praeciden-

301 3439 646 3510 damlquie
697 3435 793 3492 vel
838 3434 1267 3503 ignorantiam,
1298 3433 1392 3489 vel
1437 3433 1730 3488 invidiam
1780 3431 1962 3487 tantis

302 3524 652 3584 doctoribus
708 3523 1034 3594 importare
1064 3538 1188 3577 non
1213 3522 1441 3589 metuit,
1475 3526 1540 3577 ut
1570 3521 1675 3593 qui
1704 3520 1965 3576 obscura

300 3613 566 3672 revelare
595 3611 922 3680 subierant,
953 3610 1403 3665 obscurioribus
1462 3609 1634 3664 dictis
1662 3624 1734 3663 ea
1764 3607 1963 3680 impli-

301 3719 472 3761 casse
519 3701 859 3769 credantur,
892 3698 1314 3773 praecipueque
1362 3698 1424 3753 in
1474 3697 1854 3752 sermonibus
1884 3695 1964 3751 ad

299 3792 583 3867 populos,
638 3788 1006 3845 lucidissime
1048 3786 1142 3843 vel
1195 3786 1428 3843 dictatis
1477 3785 1573 3841 vel
1619 3784 1960 3852 enuntiatis,

300 3897 459 3956 quos
477 3880 701 3954 apertis
725 3877 1044 3952 oportebat
1062 3874 1666 3933 sermocinationibus
1684 3873 1967 3930 informa-

300 3972 369 4041 ri,
398 3987 523 4027 non
552 3969 827 4041 ﬁguratis
858 3967 1264 4025 locutionibus
1294 3965 1573 4039 impediri
1604 3982 1617 4019 :
1652 3965 1727 4019 de
1753 3980 1878 4036 qua
1901 3979 1966 4021 re

300 4064 480 4117 testes
511 4058 689 4115 nobis
722 4061 864 4113 sunt
890 4056 1028 4112 libri
1055 4054 1386 4111 beatissimi
1417 4053 1599 4110 Patris
1625 4052 1962 4124 Augustini,

299 4164 457 4221 quos
481 4148 557 4204 de
584 4147 862 4203 Doctrina
885 4145 1218 4203 Christiana
1238 4143 1454 4216 plenus
1475 4157 1631 4198 verae
1662 4141 1965 4197 charitatis

299 4235 506 4303 edidit,
523 4234 587 4289 in
607 4234 829 4306 quibus
852 4233 1069 4305 cuique
1088 4231 1467 4304 prmdicatori
1486 4231 1566 4287 ita
1590 4230 1965 4303 loquendum

302 4324 623 4399 persuasit,
648 4327 714 4378 ut
742 4322 1093 4395 postpositis
1122 4322 1299 4377 totius
1320 4320 1762 4393 plausibilitatis
1788 4336 1968 4393 appe-

302 4414 520 4486 tentiis,
557 4412 817 4485 fucoque
848 4411 1187 4468 cothurnati
1215 4411 1511 4466 sermonis
1540 4409 1853 4483 propulso,
1886 4410 1968 4465 ita

301 4503 680 4561 audientium
710 4502 961 4559 auribus
992 4501 1299 4571 inserviat,
1332 4506 1400 4557 ut
1418 4500 1724 4556 mentibus
1754 4515 1965 4554 eorum

299 4610 411 4668 per
431 4593 639 4651 omnia
665 4592 955 4666 prodesse
977 4590 1332 4659 contendat;
1360 4606 1559 4662 neque
1584 4591 1645 4645 in
1676 4594 1963 4662 quatuor-

303 4684 502 4741 decim
530 4683 697 4740 libris
731 4682 1143 4749 Quaestionum
1171 4687 1352 4755 atque
1383 4680 1756 4738 locutionum
1788 4682 1965 4752 (quo-

301 4791 440 4831 rum
471 4790 630 4848 saepe
658 4773 1072 4845 meminimus)
1094 4772 1281 4829 ullam
1311 4772 1490 4842 hujus
1513 4775 1628 4827 tuae
1656 4769 1967 4844 pravitatis

298 4863 601 4920 invenitur
659 4864 869 4920 fecisse
918 4863 1309 4927 mentionem,
1338 4862 1613 4935 quinimo
1654 4860 1967 4933 praedesti-

300 4967 448 5009 nare
480 4957 537 5007 et
564 4951 874 5024 deputare,
896 4952 1048 5009 sicut
1072 4952 1134 5008 in
1163 4950 1449 5008 omnibus
1470 4965 1624 5023 pene
1644 4948 1812 5004 libris
1842 4948 1966 5004 suis

302 5044 486 5113 atque
517 5041 923 5119 sermonibus,
953 5042 1017 5096 in
1043 5040 1137 5097 his
1172 5056 1419 5114 quoque
1474 5038 1749 5112 posuisse
1795 5051 1967 5110 repe-

305 5130 474 5187 ritur.
504 5132 655 5185 Nam
685 5130 746 5185 in
766 5129 921 5186 libro
951 5131 1363 5196 Quaestionum
1393 5130 1649 5202 septimo
1697 5143 1837 5183 cum
1867 5143 1970 5183 ex-

301 5223 554 5293 poneret
581 5219 787 5292 Jephte
808 5218 1147 5290 historiam,
1178 5220 1261 5276 ita
1289 5223 1635 5291 utrumque,
1664 5222 1721 5274 et
1744 5217 1972 5291 praede-

303 5309 525 5365 stinare
566 5307 788 5364 scilicet
831 5312 888 5365 et
940 5309 1248 5380 deputare,
1296 5309 1413 5364 sub
1469 5324 1595 5364 uno
1635 5308 1972 5379 eodemque

305 5396 609 5455 intellectu
635 5399 859 5472 posuit,
891 5402 958 5454 ut
985 5398 1224 5455 differre
1253 5398 1401 5455 nihil
1424 5398 1664 5473 penitus
1690 5398 1974 5455 edoceret

306 5485 585 5557 (August.
621 5489 686 5544 in
715 5489 1077 5559 Eptateuch.
1104 5487 1209 5545 lib.
1237 5505 1335 5556 vn,
1369 5503 1484 5561 cap
1529 5489 1643 5560 49).
1678 5487 1972 5560 [Profecto

306 5580 535 5648 autem,
566 5577 870 5649 inquiens,
901 5578 985 5634 illi
1035 5578 1449 5649 signiﬁcantur
1478 5577 1722 5647 inimici,
1753 5578 1861 5651 qui
1903 5593 1978 5634 ex

306 5674 451 5731 ipsa.
480 5670 654 5731 gente
701 5673 1152 5739 perseverantes
1198 5670 1260 5724 in
1311 5668 1660 5724 inﬁdelitate
1710 5666 1978 5741 praedicti

319 5751 481 5811 sunt.
511 5754 617 5808 aut
658 5754 908 5810 omnino
949 5770 1164 5812 omnes
1212 5757 1503 5827 gehennae
1551 5757 1978 5829 pmdeeﬁnaﬁ,

2064 748 2369 805 miseriam
2400 750 2507 815 eis,
2540 764 2696 821 quo<
2721 748 3046 820 decipiunt,
3066 748 3407 821 acquirunt,
3439 749 3561 805 sive
3581 749 3731 822 quia

2066 842 2123 893 et
2149 837 2263 910 ipsi
2292 843 2528 894 aeternae
2567 838 2821 893 miseriae
2852 837 3124 910 deputati
3155 838 3340 909 sunt.]

2135 930 2177 997 ’ί-
2204 928 2389 998 Hujus
2411 930 2494 983 rei
2521 928 2681 983 testis
2704 932 2791 983 est
2821 932 3064 983 sanctus
3090 927 3334 983 antistes
3359 928 3722 999 Fulgentius,

2064 1015 2169 1088 qui
2197 1033 2379 1088 super
2402 1017 2517 1073 hoc
2546 1033 2825 1073 sermone
2857 1016 3200 1072 sciscitandi
3230 1017 3489 1073 Monimo
3509 1017 3727 1090 plenis-

2064 1105 2213 1160 sime
2233 1106 2705 1180 planissimeque
2732 1107 3106 1180 respondcns
3121 1106 3597 1179 pulcherrimum
3621 1124 3725 1165 vo-

2065 1194 2269 1250 lumen
2318 1197 2522 1259 edidit,
2556 1198 2616 1252 in
2672 1214 2797 1269 quo
2827 1197 2973 1252 nihil
3026 1201 3267 1253 tuorum
3295 1197 3728 1267 ﬁgmentorum

2065 1290 2304 1340 secutus
2354 1292 2464 1354 est,
2499 1287 2604 1341 sed
2648 1286 2832 1359 plana
2875 1286 3214 1359 eloquentia
3264 1287 3727 1359 praedestinasse

2066 1376 2251 1429 Deum
2281 1375 2500 1448 impios
2550 1376 2628 1432 ad
2678 1376 2981 1432 interitum
3007 1377 3252 1432 veritate
3287 1376 3583 1433 catholica
3612 1377 3729 1433 do-

2067 1464 2187 1519 cuit
2216 1469 2271 1520 et
2295 1465 2593 1537 probavit.
2628 1467 2744 1521 Aut
2766 1465 2945 1534 igitur
2973 1482 3117 1521 vera
3150 1470 3287 1521 sunt
3319 1482 3454 1539 quae
3480 1466 3728 1532 astruis,

2068 1558 2126 1609 et
2156 1553 2306 1609 falsa
2345 1571 2481 1627 quae
2511 1559 2707 1611 tantus
2734 1555 2943 1610 doctor
2980 1554 3233 1610 ﬁdeliter
3289 1556 3548 1612 exaravit
3581 1572 3594 1610 :
3626 1558 3737 1611 aut

2068 1644 2213 1716 quia
2242 1645 2357 1699 hoc
2383 1644 2459 1699 de
2490 1648 2655 1700 tanto
2680 1644 2901 1717 talique
2929 1643 3174 1700 doctore
3200 1645 3370 1700 nefas
3407 1648 3496 1700 est
3523 1644 3733 1701 crede-

1998 1749 2036 1803 Β
2066 1749 2151 1803 re,
2187 1732 2337 1789 falsa
2370 1738 2512 1789 sunt
2564 1733 2932 1790 omnimodis
2987 1750 3123 1805 quae
3180 1733 3548 1790 mendaciter
3593 1748 3736 1789 con-

2071 1822 2381 1894 scripsisti,
2415 1826 2473 1879 et
2524 1839 2663 1879 vera
2718 1827 2859 1879 sunt
2885 1821 3097 1890 procul
3144 1822 3332 1878 dubio
3359 1839 3496 1896 qua:
3527 1826 3733 1878 tantus

2069 1911 2279 1967 doctor
2334 1912 2587 1968 ﬁrleliter
2636 1929 2705 1969 ac
2758 1912 3048 1968 veraciter
3093 1911 3409 1968 intimavit.
3470 1913 3634 1968 Certe
3681 1910 3728 1966 si

2068 2001 2235 2057 nulla
2260 2002 2438 2058 nobis
2488 2002 2602 2058 alia
2653 2006 2756 2058 aut
2781 2001 3105 2057 auctoritas
3136 2005 3241 2059 aut
3268 2002 3419 2057 ratio
3450 2000 3733 2074 suppedi-

2069 2096 2237 2164 taret,
2272 2092 2437 2149 solus
2475 2091 2569 2147 ille
2600 2092 2775 2149 nobis
2823 2092 2884 2147 in
2934 2093 3117 2163 hujus
3168 2092 3460 2148 sermonis
3513 2090 3729 2147 intelli-

2071 2182 2270 2252 gentia
2291 2181 2561 2238 suﬂicere
2583 2186 2834 2255 poterat,
2850 2182 3023 2253 cujus
3041 2182 3312 2238 doctrina
3336 2186 3514 2256 atque
3537 2181 3728 2236 scien-

2070 2272 2152 2327 tia
2182 2276 2348 2328 tanto
2377 2272 2439 2328 in
2470 2272 2763 2329 catholica
2814 2271 3077 2327 Ecclesia
3126 2272 3355 2329 honore
3413 2276 3469 2328 et
3523 2284 3731 2326 amore

2073 2362 2393 2430 convaluit,
2416 2366 2483 2418 ut
2501 2363 2576 2417 de
2597 2362 2754 2417 illius
2781 2362 3013 2434 scriptis
3040 2361 3241 2418 nullus
3262 2377 3534 2435 unquam
3563 2359 3736 2416 dubi-

2072 2450 2304 2521 taverit,
2319 2450 2521 2506 nullus
2539 2450 2937 2521 derogaverit,
2952 2451 3179 2524 quippe
3197 2452 3301 2524 qui
3323 2457 3379 2508 et
3394 2450 3734 2508 liberalium

2073 2539 2531 2612 disciplinarum
2562 2540 2999 2596 eruditionibus
3040 2540 3415 2612 splendidus,
3451 2544 3507 2596 et
3538 2539 3735 2611 Scrip-

2071 2632 2343 2684 turarum
2373 2634 2715 2685 sanctarum
2767 2628 3041 2685 doctrina
3070 2629 3484 2702 praefulgidus,
3516 2634 3573 2685 et
3609 2642 3737 2684 non

2069 2718 2270 2772 minus
2292 2718 2475 2773 Graeci
2497 2734 2683 2789 quam
2704 2718 2886 2772 Latini
2912 2717 3132 2789 eloquii
3150 2718 3554 2790 peritissimus
3570 2718 3737 2774 inve-

2072 2806 2252 2861 nitur.
2274 2805 2466 2861 Testis
2496 2812 2582 2860 est
2604 2805 2783 2860 etiam
2812 2810 3055 2861 sanctus
3074 2808 3348 2878 Prosper,
3367 2806 3455 2862 vir
3478 2806 3538 2861 in
3566 2805 3738 2862 omni

2069 2895 2402 2951 litterarum
2452 2894 2785 2950 eruditione
2827 2893 3211 2950 doctissimus
3253 2911 3324 2950 ac
3372 2894 3737 2951 facundissi-

2070 3002 2227 3051 mus,
2261 2986 2365 3057 qui
2398 2984 2701 3042 Gallorum
2723 2983 3101 3059 aliorumque
3128 2983 3349 3054 Pelagii
3380 2984 3737 3057 sequacium

1999 3105 2039 3162 α
2072 3073 2461 3147 impudentiis
2511 3078 2567 3129 et
2618 3073 2785 3129 libris
2837 3073 3092 3129 ﬁdeliter
3146 3073 3338 3141 editis,
3372 3078 3429 3130 et
3480 3073 3736 3129 Romani

2072 3163 2372 3237 pontiﬁcis
2399 3164 2590 3219 edicto
2610 3178 2719 3218 sua
2735 3163 3016 3219 instantia
3034 3162 3372 3235 impetrato,
3387 3177 3737 3237 propugna-

2072 3258 2165 3308 tor
2218 3253 2576 3309 fortissimus
2625 3268 2696 3309 ac
2739 3251 3127 3308 ﬁdelissimus
3158 3251 3443 3308 obviavit.
3478 3252 3736 3309 Proinde

2070 3342 2480 3414 impudentior
2505 3342 2731 3398 caeteris
2776 3342 2889 3397 tuis
2948 3341 3242 3398 similibus
3293 3341 3732 3414 comprobaris,

2073 3433 2180 3504 qui
2210 3450 2348 3489 cum
2398 3449 2609 3489 eorum
2646 3431 3012 3488 venerabilia
3043 3432 3264 3505 scripta
3291 3431 3523 3503 legeris,
3556 3432 3734 3505 quip-

2073 3522 2238 3594 piam
2266 3539 2438 3578 secus
2464 3538 2651 3578 ausus
2674 3538 2736 3577 es
2758 3522 3098 3578 mussitare.
3117 3525 3265 3578 Nam
3291 3523 3399 3578 etsi
3427 3538 3735 3595 nusquam

2074 3626 2285 3667 eorum
2318 3611 2539 3684 scripta
2570 3611 2845 3680 legisses,
2881 3612 3022 3667 satis
3056 3627 3128 3667 ea
3156 3615 3212 3667 te
3237 3615 3514 3685 poterant
3541 3611 3616 3667 de
3641 3612 3736 3668 his

2073 3700 2361 3756 omnibus
2385 3700 2730 3767 informare,
2754 3717 2890 3773 quae
2912 3706 3052 3757 ante
3075 3701 3375 3757 biennium
3398 3717 3471 3757 ex
3496 3701 3735 3757 illorum

2071 3788 2261 3855 libris,
2316 3788 2606 3845 deﬂorata
2662 3789 3032 3860 quibusdam
3089 3790 3392 3859 fratribus
3447 3807 3736 3847 consensu

2071 3880 2290 3948 synodi
2335 3880 2571 3934 mittere
2622 3880 2851 3941 curavi,
2905 3895 3041 3951 quae
3087 3880 3164 3934 ad
3210 3883 3267 3936 te
3311 3881 3656 3952 pervenisse
3687 3881 3737 3937 si

2072 3983 2256 4024 nosse
2276 3967 2444 4024 aliter
2462 3968 2895 4041 nequivissem,
2909 3968 3380 4025 infaustissimus
3402 3971 3554 4027 liber
3572 3976 3733 4040 tuus,

2074 4057 2171 4114 cui
2215 4057 2503 4127 largiente
2554 4058 2807 4114 Domino
2857 4058 3318 4131 respondemus,
3345 4060 3738 4132 probabiliter

2072 4163 2185 4203 nos
2214 4147 2505 4202 instruere
2549 4147 2780 4219 poterit.
2819 4147 2883 4202 In
2925 4164 3049 4220 quo
3092 4148 3446 4205 earumdem
3477 4150 3735 4207 deﬂora-

2072 4238 2306 4293 tionum
2335 4236 2623 4309 pleraque
2652 4236 3004 4309 interposita
3032 4242 3211 4311 atque
3243 4237 3323 4294 ad
3365 4243 3500 4296 tuas
3532 4239 3735 4312 pravi-

2072 4329 2222 4381 tates
2248 4324 2482 4380 detorta
2509 4324 2921 4397 violenterque
2946 4325 3170 4382 inﬂexa
3199 4318 3552 4399 reperimus.

2147 4410 2337 4480 Absit,
2371 4409 2548 4480 absit,
2580 4409 2856 4482 inquam,
2899 4426 2937 4466 a
2968 4411 3251 4466 cordibus
3301 4412 3737 4470 catholicorum

2074 4503 2142 4555 ut
2186 4498 2529 4570 ignorantia
2591 4502 2711 4555 Deo
2771 4499 3069 4555 ullatenus
3127 4499 3463 4571 deputetur.
3524 4500 3738 4557 Tribus

2076 4593 2275 4646 tamen
2318 4588 2518 4643 modis
2564 4588 2627 4643 in
2673 4587 2889 4643 divinis
2931 4587 3205 4659 eloquiis,
3254 4593 3554 4661 quantum
3598 4605 3742 4647 mea

2071 4678 2186 4734 fert
2232 4677 2549 4741 memoria,
2580 4678 2739 4730 Deus
2769 4674 2996 4732 nescire
3038 4675 3298 4748 tropicos
3346 4677 3583 4735 dicitur.
3614 4678 3738 4735 Sci-

2073 4768 2211 4825 licet
2255 4772 2360 4824 aut
2410 4781 2537 4824 non
2594 4765 2978 4837 experiendo,
3017 4770 3121 4823 aut
3177 4767 3583 4840 reprobando,
3633 4773 3740 4826 aut

2073 4857 2302 4914 nescire
2331 4853 2629 4910 faciendo.
2660 4854 2809 4911 Dicit
2860 4855 3085 4928 quippe
3134 4854 3262 4928 ipse
3310 4858 3599 4913 Dominus
3628 4873 3739 4929 per

2074 4946 2481 5018 Prophetam:
2525 4945 2666 5013 Quae
2712 4944 3088 5016 ignorabam,
3136 4946 3597 5017 interrogabant
3644 4961 3740 5004 me

2075 5038 2266 5109 (Psal.
2315 5050 2519 5105 xxxrv,
2548 5036 2664 5107 2t),
2709 5036 2856 5109 quia
2898 5033 3174 5091 videlicet
3210 5040 3528 5109 peccatum
3555 5036 3635 5093 ab
3665 5053 3738 5095 eo

2077 5125 2418 5197 exigebant,
2445 5125 2613 5199 quod
2639 5141 2956 5200 nunquam
2986 5130 3370 5196 cognoverat,
3398 5125 3462 5182 id
3482 5131 3569 5185 est
3584 5143 3740 5184 nun-

2078 5232 2268 5290 quam
2299 5218 2579 5288 expertus
2607 5214 2821 5283 fuerat,
2865 5230 3185 5287 nunquam
3232 5215 3474 5284 fecerat,
3501 5215 3737 5273 dicente

2078 5306 2265 5363 beato
2305 5309 2474 5362 Petro
2522 5304 2843 5377 apostolo:
2877 5305 2990 5372 Qui
3035 5312 3345 5376 peceatum
3402 5322 3522 5363 non
3568 5308 3735 5377 fecit,

2081 5412 2189 5454 nec
2232 5398 2510 5453 inventus
2554 5401 2639 5452 est
2685 5396 2860 5452 dolus
2889 5398 2955 5452 in
2988 5411 3090 5453 ore
3114 5399 3242 5467 ejus
3271 5398 3321 5469 (Ι
3352 5398 3520 5455 Petr.
3550 5414 3593 5468 ι,
3626 5397 3735 5467 22),

2084 5489 2150 5543 Et
2179 5487 2358 5544 beato
2385 5486 2571 5543 Paulo
2600 5486 2877 5559 apostolo
2909 5504 2922 5543 :
2956 5486 3065 5559 qui
3108 5502 3240 5544 cum
3287 5502 3407 5544 non
3437 5488 3742 5557 cognovis-

2084 5584 2169 5634 set
2210 5582 2523 5647 peccatum
2574 5576 2663 5647 (II
2706 5575 2843 5633 Cor.
2892 5593 2953 5644 v,
3000 5578 3115 5649 21),
3147 5577 3211 5633 id
3250 5580 3340 5632 est
3378 5590 3503 5632 non
3532 5575 3742 5632 fuisset

2086 5671 2364 5734 expertus
2416 5682 2614 5738 neque
2671 5666 3091 5723 commisisset.
3148 5665 3295 5722 Novi
3351 5680 3496 5734 ergo
3532 5681 3742 5738 pecca-

2089 5759 2220 5814 tum
2266 5770 2374 5828 per
2415 5770 2552 5814 eam
2603 5754 2913 5813 scientiam
2964 5770 3153 5827 quam
3192 5754 3346 5812 nihil
3397 5754 3575 5825 latet;
3617 5770 3741 5813 non
