3936 6420
143 298 267 356 1157

1055 293 1146 348 DE
1186 283 1871 348 PREDESTINATIONE
1910 285 2191 344 CONTRA
2228 289 2278 345 J.
2333 289 2629 347 SCOTUM.

3419 293 3556 352 1158

137 422 297 482 novit
320 423 523 478 autem
550 433 659 492 per
677 416 1127 491 experientiam,
1155 432 1278 489 qua
1302 429 1622 488 nunquam
1660 427 1785 468 cor-
1813 412 1862 467 Δ
1900 412 2065 468 scivit
2088 413 2244 469 male
2268 414 2590 481 victurum,
2621 418 2678 470 et
2696 414 2757 471 in
2786 414 2963 472 malis
2988 415 3273 490 operibus
3294 416 3559 476 obstina-

136 511 330 585 rumpi
356 508 568 584 potuit.
614 508 834 564 Iterum
875 506 1038 562 idem
1080 506 1347 578 loquitur
1375 504 1436 561 in
1468 500 1786 572 Evangelio

141 601 437 658 dicturum
479 613 545 653 se
591 595 963 669 quibusdam
1015 594 1079 651 in
1120 594 1390 666 judicio:
1449 593 1659 649 Nescio
1692 604 1790 646 vos

137 689 371 763 (Matth.
393 704 537 751 xxv,
575 686 656 758 l2)
690 685 851 741 unde
881 684 1036 753 sitis;
1068 683 1130 740 id
1160 689 1246 740 est
1269 698 1392 739 non
1421 680 1700 755 approbo
1730 678 1792 733 in

136 784 254 838 arte
276 776 608 850 disciplinae
629 790 801 845 meae,
818 789 1008 847 quam
1033 773 1236 847 pravis
1253 787 1492 844 semper
1508 768 1793 842 operibus

136 865 564 940 impugnastis.
595 867 856 922 Rursum
886 864 1014 937 ipse
1063 863 1145 919 ad
1187 861 1519 935 discipulos
1545 859 1658 916 ait:
1708 859 1794 912 De

139 960 231 1014 die
249 962 446 1014 autem
474 956 590 1012 illa
609 959 666 1011 et
698 954 850 1011 hora
877 969 1048 1010 nemo
1100 954 1233 1022 scit,
1278 966 1468 1023 neque
1497 949 1702 1020 angeli
1729 950 1792 1004 in

136 1049 303 1115 coelo,
326 1062 515 1119 neque
532 1046 752 1112 Filius,
775 1045 893 1101 nisi
928 1046 1116 1100 Pater
1160 1044 1322 1099 solus
1354 1041 1593 1112 (Matth.
1629 1055 1792 1109 xxvv,

136 1141 242 1204 36).
258 1136 518 1203 Qualiter
529 1134 692 1190 enim
707 1132 939 1190 nescire
964 1132 1138 1188 Filius
1154 1134 1389 1205 poterat
1408 1129 1591 1200 diem,
1610 1144 1794 1201 quem

133 1228 260 1300 ipse
297 1224 655 1295 inetfugibili
704 1223 971 1296 potentia
992 1223 1173 1279 etiam
1204 1226 1339 1278 ante
1370 1225 1793 1292 temporaneos

134 1316 265 1372 dies
295 1315 571 1372 statuisse
599 1328 725 1379 non
754 1312 1092 1368 dubitatur?
1146 1313 1352 1384 itaque
1383 1309 1609 1366 nescire
1635 1309 1795 1363 diem

130 1403 563 1474 intelligendus
595 1407 687 1458 est
710 1417 821 1474 pro
847 1417 919 1457 eo
965 1400 1135 1474 quod
1180 1404 1268 1457 est
1322 1400 1551 1455 nescire
1603 1397 1796 1454 facere

130 1493 472 1567 apostolos,
504 1492 671 1565 quod
700 1507 825 1547 non
855 1490 1072 1546 utiliter
1097 1490 1336 1545 scirent.
1374 1488 1539 1545 Unde
1598 1491 1654 1543 et
1710 1486 1795 1541 eis

128 1582 529 1656 postmodum
555 1579 838 1653 loquitur.
875 1581 1010 1636 Non
1040 1584 1123 1635 est
1154 1584 1413 1635 vestrum
1445 1592 1613 1633 nosse
1658 1581 1799 1632 tem-

130 1687 291 1743 pora
314 1671 407 1727 vel
420 1675 721 1726 momenta
736 1683 869 1740 quae
883 1670 1071 1724 Pater
1083 1670 1285 1738 posuit
1298 1669 1361 1723 in
1376 1683 1487 1723 sua
1511 1669 1801 1735 potestate

1899 499 2124 557 tissime
2173 506 2735 574 perseveraturum:
2769 503 3024 577 proinde
3083 504 3261 579 culpa
3290 510 3381 563 est
3406 507 3558 578 ejus,

1900 590 2005 661 qui
2032 589 2164 646 talis
2188 590 2422 648 futurus
2455 592 2768 665 praescitus
2814 598 2921 664 est,
2948 609 3072 650 non
3103 592 3223 666 Dei,
3251 594 3358 668 qui
3379 593 3560 651 talem

1900 679 2241 751 praesciens,
2275 681 2486 739 merito
2514 681 2968 756 praedestinavit
2998 683 3074 740 ad
3104 699 3374 756 poenam.
3400 687 3560 741 Nun-

1902 769 2047 841 quid
2068 786 2192 827 non
2209 772 2421 827 eadem
2446 772 2858 830 calumniandi
2879 772 3117 831 licentia
3136 778 3306 847 potes
3338 775 3563 841 garrire

1904 862 1968 914 ut
1997 874 2234 917 asseras
2268 880 2279 916 :
2313 862 2369 916 Si
2390 862 2796 935 praedestinati
2822 861 2901 919 ad
2922 862 3106 921 vitam
3130 880 3255 920 non
3287 869 3445 935 sunt,
3464 880 3565 921 ne-

1904 949 2163 1005 cessario
2194 950 2497 1022 peribunt,
2535 967 2871 1025 poenasque
2901 953 3203 1026 patientur
3249 952 3564 1010 inevitabi-

1904 1037 2032 1094 les?
2055 1040 2228 1105 Quod
2270 1040 2319 1096 si
2356 1041 2438 1097 ita
2468 1045 2573 1109 est,
2632 1042 2944 1114 quomodo
2988 1043 3150 1115 juste
3199 1044 3569 1115 judicabitur

1904 1128 2192 1195 mundus,
2224 1145 2408 1201 quem
2436 1131 2762 1187 necessitas
2813 1132 3365 1205 praedestinationis
3411 1135 3570 1206 cogit

1906 1218 2118 1290 perire,
2154 1218 2445 1291 quoniam
2473 1220 2938 1292 praedestinatus
2961 1222 3040 1278 ad
3070 1223 3256 1280 vitam
3287 1240 3411 1281 non
3435 1226 3569 1281 est?

1908 1307 2202 1375 Similiter,
2228 1309 2277 1363 si
2303 1309 2555 1381 quidam
2576 1310 3041 1367 misericorditer
3076 1311 3245 1369 electi
3270 1319 3426 1381 sunt,
3461 1331 3570 1369 cae-

1906 1398 2013 1453 teri
2057 1413 2199 1454 vero
2226 1398 2383 1469 juste
2424 1399 2707 1471 derelicti,
2739 1402 3076 1457 necessario
3116 1402 3417 1474 peribunt,
3448 1418 3572 1476 pce-

1905 1503 2138 1561 nasque
2164 1488 2465 1561 patientur
2492 1490 2867 1546 inevitabiles
2894 1508 2906 1546 :
2929 1491 3097 1564 quod
3129 1492 3279 1548 siita
3310 1498 3398 1548 est
3425 1510 3574 1566 quo-

1908 1579 2093 1635 modo
2116 1579 2274 1650 juste
2308 1579 2680 1651 judicabitur
2710 1581 3001 1647 mundus,
3036 1598 3220 1655 quem
3251 1582 3575 1639 necessitas

1912 1668 2358 1735 electionis,vel
2386 1669 2787 1727 derelictionis
2836 1671 2994 1741 cogit
3049 1671 3241 1744 perire
3285 1672 3573 1745 quoniam

133 1762 296 1833 (Act.
321 1775 362 1828 ι,
388 1760 464 1829 7).
494 1758 593 1813 His
614 1758 856 1829 tropicis
884 1756 1291 1813 locationibus
1317 1772 1457 1812 cum
1487 1760 1639 1812 Deus
1662 1769 1797 1809 nes-
1828 1768 1874 1823 Β
1914 1772 2035 1813 non
2065 1757 2253 1827 electi,
2285 1758 2391 1813 sed
2416 1758 2679 1815 derelicti
2713 1762 2893 1816 sunt?
2998 1799 3011 1809 .

133 1852 257 1908 cire
286 1848 382 1906 vel
412 1850 689 1920 ignorare
714 1848 861 1920 quid
902 1846 1157 1918 legatur,
1193 1846 1532 1903 secundum
1566 1843 1800 1917 propri-

134 1946 358 1999 etatem
369 1955 511 1997 vero
523 1938 1167 2011 majestatis,essentite
1199 1942 1378 2009 atque
1397 1935 1655 1991 scientiae
1680 1949 1802 1988 suae

132 2030 291 2088 nihil
345 2046 596 2104 prorsus
625 2028 837 2101 potuit,
886 2031 1086 2100 potest
1116 2031 1220 2082 aut
1248 2026 1464 2098 poterit
1504 2026 1801 2095 ignorare.

134 2123 308 2177 Hanc
331 2119 433 2177 Dei
456 2118 768 2174 scientiam
790 2117 1038 2173 intuitus
1055 2116 1246 2171 fuerat
1268 2115 1583 2187 propheta,
1606 2114 1711 2187 qui
1730 2112 1807 2167 ad

132 2212 334 2267 Deum
359 2207 661 2265 humiliter
687 2205 1051 2279 loquebatur
1082 2223 1095 2261 :
1130 2205 1351 2260 Mundi
1374 2210 1512 2260 sunt
1535 2204 1698 2259 oculi
1721 2202 1811 2257 tui

131 2315 211 2358 ne
242 2300 493 2357 videant
518 2299 748 2354 malum
779 2295 1033 2366 (Eabae.
1056 2311 1096 2363 1,
1133 2296 1241 2364 t3),
1276 2294 1335 2349 id
1358 2298 1463 2361 est,
1485 2308 1563 2348 ne
1587 2307 1808 2365 appro-

128 2390 284 2446 bent
330 2387 427 2445 vel
457 2389 859 2460 experiantur.
904 2386 1046 2441 item
1100 2384 1256 2440 alius
1284 2384 1580 2456 propheta
1612 2398 1625 2438 :
1657 2383 1812 2438 Ecce

130 2480 299 2536 enim
330 2478 495 2535 oculi
517 2476 761 2533 Domini
783 2490 966 2544 super
1000 2490 1255 2545 regnum
1284 2488 1568 2543 peccans,
1601 2477 1669 2527 ut
1698 2471 1813 2527 dis-

126 2568 361 2640 perdat
387 2567 549 2622 illud
581 2566 781 2637 (Amos
811 2580 892 2635 1x,
916 2564 989 2635 8).
1014 2567 1082 2619 Et
1105 2578 1346 2618 rursum
1376 2579 1389 2617 :
1416 2564 1484 2619 In
1502 2562 1666 2618 omni
1687 2562 1812 2617 loco

129 2659 309 2715 oculi
337 2656 583 2713 Domini
603 2653 1096 2723 contemplantur
1121 2653 1299 2709 bonos
1318 2657 1373 2709 et
1388 2653 1579 2708 malos
1610 2652 1810 2722 (Prov.

127 2764 237 2816 xv,
274 2748 358 2819 3).
384 2748 453 2802 Et
482 2759 762 2802 rursum:
798 2745 1010 2800 Vultus
1036 2748 1232 2800 autem
1261 2742 1500 2799 Domini
1519 2756 1700 2811 super
1722 2741 1812 2811 fa-

128 2839 368 2895 cientes
396 2837 583 2904 mala,
615 2840 683 2890 ut
702 2833 925 2903 perdat
948 2832 1020 2889 de
1049 2840 1214 2889 terra
1236 2833 1579 2888 memoriam
1612 2846 1815 2887 eorum

131 2926 343 2996 (Psal.
374 2940 580 2993 mm,
615 2923 722 2994 t7).
740 2926 869 2980 Non
887 2922 1019 2978 haec
1040 2935 1077 2977 a
1105 2921 1404 2978 contrario
1432 2919 1819 2990 intelligenda

131 3031 370 3074 omnes
401 3012 679 3072 catholici
706 3016 1078 3078 tractatores,
1111 3011 1217 3067 sed
1242 3011 1487 3066 veritate
1520 3010 1817 3065 dictorum

1985 1850 2120 1902 Haec
2141 1847 2553 1903 calumniandi
2568 1848 2757 1904 libido
2789 1852 2913 1905 tam
2942 1849 3058 1906 late
3083 1853 3266 1922 patet,
3286 1855 3353 1906 ut
3369 1852 3431 1907 in
3452 1866 3580 1907 om-

1914 1935 2094 1992 nibus
2115 1952 2495 2010 quaecunque
2517 1953 2698 2010 super
2711 1938 3123 1995 misericordia
3149 1939 3250 1995 Dei
3280 1944 3460 2012 atque
3487 1940 3579 2011 ju-

1917 2026 2073 2081 stitia
2097 2025 2349 2081 fideliter
2369 2025 2799 2098 praedicantur,
2831 2027 3073 2101 oblique
3104 2029 3295 2102 possit
3324 2029 3533 2099 efﬁngi
3563 2048 3576 2085 :

1917 2120 2287 2189 quapropter
2300 2116 2720 2189 proturbanda
2743 2122 2828 2173 est
2845 2118 3084 2191 penitus
3100 2118 3468 2175 damnabilis
3487 2135 3582 2175 as-

1919 2207 2094 2262 sertio
2123 2206 2451 2279 pravitatis,
2486 2212 2542 2263 et
2574 2206 2883 2264 fatendum
2911 2208 3069 2281 juste
3098 2209 3398 2266 mundum
3420 2210 3583 2267 hunc

1921 2312 1955 2353 a
1983 2295 2237 2352 Domino
2261 2295 2685 2368 judicandum.
2720 2300 2921 2370 Neque
2953 2298 3115 2357 enim
3144 2298 3281 2357 ideo
3306 2302 3582 2373 peccant,

1920 2386 2266 2459 quicunque
2309 2390 2583 2457 peccant,
2614 2385 3233 2459 quiajudicabuntur,
3278 2387 3385 2444 sed
3439 2388 3585 2461 quia

1921 2479 2192 2549 peccant,
2208 2474 2414 2547 utique
2434 2474 2658 2531 idcirco
2674 2475 3095 2533 inevitabiliter
3108 2477 3545 2550 judicabuntur
3568 2496 3581 2534 :

1923 2581 2047 2621 non
2077 2580 2219 2634 ergo
2245 2564 2569 2621 necessitas
2591 2564 2800 2635 judicii
2830 2572 3151 2638 peccantes
3183 2567 3341 2637 cogit
3369 2567 3586 2641 perire,

1925 2653 2031 2710 sed
2051 2654 2376 2710 necessitas
2402 2653 2714 2726 peccandi,
2737 2670 2925 2728 quam
2952 2654 3069 2711 sibi
3089 2656 3346 2712 volendo
3366 2656 3589 2712 insolu-

1928 2744 2117 2800 biliter
2144 2743 2582 2814 consciverunt,
2634 2743 2942 2817 compellit
2970 2743 3392 2801 inevitabiliter
3439 2746 3590 2803 inte-

1923 2833 2059 2890 rire.
2101 2833 2261 2889 Sicut
2287 2832 2491 2905 itaque
2520 2834 2844 2890 necessitas
2867 2833 3079 2906 judicii
3106 2833 3341 2890 nullum
3396 2834 3590 2908 perire

1928 2923 2106 2994 cogit,
2160 2922 2243 2978 ita
2302 2924 2626 2978 necessitas
2694 2922 3238 2995 praedestinationis
3281 2923 3431 2980 nulli
3467 2923 3593 2985 vim

1926 3011 2218 3085 pereundi
2247 3010 2523 3083 imponit.
2574 3013 2793 3066 Verum
2849 3011 2898 3065 si
2946 3011 3262 3081 diligenter
3318 3013 3594 3070 attendas

132 3105 529 3179 simplicium
550 3101 863 3159 sentiendo.
892 3100 1274 3172 tenendaque
1313 3102 1659 3156 sanxerunt.
1708 3097 1820 3154 Abi
1851 3126 1893 3185 ρ
1929 3101 2157 3167 omnia,
2192 3105 2296 3157 aut
2334 3116 2487 3173 pene
2545 3100 2773 3167 omnia,
2826 3116 2963 3173 quae
3024 3105 3163 3156 sunt
3207 3101 3421 3173 judicii
3470 3102 3592 3170 Dei,

134 3197 430 3269 igitur,et
454 3190 1023 3262 esto_hsereticorum
1051 3189 1330 3245 omnium
1353 3187 1823 3260 teterrimus,qui

132 3290 370 3344 contra
390 3286 813 3339 universorum
843 3279 1194 3353 opinionem
1248 3279 1369 3334 Deo
1416 3277 1824 3347 ignorantiam

132 3376 450 3446 afﬁngere
518 3369 1046 3444 impudentissime
1136 3366 1599 3441 praesumpsisti.
1690 3368 1826 3423 lam

131 3480 293 3523 vero
351 3460 525 3535 quod
556 3459 733 3519 addis
786 3458 863 3514 de
906 3457 1107 3531 impiis
1134 3457 1215 3513 ad
1232 3457 1537 3513 interitum
1560 3455 1825 3529 praedes-

132 3552 381 3613 tinatis.

734 3652 978 3693 JOANNES
1017 3651 1244 3695 SCOTUS.

210 3733 404 3806 (Cap.
441 3726 526 3797 ll,
555 3741 706 3783 num
734 3729 788 3794 3,
814 3730 955 3781 sect.
992 3726 1071 3797 i.)
1098 3730 1137 3777 Θ
1156 3724 1228 3780 Si
1245 3724 1401 3779 enim
1416 3722 1835 3793 praedestinati

135 3827 314 3893 sunt,
342 3818 686 3876 necessario
704 3815 1010 3886 peribunt,
1034 3826 1364 3885 pcenasqne
1380 3814 1703 3883 patientur
1718 3814 1835 3869 ine-

138 3910 485 3981 vitabiles;
510 3906 671 3979 quod
697 3906 751 3962 si
779 3906 867 3962 ita
892 3909 1002 3973 est,
1032 3904 1326 3976 quomodo
1345 3902 1835 3973 justejudicabi-

137 4005 251 4057 tur
268 3997 571 4068 mundus,
591 4010 761 4068 quem
776 3995 1092 4052 necessitas
1108 3994 1660 4064 prcedestinationis
1680 3995 1838 4064 cogit

134 4091 421 4163 perire)?

886 4188 1188 4233 CORRECTIO
1197 4214 1209 4229 .

216 4272 264 4341 «ι-
296 4269 475 4328 Licet
501 4281 684 4340 super
709 4265 826 4322 hoc
874 4264 1020 4322 satis
1073 4262 1438 4335 abundeque
1466 4264 1671 4319 actum
1718 4260 1840 4316 fue-

137 4362 243 4432 rit,
321 4373 463 4417 non
492 4356 659 4431 piget
687 4354 979 4414 veraciter
1029 4353 1244 4409 iterare
1271 4351 1438 4425 quod
1467 4355 1522 4408 te
1552 4366 1677 4408 non
1727 4367 1842 4424 pu-

1930 3191 2145 3247 eadem
2170 3188 2719 3263 praedestinationis
2736 3189 3023 3245 invenies.
3062 3190 3274 3246 Statuit
3319 3193 3475 3247 Deus
3502 3190 3595 3247 fu-

1932 3284 2134 3337 turum
2154 3278 2473 3350 judicium,
2508 3278 2570 3334 in
2590 3293 2714 3353 quo
2760 3277 2979 3333 reddat
3009 3279 3333 3352 unicuique
3386 3296 3596 3337 secun-

1933 3370 2077 3425 dum
2099 3384 2282 3438 opera
2311 3384 2422 3424 sua
2452 3368 2693 3439 (Matth.
2728 3383 2849 3435 xv1,
2882 3368 2997 3439 27),
3056 3367 3264 3423 electis
3321 3370 3596 3443 praemia,

1932 3458 2133 3531 impiis
2155 3456 2450 3531 supplicia
2480 3457 2863 3530 sempiterna,
2897 3459 2954 3512 et
2976 3456 3092 3512 hoc
3114 3461 3202 3513 est
3224 3461 3417 3514 totum
3433 3458 3602 3533 quod

1935 3548 2010 3604 de
2050 3546 2581 3620 prtedestinatione
2607 3545 2862 3602 ﬁdeliter
2906 3561 2976 3602 ac
3019 3545 3339 3603 salubriter
3383 3548 3602 3605 conﬁr-

1937 3640 2158 3706 matur,
2188 3639 2253 3693 ut
2272 3635 2459 3707 judex
2485 3634 2761 3692 omnium
2778 3635 2977 3691 electis
2998 3652 3106 3711 per
3126 3636 3604 3695 misericordiam

1937 3726 2393 3793 beatitudinem,
2448 3725 2666 3782 relictis
2715 3741 2823 3799 per
2864 3725 3162 3797 justitiam
3214 3742 3429 3797 poenas
3488 3732 3606 3783 tor-

1940 3820 2266 3888 mentaque
2290 3815 2599 3872 retribuat.
2649 3815 2930 3884 Legimus
2958 3815 3101 3886 quia
3125 3815 3231 3887 qui
3257 3830 3378 3870 non
3411 3817 3601 3873 credit

1933 3909 2066 3977 jam
2086 3906 2403 3976 judicatus
2433 3911 2518 3961 est
2546 3905 2746 3971 (Joan.
2777 3919 2858 3975 in,
2894 3903 2997 3974 l8),
3027 3902 3088 3958 id
3138 3907 3227 3959 est
3256 3904 3605 3962 damnatus.

1946 3998 2239 4063 Exsurgat
2268 4008 2429 4048 nunc
2456 3992 2835 4067 sycophanta
2882 3990 3305 4064 impudoratus
3363 3997 3421 4050 et
3472 4010 3613 4052 cau-

1946 4088 2106 4140 setur
2130 4100 2142 4137 :
2170 4083 2226 4139 Si
2253 4082 2355 4156 qui
2385 4096 2510 4138 non
2544 4080 2730 4138 credit
2754 4081 2885 4153 jam
2926 4080 3235 4152 judicatus
3267 4086 3374 4154 est,
3408 4099 3613 4141 neces-

1947 4174 2105 4230 sario
2127 4171 2363 4244 peribit,
2384 4186 2720 4245 pcenasque
2742 4169 3000 4245 patietur
3020 4170 3423 4229 inevitabiles:
3444 4172 3615 4247 quod

1948 4264 1995 4320 si
2044 4263 2124 4319 ita
2179 4267 2268 4318 est
2324 4261 2639 4334 quomodo
2692 4261 2852 4334 juste
2900 4260 3273 4334 judicabitur
3323 4263 3613 4334 mundus,

1946 4369 2131 4428 quem
2155 4351 2485 4407 necessitas
2506 4350 2915 4423 judicationis,
2941 4350 3006 4407 id
3035 4355 3123 4406 est
3174 4351 3608 4426 damnationis,

139 4451 285 4509 duit
372 4446 756 4506 mendaciter
811 4443 1134 4501 inculcare.
1212 4441 1662 4499 Preedestinatio
1719 4439 1843 4509 Dei,
1872 4485 1918 4539 Β
1948 4443 2106 4514 cogit
2133 4442 2325 4516 perire
2354 4440 2547 4539 'tDicit
2574 4441 2755 4539 etiam
2809 4439 3184 4539 evangelista
3229 4443 3492 4500 Joannes
3533 4443 3609 4501 de

140 4542 311 4598 sicut
340 4543 408 4596 et
427 4535 826 4612 praaseientia,
877 4534 1109 4591 nullam
1160 4533 1287 4590 vim
1342 4532 1556 4588 futuris
1605 4531 1840 4602 ingerit,

137 4631 399 4689 nullam
470 4625 846 4684 necessitatis
874 4624 1222 4682 violentiam
1277 4626 1584 4696 importat.
1619 4625 1843 4689 Quam-

138 4722 237 4779 vis
272 4720 462 4778 enim
503 4716 805 4792 quidquid
845 4717 999 4771 Deus
1046 4714 1350 4789 prtescivit
1377 4717 1435 4770 et
1452 4712 1843 4787 prtedestina-

140 4812 259 4885 vit,
287 4810 385 4869 ita
446 4822 562 4865 nec
607 4805 861 4864 omnino
889 4805 1078 4868 aliter,
1124 4820 1371 4861 necesse
1404 4802 1480 4858 sit
1506 4802 1673 4858 ﬁeri:
1719 4817 1845 4857 non

143 4906 372 4959 tamen
428 4896 574 4953 ideo
602 4895 748 4969 quia
800 4892 1062 4968 prescita
1095 4892 1186 4949 vel
1215 4891 1643 4965 praedestinata
1684 4895 1845 4959 sunt,

143 4991 357 5058 ﬁunt;
412 4985 527 5043 sed
556 4986 704 5059 quia
730 4983 936 5041 futura
1003 4981 1413 5038 indutabiliter
1478 4981 1848 5047 sciebantur,

143 5078 463 5155 praescita
491 5090 565 5132 ac
615 5073 1044 5148 prtedestinata
1072 5069 1486 5144 potentissime
1505 5069 1849 5139 intelligun-

145 5175 272 5229 tur.
300 5171 452 5227 Non
480 5179 631 5236 ergo
653 5163 795 5221 ideo
816 5164 883 5220 ﬁt
911 5160 1142 5235 aliquid
1171 5159 1320 5233 quia
1345 5159 1502 5214 Deus
1526 5157 1850 5231 prtescivit,

147 5259 266 5317 sed
294 5257 454 5316 ideo
475 5253 579 5310 ille
607 5251 908 5327 praescivit
937 5266 1064 5325 qua
1093 5249 1365 5307 futurum
1393 5248 1586 5305 scivit.
1617 5252 1699 5303 Ac
1744 5263 1855 5320 per

146 5352 276 5410 hoe
303 5362 450 5407 non
479 5349 569 5402 est
604 5344 789 5418 culpa
841 5340 1213 5417 preescientis
1256 5344 1314 5397 et
1360 5337 1856 5413 praedestinantis

150 5442 285 5513 Dei,
341 5438 400 5495 si
456 5435 680 5510 aliquis
729 5433 901 5507 perit,
956 5432 1062 5489 sed
1147 5434 1439 5487 creaturae
1522 5428 1853 5502 rationalis,

146 5546 299 5606 quin
354 5524 490 5586 sibi
532 5524 820 5583 meritum
845 5520 1141 5597 pereundi
1159 5520 1318 5579 male
1364 5518 1649 5590 vivendo,
1699 5517 1857 5589 ejus—

248 5637 287 5678 Θ

148 5638 287 5696 que
365 5638 669 5676 pommus
740 5638 1118 5687 mrguuuuuu
1208 5638 1538 5682 uuuwuuu,
1619 5638 1860 5682 υυωμαο

151 5711 340 5771 ravit.
412 5703 880 5763 Praedestinavit
924 5704 1104 5775 igitur
1156 5706 1313 5760 Deus
1386 5705 1738 5774 peccantem
1779 5697 1860 5755 ad

153 5800 561 5878 supplicium
586 5801 900 5865 aeternum,
925 5793 1263 5853 secundum
1278 5793 1343 5852 id
1357 5792 1526 5869 quod
1546 5807 1686 5851 eum
1707 5804 1858 5864 prm-

365 5615 669 5676 bonitatis
740 5612 1118 5687 largitatibus
1208 5610 1538 5682 abutendo,
1619 5622 1861 5682 compa.

1949 4533 2169 4593 Judaeis
2206 4548 2332 4589 non
2361 4530 2746 4589 credentibus
2772 4530 3027 4587 Domino
3053 4547 3067 4584 :
3128 4531 3462 4599 Propterea
3492 4547 3615 4590 non

1946 4629 2227 4699 poterant
2249 4623 2510 4691 credere,
2538 4623 2683 4695 quia
2709 4622 2866 4678 dixit
2908 4620 3100 4676 Isaias
3123 4621 3460 4689 propheta:
3491 4622 3617 4678 Ex-

1953 4730 2113 4773 caeca
2141 4729 2243 4770 cor
2265 4712 2488 4783 populi
2517 4711 2724 4781 hujus,
2774 4715 2829 4766 et
2886 4723 3062 4765 aures
3113 4710 3241 4777 eius
3266 4723 3520 4779 agrava,
3551 4715 3617 4767 ut

1954 4804 2197 4860 videant
2223 4802 2433 4867 oculis,
2467 4805 2523 4855 et
2553 4799 2731 4856 corde
2782 4813 2904 4854 non
2951 4797 3321 4867 intelligant,
3375 4803 3431 4855 et
3480 4813 3618 4855 con-

1954 4897 2296 4960 vertantur,
2311 4896 2365 4946 et
2388 4904 2592 4946 sanem
2607 4904 2702 4945 eos
2723 4888 2920 4961 (Joan.
2944 4902 3045 4953 xu,
3073 4889 3184 4954 39).
3213 4885 3269 4943 Si
3296 4892 3620 4960 propterea

1956 4997 2080 5039 non
2121 4982 2398 5053 poterant
2429 4977 2689 5045 credere,
2731 4975 2876 5048 quia
2921 4974 3038 5031 hoc
3086 4976 3364 5048 praedixit
3414 4977 3615 5042 Isaias,

1957 5069 2301 5128 necessario
2336 5083 2459 5124 non
2503 5065 2905 5137 crediderunt,
2938 5080 3273 5139 poenasque
3321 5067 3623 5140 patientur

1958 5160 2376 5227 inevitabiles;
2426 5157 2595 5233 quod
2627 5157 2674 5213 si
2714 5157 2797 5214 ita
2823 5159 2930 5227 est,
2963 5156 3276 5231 quomodo
3323 5157 3486 5230 juste
3522 5158 3622 5229 ju-

1961 5250 2262 5308 dicabitur
2289 5248 2577 5311 mundus,
2610 5263 2796 5321 quem
2826 5247 3122 5304 necesitas
3142 5247 3475 5320 prophetiae
3525 5261 3625 5303 co-

1958 5338 2080 5409 egit
2114 5350 2238 5393 non
2269 5334 2509 5390 credere
2529 5334 2557 5391 ‘2
2578 5336 2645 5390 Et
2664 5333 2793 5407 ipse
2812 5332 3125 5401 Dominus,
3156 5332 3490 5401 Propterea
3519 5345 3622 5387 vos

1962 5443 2083 5485 non
2112 5426 2359 5497 auditis,
2385 5425 2529 5498 quia
2555 5440 2631 5481 ex
2654 5425 2777 5480 Deo
2805 5439 2927 5480 non
2957 5424 3095 5480 estis
3125 5422 3324 5494 (Joan.
3353 5436 3478 5490 vni,
3498 5422 3568 5477 47
3586 5419 3623 5493 ;)

1964 5522 2021 5575 et
2073 5515 2332 5575 iterum:
2388 5516 2722 5586 Propterea
2772 5528 2875 5570 vos
2953 5527 3077 5569 non
3154 5511 3419 5577 creditis,
3478 5511 3626 5584 quia

1963 5624 2086 5666 non
2125 5608 2263 5665 estis
2300 5621 2377 5663 ex
2432 5606 2640 5662 ovibus
2692 5604 2838 5661 meis
2869 5604 3071 5673 (Joan.
3095 5619 3156 5674 x,
3204 5602 3296 5674 26)
3324 5614 3350 5674 ;
3389 5604 3446 5659 et
3491 5617 3625 5657 rur-

1966 5714 2148 5756 sum:
2208 5698 2399 5753 Nemo
2462 5700 2655 5768 potest
2708 5695 2914 5751 venire
2942 5694 3024 5751 ad
3085 5708 3197 5763 me,
3249 5692 3372 5749 nisi
3417 5692 3626 5762 Pater,

1968 5788 2075 5861 qui
2095 5787 2255 5846 misit
2284 5802 2395 5857 me,
2428 5787 2688 5846 traxerit
2713 5799 2883 5854 eum;
2917 5789 2972 5842 et
3000 5784 3186 5844 Nemo
3214 5787 3414 5856 potest
3428 5783 3633 5844 venire
