3936 6438
381 367 519 422 1159
1447 362 1502 417 S'
1547 359 1921 420 PRUDENTll
1957 361 2338 422 TRECENSIS
2377 366 2696 425 EPISCOPI
3689 368 3824 422 1160

379 491 462 549 ad
489 505 583 546 me
606 488 725 545 nisi
751 487 959 543 datum
988 485 1178 552 fuerit
1211 484 1321 542 eia
1354 485 1542 542 Patre
1566 500 1695 542 meo
1737 485 1939 542 (Joan.
1961 500 2042 556 v1,
2074 493 2123 546 A
2155 503 2286 545 sese
2313 490 2375 546 in
2397 490 2887 564 praecedentibus
2913 488 3187 561 ejusdem
3218 490 3498 562 Epistolas
3524 490 3827 548 duntaxat

381 584 452 637 44
483 580 596 651 66).
630 581 698 634 Et
723 574 932 633 omnia
950 587 1331 645 quaecunque
1362 573 1437 629 de
1465 574 1570 630 Dei
1599 574 1848 630 occultis
1893 574 2047 646 judi-

383 670 488 727 ciis
512 664 877 742 prophetica:
899 665 956 718 et
984 660 1327 733 apostolicae
1353 663 1591 735 paginae
1614 667 2044 736 protestantur,

384 758 612 814 eisdem
641 749 960 810 calumniis
994 748 1417 821 subjacebunt.
1464 751 1673 809 Omnis
1728 750 1909 822 igitur
1965 751 2044 809 ab

381 847 477 904 his
503 840 824 901 necessitas
885 836 1158 901 coactiva
1180 838 1570 914 propellatur,
1600 843 1657 897 et
1677 838 2045 912 judiciorum

392 935 493 992 Dei
540 929 844 989 humiliter
888 926 1273 1002 profunditas
1319 932 1631 1002 stupeatur
1687 928 2043 1003 dicaturque

382 1038 521 1079 cum
549 1018 842 1093 Apostolo
874 1034 887 1074 :
925 1017 972 1074 0
996 1017 1261 1075 altitudo
1278 1018 1631 1076 divitiarum
1682 1019 1945 1076 scientia
1970 1034 2043 1077 ac

377 1110 686 1180 sapientiai
704 1110 845 1165 Dei!
876 1109 1064 1177 (Rom.
1097 1123 1180 1177 x1,
1207 1109 1323 1180 33.)

448 1204 615 1257 Nunc
637 1198 717 1256 ad
734 1196 994 1255 videnda
1014 1196 1268 1271 reliqua,
1292 1196 1531 1256 favente
1554 1199 1832 1270 Domino,
1853 1201 2042 1255 trans-

375 1305 609 1347 eamus.
642 1287 910 1360 Denique
936 1285 1140 1343 volens
1158 1285 1419 1359 probare
1444 1286 1613 1361 quod
1640 1291 1863 1344 sanctae
1894 1286 2041 1345 Scri-

374 1382 567 1453 ptura:
599 1376 926 1435 auctoritas
953 1375 1319 1432 inconcussa
1360 1375 1805 1449 praescientiam
1856 1374 2043 1431 simul

374 1472 434 1525 et
459 1463 1075 1541 praedestinationem,
1107 1467 1211 1521 aut
1240 1463 1432 1521 solam
1480 1463 1753 1520 absolute
1782 1463 2044 1537 praedes-

374 1554 749 1625 tinationem,
766 1553 1010 1611 nonnisi
1029 1553 1092 1610 in
1111 1552 1208 1610 his
1231 1569 1387 1628 quos
1407 1555 1563 1610 Deus
1580 1552 1758 1624 elegit
1776 1552 1857 1610 ad
1877 1556 2042 1609 aster-

373 1662 522 1704 nam
575 1643 1015 1702 beatitudinem
1059 1641 1492 1715 possidendam
1542 1640 1884 1698 inveniatur
1929 1657 2039 1715 po-

372 1735 589 1807 suisse,
618 1732 798 1809 ponis
826 1730 1162 1805 apostolica
1191 1730 1541 1788 testimonia
1572 1729 1654 1787 ad
1681 1732 1991 1787 Romanos
2022 1747 2037 1786 :

2159 579 2239 635 ad
2263 583 2567 639 Romanos
2587 580 2861 654 partibus
2886 582 3032 637 satis
3048 579 3239 651 egisse
3259 580 3642 637 meminerat.
3667 579 3827 637 Nihil

2158 683 2301 739 ergo
2330 674 2499 728 tuam
2527 670 2829 728 insaniam
2861 668 3049 727 verba
3074 668 3391 743 apostilica
3414 669 3647 741 juvant.
3690 672 3826 727 Non

2156 758 2319 815 enim
2341 764 2445 818 aut
2480 759 2905 819 tantummodo
2934 757 3154 817 electos
3183 757 3672 832 praedestinatos,
3713 764 3824 816 aut

2154 847 2447 919 reprobos
2498 864 2622 906 non
2665 848 3126 923 praedestinatos
3173 846 3358 915 dixit;
3416 847 3586 921 quod
3610 850 3825 904 tamen

2155 935 2260 992 ubi
2285 936 2680 994 commodum
2708 936 2896 1004 duxit,
2921 940 3243 1009 utrumque
3274 934 3615 993 alternatim
3644 951 3822 993 com-

2152 1024 2442 1082 mendare
2474 1042 2600 1083 non
2627 1025 2891 1083 distulit:
2918 1023 3003 1081 ait
3022 1023 3183 1081 enim
3208 1022 3273 1081 in
3294 1023 3511 1081 eadem
3555 1023 3826 1098 Epistola

2154 1128 2294 1169 cum
2322 1113 2398 1171 de
2426 1114 2714 1172 electione
2744 1112 3012 1186 gentium
3068 1116 3126 1170 et
3158 1111 3581 1187 reprobatione
3628 1111 3826 1170 Judae-

2151 1217 2329 1260 orum
2359 1203 2651 1262 subtiliter
2676 1204 3089 1277 veraciterque
3127 1205 3408 1261 tractaret
3436 1220 3449 1260 :
3482 1203 3595 1260 Sin
3618 1208 3826 1261 autem

2150 1298 2303 1350 Deus
2324 1294 2526 1351 volens
2552 1293 2859 1351 ostendere
2880 1293 3035 1349 iram
3066 1298 3122 1350 et
3142 1298 3346 1349 notam
3370 1294 3580 1365 facere
3601 1298 3817 1362 poten-

2153 1382 2301 1438 tiam
2351 1397 2546 1454 suam,
2600 1382 2890 1439 sustinuit
2940 1382 3005 1437 in
3047 1382 3244 1438 multa
3291 1382 3589 1451 patientia
3670 1394 3823 1437 vasa

2151 1465 2280 1536 irae,
2340 1465 2679 1522 secundum
2734 1465 3122 1522 Ambrosium
3162 1472 3543 1536 praeparata,
3595 1478 3817 1520 secun-

2151 1553 2300 1611 dum
2351 1554 2753 1626 Augustinum
2798 1559 2857 1612 et
2903 1570 3116 1610 omnes
3163 1553 3479 1610 Africanos
3515 1554 3820 1624 perfecta,

2152 1644 2491 1701 secundum
2555 1647 2902 1701 nostrorum
2954 1643 3234 1699 codicum
3308 1641 3822 1699 consuetudinem

2150 1738 2297 1804 apta
2322 1735 2416 1790 vel
2441 1739 2655 1804 aptata
2678 1735 2743 1790 in
2769 1733 3185 1789 interitum.Ut
3209 1732 3542 1789 ostenderet
3572 1731 3827 1788 divitias

372 1826 632 1892 Scimus,
692 1820 1047 1895 inquientia,
1078 1820 1363 1893 quoniam
1418 1818 1804 1891 diligentibus
1848 1818 2040 1875 Deum
2070 1848 2112 1903 Β
2148 1823 2364 1894 gloriav
2392 1837 2518 1880 sua:
2537 1824 2601 1878 in
2629 1836 2774 1879 vasa
2804 1822 3232 1889 misem'cordiae
3279 1836 3409 1894 qua:
3434 1821 3819 1891 praeparavit

374 1914 575 1971 omnia
600 1916 1004 1982 cooperantur
1028 1911 1092 1965 in
1134 1909 1400 1965 bonum:
1432 1909 1546 1979 his,
1576 1907 1684 1980 qui
1709 1907 2039 1964 secundum
2148 1912 2210 1968 in
2232 1912 2515 1982 gloriam,
2545 1927 2685 1983 quos
2715 1918 2770 1968 et
2802 1911 3034 1968 vocavit
3064 1925 3173 1967 nos
3203 1926 3326 1966 ηοη
3357 1911 3551 1965 solum
3603 1923 3677 1965 ea;
3702 1909 3818 1963 λα..

365 2003 747 2075 propositum
768 2000 967 2057 vocati
991 2004 1169 2069 sunt;
1199 1999 1484 2071 quoniam
1515 2011 1661 2071 quos
1713 2001 1856 2053 ante
1888 2011 2039 2067 pra:-

373 2093 547 2151 scivit
595 2098 650 2149 et
685 2090 1141 2162 praedestinavit
1187 2088 1522 2157 conformes
1574 2087 1717 2156 ﬁeri
1758 2086 2037 2157 imaginis

373 2182 525 2241 Filii
548 2183 664 2252 sui,
696 2186 761 2236 ut
783 2181 859 2236 sit
889 2179 1014 2249 ipse
1036 2178 1472 2250 primogenitus
1489 2177 1553 2232 in
1585 2176 1792 2233 multis
1821 2175 2038 2246 fratri-

375 2273 482 2327 bus
499 2286 526 2330 :
548 2285 692 2343 quos
708 2274 907 2326 autem
918 2266 1393 2339 prwdestinavit,
1426 2266 1564 2322 illos
1590 2269 1646 2322 et
1673 2264 1907 2321 vocavit
1933 2278 1960 2335 ,ο
1982 2269 2037 2320 et

372 2375 520 2432 quos
551 2358 805 2425 vocavit,
830 2358 985 2427 ipsos
1010 2360 1066 2413 et
1076 2354 1441 2426 justiﬁcavit
1468 2370 1482 2421 ;
1513 2367 1659 2425 quos
1687 2358 1889 2409 autem
1908 2353 2040 2422 jus-

374 2448 646 2518 tiﬁcavit,
666 2448 824 2516 ipsos
845 2451 899 2502 et
916 2444 1281 2516 gloriﬁcavit
1296 2442 1487 2515 (Rom.
1509 2457 1634 2508 vui,
1658 2438 1866 2511 28-30).
1890 2440 2036 2495 Item

373 2535 457 2594 ad
475 2535 764 2609 Ephesios
792 2551 807 2590 :
839 2533 1200 2591 Benedictus
1226 2532 1518 2587 Dominus
1547 2534 1602 2586 et
1619 2530 1810 2586 Pater
1836 2528 2037 2584 Domi-

378 2628 449 2683 ni
471 2627 666 2683 nostri
689 2627 833 2682 Jesu
864 2622 1114 2694 Christi,
1162 2622 1273 2694 qui
1298 2619 1601 2677 benedixit
1632 2633 1738 2674 nos
1768 2619 1834 2674 in
1876 2618 2042 2673 omni

376 2716 779 2785 benedictione
808 2711 1079 2783 spiritali
1096 2712 1160 2766 in
1192 2708 1529 2766 cwlestibus
1558 2706 1623 2763 in
1649 2706 1892 2763 Christo
1923 2723 1936 2760 :
1966 2705 2037 2762 si-

372 2811 473 2862 cut
503 2805 679 2875 elegit
702 2819 809 2859 nos
852 2803 917 2858 in
954 2802 1084 2871 ipso
1110 2802 1250 2855 ante
1296 2796 1775 2853 constitutionem
1803 2793 2033 2863 mundi,

371 2898 441 2949 ut
495 2907 746 2949 essemus
797 2890 1018 2955 sancti,
1070 2893 1124 2945 et
1156 2886 1283 2942 sine
1322 2884 1566 2942 macula
1621 2884 1686 2940 in
1715 2889 2037 2953 conspectu

370 2984 501 3052 ejus
529 2983 594 3037 in
625 2980 955 3049 charitate;
968 2977 1417 3048 praedestinans
1447 2990 1555 3031 nos
1572 2974 1634 3030 in
1656 2973 2035 3043 adoptionem

366 3073 636 3142 ﬁliorum
650 3086 765 3141 per
782 3071 985 3126 Jesum
1019 3066 1325 3124 Christum
1359 3066 1421 3122 in
1461 3065 1655 3135 ipsum
1705 3064 2032 3121 secundum

363 3162 663 3232 placitum
695 3159 1026 3216 voluntatis
1055 3171 1198 3225 suae,
1220 3155 1303 3212 ad
1325 3154 1564 3212 laudem
1584 3154 1797 3224 gloria
1820 3153 2034 3224 gratiae

368 3265 494 3307 suae
517 3264 540 3321 ,'
564 3250 627 3306 in
658 3264 779 3320 qua
808 3248 1179 3320 gratiﬁcavit
1208 3260 1313 3301 nos
1338 3245 1402 3300 in
1449 3244 1668 3300 dilecto
1694 3242 1855 3300 Filio
1885 3257 1991 3298 suo
2012 3256 2034 3297 .·

365 3340 431 3396 in
457 3354 573 3410 quo
596 3337 881 3395 habemus
898 3335 1359 3406 redemptionem
1375 3347 1487 3404 per
1506 3333 1860 3403 sanguinem
1882 3333 2033 3401 ejus.

365 3428 770 3485 remissionem
785 3431 1173 3497 peccatorum
1203 3422 1534 3479 secundum
1555 3421 1801 3478 divitias
1819 3421 2034 3492 gratiae

369 3518 519 3585 ejus,
547 3531 682 3586 quce
712 3511 1228 3584 superabundavit
1276 3511 1340 3566 in
1367 3525 1473 3565 nos
1502 3510 1566 3565 in
1592 3510 1757 3566 omni
1802 3510 2037 3580 sapien-

370 3605 457 3682 tia
486 3610 539 3659 et
561 3603 917 3673 prudentia,
939 3601 1251 3659 ostendens
1273 3599 1443 3656 nobis
1471 3605 1921 3657 sacramentum
1943 3614 2040 3657 vo-

370 3693 625 3748 laniatis
643 3707 765 3748 sua
793 3690 1119 3749 secundum
1140 3689 1357 3745 bonum
1371 3689 1675 3759 placitum
1696 3690 1850 3759 ejus,
1875 3687 2038 3761 quod

366 3781 680 3852 proposuit
728 3781 791 3837 in
836 3791 955 3851 eo;
1006 3779 1088 3836 ad
1150 3778 1595 3847 dispositionem
1636 3776 2037 3849 plenitudinis

370 3877 721 3940 temporum,
750 3873 820 3925 ut
848 3872 1344 3925 restaurarentur
1390 3866 1592 3922 omnia
1648 3866 1711 3921 in
1770 3866 2033 3956 Christo,

368 3975 500 4032 quae
527 3965 667 4016 sunt
688 3959 752 4015 in
779 3958 965 4025 cadis,
993 3962 1049 4013 et
1075 3971 1207 4029 quae
1230 3970 1413 4025 super
1443 3960 1691 4010 terram.
1723 3954 1798 4010 In
1821 3956 1948 4024 ipso
1970 3954 2033 4011 in

369 4064 485 4121 quo
510 4054 566 4105 et
595 4054 754 4105 sorte
784 4049 984 4104 vocati
1008 4062 1212 4103 sumus
1243 4044 1666 4115 praedestinati
1705 4044 2034 4100 secundum

360 4139 741 4207 propositum
759 4137 872 4193 Dei
898 4147 922 4208 ;
951 4136 1028 4193 ab
1059 4151 1123 4191 eo
1150 4135 1256 4207 qui
1280 4134 1478 4190 omnia
1509 4139 1801 4203 operatur
1828 4149 2035 4191 secun-

367 4226 512 4281 dum
571 4226 887 4283 consilium
938 4223 1270 4281 voluntatis
1314 4237 1435 4278 suae
1492 4221 1732 4294 (Ephes.
1763 4238 1804 4295 ι,
1858 4223 2028 4296 3ου).

368 4313 598 4379 Quibus
615 4313 946 4388 praemissis
976 4311 1264 4383 adjungis
1288 4311 1518 4368 dicens.

938 4455 1042 4498 10A
1052 4455 1188 4496 NNES
1229 4455 1456 4496 εεοτυς.

437 4548 604 4620 (Cap.
632 4550 717 4618 tt,
748 4561 918 4605 num.
949 4549 1005 4619 4,
1030 4561 1148 4602 sec.
1177 4545 1267 4619 3.)
1288 4546 1324 4613 1-
1355 4546 1585 4603 Contra
1602 4546 1873 4603 veritatis
1905 4550 2027 4603 tam
2056 4559 2103 4615 ι)

366 4637 600 4694 claram
639 4635 842 4692 tubam
891 4636 1024 4707 quis
1053 4635 1222 4692 homo
1251 4635 1467 4692 sobriae
1495 4636 1926 4707 vigilantisque
1951 4637 2027 4705 ﬁ-

363 4726 463 4783 dei
489 4741 654 4783 voces
678 4725 963 4783 admittat
994 4725 1313 4794 humanas,
1350 4725 1483 4798 quis
1503 4740 1635 4782 mea
1650 4740 1773 4781 non
1813 4725 2027 4782 audiat

356 4815 951 4886 prwdestinationem
975 4815 1310 4872 omnimodo
1331 4828 1452 4873 esse
1470 4820 1839 4886 sanctorum,
1854 4814 2027 4872 nullo

362 4905 535 4962 modo
548 4919 723 4977 posse
738 4905 878 4976 ﬁeri
894 4905 1289 4976 reproborum
1312 4905 1340 4959 ?

1034 5046 1361 5089 CORRECTIO.

434 5138 526 5203 'I-O
547 5154 735 5211 quam
754 5139 862 5196 tibi
878 5139 1221 5197 necessaria
1240 5138 1435 5196 fuerat
1454 5137 2027 5209 sobrietas,vigilan—

363 5228 565 5302 tiaque
574 5246 728 5285 verae
741 5229 903 5301 ﬁdei,
918 5233 982 5286 ut
994 5229 1230 5286 videres
1243 5229 1392 5302 quid
1412 5229 1562 5286 tuba
1580 5228 1915 5302 apostolica
1932 5229 2024 5285 di-

361 5323 548 5376 ceret:
582 5323 640 5376 et
664 5334 1055 5391 nequaquam
1076 5320 1449 5390 excogitares
1478 5318 1645 5392 quod
1671 5321 1851 5375 tantm
1882 5334 2022 5376 con-

360 5411 569 5465 centus
583 5407 742 5465 tuba;
765 5407 1013 5464 minime
1030 5407 1350 5465 sonuisset.
1371 5407 1694 5482 Apostolus
1720 5407 2022 5481 siquidem

359 5496 422 5553 in
438 5498 534 5553 his
561 5514 694 5571 quae
713 5497 1087 5571 proposuisti
1111 5496 1404 5571 exemplis
1424 5500 1614 5554 totam
1627 5496 2020 5555 intentionem

360 5601 535 5641 suam
563 5586 644 5642 ad
670 5585 995 5643 electorum
1018 5586 1747 5659 Deiprsedestinationem,
1769 5590 1825 5642 et
1843 5585 2021 5656 glori-

359 5672 702 5730 ﬁcationem
717 5675 1270 5733 commendandam
1284 5676 1641 5748 prmdicator
1661 5675 1923 5732 veritatis
1934 5675 2021 5732 di-

362 5766 595 5816 rexerat
610 5778 623 5816 :
639 5762 994 5836 nullamque
1007 5765 1406 5837 reproborum
1416 5807 1429 5834 ,
1444 5765 1540 5821 vel
1550 5765 2016 5837 praedestinatio-

362 5847 626 5914 nem,vel
634 5846 1088 5912 damnatlonem
1099 5854 1388 5913 adnotare
1405 5853 1690 5924 subierat,
1708 5852 2014 5927 quodjam

2147 2003 2310 2071 daeis,
2337 2003 2440 2060 sed
2459 2004 2638 2059 etiam
2670 2017 2745 2059 ex
2770 2003 3045 2073 gentibus
3068 2001 3255 2074 (Rom.
3287 1999 3594 2073 Ix,22-24),
3623 2003 3681 2055 et
3706 2014 3820 2055 caa-

2148 2095 2275 2148 tera
2300 2108 2436 2165 quae
2456 2094 2810 2164 sequuntur.
2842 2090 2902 2147 Si
2918 2089 3256 2146 secundum
3274 2104 3348 2146 ea
3370 2087 3584 2163 quaein
3600 2103 3821 2161 praece-

2147 2179 2430 2237 dentibus
2453 2181 2811 2237 conﬁrmare
2840 2178 3084 2236 molitus
3105 2194 3189 2248 es,
3220 2177 3371 2235 nihil
3400 2180 3489 2234 est
3522 2176 3686 2233 aliud
3713 2176 3822 2233 Dei

2145 2269 2591 2345 prtedestinatio
2603 2285 2792 2343 quam
2804 2267 3166 2343 praeparatio
3180 2282 3436 2341 operum
3444 2264 3820 2339 illius,quare

2143 2358 2460 2416 manifeste
2490 2358 2829 2432 Apostolus,
2851 2372 2999 2415 vasa
3031 2358 3139 2413 ira:
3163 2362 3519 2428 przparata
3547 2355 3641 2413 vel
3662 2369 3809 2425 per-

2141 2447 2307 2517 fecta
2322 2447 2570 2517 velapta
2580 2448 2702 2503 sive
2716 2450 2929 2516 aptata
2940 2445 3003 2501 in
3015 2444 3327 2502 interitum
3340 2442 3608 2501 clamitat
3622 2458 3821 2499 :nam-

2146 2535 2224 2591 de
2227 2536 2535 2607 ,varietate
2554 2534 2950 2607 interpretum
2968 2550 3095 2590 non
3124 2537 3217 2591 est
3258 2549 3467 2591 meum
3491 2532 3765 2606 judicare
3797 2550 3812 2589 :

2147 2628 2449 2699 quantum
2479 2628 2685 2681 tamen
2712 2623 2792 2681 ad
2845 2638 3048 2679 meam
3090 2622 3297 2680 attinet
3346 2621 3814 2695 simplicitatem,

2160 2716 2378 2770 cuncta
2400 2716 2459 2769 et
2474 2711 2700 2784 recipio
2747 2714 2807 2768 et
2832 2710 3130 2784 approbo.
3161 2711 3241 2780 Si,
3290 2710 3567 2784 inquam,
3599 2725 3816 2766 secun-

2146 2801 2294 2858 dum
2314 2800 2700 2857 Ambrosium
2720 2816 2865 2857 vasa
2886 2802 2995 2858 ira:
3007 2806 3365 2871 praeparata
3376 2806 3517 2858 sunt
3534 2802 3596 2858 in
3607 2802 3814 2857 interi-

2147 2896 2295 2961 tum,
2327 2894 2385 2947 et
2396 2889 2573 2961 juxta
2608 2887 2989 2945 deﬁnitiones
3035 2893 3169 2946 tuas
3198 2888 3628 2962 przedestinare
3656 2887 3811 2946 nihil

2145 2982 2235 3036 est
2254 2977 2419 3035 aliud
2449 2993 2636 3051 quam
2656 2993 2995 3051 praeparare
3020 2995 3033 3033 :
3056 2977 3247 3050 liquet
3269 2977 3538 3050 profecto
3563 2980 3818 3051 Aposto-

2144 3068 2273 3125 lum
2305 3084 2448 3125 vasa
2478 3070 2584 3124 irae
2606 3073 2957 3139 praaparata
2980 3068 3044 3123 in
3059 3068 3391 3135 interitum,
3413 3082 3810 3139 nequaquam

2143 3158 2309 3216 aliud
2341 3158 2599 3215 sensisse
2627 3174 2817 3231 quam
2836 3157 3281 3232 praedestinata,
3301 3157 3593 3232 quoniam
3607 3157 3811 3213 omnis

2144 3248 2418 3321 ejusdem
2468 3247 2812 3320 apostolicis
2886 3247 3312 3322 disputationis
3360 3246 3814 3304 circumstantia

2143 3340 2260 3396 hoc
2278 3338 2441 3396 idem
2472 3339 2753 3408 continet,
2801 3337 2956 3395 adeo
2988 3341 3056 3394 ut
3093 3337 3298 3393 nullus
3328 3337 3545 3395 sobriae
3588 3336 3811 3393 mentis

2144 3428 2315 3485 aliter
2354 3427 2559 3484 locum
2598 3426 2884 3484 eumdem
2939 3426 3283 3500 apostolicae
3355 3424 3809 3500 praedicationis

2145 3516 2497 3574 intellexisse
2517 3520 2624 3573 aut
2645 3515 2925 3573 docuisse
2955 3514 3256 3572 ullatenus
3286 3515 3638 3589 reperiatur.

2216 3606 2287 3662 Et
2312 3605 2466 3675 licet,
2488 3605 2637 3662 mihi
2652 3608 2955 3662 tantorum
2987 3604 3366 3677 pontiﬁcum,
3389 3603 3692 3661 Ambrosii
3719 3604 3808 3661 vi-

2145 3695 2362 3755 delicet
2378 3698 2437 3753 et
2480 3694 2821 3767 Augustini,
2850 3694 2916 3752 iu
2939 3694 3269 3753 assertione
3308 3694 3492 3766 hujus
3520 3694 3607 3751 rei
3639 3693 3808 3750 suffi-

2146 3784 2262 3842 ciat
2290 3784 2639 3853 auctoritas,
2673 3800 2751 3840 ne
2781 3783 2878 3841 cui
2908 3786 3112 3840 tamen
3142 3783 3650 3857 interpretationis
3680 3783 3807 3839 dis-

2143 3874 2362 3948 pliceat
2380 3874 2658 3939 varietas,
2689 3873 2853 3929 idem
2871 3872 3196 3946 Apostolus
3216 3872 3486 3929 scribens
3515 3872 3595 3930 ad
3608 3873 3808 3930 Corin-

2145 3964 2324 4033 thios,
2358 3963 2441 4020 ait
2472 3979 2485 4020 :
2512 3963 2671 4019 Puto
2702 3977 2808 4019 nos
2842 3964 3001 4019 Deus
3023 3963 3202 4033 elegit
3245 3963 3591 4020 novissimos
3637 3977 3806 4033 apos-

2146 4058 2296 4114 tolos
2328 4062 2619 4127 tanquam
2631 4055 2815 4111 morti
2828 4055 3154 4111 destinatos
3183 4055 3241 4126 (Ι
3260 4053 3397 4111 Cor.
3420 4069 3498 4125 1v,
3517 4058 3575 4124 9)
3603 4052 3805 4126 ;quod

2142 4162 2221 4203 ne
2267 4143 2637 4202 amicissima
2666 4142 2775 4199 tibi
2825 4142 3180 4216 pervesitate
3222 4143 3604 4215 detorqueas,
3657 4142 3803 4198 audi

2141 4236 2398 4310 qualiter
2428 4237 2483 4292 S.
2514 4233 2869 4290 Ambrosius
2927 4236 3208 4305 exponat.
3255 4232 3606 4289 Ambrosius
3635 4232 3722 4304 (in
3771 4233 3809 4287 Ι

2145 4327 2421 4383 Corinth.
2449 4340 2534 4391 1v,
2566 4323 2649 4396 IX)
2685 4340 2699 4379 :
2732 4324 2873 4395 [Hoc
2895 4322 3033 4379 ideo
3060 4338 3336 4396 personae
3370 4338 3497 4379 suae
3527 4320 3800 4395 deputat,

2142 4415 2248 4487 qui
2291 4430 2531 4488 semper
2575 4414 2637 4470 in
2667 4412 3023 4469 necessitate
3068 4410 3199 4482 fuit,
3249 4411 3701 4485 persecutiones
3745 4414 3804 4467 et

2140 4522 2459 4582 pressuras
2486 4503 2645 4561 ultra
2672 4507 2919 4560 caeteros
2937 4518 3176 4577 passus,
3211 4502 3365 4559 sicut
3393 4501 3636 4576 passuri
3663 4503 3803 4558 sunt

2142 4597 2387 4655 Henoch
2414 4599 2474 4652 et
2502 4594 2684 4663 Elias,
2726 4593 2833 4667 qui
2860 4592 3074 4650 ultimo
3106 4596 3375 4666 tempore
3427 4592 3611 4651 futuri
3662 4596 3804 4649 sunt

2139 4686 2428 4760 apostoli:
2453 4684 2606 4742 mitti
2633 4682 2797 4740 enim
2818 4682 3048 4740 habent
3070 4686 3208 4739 ante
3231 4682 3530 4740 Christum
3554 4682 3633 4740 ad
3654 4697 3803 4756 prie-

2137 4772 2795 4851 parandumpopulum
2816 4772 2939 4835 Dei,
2960 4775 3016 4828 et
3032 4772 3404 4831 muniendas
3444 4788 3657 4831 omnes
3703 4775 3804 4830 Ec-

2136 4867 2351 4924 elesias
2384 4865 2465 4924 ad
2494 4861 2899 4921 resistendum
2927 4861 3313 4933 Antichristo,
3335 4878 3492 4936 quos
3522 4866 3581 4920 et
3599 4877 3803 4935 perse—

2136 4955 2404 5013 cutiones
2431 4951 2559 5026 pati
2586 4955 2645 5008 et
2670 4950 2865 5008 occidi
2892 4949 3067 5008 lectio
3094 4950 3492 5025 Apocalypsis
3526 4953 3798 5006 testatur.

2135 5044 2366 5100 Horum
2391 5056 2534 5110 ergo
2554 5044 2793 5112 tempus
2815 5055 2925 5096 suo
2945 5039 3203 5114 tempori
3219 5036 3589 5112 comparavit
3607 5037 3800 5108 Apos-

2134 5131 2289 5191 tolus
2316 5131 2545 5201 dicens,
2574 5129 2749 5204 quasi
2778 5130 2961 5185 morti
2983 5129 3309 5186 destinatos
3342 5142 3355 5183 :
3386 5124 3468 5181 ad
3494 5123 3612 5181 hoc
3633 5125 3795 5183 enim

2132 5222 2371 5281 venturi
2389 5224 2531 5278 sunt
2556 5223 2623 5276 ut
2643 5218 3046 5289 occidantur.]
3078 5217 3112 5283 ἦ·
3141 5219 3207 5274 Et
3234 5216 3298 5272 in
3326 5214 3481 5271 libro
3502 5214 3791 5272 Ecclesia-

2134 5312 2280 5370 stico
2308 5311 2525 5382 legitur
2550 5326 2563 5365 :
2601 5310 2759 5365 Deus
2778 5306 3028 5379 paravit
3074 5306 3251 5362 illum
3276 5305 3358 5363 ad
3383 5304 3791 5375 rhomphwam

2134 5401 2343 5473 (Eccli.
2375 5416 2535 5463 xxvr,
2560 5400 2677 5468 27).
2708 5400 2780 5453 Et
2824 5397 2952 5469 ipse
2983 5394 3279 5452 Dominus
3309 5394 3389 5452 ad
3412 5393 3527 5452 Job
3558 5410 3699 5454 eum
3741 5393 3793 5450 ei

2130 5488 2611 5548 malitiosissima
2671 5489 2730 5544 et
2773 5489 2943 5542 extra
2971 5485 3160 5542 Deum
3190 5483 3586 5541 invictissima
3625 5497 3791 5540 arma

2130 5585 2313 5654 atque
2340 5580 2702 5651 argumenta
2740 5574 2972 5633 diaboli
3003 5578 3351 5649 exponeret.
3384 5573 3526 5643 Quae
3559 5587 3793 5644 praepa-

2127 5671 2285 5739 ravi,
2315 5669 2599 5743 inquit,in
2627 5667 2783 5723 diem
2829 5680 3053 5736 pugna:
3110 5671 3167 5722 et
3200 5666 3344 5722 belli
3370 5663 3497 5736 (Job
3544 5677 3786 5731 xxxvm,

2124 5764 2233 5831 23),
2264 5759 2487 5832 quibus
2529 5755 2909 5814 documentis
2970 5754 3287 5812 manifeste
3345 5753 3668 5810 destruitur
3698 5755 3784 5807 tu-

2125 5864 2299 5911 orum
2322 5847 2602 5909 astructio
2622 5843 3080 5907 mendaciorum
3085 5844 3333 5919 ,quibus
3351 5842 3783 5917 praescientiam
