3936 6374
95 288 219 342 1161
309 319 314 324 -

1056 290 1146 344 DE
1184 288 1853 348 PREDESTINATIONE
1881 285 2164 344 CONTRA
2186 287 2238 342 J.
2275 289 2554 346 SCOTUM

3385 289 3522 346 1162

90 413 147 466 et
185 409 794 482 praedestinationem,
844 411 938 468 vel
982 414 1488 485 praeparationem
1542 413 1643 470 Dei
1683 412 1746 468 in
1775 413 1824 468 Α
1864 415 2020 468 teros
2051 412 2325 485 adeoque
2357 415 2591 469 sanctos
2614 407 3362 484 Patres,maximequeisto
3383 427 3526 469 con-

93 499 290 554 electis
319 503 554 556 tantum
584 501 661 557 ad
698 501 906 572 vitam,
958 519 1080 558 non
1128 503 1309 559 etiam
1366 506 1426 561 in
1473 503 1747 577 reprobis

91 587 181 644 vel
231 589 308 645 ad
357 605 591 661 poenas,
627 591 985 648 conﬁrmare
1018 591 1400 665 pertinaciter
1430 591 1750 650 studuisti:

91 678 373 750 quamvis
411 679 485 734 de
544 679 638 734 his
685 681 974 736 omnibus
1020 681 1163 737 satis
1209 683 1273 737 in
1316 681 1752 756 superioribus,

93 772 387 838 quantum
417 784 528 842 pro
558 770 1002 842 opportunitate
1042 771 1238 826 visum
1274 775 1383 840 est,
1430 770 1752 842 egerimus.

94 861 208 912 Aut
232 856 411 927 igitur
439 858 811 931 reprehende
843 859 1233 916 Ambrosium
1256 859 1754 932 etAugustinum,

95 961 318 1018 eosque
343 947 663 1009 mendacii,
696 947 820 1004 imo
867 949 1167 1005 haereseos
1198 965 1384 1020 argue
1419 967 1432 1018 ;
1479 953 1583 1006 aut
1611 947 1758 1020 quia

94 1034 154 1089 id
180 1034 308 1090 fieri
337 1036 503 1092 nullo
532 1036 716 1092 modo
747 1038 1287 1109 potest,humiliare
1318 1042 1624 1095 tantorum
1657 1039 1756 1092 l’a-

98 1127 253 1180 trum
284 1125 698 1182 saluberrimis
726 1127 938 1195 sensis,
989 1132 1048 1184 et
1089 1129 1292 1195 fatere,
1343 1127 1512 1201 quod
1545 1142 1758 1184 verum

95 1218 201 1283 est,
233 1215 696 1287 prteseientiam,
727 1216 1321 1288 praedestinationem
1363 1221 1419 1272 et
1449 1231 1756 1290 praepara-

96 1302 319 1360 tionem
346 1304 448 1360 Dei
476 1304 779 1377 bifariam,
823 1305 887 1361 id
917 1309 1006 1362 est
1027 1311 1085 1363 et
1113 1307 1192 1363 ad
1218 1306 1458 1374 electos,
1488 1311 1546 1364 et
1573 1306 1652 1363 ad
1673 1322 1757 1362 re-

92 1392 323 1464 probos
351 1393 668 1466 pertinere.

166 1483 272 1538 His
297 1483 646 1556 apostolicis
667 1485 974 1541 sententiis
994 1485 1162 1542 nulla
1182 1485 1762 1559 obscuritate,quan.

95 1575 224 1626 tum
253 1571 332 1626 ad
359 1571 799 1643 praescientiam
836 1578 894 1631 et
935 1574 1523 1647 praedestinationem
1550 1575 1652 1631 Dei
1679 1579 1763 1632 at-

98 1659 263 1727 tinet,
294 1659 600 1732 involutis,
623 1661 966 1719 nullatenus
995 1663 1072 1719 ad
1096 1679 1308 1720 eorum
1332 1680 1470 1737 quae
1494 1668 1762 1720 astruere

1864 501 2184 557 trariorum
2215 518 2434 572 genere
2475 502 2536 558 in
2571 499 2921 558 tractatibus
2958 499 3080 555 suis
3109 501 3524 558 sermonibus-

1860 605 1980 662 que
2011 590 2090 646 ad
2116 591 2411 664 populum
2441 589 2788 654 enuntiatis,
2815 605 2958 645 usos
2987 589 3172 645 fuisse
3197 591 3328 662 jam
3367 590 3524 646 dixi-

1860 697 1998 736 mus
2030 701 2042 737 :
2075 681 2378 754 praecipue
2412 686 2614 739 tamen
2645 697 2682 739 a
2710 679 3010 738 vocabulo
3052 680 3528 754 praedestinatio-

1860 771 1954 826 nis
1983 770 2222 841 divinae,
2243 770 2303 827 id
2330 787 2520 842 genus
2545 769 2864 828 locutionis
2884 769 3095 843 procul
3115 769 3330 828 abesse
3357 785 3529 828 sane.

1862 865 1957 917 tus
1987 860 2328 931 Fulgentius
2358 861 2604 935 proprio
2633 860 2696 917 in
2721 859 2838 917 hoc
2862 860 3068 934 ipsum
3089 859 3248 917 edito
3277 859 3531 918 volumi-

1862 956 2023 1021 ne,et
2053 951 2309 1024 Prosper
2325 951 2545 1024 aliique
2568 949 2933 1024 complures,
2955 949 3124 1007 omni
3153 950 3416 1021 ambage
3441 967 3531 1008 se.

1862 1040 2375 1112 mota.perspicue
2415 1041 2669 1098 edocent
2702 1057 2715 1095 ε
2749 1039 3308 1113 praedestinationes
3348 1040 3530 1096 etiam

1861 1129 2174 1202 pluraliter
2202 1129 2584 1199 elferri,beati
2615 1129 2878 1200 Gregorii
2901 1144 3076 1202 papae
3109 1134 3290 1202 atque
3321 1129 3532 1185 lsidori

1865 1217 2133 1290 episcopi
2172 1217 2482 1274 sententiis
2531 1217 2960 1274 indicavimus.
3017 1219 3233 1274 Verum
3263 1218 3430 1291 quod
3453 1218 3533 1274 ad

1865 1321 1995 1362 rem
2026 1305 2256 1378 attinet,
2285 1323 2493 1380 quaero
2515 1311 2716 1364 utrum
2729 1306 2959 1378 judicia
2979 1306 3080 1363 Dei
3101 1306 3196 1362 vel
3215 1307 3339 1363 duo
3360 1311 3535 1380 quot-

1865 1394 2028 1466 libet,
2061 1395 2157 1451 vel
2205 1412 2394 1452 unum
2445 1394 2828 1466 singulariter
2857 1411 3105 1452 censeas
3133 1397 3161 1453 ?
3209 1399 3360 1452 Nam
3385 1395 3536 1452 mihi

1865 1484 2313 1558 praedestinatio
2339 1489 2395 1542 et
2411 1485 2708 1557 judicium
2732 1484 2833 1541 Dei
2861 1484 2923 1540 in
2949 1488 3185 1540 tantum
3216 1485 3536 1541 convenire

1868 1573 2167 1645 videntur,
2198 1579 2263 1631 ut
2291 1590 2476 1632 unum
2507 1574 2632 1630 sine
2651 1574 2838 1631 altero
2863 1589 2992 1630 esse
3014 1589 3138 1630 non
3159 1574 3538 1646 possit.Sicut

1869 1663 2031 1718 enim
2061 1663 2617 1736 praedestinatio,ita
2645 1668 2702 1720 et
2747 1663 3044 1736 judicium
3086 1663 3186 1717 Dei
3235 1663 3539 1735 quosdam

99 1753 350 1806 conatus
381 1766 444 1806 es
473 1749 1192 1826 pertinentibus,ideoque
1208 1753 1449 1809 veritate
1469 1753 1764 1826 privatus,
1792 1772 1833 1826 Β
1869 1752 2034 1808 ducit
2065 1752 2146 1809 ad
2176 1768 2456 1823 regnum,
2485 1753 2794 1826 quosdam
2824 1752 3080 1808 damnat
3102 1750 3167 1806 in
3194 1753 3538 1807 Tartarum:

99 1838 316 1895 transis
346 1839 426 1896 ad
473 1855 545 1896 ea
595 1841 936 1898 testimonia
979 1859 1116 1915 quae
1147 1859 1220 1899 ex
1249 1843 1412 1899 beati
1451 1842 1768 1914 Augustini

99 1929 333 2001 scriptis
363 1930 806 1986 Gottcschalcus
838 1931 1220 2005 decerpserit,
1254 1937 1435 2005 atque
1470 1931 1551 1987 ad
1586 1947 1766 1988 suum

100 2033 384 2086 errorem,
416 2022 482 2074 ut
509 2018 618 2087 ais,
645 2019 1124 2086 detorserit.Quae
1147 2020 1296 2076 dum
1317 2035 1440 2076 non
1468 2020 1770 2076 intellecta

101 2107 319 2164 asseris
345 2109 681 2164 secundum
707 2109 1080 2182 Apostolum,
1115 2111 1255 2167 aliis
1275 2111 1516 2166 odorem
1547 2110 1683 2166 vita:
1705 2109 1768 2164 in

103 2199 307 2269 vitam,
335 2199 474 2255 aliis
504 2199 744 2256 odorem
770 2201 975 2256 mortis
1005 2201 1070 2256 in
1096 2207 1344 2257 mortem
1361 2199 1608 2269 facta(II
1626 2200 1766 2256 Cor.

101 2288 516 2360 11,16),utinam
539 2292 597 2345 et
616 2288 744 2362 ipse
784 2305 934 2346 sano
965 2291 1158 2363 capite
1190 2290 1268 2347 ad
1293 2306 1364 2346 ea
1393 2293 1770 2362 perscrutan-

104 2376 181 2434 da
209 2377 558 2451 simpliciter
569 2378 988 2447 aceederes,ne
1018 2384 1215 2437 tantas
1237 2379 1312 2436 de
1330 2379 1414 2436 eis
1435 2378 1770 2435 vomituum

105 2484 370 2526 nauseas
396 2474 719 2528 eruetares.
743 2471 940 2526 Tanta
969 2471 1195 2544 quippe
1222 2471 1520 2528 dictorum
1537 2485 1774 2526 eorum-

107 2559 241 2615 dem
273 2560 391 2633 piis
419 2561 725 2617 mentibus
749 2561 1122 2635 perspicacia
1153 2562 1437 2632 elucet,ut
1464 2561 1527 2616 in
1558 2577 1770 2617 eorum

106 2649 506 2722 intelligentiis
535 2653 656 2708 ﬁde
685 2657 866 2725 atque
915 2652 1266 2709 auctoritate
1315 2652 1513 2723 dignis
1567 2651 1772 2707 nullus

107 2740 347 2812 piorum
377 2741 575 2798 valeat
588 2741 1012 2798 htesitare.'l‘ibi
1037 2742 1240 2815 itaque
1263 2741 1377 2798 nisi
1421 2741 1593 2798 citius
1624 2739 1772 2796 resi-

109 2829 496 2903 pueris,facta
521 2835 661 2888 sunt
680 2831 831 2888 odor
856 2832 1066 2888 mortis
1087 2832 1146 2888 in
1164 2836 1632 2904 mortem,quem
1648 2845 1774 2886 non

111 2924 172 2975 ut
201 2920 279 2976 ab
323 2936 396 2977 eo
422 2921 602 2991 dicta,
651 2921 760 2977 sed
787 2927 852 2977 ut
880 2938 917 2978 a
940 2926 1045 2978 tua
1075 2923 1366 2994 pravitate
1415 2921 1776 2994 interpolata

111 3010 654 3082 sunt,interpretari
682 3010 967 3068 fallaciter
985 3029 1109 3068 non
1139 3011 1518 3068 erubuit.lste
1549 3011 1776 3084 quippe

1871 1841 2005 1897 illos
2032 1857 2141 1914 per
2167 1841 2666 1909 misericordiam,
2700 1841 2846 1898 istos
2877 1855 2985 1914 per
3018 1839 3335 1910 justitiam.
3381 1839 3545 1895 Judi-

1871 1929 1996 1986 cari
2019 1934 2222 1986 autem
2251 1935 2309 1986 et
2337 1930 2534 1987 bonos
2555 1934 2612 1987 et
2640 1930 2836 1986 malos
2868 1946 3009 1985 eum
3039 1942 3252 1984 omnes
3283 1923 3542 1997 Scriptu-

1873 2035 1954 2075 rte
1986 2023 2292 2090 testentur,
2346 2018 2620 2074 sufﬁcere
2670 2017 2954 2091 praesenti
2999 2015 3220 2072 actioni
3248 2030 3442 2071 unum
3469 2028 3544 2068 ex

1875 2107 2196 2179 Evangelio
2228 2108 2464 2165 Domini
2491 2107 2906 2164 testimonium
2937 2104 3264 2174 credimus,
3296 2120 3420 2178 quo
3437 2103 3539 2160 ait:

1877 2197 2027 2255 Cum
2059 2199 2285 2254 venerit
2303 2199 2470 2268 ﬁlius
2496 2198 2752 2254 hominis
2779 2198 2841 2252 in
2859 2199 3175 2267 majestate
3195 2210 3324 2263 sua,
3348 2199 3402 2250 et
3424 2209 3544 2249 om-

1875 2303 1978 2344 nes
2009 2288 2368 2359 angelicum
2397 2293 2634 2355 eo,tunc
2658 2286 2881 2343 sedebit
2903 2300 3083 2355 super
3102 2285 3298 2341 sedem
3325 2285 3544 2353 majes-

1880 2378 2019 2434 tatis
2031 2382 2236 2434 sucezet
2251 2377 2782 2449 congregabuntur
2793 2381 2934 2433 ante
2951 2391 3080 2433 eum
3100 2389 3301 2432 omnes
3317 2379 3542 2445 gentes,

1878 2473 1934 2524 et
1961 2467 2268 2535 separabit
2296 2482 2391 2523 eos
2421 2467 2503 2523 ad
2531 2467 2782 2523 invicem
2814 2466 2968 2522 sicut
3012 2470 3228 2534 pastor
3266 2465 3542 2534 segregat

1878 2571 2011 2612 oves
2042 2555 2116 2612 ab
2149 2555 2353 2612 haedis.
2396 2556 2478 2611 Et
2519 2561 2742 2612 statuet
2789 2555 3028 2626 quidem
3079 2568 3211 2610 oves
3242 2567 3280 2608 a
3310 2551 3543 2607 dextris

1878 2646 2019 2707 suis,
2054 2644 2254 2701 haedos
2285 2650 2483 2702 autem
2505 2659 2543 2701 a
2570 2645 2854 2700 sinistris.
2921 2644 3088 2699 Tunc
3135 2642 3291 2698 dicet
3321 2655 3432 2698 rex
3454 2638 3549 2695 his

1879 2737 1985 2807 qui
2013 2750 2051 2792 a
2081 2735 2312 2792 dextris
2333 2737 2462 2805 ejus
2488 2740 2666 2791 erunt
2708 2751 2722 2790 :
2775 2735 2995 2800 Venite,
3024 2731 3316 2789 benedicti
3339 2729 3549 2787 Patris

1879 2826 2013 2893 mei,
2028 2825 2324 2895 possidete
2345 2830 2636 2896 paratum
2664 2823 3089 2894 vobisregnum
3115 2837 3153 2878 a
3175 2819 3549 2877 constitutio-

1882 2930 1958 2972 ne
1985 2915 2237 2971 mundi:
2275 2915 2526 2971 Esurivi
2548 2915 2705 2970 enim
2753 2918 2811 2969 et
2849 2913 3096 2969 dedistis
3120 2911 3276 2967 mihi
3298 2909 3552 2966 mandu-

1884 3018 2043 3070 care,
2087 3003 2253 3059 sitivi
2281 3008 2336 3058 et
2360 3003 2606 3059 dedistis
2629 3001 2783 3057 mihi
2809 3001 3026 3065 bibere,
3058 3001 3268 3069 hospes
3299 3013 3464 3056 eram
3495 3000 3552 3053 et

112 3115 238 3156 mos
265 3099 499 3155 cunctis
527 3099 820 3155 haereticis
866 3101 1049 3156 fuisse
1094 3100 1490 3172 dignoscitur,
1528 3105 1592 3156 ut
1613 3116 1777 3172 quaa-
1804 3129 1846 3182 ο
1885 3093 2209 3163 coltegistis
2237 3105 2374 3160 me;
2395 3091 2614 3160 nudus,
2647 3095 2703 3146 et
2734 3089 3052 3159 operuistis
3077 3104 3169 3143 me
3188 3101 3218 3182 _,'
3247 3087 3548 3182 inﬁrmus,

113 3205 347 3262 cunque
378 3189 730 3262 prophetica
759 3194 816 3246 et
839 3189 1170 3263 apostolica
1193 3193 1558 3263 Patrumque
1578 3190 1778 3245 ortho-

114 3278 411 3336 doxorum
441 3279 602 3335 dicta
650 3279 777 3334 suis
818 3279 1123 3348 ﬁgmentis
1171 3279 1491 3350 contraria,
1552 3283 1657 3335 aut
1697 3278 1772 3334 de

116 3369 233 3422 suis
265 3367 578 3424 codicibus
609 3368 1055 3438 eraderent,aut
1082 3368 1329 3424 eosdem
1350 3366 1536 3424 libros
1557 3382 1777 3424 exauc-

118 3460 396 3528 torarent,
423 3461 526 3514 aut
545 3463 700 3514 certe
727 3457 1019 3531 perversis
1039 3456 1632 3530 interpretationibus
1678 3455 1777 3511 de-

117 3547 711 3620 pravarent,suisque
724 3547 1026 3604 erroribus
1049 3546 1480 3604 conﬁrmandis
1504 3561 1780 3620 quocun-

121 3651 232 3708 que
263 3636 525 3693 colludio
550 3636 926 3708 agglutinare
955 3641 1298 3708 satagerent
1343 3654 1357 3692 :
1413 3636 1510 3692 cui
1550 3641 1604 3692 te
1632 3635 1778 3692 vitio

122 3724 269 3783 ultra
296 3731 546 3783 caeteros
574 3726 1141 3797 inservisse,nullus,
1169 3725 1272 3799 qui
1301 3729 1404 3782 tua
1424 3724 1589 3796 legit,
1607 3725 1780 3796 igno-

121 3820 228 3872 rat.
259 3816 470 3873 Positis
499 3815 678 3886 igitur
703 3816 1056 3872 testimoniis
1080 3815 1400 3872 memorati
1430 3813 1780 3887 Patris,qui-

123 3903 231 3960 bus
258 3906 481 3980 impios
507 3906 586 3963 ad
610 3905 917 3963 interitum
938 3905 1397 3978 praedestinatos
1437 3903 1528 3961 vel
1552 3919 1784 3978 praepa-

126 3998 278 4052 ratos
318 3995 682 4052 creberrime
708 3995 943 4062 dixerit,
991 3995 1139 4068 quia
1169 4010 1394 4065 negare
1437 3993 1782 4050 nullatenus

129 4087 378 4156 poteras,
401 4084 737 4157 depravare
767 4083 1102 4148 contendis,
1148 4087 1215 4138 ut
1252 4099 1393 4139 eum
1422 4082 1698 4152 ﬁgurate,
1721 4079 1784 4136 id

131 4176 213 4228 est
235 4189 270 4230 a
290 4175 590 4232 contrario
619 4190 691 4231 ea
717 4173 941 4229 dixisse
972 4173 1302 4240 mentiaris,
1335 4171 1504 4244 quod
1525 4187 1636 4227 nec
1665 4170 1783 4243 ille,

131 4275 234 4318 nec
277 4265 581 4338 quispiam
632 4264 950 4321 doctorum
1006 4262 1304 4319 duntaxat
1351 4260 1786 4318 catholicorum

133 4350 328 4412 fecisse
357 4355 754 4413 convincitur.
788 4354 942 4411 Dicis
972 4353 1197 4427 itaque.

705 4497 942 4540 JOANNES
975 4495 1198 4537 SCOTUS.

206 4589 364 4664 (Cap.
403 4597 456 4649 Η
470 4633 489 4664 ,
521 4607 690 4648 num.
725 4596 779 4661 5,
809 4557 1058 4662 θεαὶ.)
1088 4594 1127 4642 Θ
1157 4587 1298 4656 Quis
1320 4587 1475 4645 enim
1501 4586 1788 4658 ignoran-

143 4677 278 4736 tium
308 4683 510 4738 modos
543 4681 909 4737 locutionum
959 4679 1174 4752 quibus
1210 4677 1411 4734 sancti
1454 4677 1668 4733 Patres
1700 4674 1792 4731 uti

143 4769 342 4841 solent,
372 4788 496 4829 non
519 4772 710 4842 facile
737 4771 921 4842 possit
968 4769 1177 4825 seduci
1203 4766 1503 4825 audiendo
1529 4766 1790 4836 praedes-

147 4858 351 4917 tinatos
373 4869 594 4919 aeterno
619 4861 752 4933 igni
769 4865 1154 4932 prazparatos
1177 4858 1258 4914 ad
1287 4858 1444 4914 iram
1479 4857 1612 4927 Dei,
1642 4869 1795 4925 pra:-

147 4946 458 5008 deslinatos
482 4952 663 5007 morti
689 4951 1083 5020 sempiterna,
1112 4947 1574 5017 praedestinatos
1599 4944 1680 5000 ad
1711 4944 1797 5000 in-

151 5040 398 5112 teritum,
429 5041 513 5099 ad
532 5056 798 5112 poenam,
850 5045 1182 5109 caeteraque
1224 5036 1289 5091 id
1333 5051 1543 5106 genus,
1574 5039 1640 5089 ut
1670 5035 1799 5088 sine

151 5127 274 5186 ulla
302 5131 672 5190 haesitatione
696 5130 981 5188 concedat
1011 5133 1117 5186 aut
1147 5126 1299 5184 duas
1320 5124 1801 5196 praedestinatio—

153 5233 267 5278 nes.
297 5237 477 5280 unam
519 5224 706 5294 plane
753 5226 1124 5289 sanctorum,
1182 5218 1441 5274 alteram
1477 5213 1799 5284 impiorum

155 5307 368 5368 sibimet
382 5328 494 5382 per
523 5312 724 5369 omnia
754 5310 1116 5379 contrarias,
1146 5311 1254 5364 aut
1291 5322 1475 5362 unam
1502 5303 1800 5361 eamdem-

157 5412 261 5466 que
278 5399 539 5462 divinam
566 5400 1156 5474 praedestinationem
1180 5402 1533 5467 sanctosque
1562 5393 1802 5463 impios-

163 5501 265 5556 ίΙαϐ
287 5494 580 5563 amplecti,
617 5507 864 5562 eamque
916 5490 1100 5546 simul
1145 5487 1616 5555 contrariorum,
1646 5481 1807 5555 quod

164 5578 308 5633 ratio
344 5581 613 5654 denegat,
646 5597 768 5639 esse
795 5594 1095 5651 capacem.

809 5703 1136 5745 CORRECTIO.

194 5875 208 5887 _
236 5794 274 5865 1"
302 5798 580 5872 Figuratis
596 5797 1002 5858 locutionibus
1014 5810 1127 5852 nec
1146 5791 1551 5867 Augustinum
1565 5803 1680 5848 nec
1697 5773 1807 5846 cae-

617 5901 864 5956 PAIROI..
905 5896 1070 5951 CXV.

1815 4480 1862 4534 D

1884 3187 1936 3238 et
1971 3182 2255 3238 visitastis
2280 3181 2473 3251 me;in
2496 3194 2738 3236 carcere
2758 3193 2946 3248 eram,
2979 3181 3033 3234 et
3060 3175 3302 3232 venistis
3331 3174 3412 3231 ad
3435 3189 3548 3230 me.

1893 3271 2058 3325 Tunc
2119 3269 2564 3338 respondebunt
2616 3273 2670 3324 et
2719 3266 2881 3337 justi
2929 3265 3189 3321 dicentes
3217 3278 3241 3320 .·
3278 3263 3551 3332 Domine,

1886 3359 2128 3432 quando
2158 3364 2216 3415 te
2243 3358 2499 3415 vidimus
2521 3359 2897 3427 esurientem,
2932 3361 2985 3412 et
3011 3355 3323 3424 pavimus?
3348 3353 3552 3409 sitien-

1887 3454 2022 3516 tem,
2047 3453 2102 3505 et
2125 3448 2396 3504 dedimus
2419 3447 2526 3504 tibi
2554 3453 2768 3517 potum
2802 3448 2831 3501 ?
2882 3443 3126 3517 quando
3170 3449 3370 3501 autem
3397 3447 3454 3498 te
3473 3440 3556 3497 vi-

1887 3539 2084 3594 dimus
2123 3538 2431 3608 hospitem,
2460 3542 2515 3593 et
2545 3537 2894 3607 collegimus
2921 3533 3022 3590 te?
3062 3537 3171 3590 aut
3205 3532 3457 3600 nudum,
3499 3533 3557 3587 et

1887 3629 2301 3699 cooperuimus
2322 3632 2377 3684 te
2405 3631 2434 3684 ?
2459 3633 2565 3684 aut
2591 3625 2836 3699 quando
2865 3629 2920 3681 te
2941 3623 3197 3681 vidimus
3223 3623 3554 3691 inﬁrmum,

1889 3723 1995 3775 aut
2015 3719 2077 3774 in
2117 3731 2375 3786 carcere,
2401 3722 2457 3774 et
2481 3716 2750 3774 venimus
2776 3715 2858 3772 ad
2897 3719 2953 3770 te
2979 3717 3008 3768 ?
3061 3713 3142 3768 Et
3186 3711 3552 3781 respondens

1888 3809 2018 3865 Rea;-
2046 3808 2201 3864 dicet
2232 3807 2356 3863 illis
2386 3823 2400 3862 :
2428 3807 2619 3862 Amen
2648 3806 2780 3861 dico
2811 3803 2994 3870 vobis,
3025 3800 3299 3873 quandiu
3323 3799 3556 3870 fecistis

1889 3899 2000 3954 uni
2026 3897 2100 3954 de
2120 3897 2212 3952 his
2255 3896 2558 3966 fratribus
2597 3895 2741 3951 meis
2782 3893 3066 3954 minimis,
3104 3891 3256 3948 mihi
3277 3889 3507 3960 fecistis
3535 3903 3559 3959 ,·

1892 3993 2037 4043 tunc
2068 3986 2222 4042 dicet
2249 3991 2304 4042 et
2335 3985 2428 4040 his
2456 3985 2563 4055 qui
2597 3998 2635 4040 a
2677 3983 2941 4039 sinistris
2992 3983 3121 4051 ejus
3157 3984 3336 4036 erunt
3369 3995 3382 4032 :
3416 3979 3558 4033 Dis-

1892 4077 2077 4133 cedite
2115 4089 2153 4131 a
2181 4089 2292 4142 me,
2323 4073 2635 4130 maledicti
2652 4074 2714 4128 in
2740 4072 2939 4142 ignem
2969 4075 3286 4139 veternum,
3311 4067 3418 4140 qui
3440 4081 3558 4136 pa-

1892 4170 2066 4221 ratus
2094 4169 2176 4221 est
2193 4163 2434 4220 diabolo
2464 4167 2519 4219 et
2547 4161 2780 4233 angelis
2803 4162 2930 4230 ejus
2961 4174 2984 4216 .°
3013 4159 3258 4215 Esurivi
3293 4157 3472 4224 enim,
3505 4160 3560 4212 et

1893 4270 2015 4311 non
2052 4253 2294 4310 dedistis
2322 4252 2474 4309 mihi
2491 4251 2864 4308 manducare
2897 4249 3118 4322 ,‘sitivi,
3151 4253 3205 4305 et
3228 4262 3348 4303 non
3370 4245 3565 4303 dedis-

1898 4344 1971 4400 tis
2000 4343 2154 4400 mihi
2156 4351 2396 4414 potum;
2425 4342 2633 4412 hospes
2651 4356 2838 4409 eram,
2871 4344 2925 4396 et
2948 4355 3068 4396 non
3092 4337 3418 4407 collegistis
3449 4351 3561 4402 me,

1897 4432 2119 4505 nudus,
2145 4437 2201 4490 et
2228 4447 2349 4488 non
2379 4431 2694 4502 operuistis
2723 4445 2816 4486 me
2848 4446 2860 4498 ;
2892 4429 3168 4498 infirmus
3189 4432 3244 4482 et
3273 4426 3337 4481 in
3369 4438 3568 4481 carce-

1898 4537 1965 4579 re
1993 4537 2179 4594 eram,
2210 4527 2268 4579 et
2297 4537 2416 4578 non
2444 4519 2730 4577 visitastis
2760 4533 2852 4574 me
2873 4529 2897 4589 ,'
2936 4521 3079 4572 tunc
3119 4512 3562 4582 respondebunt

1898 4619 1954 4669 et
1974 4613 2092 4684 ipsi
2111 4613 2371 4668 dicentes
2416 4626 2438 4666 :
2476 4610 2746 4678 Domine,
2793 4605 3036 4678 quando
3073 4610 3128 4660 te
3153 4603 3410 4659 vidimus
3439 4617 3568 4656 esu-

1898 4706 2171 4770 rientem,
2219 4707 2326 4758 aut
2352 4700 2666 4764 sitientem,
2700 4701 2806 4752 aut
2840 4696 3150 4763 hospitem,
3179 4695 3286 4748 aut
3316 4689 3569 4760 nudum,

1899 4797 2007 4849 aut
2037 4791 2346 4860 inﬁrmum
2375 4788 2467 4844 vel
2490 4787 2553 4841 in
2584 4799 2844 4854 carcere,
2871 4788 2926 4839 et
2954 4797 3074 4838 non
3095 4778 3573 4836 ministravimus

1903 4884 2014 4941 tibi
2038 4883 2065 4938 ‘l
2093 4887 2236 4936 tunc
2257 4877 2631 4949 respondebit
2660 4875 2805 4939 illis,
2833 4874 3035 4930 dicens
3067 4888 3078 4926 :
3111 4871 3306 4926 Amen
3326 4869 3457 4925 dico
3480 4883 3576 4924 vo-

1908 4973 2012 5035 bis,
2032 4969 2302 5043 quandiu
2334 4983 2452 5023 non
2481 4965 2708 5037 fecistis
2729 4964 2838 5018 uni
2867 4962 2940 5017 de
2972 4959 3306 5016 minoribus
3339 4958 3450 5021 his,
3472 4971 3579 5014 nec

1905 5063 2057 5120 mihi
2079 5061 2326 5132 fecistis.
2359 5061 2428 5114 Et
2456 5056 2625 5114 ibunt
2661 5054 2725 5110 hi
2760 5056 2822 5110 in
2854 5052 3221 5123 supplicium
3261 5057 3581 5116 (etcrnum,

1897 5153 2058 5225 justi
2080 5156 2278 5209 autem
2299 5149 2364 5204 in
2388 5149 2574 5204 vitam
2600 5151 2885 5202 azternam
2906 5141 3510 5215 (Matth.xxv,31,46).

1981 5243 2128 5298 Ecce
2158 5239 2285 5312 ipse
2311 5235 2601 5293 Dominus
2633 5237 2752 5290 Rex
2787 5249 3024 5304 regum,
3073 5223 3589 5301 omnipotentissi-

1911 5348 2048 5389 mus
2068 5333 2124 5387 et
2155 5327 2580 5401 sempiternus,
2612 5323 2718 5396 qui
2753 5328 2890 5379 ante
2920 5319 3146 5377 saecula
3184 5318 3346 5373 diem
3373 5313 3587 5386 judicii

1912 5422 2183 5479 futurum
2214 5413 2678 5486 constituit,ipse
2709 5413 2771 5468 in
2798 5411 2917 5467 ﬁne
2950 5415 3297 5481 temporum
3322 5403 3592 5477 seipsum

1911 5509 2243 5569 identidem
2274 5505 2642 5576 agitaturum
2671 5499 2970 5576 praedixit,
3021 5503 3080 5554 et
3116 5497 3350 5568 absque
3382 5494 3591 5564 cujus-

1914 5617 2102 5676 quam
2126 5598 2330 5668 ﬁgurm
2348 5592 2665 5649 locutionis
2681 5591 2817 5646 fuco
2829 5590 2848 5660 j
2861 5588 3006 5644 ustis
3021 5590 3300 5660 paratum
3314 5599 3568 5651 regnum
3580 5611 3594 5634 ο

1917 5690 2165 5749 diabolo
2189 5692 2244 5743 et
2266 5683 2498 5754 angelis
2516 5683 2566 5754 ej
2577 5698 2646 5737 us
2659 5685 2941 5754 paratum
2961 5678 3164 5749 ignem
3178 5680 3472 5731 aeternum
3489 5678 3600 5730 tes-

1920 5771 2080 5842 tatus
2103 5775 2386 5853 est,nl,'.llo
2405 5772 2876 5850 prazdicalorum
2896 5769 3170 5826 ﬁdelium
3185 5763 3600 5833 docentc,imo

3066 5873 3129 5924 37
