3936 6380
376 270 515 339 Ηϐἒ

1483 270 1537 325 S.
1563 265 1935 329 PRUDENTII
1964 260 2346 329 TRECENSIS
2371 260 2683 319 EPISLIOPI

3663 265 3806 322 1164

371 393 683 464 sentiente,
735 392 902 468 quod
942 392 1109 457 solus
1144 390 1417 449 omnium
1446 391 1765 451 hominum
1796 389 2022 459 ﬁngere
2052 388 2101 456 Α,
2135 383 2441 458 [al.,quid]
2466 384 2557 441 lex
2588 385 2810 441 habeat
2840 401 2963 440 non
2987 384 3460 458 requiriLNeque
3490 386 3651 444 enim
3672 387 3807 460 lege

369 484 718 555 nullatenus
746 478 1026 549 metuisti,
1075 480 1349 539 videlicet
1402 481 1486 541 uti
1523 481 1702 538 bonis
1738 484 2019 553 paratum

367 588 626 646 regnum
661 587 785 629 non
830 571 1107 641 ﬁgurate,
1160 569 1361 643 impiis
1400 586 1540 628 vero
1565 576 1845 644 paratum
1875 584 2019 640 sup-

365 662 613 738 plicium
636 662 908 731 ﬁgurate,
946 657 1009 723 id
1037 662 1127 717 est
1152 674 1277 721 non
1304 665 1584 732 paratum
1611 660 1975 731 intelligatur
2005 673 2017 712 :

365 755 575 811 contra
601 765 847 818 Omnem
874 747 1113 820 penitus
1142 748 1413 817 divinam
1435 754 1493 811 et
1519 750 1855 807 humanam
1877 765 1913 807 a
1930 763 2019 804 lC-

362 840 823 912 toritatem,qute
840 837 1115 912 utrisque
1125 843 1405 911 paratum
1434 856 1471 899 a
1490 843 1607 896 Deo
1629 839 1722 897 vel
1742 854 2016 909 regnum,

360 929 457 991 vel
497 926 865 1002 supplicium
912 925 1247 986 inclamant
1280 946 1302 998 ;,
1344 928 1642 999 judicium
1686 934 1889 986 autem
1925 927 2022 1001 vel

356 1016 661 1085 bifariam,
690 1016 788 1079 vel
813 1015 1253 1090 quadrifariam
1281 1017 1637 1088 agitandum
1674 1018 1852 1075 beato
1888 1018 2020 1073 Grc-

357 1105 528 1178 gorio
554 1104 618 1177 in
640 1104 808 1165 libris
829 1105 1149 1175 litoralibus
1177 1112 1519 1180 exponente
1548 1106 1884 1177 discamus,
1914 1107 2020 1179 qui

353 1194 417 1253 in
436 1194 597 1269 libro,
622 1211 764 1252 xxvx
794 1195 951 1269 (cap.
983 1194 1083 1268 20),
1105 1194 1187 1251 ita
1201 1193 1517 1268 eloquitur.

426 1375 564 1448 [Sed
587 1389 709 1432 non
743 1374 943 1449 salvat
965 1373 1196 1444 impios,
1229 1378 1283 1441 et
1315 1374 1622 1444 judicium
1653 1372 2017 1443 pauperibus

356 1460 571 1519 tribuit
606 1459 735 1535 (Job
755 1475 960 1535 xxxvi,
993 1459 1068 1531 6),
1100 1458 1163 1514 id
1190 1462 1278 1514 est
1306 1456 1494 1527 elatos
1524 1458 1795 1527 destruit,
1818 1456 2016 1517 humi-

352 1547 440 1607 les
461 1564 604 1625 vero
631 1563 743 1623 per
767 1546 1065 1619 judicium
1090 1546 1311 1605 liberos
1339 1546 1535 1620 reddit
1564 1564 1577 1602 :
1611 1547 1705 1603 vel
1736 1552 1892 1619 certe
1918 1547 2013 1617 ju-

352 1636 581 1715 dicium
610 1635 986 1711 pauperibus
1014 1634 1237 1707 tribuit,
1289 1635 1438 1711 quia
1485 1636 1549 1691 hi
1583 1636 1689 1708 qui
1724 1651 1889 1705 nunc
1916 1651 2014 1693 ne-

2134 487 2381 528 necesse
2412 479 2501 529 est
2530 475 2765 546 perimi,
2799 475 2903 546 qui
2924 474 3053 541 lege
3076 490 3393 545 nunquam
3418 478 3611 548 potuit
3644 482 3809 534 tene-

2131 562 2202 618 ri.
2244 564 2329 619 Ita
2367 580 2509 634 ergo
2542 565 2604 621 in
2634 570 2902 620 extremo
2929 564 3157 633 judicio
3190 570 3247 620 et
3276 564 3485 634 legalis
3514 566 3681 623 illum
3716 568 3807 623 ἰη-

2129 651 2322 709 vectio
2354 654 2629 724 percutit,
2652 654 2753 726 qui
2789 653 2865 709 ab
2893 669 2963 709 eo
2995 653 3161 726 quod
3192 653 3565 726 professione
3592 658 3802 725 tenuit,

2129 741 2363 797 actione
2393 742 2734 809 declinavit,
2762 742 2946 799 etiste
2968 742 3095 797 sine
3110 743 3321 813 juuieii
3347 743 3681 802 invectione
3703 762 3807 819 pe-

2126 829 2491 903 rimitur,qui
2515 831 2646 900 lege
2671 831 2810 886 fidei
2835 847 2960 893 non
2992 835 3332 888 tenetur.Ex
3354 832 3681 890 electorum
3704 851 3805 891 ve-

2126 935 2199 985 ro,
2228 924 2396 991 parte
2429 920 2528 975 alii
2558 921 2911 991 judicantur
2940 926 2995 977 et
3022 923 3407 994 regnant,qui
3437 923 3567 979 vitae
3590 940 3802 980 macu-

2125 1006 2216 1064 las
2248 1007 2532 1080 lacrymis
2562 1014 2820 1080 tergunt,
2853 1010 2976 1081 qui,
3012 1010 3175 1066 mala
3195 1011 3601 1083 praecedentia
3626 1013 3799 1070 factis

2127 1095 2517 1167 sequentibus
2534 1096 3219 1169 redimentes.quidquid
3243 1097 3511 1155 illicitum
3528 1098 3803 1172 aliquan-

2126 1183 2206 1239 do
2232 1183 2500 1240 fecerunt
2538 1185 2615 1241 ab
2648 1186 2839 1241 oculis
2878 1186 3102 1256 judicis
3134 1185 3659 1260 eleemosynarum
3690 1205 3794 1245 su-

2124 1272 2517 1345 perductione
2548 1275 2921 1346 cooperiunt.
2973 1275 3201 1340 Quibus
3229 1276 3420 1346 judex
3447 1278 3695 1333 veniens
3734 1277 3799 1334 in

2124 1362 2371 1418 dextera
2402 1364 2866 1419 consistentibus
2897 1364 3039 1420 dicit
3069 1381 3081 1418 :
3132 1366 3399 1430 Esurivi,
3441 1374 3497 1423 et
3540 1368 3796 1424 dedistis

2124 1451 2279 1507 mihi
2315 1452 2727 1523 manducare;
2776 1454 2960 1523 sitivi,
2998 1459 3051 1510 et
3093 1454 3337 1511 dedistis
3378 1456 3528 1513 mihi
3556 1456 3800 1513 bibere:

2126 1540 2335 1609 hospes
2356 1557 2543 1607 eram,
2568 1548 2619 1597 et
2645 1543 2968 1613 coltegistis
2984 1558 3076 1600 me
3105 1556 3127 1614 ,'
3157 1544 3375 1615 nudus,
3404 1550 3457 1602 et
3477 1547 3799 1614 operuistis

2125 1645 2216 1686 me
2241 1645 2263 1698 ,'
2300 1631 2597 1699 inﬁrmus,
2625 1638 2677 1687 et
2710 1633 2994 1689 visitastis
3021 1648 3132 1690 me.
3160 1635 3234 1688 In
3267 1649 3502 1691 carcere
3531 1650 3721 1702 eram,
3740 1642 3799 1693 et

353 1725 551 1802 quiter
579 1727 1028 1799 opprimuntur,
1058 1723 1170 1797 ipsi
1220 1729 1363 1785 tunc
1395 1741 1577 1798 super
1626 1742 2013 1799 oppressores
2044 1740 2091 1791 Β
2128 1720 2368 1775 venistis
2411 1721 2492 1777 ad
2523 1737 2613 1777 me
2638 1734 2661 1792 ;
2703 1721 2927 1794 quibus
2953 1724 3260 1795 praemittit
3288 1723 3529 1781 dicens:
3569 1727 3795 1797 Venite,

353 1832 499 1877 suos
517 1815 752 1889 judices
771 1814 1185 1872 veniunt.Duae
1215 1814 1442 1890 quippe
1469 1819 1608 1876 sunt
1637 1815 2014 1888 partes,elec-

350 1904 553 1977 torum
578 1903 803 1977 scihcet
828 1907 1014 1979 atque
1034 1903 1569 1977 reproborum,sed
1588 1904 1711 1967 bini
1737 1905 1872 1975 (ab,
1904 1904 2013 1961 bo-

350 1989 444 2065 ni1
466 1991 709 2051 ordines
739 1992 973 2067 eisdem
998 1992 1250 2064 singulis
1291 1993 1568 2068 partibus
1611 1994 2011 2063 continentur,

351 2078 456 2155 alii
490 2096 760 2157 namque
784 2081 1135 2154 judicantur
1159 2086 1216 2143 et
1246 2086 1503 2156 pereunt
1534 2100 1549 2151 ;
1584 2082 1679 2154 alii
1710 2098 1835 2139 non
1860 2083 2016 2153 judi-

351 2173 566 2249 cantur
594 2175 653 2229 et
683 2175 939 2245 pereunt
969 2171 1474 2245 ;aliijudicantur
1502 2178 1559 2231 et
1587 2177 1883 2244 regnant;
1916 2172 2016 2230 alii

349 2273 481 2335 non
500 2259 871 2335 judicantur,
885 2266 942 2321 et
963 2266 1238 2333 regnant.
1271 2261 1630 2335 iudicantur
1660 2266 1717 2318 et
1739 2266 2012 2334 pereunt,

351 2348 577 2427 quibus
621 2350 937 2415 Dominica
982 2350 1368 2427 inclinatione
1407 2354 1538 2424 [al.,
1569 2370 1715 2413 voce
1743 2353 1805 2410 in
1840 2353 2015 2415 dam-

351 2438 623 2515 natione]
645 2438 889 2515 dicitur:
916 2441 1242 2514 Esurivi,et
1264 2457 1385 2499 non
1406 2443 1650 2513 dedistis
1681 2444 1832 2502 mihi
1850 2460 2016 2503 man-

352 2520 619 2603 ducare;
648 2530 833 2596 sitivi,
864 2536 919 2603 et
950 2546 1073 2587 non
1098 2531 1345 2587 dedistis
1375 2532 1527 2588 mihi
1557 2540 1766 2603 potum
1815 2550 1829 2589 :
1889 2535 2017 2593 hos-

350 2632 456 2691 12βᾶ
482 2633 671 2693 eram,
695 2624 751 2679 et
780 2635 903 2693 non
931 2620 1256 2692 collegistis
1273 2632 1389 2692 me;
1410 2621 1629 2692 nudus,
1661 2628 1715 2680 et
1746 2640 1865 2680 non
1888 2638 2018 2693 Ope-

2129 1810 2423 1866 bc..edicti
2442 1812 2651 1867 Patris
2681 1813 2815 1882 mei,
2851 1814 3148 1880 possidete
3184 1820 3473 1882 paratum
3518 1814 3677 1872 vobis
3704 1832 3800 1872 re-

2124 1915 2312 1969 gnum
2351 1915 2389 1956 a
2430 1902 2855 1958 constitutione
2883 1904 3095 1959 mundi
3126 1903 3362 1975 (Matth.
3396 1921 3531 1972 xxv,
3560 1908 3650 1975 34,
3679 1906 3791 1977 35).

2130 1988 2239 2043 Alii
2287 1993 2487 2045 autem
2542 2005 2665 2045 non
2689 1990 3040 2061 judicantur
3090 1998 3144 2049 et
3173 1997 3446 2063 regnant,
3478 1993 3585 2067 qui
3612 1994 3798 2051 etiam

2125 2082 2429 2150 praecepta
2452 2077 2601 2148 legis
2632 2079 2997 2151 perfectione
3018 2080 3309 2141 virtutum
3336 2083 3794 2152 transcendunt;

2124 2166 2269 2240 quia
2305 2183 2699 2240 nequaquam
2725 2169 2838 2225 hoc
2871 2170 3069 2227 solum
3096 2172 3264 2243 quod
3296 2172 3529 2229 cunctis
3564 2172 3789 2233 divinze

2123 2253 2218 2310 lex
2247 2256 2795 2329 praecipitdmplcre
2827 2259 3093 2323 contenti
3112 2261 3384 2331 sunt,sed
3413 2261 3795 2334 prastantio-

2124 2360 2188 2400 re
2217 2344 2517 2401 desiderio
2566 2347 2702 2417 plus
2748 2347 3030 2404 exhibere
3080 2354 3373 2421 appetunt
3419 2366 3607 2423 quam
3640 2367 3799 2422 prae—

2126 2434 2314 2507 ceptis
2342 2435 2721 2505 generalibus
2753 2436 2963 2493 audire
2994 2442 3357 2510 potuerunt;
3388 2440 3607 2513 quibus
3639 2440 3796 2499 divi-

2126 2539 2206 2581 na
2237 2540 2381 2580 voce
2413 2525 2542 2595 (aL,
2569 2525 2902 2597 Dominica]
2934 2526 3150 2584 dicitur
3183 2545 3197 2583 :
3242 2531 3349 2585 l'os
3388 2530 3490 2602 qui
3517 2531 3798 2600 reliquis-

2128 2615 2201 2669 tis
2231 2616 2431 2670 omnia
2464 2620 2681 2686 vestra,
2732 2620 2787 2671 et
2817 2618 3005 2698 secuti
3046 2620 3182 2674 estis
3234 2634 3345 2690 me,
3391 2636 3525 2676 cum
3573 2620 3799 2677 sederit

353 2707 681 2781 ruistisme
709 2719 734 2780 ;
761 2722 920 2780 aeger
935 2713 988 2764 et
1021 2709 1086 2763 in
1117 2723 1377 2779 carcere,
1408 2715 1607 2767 etnon
1629 2712 2020 2772 visitastisme
2125 2702 2322 2758 Filius
2367 2703 2621 2759 hominis
2663 2706 2725 2759 in
2769 2706 2904 2761 sede
2948 2708 3279 2776 majestatis
3326 2723 3469 2776 suae,
3517 2709 3795 2766 sedebitis

354 2794 586 2871 quibus,
616 2794 998 2869 praemittitur
1048 2812 1063 2850 :
1112 2797 1410 2855 Discedite
1434 2813 1473 2854 a
1493 2814 1603 2867 me,
1628 2800 1939 2867 maledicti
1954 2802 2019 2857 in
2128 2798 2180 2848 et
2209 2807 2309 2849 vos
2354 2808 2535 2862 super
2582 2794 2893 2851 duodecim
2926 2794 3190 2859 thronos,
3206 2796 3556 2870 judicantes
3581 2798 3800 2855 duode-

355 2885 558 2957 ignem
586 2889 875 2957 ater-num
896 2884 1003 2957 qui
1023 2892 1409 2956 praeparatus
1431 2892 1514 2947 est
1555 2889 1795 2947 diabolo
1824 2895 1881 2946 et
1909 2906 2018 2947 an-
2129 2883 2243 2939 cim
2269 2882 2459 2938 tribus
2481 2884 2675 2940 Israel
2697 2885 3179 2957 (Matth.x1x,28);
3222 2890 3279 2941 et
3303 2884 3379 2941 de
3409 2885 3636 2957 quibus
3658 2902 3797 2960 pro-

355 2972 508 3047 gelis
529 2974 656 3043 ejus
686 2972 929 3051 (Matth.
960 2988 1099 3043 xxv,
1134 2975 1335 3047 £2,4l).
1358 2974 1469 3032 Alii
1496 2992 1636 3047 vero
1665 2976 1728 3039 in
1756 2982 2020 3045 extremo
2129 2972 2311 3044 pheta
2338 2971 2420 3027 ait
2452 2988 2465 3027 :
2498 2975 2782 3029 Dominus
2813 2974 2893 3030 ad
2906 2973 3208 3044 judicium
3232 2976 3421 3031 veniet
3445 2991 3583 3031 cum
3606 2978 3795 3034 senio~

353 3060 584 3150 judicio
607 3076 733 3139 non
757 3061 1107 3137 judicantur
1135 3067 1192 3120 et
1219 3068 1474 3137 pereunt
1504 3083 1517 3121 :
1552 3065 1628 3133 de
1654 3066 1877 3140 quibus
1914 3084 2021 3141 per
2050 3095 2090 3150 Ο
2128 3061 2294 3118 ribus
2319 3063 2537 3132 populi
2560 3065 2656 3119 sui
2683 3064 2824 3132 (Isa.
2850 3063 3048 3135 111,14).
3071 3066 3138 3121 Et
3163 3064 3238 3122 de
3269 3064 3490 3137 quibus
3510 3065 3796 3124 Salomon

356 3128 725 3229 lgrophetam
758 3128 1047 3209 hominus
1092 3151 1194 3229 ait,
1219 3128 1376 3227 -[at.,
1410 3128 1719 3229 Propheta.
1747 3158 1852 3226 ait]
1899 3128 2020 3215 non

361 3245 689 3315 resurgunt
717 3241 849 3315 [aL,
882 3242 1220 3314 resurgent]
1273 3244 1446 3314 impii
1482 3245 1544 3303 in
1563 3246 1799 3316 judicio
1832 3247 2017 3317 (Psat.

359 3346 403 3403 1,
432 3330 515 3404 4);
544 3334 603 3393 et
630 3330 707 3407 de
735 3329 963 3405 quibus
990 3330 1283 3403 Dominus
1312 3332 1461 3397 dicit
1490 3350 1505 3388 :
1536 3334 1653 3401 Qui
1681 3341 1882 3394 autem
1900 3354 2023 3394 non

363 3420 555 3497 credit
574 3420 708 3489 jam
729 3419 1044 3491 judicatus
1081 3427 1166 3497 est
1199 3423 1395 3484 (Joan.
1446 3439 1530 3488 ut,
1561 3422 1682 3495 18).;
1711 3427 1769 3483 et
1795 3424 1871 3484 de
1897 3426 2027 3498 qui-

361 3509 482 3585 bus
505 3506 725 3581 Paulus
747 3507 849 3565 ait:
868 3508 984 3585 Qui
1016 3511 1145 3569 sine
1171 3512 1298 3582 lege
1316 3517 1723 3582 peccaverunt
1751 3514 1878 3575 sine
1901 3516 2027 3587 lege

358 3596 649 3672 peribunt
667 3597 1046 3672 (Rom.n,t2).
1070 3603 1413 3672 Resurgunt
1440 3616 1584 3659 vero
1613 3601 1796 3669 etiam
1814 3619 2027 3673 omnes

363 3686 658 3765 inﬁdeles,
687 3688 797 3747 sed
823 3687 902 3745 ad
932 3692 1404 3762 tormenta,-non
1424 3688 1505 3747 ad
1523 3689 1824 3761 judicium
1858 3710 1875 3762 ;
1901 3709 2029 3753 non

366 3778 529 3855 enim
557 3793 771 3851 eorum
799 3781 941 3836 tunc
962 3794 1148 3837 causa
1173 3777 1545 3852 discutietur,
1577 3779 1724 3852 quia
1752 3781 1831 3839 ad
1856 3798 2028 3839 cons-

365 3870 611 3943 pectum
634 3866 887 3945 districti
916 3866 1139 3945 iudicis
1162 3866 1295 3940 jam
1315 3883 1456 3939 cum
1487 3866 1877 3941 damnatione
1902 3889 2028 3929 suae

367 3943 734 4033 inﬁdelitatis
763 3943 1143 4029 descendunt
1173 3954 1303 4028 [at.,
1325 3956 1641 4029 accedunt]
1674 3974 1687 4011 :
1716 3959 2032 4033 professio.

2131 3166 2271 3208 cum
2318 3151 2393 3208 de
2426 3158 2647 3209 sanctae
2690 3152 2961 3209 Ecclesiae
3006 3169 3234 3226 sponso
3265 3154 3396 3225 (aL,
3429 3156 3679 3227 sponsa]
3707 3154 3797 3212 lo-

2130 3246 2434 3314 queretur,
2465 3242 2663 3300 intulit
2691 3243 2929 3300 dicens:
2960 3244 3193 3301 Nobilis
3209 3245 3272 3299 in
3295 3246 3491 3314 portis
3521 3246 3615 3302 vir
3644 3249 3794 3318 ejus,

2132 3332 2375 3402 quando
2403 3333 2619 3389 sederit
2650 3348 2783 3389 cum
2805 3334 3181 3391 senatoribus
3213 3339 3389 3391 terra?
3417 3336 3623 3403 (Prov.
3642 3352 3792 3404 xxxx,

2132 3421 2318 3493 23).tli
2338 3421 2543 3494 itaque
2571 3422 2633 3478 in
2664 3427 2934 3491 extremo
2961 3422 3193 3494 judicio
3215 3439 3341 3481 non
3364 3424 3800 3496 judicantur,et

2132 3515 2409 3580 regnant,
2441 3511 2587 3587 quia
2615 3528 2755 3567 cum
2786 3518 3030 3569 auctore
3075 3529 3188 3581 suo
3232 3513 3413 3570 etiam
3437 3513 3673 3585 iudices
3698 3530 3800 3572 ve-

2134 3599 2325 3657 niunt.
2378 3600 2799 3673 Relinquentes
2842 3602 3069 3675 quippe
3098 3602 3324 3670 omnia,
3352 3602 3489 3675 plus
3513 3608 3800 3676 prompta.

2134 3687 2456 3745 devotione
2478 3689 2746 3757 exsecuti
2767 3695 2927 3760 sunt,
2946 3707 3136 3763 quam
3155 3691 3353 3762 juberi
3384 3692 3513 3763 (aL,
3537 3692 3796 3764 jubere],

2136 3777 2489 3849 generaliter
2514 3778 2835 3851 audierunt
2862 3779 3104 3851 speciali
3125 3781 3351 3852 quippe
3357 3781 3633 3852 jussione
3651 3798 3803 3855 pau-

2138 3867 2220 3923 cis
2249 3866 2725 3940 perfectioribus,
2757 3872 2815 3925 et
2854 3883 2978 3924 non
3010 3869 3365 3939 generaliter
3395 3871 3680 3929 omnibus
3710 3871 3801 3928 di-

2139 3956 2291 4013 citur
2327 3956 2464 4026 hoc,
2505 3955 2673 4029 quod
2720 3956 3073 4013 adolescens
3109 3957 3278 4013 dives
3311 3959 3541 4017 audivit
3573 3978 3587 4016 :
3636 3962 3795 4017 Vade

368 4060 517 4121 nem
538 4060 697 4119 verae
728 4042 870 4121 ﬁdei
895 4043 1234 4110 retinentes,
1289 4043 1400 4117 sed
1429 4044 1819 4118 professionis
1847 4065 2034 4122 opera
2142 4046 2327 4103 vende
2356 4046 2515 4119 quod
2534 4046 2662 4118 [at.,
2685 4046 2892 4104 omnia
2916 4048 3077 4120 qum]
3107 4047 3307 4116 habes,
3335 4054 3390 4106 et
3419 4050 3499 4107 da
3525 4054 3807 4120 pauperi-

370 4149 497 4191 non
523 4132 844 4203 habentes,
865 4130 1312 4203 redarguuntur
1333 4137 1397 4199 ut
1416 4140 1667 4207 pereant
1700 4155 1714 4206 ;
1747 4138 1853 4211 qui
1890 4156 2033 4197 vero
2145 4136 2270 4205 bus,
2296 4140 2349 4193 et
2382 4134 2623 4192 habebis
2672 4136 3021 4193 thesaurum
3063 4139 3128 4195 in
3180 4140 3347 4206 cwto,
3388 4144 3443 4196 et
3485 4141 3620 4197 veni
3649 4146 3702 4197 et
3723 4156 3785 4197 se

370 4235 489 4278 nec
510 4218 653 4275 ﬁdei
677 4222 1057 4295 sacramenta
1077 4223 1413 4297 tenuerunt,
1439 4221 1910 4298 increpationem
1935 4229 2035 4300 ju-
2143 4240 2322 4299 quere
2351 4241 2444 4283 me
2480 4225 2719 4298 (Matth.
2747 4243 2855 4297 χιχ,
2883 4231 2994 4295 2t).
3024 4227 3076 4287 Si
3102 4228 3264 4287 enim
3287 4229 3400 4285 sub
3430 4231 3546 4288 hoc
3574 4230 3807 4291 mundo

373 4307 524 4366 dicis
544 4306 609 4364 in
638 4310 904 4365 extrema
929 4308 1374 4370 examinatione
1414 4328 1538 4383 non
1582 4314 1859 4385 audiunt,
1891 4318 2036 4391 quia
2145 4319 2393 4372 cunctos
2431 4315 2622 4387 jussio
2673 4316 2967 4387 generalis
3016 4317 3394 4389 astringeret,
3451 4319 3645 4393 culpae
3674 4322 3805 4392 [al.,

374 4394 756 4507 praejudicati
810 4395 1181 4496 inﬁdelitatis
1228 4415 1353 4507 sua:
1382 4402 1640 4477 tenebris
1675 4404 1805 4475 ejus
1851 4422 2035 4478 quem
2064 4451 2109 4507 Β
2147 4404 2348 4477 culpa]
2375 4403 2643 4477 profecto
2670 4410 2830 4462 esset
2863 4406 3092 4495 aliquid
3124 4422 3237 4463 nos
3269 4407 3344 4463 de
3370 4408 3485 4464 hoc
3507 4414 3807 4482 praecepto

373 4484 776 4560 despexerant
820 4484 1159 4561 invectione
1196 4487 1477 4563 redargui
1524 4507 1649 4548 non
1684 4496 2031 4567 merentur].
2064 4484 2108 4519 ⁸⁷⁷
2146 4493 2476 4567 possidere.
2505 4494 2620 4551 Sed
2646 4494 2811 4550 aliud
2836 4498 2924 4551 est
2952 4490 3118 4567 quod
3151 4512 3278 4569 per.
3315 4497 3683 4569 Scripturam
3716 4516 3809 4556 sa-

374 4573 465 4633 llli
492 4573 705 4633 saltem
730 4574 915 4633 verba
938 4574 1162 4635 Iudicis
1193 4577 1460 4651 audient,
1514 4579 1659 4654 quia
1716 4582 1847 4654 ejus
1895 4583 2038 4642 ﬁdei

375 4663 504 4724 sola
524 4663 654 4738 (aL,
686 4663 921 4738 saltem]
971 4664 1160 4724 verba
1197 4670 1538 4739 tenuerunt;
1570 4669 1667 4729 isti
1693 4671 1757 4728 in
1786 4672 2040 4743 dapina-

373 4754 539 4831 tione
562 4770 675 4813 sua
702 4755 906 4827 interni
929 4753 1151 4833 judicis
1177 4772 1290 4834 nec
1315 4758 1504 4819 verba
1530 4761 2041 4838 percipiunt,quia

376 4844 507 4917 ejus
534 4843 932 4903 reverentiam
950 4859 1064 4901 nec
1084 4844 1445 4905 verbotenus
1468 4864 1708 4907 servare
1725 4851 2040 4913 voluerunt

377 4933 512 5005 [al.,
541 4932 928 5006 maluerunt].
984 4932 1069 4989 Illi
1119 4933 1391 5006 legaliter
1427 4944 1702 5010 pereunt,
1753 4941 1898 5014 quia
1926 4942 2040 5000 sub

375 5018 511 5090 lege
537 5021 717 5093 positi
745 5026 1150 5094 peccaverunt
1179 5039 1192 5092 ;
1225 5022 1352 5080 istis
1381 5023 1445 5089 in
1474 5025 1813 5098 perditione
1835 5046 1947 5089 sua
1965 5031 2040 5089 de

376 5108 510 5181 lege
539 5107 690 5165 nihil
716 5109 949 5180 dicitur,
981 5110 1127 5183 quia
1180 5111 1329 5171 nihil
1384 5112 1536 5185 legis
1586 5116 1811 5175 habere
1842 5121 2040 5179 conati

273 5261 279 5268 ,
377 5203 539 5257 sunt.
585 5197 869 5272 Princeps
919 5213 1188 5273 namque
1245 5205 1551 5281 terrenam
1602 5208 2042 5281 rempublicam

376 5304 594 5363 regens
646 5288 815 5349 aliter
886 5288 1065 5364 punit
1123 5289 1319 5355 civem
1374 5292 1623 5371 interius
1685 5297 2042 5373 delinquen-

376 5382 708 5457 tem,atque
737 5379 907 5437 aliter
942 5379 1180 5438 hostem
1218 5382 1479 5441 exterius
1509 5385 1901 5457 rebellantem
1932 5408 1948 5460 ;
1978 5390 2043 5449 in

377 5465 477 5524 illo
486 5468 631 5547 jura
657 5484 770 5525 sua
789 5467 1339 5543 consulit,eumque
1363 5471 1477 5529 sub
1507 5475 1707 5532 verbis
1734 5476 1934 5549 dignae
1956 5479 2043 5536 in-

379 5557 668 5612 vectionis
699 5550 1184 5627 addicit;'contra
1208 5559 1447 5617 hostem
1480 5580 1621 5620 vero
1656 5565 1877 5623 bellum
1910 5586 2040 5625 mo-

380 5644 903 5732 vetinstrumenta
925 5647 1275 5732 perditionis
1304 5657 1557 5726 exercet,
1579 5655 1888 5730 dignaque
1908 5660 2039 5732 ejus

384 5727 627 5806 malitiae
652 5728 953 5811 tormenta
965 5736 1266 5813 retribuit;
1296 5738 1375 5811 de
1394 5740 1565 5807 malo,
1591 5727 1733 5820 vero
1749 5727 1882 5819 ejus

2146 4599 2314 4640 cram
2336 4583 3005 4653 generaliter‘omnibus
3047 4586 3412 4659 praecipitur,
3451 4586 3619 4644 aliud
3643 4589 3810 4661 quod

2147 4671 2482 4746 specialiter
2505 4673 2960 4746 perfectioribus
2989 4674 3340 4748 imperatur.
3390 4676 3463 4733 Hi
3482 4692 3626 4748 ergo
3650 4684 3809 4735 recte

2147 4761 2265 4819 sub
2308 4762 2571 4833 generali
2610 4763 2840 4834 judicio
2870 4780 2995 4821 non
3024 4769 3322 4836 tenentur,
3378 4771 3435 4824 et
3490 4767 3635 4841 quia
3657 4785 3809 4842 prae-

2147 4856 2322 4925 cepta
2359 4852 2661 4922 generalia
2692 4854 2953 4911 vivendo
2982 4855 3290 4913 vicerunt:
3324 4857 3475 4913 sicut
3494 4857 3657 4914 enim
3683 4874 3810 4915 non

2142 4941 2493 5014 judicantur
2524 4948 2581 4999 et
2621 4949 2893 5017 pereunt,
2928 4945 3033 5018 qui
3084 4946 3372 5003 suadente
3400 4945 3650 5018 perﬁdia
3676 4946 3810 5019 lege

2146 5031 2334 5088 teneri
2365 5036 2758 5090 contemnunt
2790 5052 2803 5089 :
2827 5034 2910 5091 ita
2929 5050 3053 5091 non
3070 5035 3421 5106 judicantur
3449 5040 3503 5092 et
3529 5042 3807 5108 regnant,

2148 5121 2255 5194 qui
2274 5121 2563 5179 suadente
2582 5123 2803 5196 pietate
2822 5125 3003 5181 etiam
3024 5125 3182 5183 ultra
3196 5123 3811 5199 generalia[at.,gene—

2149 5211 2313 5285 ralis]
2329 5212 2547 5271 divinas
2557 5213 2708 5285 legis
2722 5220 3023 5290 praecepta
3039 5216 3250 5290 proﬁci
3258 5221 3379 5274 unt.
3390 5218 3531 5274 Hinc
3544 5222 3633 5275 est
3646 5218 3810 5295 quod

2149 5302 2368 5360 Paulus
2394 5303 2577 5361 etiam
2594 5305 2877 5378 specialia
2898 5311 3203 5380 prmcepta
3216 5308 3811 5382 transcendens,plus

2149 5408 2330 5466 opere
2359 5394 2842 5467 exhibuit,quam
2863 5395 3235 5456 institutione
3246 5397 3664 5472 promissionis
3681 5398 3809 5469 [at.,

2148 5483 2997 5558 permissionis]accepit.tlum
3024 5488 3186 5545 enim
3209 5488 3812 5561 accepissetutEvan-

2151 5573 2371 5641 gelium
2403 5574 2739 5645 praedicans
2763 5576 2837 5632 de
2864 5578 3183 5647 Evangelio
3213 5579 3454 5646 viveret,
3481 5584 3536 5634 ct
3560 5582 3812 5644 Evange-

2148 5661 2296 5719 lium
2318 5663 2701 5721 audientibus
2719 5667 3053 5739 contulit,et
3067 5672 3271 5726 tamen
3290 5669 3596 5739 Evangelii
3611 5685 3807 5742 sump-

2152 5750 2321 5827 tibus,
2336 5754 2665 5827 sustentari
2682 5757 2995 5817 recusavit.
3012 5758 3127 5817 Cur
3149 5773 3293 5831 ergo
3308 5758 3420 5823 iste
3427 5758 3730 5832 iudicetur
3747 5762 3809 5816 ut
