3936 6388
131 291 254 348 “65

1056 292 1145 344 DE
1185 285 1860 347 PREDJESTINATIONE
1897 285 2174 344 CONTRA
2215 288 2264 341 J.
2311 289 2603 344 SCOTUM.

3419 290 3561 348 “66

127 415 342 482 regnet,
375 411 478 483 qui
509 411 713 468 minus
745 412 910 484 quod
945 418 1206 472 servaret
1233 413 1483 485 accepit,
1512 410 1616 466 sed
1650 427 1778 466 ma-
1814 410 1864 467 A
1896 412 2075 468 nullis
2094 413 2571 484 praecedentibus
2589 411 2838 482 meritis,
2858 410 3206 484 impendere
3229 409 3566 476 misericor-

126 504 234 573 jus,
271 500 436 573 quod
482 499 725 568 viveret,
778 501 1020 558 invenit.
1072 502 1313 558 Dicatur
1362 502 1540 571 igitur
1584 504 1780 555 recte:

130 591 420 648 Judicium
457 592 825 660 pauperibus
865 593 1074 648 tribuit
1117 594 1170 661 (Ι
1212 593 1406 647 ΞΙιθεε.
1440 607 1499 655 n,
1532 591 1607 660 9),
1642 588 1789 662 quia

132 683 350 753 quanto
400 678 540 734 huic
585 679 816 735 mundo
873 695 1100 749 magna
1146 680 1481 737 humilitate
1525 678 1790 751 despecti

132 773 282 836 sunt,
307 773 472 826 tanto
498 772 641 828 tunc
679 769 941 842 acceptis
971 769 1221 826 sedibus
1254 771 1486 841 majore
1525 767 1788 826 culmine

132 857 434 930 potestatis
463 864 840 916 excrescunt.

199 949 239 1017 ἢ·
271 946 574 1018 Quidquid
604 946 679 1002 de
709 947 824 1004 hoc
859 948 957 1004 Dei
996 947 1426 1021 omnipotentis
1465 944 1797 1016 inevitabili

135 1035 559 1108 tremendoque
603 1036 834 1107 judicio
881 1037 971 1095 vel
1026 1038 1179 1110 ipse,
1228 1037 1322 1093 vel
1370 1036 1796 1109 praedicatores

135 1127 273 1196 ejus,
317 1126 555 1198 pietatis
604 1125 831 1182 intimae
878 1126 1082 1182 litteris
1131 1126 1598 1191 mandaverunt,
1643 1123 1703 1180 id
1743 1133 1800 1186 et

131 1215 270 1273 nihil
313 1216 477 1273 aliud
517 1215 592 1272 de
639 1216 829 1288 ipsius
872 1217 1401 1288 prtedestinatione
1452 1216 1794 1272 sentimus:

133 1305 212 1362 ita
233 1312 298 1362 ut
325 1322 434 1368 nec
465 1306 1058 1378 praedestinationem
1082 1306 1314 1378 absque
1330 1306 1579 1376 judicio,
1603 1320 1801 1376 neque

125 1394 424 1467 jmudiciu
450 1395 578 1450 sine
596 1395 1122 1467 praedestinatione
1140 1396 1468 1463 fateamur;
1507 1394 1800 1467 quoniam

129 1483 292 1556 quod
327 1500 388 1539 se
406 1483 820 1553 judicaturum
851 1485 1168 1555 pl‘fBSCiVil.
1191 1485 1306 1540 hoc
1330 1485 1533 1556 utique
1552 1482 1801 1556 nequid-

130 1588 314 1644 quam
347 1572 510 1630 aliud
533 1573 835 1630 facturum
867 1573 1336 1646 praedestinavit.
1373 1577 1438 1630 Et
1464 1575 1592 1630 htrc
1623 1577 1797 1629 sunt:

131 1662 356 1731 Magna
403 1676 585 1727 opera
627 1663 880 1729 Domini,
925 1663 1224 1732 exquisita
1256 1664 1317 1718 in
1357 1678 1556 1719 omnes
1593 1664 1801 1719 volun-

1897 501 2102 569 diam;
2137 503 2249 560 illis
2297 508 2542 576 propter
2585 502 2748 560 mala.
2787 501 3190 574 praecedentia
3232 499 3566 572 justissima

1897 592 2226 663 rependere
2260 594 2566 648 ultionem.
2610 595 2689 648 De
2728 591 2952 664 quibus
2981 594 3308 664 Apostotus
3330 589 3567 664 procla-

1901 685 2028 736 mat
2056 699 2068 737 :
2105 683 2396 749 Quoniam
2420 686 2592 752 cujus
2624 683 2754 740 vult
2784 682 3137 752 miseretur;
3168 685 3221 738 et
3243 696 3416 753 quem
3437 680 3570 744 vult

1901 770 2150 827 indurat
2189 774 2372 841 (Rom.
2405 787 2486 841 1x,
2523 773 2636 838 18).
2679 774 2904 843 Nempe
2942 771 3260 828 miseretur
3285 767 3452 836 nullo
3477 767 3574 829 de-

1902 859 2050 930 bito,
2097 862 2348 918 indurat
2392 860 2558 920 nulla
2606 859 2918 932 iniquitate
2952 875 3088 929 sua,
3121 861 3404 932 quoniam
3450 873 3573 917 non

1905 955 1988 1006 est
2019 951 2304 1020 iniquitas
2330 951 2496 1020 apud
2524 950 2928 1021 Deum(Ibid.,
2953 952 3060 1019 14),
3095 948 3329 1010 dicente
3359 947 3577 1010 eodem

1907 1040 2193 1110 Apostolo
2229 1057 2240 1094 :
2269 1041 2562 1112 Nunquid
2591 1041 2854 1111 iniquus,
2887 1040 2993 1110 qui
3023 1040 3212 1110 infert
3243 1040 3443 1111 iram;
3481 1035 3579 1096 cui

1907 1118 2203 1186 humiliter
2238 1130 2646 1202 veraciterque
2678 1129 3421 1201 correspondemus,absit,
3451 1142 3583 1198 om:

1908 1218 2053 1274 nino
2085 1220 2237 1274 absit
2271 1222 2334 1274 ut
2359 1235 2492 1274 esse
2534 1218 2831 1274 ullatenus
2873 1217 3158 1290 iniquitas
3188 1217 3386 1274 valeat
3414 1215 3580 1290 apud

1911 1311 2112 1363 Deum.
2149 1310 2263 1375 Qui
2286 1309 2474 1378 infert
2500 1309 2674 1374 iram,
2709 1306 2769 1362 id
2799 1309 2886 1362 est
2909 1307 3004 1362 vel
3031 1307 3283 1364 indurat
3313 1323 3452 1361 eum
3470 1305 3579 1377 qui

1907 1403 2189 1467 meretur,
2237 1399 2332 1454 vel
2375 1396 2641 1458 vindicat
2668 1400 2848 1468 atque
2878 1395 3182 1452 ulciscitur
3212 1396 3276 1451 in
3307 1411 3446 1452 eum
3477 1392 3582 1466 qui

1909 1487 2119 1559 procul
2150 1487 2338 1544 dubio
2372 1491 2766 1560 promeretur.
3118 1497 3127 1504 '

1979 1576 2269 1632 Anferens
2291 1592 2432 1645 ergo
2451 1574 3043 1647 praedestinationem
3065 1573 3386 1638 malorum,
3412 1573 3582 1632 aufer

1903 1666 2240 1738 judicium;
2283 1681 2404 1736 quo
2445 1664 2703 1733 sublato,
2747 1669 3184 1736 consequenter
3234 1662 3369 1720 tolle
3411 1663 3582 1735 justi-

133 1757 279 1809 tates
319 1753 448 1820 ejus
493 1753 678 1816 (Psal.
723 1767 814 1817 cx,
861 1756 933 1822 2).
976 1753 1391 1809 Misericordia
1430 1752 1705 1810 videlicet
1746 1759 1801 1810 et
1832 1771 1870 1824 Β
1911 1756 2093 1821 tiam;
2125 1753 2589 1823 ablatajustitia,
2617 1768 2773 1821 nega
2799 1753 3000 1825 ipsum
3028 1753 3208 1808 etiam
3241 1752 3451 1821 Deum,
3476 1753 3582 1826 qui

123 1842 364 1910 justitia
394 1840 615 1913 quibus
654 1841 850 1898 reddit
892 1843 1214 1913 unicuique
1252 1843 1579 1900 secundum
1618 1858 1801 1910 opera

131 1946 237 1994 sua
270 1931 509 2001 (Matth.
557 1947 672 1999 xw,
719 1930 849 2001 27);
892 1931 1022 1986 lure
1055 1947 1117 1986 se
1157 1931 1454 1989 facturum
1485 1930 1797 2003 praedesti-

131 2019 312 2090 navit,
345 2019 640 2092 quoniam
672 2020 802 2076 haec
831 2036 893 2074 se
915 2021 1325 2090 judicaturum
1347 2020 1800 2076 retributurum-

133 2127 246 2182 que
283 2110 584 2183 praescivit
630 2113 810 2181 atque
850 2110 1125 2182 praevidit
1171 2126 1182 2164 :
1224 2110 1340 2165 hoc
1379 2114 1467 2166 est
1509 2109 1656 2165 illud
1696 2109 1797 2166 Dei

128 2199 424 2269 judicium
455 2215 646 2271 capax
679 2199 1138 2266 contrariorum,
1171 2199 1338 2270 quod
1375 2199 1477 2254 tibi
1504 2197 1795 2270 displicet,

132 2289 312 2360 quod,
343 2290 456 2345 etsi
492 2293 592 2345 tua
620 2288 772 2344 ratio
803 2289 1081 2360 denegat,
1112 2289 1329 2344 veritas
1355 2287 1573 2361 probat
1596 2305 1610 2355 ;
1632 2286 1796 2357 judi-

132 2378 287 2435 cium
330 2378 538 2450 utique
583 2377 885 2434 malorum
934 2382 990 2433 et
1036 2379 1333 2434 bonorum
1369 2397 1382 2434 :
1415 2377 1524 2434 etsi
1575 2392 1796 2446 negare

133 2467 313 2536 voles,
355 2467 659 2524 destruere
703 2484 1021 2540 nunquam
1063 2467 1248 2537 vales,
1281 2468 1454 2538 cujus
1498 2471 1662 2525 tanta
1709 2471 1798 2522 est

130 2557 450 2624 evidentia,
483 2562 548 2613 ut
573 2557 647 2612 de
669 2573 740 2614 eo
762 2557 910 2614 nulli
939 2557 1114 2614 liceat
1137 2557 1431 2614 dubitare.
1460 2557 1628 2614 Hanc
1658 2572 1794 2612 con-

130 2646 475 2713 trariorum,
504 2646 903 2718 capacitatem
931 2647 980 2704 si
1006 2647 1273 2716 denegas
1306 2647 1366 2704 in
1402 2645 1792 2718 praedestina-

129 2735 306 2804 tione,
337 2751 590 2792 necesse
616 2740 705 2792 est
733 2737 794 2792 in
816 2736 1078 2807 judicio;
1110 2736 1423 2808 quoniam,
1461 2737 1613 2792 sicut
1642 2734 1793 2792 dixi-

130 2842 284 2888 mus,
319 2825 489 2897 quod
523 2841 587 2884 se
613 2825 1023 2895 judicaturum
1064 2828 1219 2881 Deus
1247 2826 1650 2898 przesciverat,
1681 2824 1796 2891 hoc

132 2930 192 2970 se
209 2915 517 2972 facturum
539 2929 651 2969 nec
672 2914 836 2972 aliud
857 2915 1560 2986 priedestinaveratﬂuie
1585 2914 1668 2970 rei
1690 2929 1797 2985 per

131 3003 328 3060 omnia
361 3002 630 3060 concinit
648 3003 916 3060 deﬁnitio
940 3019 1120 3075 super
1136 3003 1380 3060 nomine
1411 3002 1799 3075 praedestina-

130 3091 306 3147 tionis
318 3091 660 3146 beatissimi
674 3091 856 3145 Patris
875 3092 1400 3164 Augustini,quam
1419 3091 1654 3150 conaris
1671 3107 1798 3163 per-

130 3187 358 3242 vertere
392 3179 767 3252 perindeque
788 3185 1066 3236 evertere.
1093 3181 1188 3236 Ait
1206 3181 1391 3250 enim,
1423 3186 1488 3238 ut.
1515 3180 1714 3252 ponis,
1738 3179 1799 3235 in

129 3269 279 3331 libro
321 3269 407 3328 ad
449 3272 806 3338 Prosperum
836 3274 893 3325 et
921 3269 1211 3328 Hilarium
1241 3271 1314 3326 de
1337 3271 1534 3328 Praed.
1567 3271 1800 3346 Sanct.,

131 3375 260 3432 cap.
299 3360 368 3415 lO
401 3378 414 3414 :
451 3358 924 3430 [Praedestinatio
955 3363 1044 3415 est
1089 3375 1226 3430 quae
1268 3360 1392 3418 sine
1432 3359 1805 3431 prmscientia

129 3465 249 3507 non
275 3452 473 3522 potest
495 3464 626 3505 esse
651 3467 662 3503 :
690 3453 884 3520 potest
905 3453 1108 3506 autem
1125 3464 1254 3506 esse
1279 3448 1406 3506 sine
1425 3448 1808 3520 praedestina-

133 3537 287 3596 tione
312 3537 727 3611 prmscientia;
759 3537 1287 3610 praedestinatione
1310 3539 1536 3610 quippe
1560 3541 1715 3594 Deus
1739 3553 1810 3592 ca

133 3627 433 3698 prteseivit
463 3644 600 3699 quae
629 3627 823 3684 fuerat
867 3627 995 3699 ipse
1041 3627 1348 3694 facturus;
1382 3627 1545 3684 unde
1581 3627 1810 3682 dictum

132 3722 218 3774 est
252 3735 265 3773 :
295 3719 447 3789 fecit
479 3733 612 3788 quae
633 3718 854 3787 futura
878 3722 1018 3774 sunt
1051 3719 1190 3788 (18a.
1228 3734 1363 3782 XLV,
1401 3716 1455 3770 ll
1493 3733 1604 3773 sec.
1639 3717 1808 3789 LXX).

133 3807 407 3868 Praescire
434 3811 642 3862 autem
670 3811 869 3878 potest
911 3807 1039 3877 [al.,
1076 3813 1291 3878 potens
1324 3806 1434 3876 est]
1461 3806 1643 3862 etiam
1674 3821 1812 3878 qua:

135 3893 258 3966 ipse
287 3912 417 3952 non
445 3895 612 3964 facit,
655 3895 806 3951 sicut
837 3912 1195 3967 qsecumquc
1227 3895 1522 3967 peccata].

201 3985 243 4055 -ι-
276 3989 401 4044 Hoc
431 3991 491 4042 et
520 4000 632 4040 nos
659 3984 937 4051 dicimus,
971 3985 1086 4040 hoc
1125 3984 1404 4044 fatemur,
1449 4000 1558 4040 nec
1590 3982 1669 4040 ab
1700 3983 1815 4038 ista

134 4071 488 4132 definitione
521 4074 820 4131 ullatenus
847 4074 1201 4132 aberramus
1229 4092 1242 4128 :
1268 4090 1457 4146 quam
1478 4073 1527 4130 si
1548 4071 1815 4128 veritatis

135 4161 359 4221 lumine
384 4165 609 4221 fuisses
630 4164 902 4234 intuitus,
923 4179 1240 4236 nunquam
1263 4163 1345 4218 ita
1369 4161 1813 4235 prtescientiam

136 4257 192 4308 et
220 4253 822 4325 praedestinationem
862 4252 1282 4320 confunderes,
1319 4257 1380 4307 ut
1409 4267 1594 4308 unam
1631 4255 1812 4322 atque

137 4340 316 4415 idem,
344 4361 460 4402 nec
507 4343 673 4400 aliud
718 4343 970 4400 omnino
1009 4358 1140 4398 esse
1181 4342 1475 4397 tirmares.
1516 4339 1814 4396 Praescivit

139 4433 298 4490 enim
335 4437 496 4492 Deus
524 4434 750 4500 omnia,
797 4438 854 4490 et
883 4449 1021 4505 quae
1054 4432 1246 4488 fuerat
1268 4431 1398 4503 ipse
1429 4431 1719 4498 facturus,
1750 4433 1813 4484 ut

142 4529 282 4579 sunt
313 4539 701 4596 quaecunque
723 4523 906 4593 bona,
926 4526 981 4577 et
1003 4538 1140 4594 quae
1168 4537 1292 4577 non
1323 4519 1517 4578 fuerat
1543 4519 1671 4592 ipse
1696 4517 1816 4578 fae-

141 4616 330 4685 turus,
363 4620 429 4672 ut
462 4619 606 4672 sunt
635 4630 1015 4687 quaecunque
1046 4617 1335 4684 peccata;
1369 4610 1822 4684 praedestinavit

142 4709 345 4761 autem
384 4721 646 4778 prorsus
692 4703 846 4762 nihil
888 4703 1053 4761 aliud
1096 4702 1212 4758 nisi
1253 4701 1420 4774 quod
1461 4701 1654 4757 fuerat
1693 4700 1822 4772 ipse

144 4791 437 4864 facturus,
458 4795 522 4851 id
541 4799 630 4851 est
645 4793 1120 4850 misericordiam
1142 4799 1198 4848 et
1219 4791 1539 4862 judicium,
1562 4791 1683 4850 sive
1699 4791 1824 4860 jus-

145 4882 356 4950 titiam,
400 4901 513 4941 seu
554 4883 891 4950 veritatem,
926 4881 1096 4954 quod
1139 4881 1498 4940 tantundem
1527 4880 1702 4938 valet.
1745 4881 1826 4936 De

149 4973 374 5044 quibus
402 4974 652 5030 duobus
681 4973 947 5046 loquitur
974 4977 1031 5030 et
1068 4970 1366 5042 Propheta
1393 4988 1406 5026 :
1443 4971 1638 5028 Semel
1670 4971 1828 5026 locu-

151 5066 242 5122 tus
277 5069 360 5122 est
387 5067 553 5122 Deus
583 5079 607 5120 .'
637 5064 756 5120 duo
790 5063 913 5120 haec
953 5062 1180 5129 audivi,
1224 5061 1366 5131 quia
1400 5065 1666 5129 potestas
1699 5059 1828 5129 Dei,

150 5156 201 5207 et
236 5153 362 5217 tibi,
394 5154 674 5220 Domine,
699 5153 1118 5210 misericordia
1149 5167 1168 5208 .·
1193 5151 1338 5222 quia
1371 5155 1436 5206 tu
1458 5149 1668 5208 reddes
1697 5148 1833 5204 uni-

151 5243 361 5314 cuique
369 5247 572 5314 juxta
591 5259 774 5315 opera
798 5258 909 5301 sua
937 5242 1124 5315 (Psal.
1151 5258 1267 5309 LXI,
1294 5239 1378 5309 12,
1408 5238 1512 5311 13).
1540 5240 1673 5295 Haec
1695 5252 1837 5306 sunt

153 5347 376 5403 magna
416 5349 606 5404 opera
646 5334 911 5404 Domini,
951 5332 1258 5404 exquisita
1295 5331 1358 5386 in
1391 5343 1589 5386 omnes
1622 5327 1835 5385 volun-

157 5425 303 5479 tates
339 5426 472 5494 ejus
504 5425 695 5497 (Psal.
731 5440 818 5490 ex,
866 5424 941 5497 2).
990 5423 1284 5481 Nimirum
1313 5421 1443 5476 haec
1490 5421 1629 5475 sunt
1657 5433 1840 5488 opera

157 5511 396 5571 Domini
416 5519 476 5572 et
493 5513 664 5571 nulla
690 5514 832 5584 alia,
860 5530 996 5588 quae
1029 5529 1090 5570 se
1123 5512 1426 5570 facturum
1450 5508 1843 5582 praedestina-

159 5599 259 5672 vit,
289 5603 570 5661 videlicet
600 5604 784 5675 gratis
810 5602 1075 5660 misereri
1107 5605 1162 5658 et
1187 5601 1350 5671 juste
1381 5599 1697 5656 damnare.
1732 5599 1844 5653 Ho-

161 5705 298 5748 rum
325 5695 619 5761 misereri,
641 5711 767 5753 non
786 5694 932 5767 quia
946 5696 1328 5761 meruerunt;
1361 5691 1493 5748 illos
1517 5690 1840 5760 damnare,

165 5779 297 5844 sine
338 5782 526 5850 dubio
578 5786 724 5858 quia
770 5787 1164 5844 meruerunt:
1210 5782 1341 5840 istis
1386 5780 1596 5853 gratis,
1640 5778 1705 5840 id
1754 5770 1844 5836 est

1909 1846 1997 1898 est
2017 1858 2136 1898 non
2161 1841 2624 1908 accidentaliter,
2646 1841 2751 1896 sed
2773 1839 3191 1908 essentialiter,
3209 1838 3581 1913 perindeque

1908 1931 2360 1988 immntabilitcr
2391 1930 2758 2002 sempiterna
2791 1929 3045 2001 justitia.
3086 1927 3400 1995 Quomodo
3435 1944 3579 1999 ergo

1908 2021 2112 2076 reddet
2144 2021 2464 2089 unicuique
2493 2018 2818 2076 secundum
2850 2033 3030 2087 opera
3053 2033 3163 2076 sua
3185 2019 3212 2074 ?
3235 2021 3325 2074 An
3350 2017 3578 2076 unicui-g

1907 2126 2024 2181 que
2050 2109 2352 2166 bonorum
2376 2113 2431 2164 et
2454 2107 2600 2166 nulli
2625 2107 2925 2166 malorum
2948 2106 2975 2162 ‘t
3009 2109 3209 2166 Peccet
3235 2121 3378 2177 ergo
3409 2106 3576 2179 quisq

1905 2215 2024 2271 que
2063 2197 2533 2270 quantumlibet,
2577 2195 2891 2269 quoniam,
2933 2195 3172 2254 sublato
3207 2194 3437 2266 judicio
3467 2195 3573 2252 de-

1906 2294 2215 2362 tractaque
2254 2287 2506 2359 justitia,
2548 2287 2798 2360 impune
2840 2286 3151 2360 peccabit;
3193 2289 3251 2344 et
3291 2285 3388 2342 dic
3430 2301 3574 2353 cum

1906 2379 2018 2436 illis
2063 2378 2168 2453 qui
2216 2382 2542 2448 posuerunt
2596 2378 2659 2433 in
2708 2377 2851 2434 caelo
2901 2392 2963 2438 os
3015 2392 3210 2446 suum,
3257 2380 3313 2434 et
3359 2376 3575 2449 lingua

1905 2486 2109 2526 eorum
2149 2469 2430 2528 transivit
2461 2469 2524 2522 in
2553 2472 2758 2537 terra;
2807 2471 2862 2523 et
2902 2466 3234 2524 dixerunt:
3277 2465 3574 2537 quomodo

1905 2562 2012 2617 scit
2034 2562 2212 2626 Deus,
2247 2564 2298 2616 et
2331 2560 2382 2614 si
2409 2564 2494 2614 est
2523 2558 2775 2615 scientia.
2807 2558 2868 2614 in
2898 2558 3130 2614 ercetso
3168 2557 3354 2626 (Psat.
3395 2572 3570 2628 Lxxn,

1905 2650 2094 2716 9-11);
2128 2653 2308 2720 atque
2348 2646 2712 2717 judicandos
2758 2649 2817 2703 et
2858 2645 3054 2708 bonos
3084 2649 3140 2702 et
3169 2645 3363 2712 malos
3388 2660 3567 2719 supe-

1903 2739 2043 2796 riori
2071 2739 2302 2794 Domini
2326 2736 2618 2796 sententia
2636 2735 3008 2792 declaratum
3029 2739 3137 2806 est,
3168 2739 3224 2791 et
3244 2734 3567 2808 Apostolus

1905 2833 2156 2886 testatur
2185 2827 2391 2887 dicens
2425 2844 2437 2882 :
2475 2827 2708 2883 Scimus
2746 2826 2903 2882 enim
2944 2826 3229 2897 quoniam
3265 2824 3570 2896 judicium

1905 2920 2010 2975 Dei
2035 2924 2116 2975 est
2147 2917 2474 2974 secundum
2505 2916 2813 2974 veritatem
2840 2916 2904 2972 in
2924 2930 3016 2972 eos
3048 2915 3153 2985 qui
3181 2915 3334 2976 talia
3354 2919 3567 2985 agunt.

1907 3008 2236 3064 Existimas
2267 3010 2465 3062 autem
2488 3005 2618 3070 hoc,
2641 3019 2674 3060 ο
2706 3003 2898 3070 homo,
2934 3005 3040 3074 qui
3049 3004 3294 3073 judicas
3321 3019 3438 3072 eos,
3467 3003 3575 3075 qui

1830 3128 1871 3183 ρ
1912 3097 2063 3152 talia
2093 3099 2304 3164 agunt,
2329 3099 2382 3183 et
2414 3093 2570 3183 facis
2603 3107 2692 3183 ea,
2728 3092 2872 3183 quia
2902 3097 2967 3147 tu
3007 3091 3250 3183 effugies
3265 3091 3576 3183 judicium

1909 3186 2021 3242 Dei
2046 3187 2074 3240 ?
2103 3187 2209 3240 aut
2240 3182 2480 3237 divitias
2505 3180 2785 3237 bonitatis
2816 3182 2943 3249 ejus
2969 3185 3020 3236 et
3040 3179 3351 3248 patientia:
3368 3184 3422 3237 et
3447 3180 3574 3238 lon-

1911 3274 2285 3347 ganimitatis
2342 3271 2668 3329 contemnis
2713 3274 2742 3328 ?
2788 3271 3044 3340 Ignoras
3091 3271 3374 3341 quoniam
3421 3269 3577 3328 beni-

1913 3366 2114 3436 gnitas
2142 3363 2251 3418 Dei
2270 3362 2351 3417 ad
2376 3360 2794 3430 paenitentiam
2823 3365 2876 3420 te
2907 3359 3156 3418 adducit
3187 3363 3214 3416 t
3252 3359 3580 3426 secundum

1915 3454 2203 3512 duritiam
2239 3455 2440 3508 autem
2469 3455 2637 3510 tuam
2666 3455 2719 3506 et
2750 3449 3124 3518 impoenitens
3156 3463 3259 3506 cor
3290 3449 3582 3512 thesauri-

1918 3560 2016 3600 zas
2049 3542 2158 3598 tibi
2176 3543 2332 3597 iram
2363 3541 2425 3596 in
2451 3539 2547 3596 die
2576 3540 2682 3596 irae
2707 3544 2760 3595 et
2785 3538 3169 3594 reuelationis
3190 3538 3345 3608 justi
3359 3538 3585 3609 judicii

1919 3634 2049 3701 Dei,
2077 3631 2182 3702 qui
2210 3630 2415 3686 reddet
2437 3629 2761 3700 unicuique
2780 3627 3108 3686 secundum
3128 3641 3314 3698 opera
3336 3627 3586 3698 φας,ἠή

1921 3722 2157 3795 quidem
2183 3718 2636 3790 qui,secundum
2663 3717 3018 3787 patientiam
3052 3716 3190 3773 boni
3217 3715 3435 3787 operis,
3457 3717 3589 3786 glo-

1921 3814 2077 3868 riam
2095 3816 2145 3866 et
2167 3810 2450 3865 honorem
2469 3812 2522 3864 et
2541 3807 3054 3875 incorruptionem
3083 3809 3350 3876 quarent
3358 3803 3487 3862 ibus
3505 3804 3592 3862 vi—

1924 3909 2046 3958 tam
2073 3907 2358 3958 wternam
2391 3913 2411 3953 .·
2439 3897 2529 3952 his
2562 3896 2905 3966 autem,qui
2921 3899 3063 3951 sunt
3089 3909 3163 3952 ex
3194 3895 3588 3965 contentione,

1923 3999 1977 4050 et
2001 3992 2106 4062 qui
2118 4004 2240 4045 non
2267 3988 2654 4058 acquiescunt
2682 3984 2944 4051 veritati,
2979 3983 3231 4042 credunt
3254 3989 3455 4041 autem
3482 3985 3595 4042 im}-

1923 4079 2163 4153 quitati,
2193 4080 2289 4132 ira
2320 4081 2372 4132 et
2402 4074 2741 4145 indignatio
2773 4073 3109 4142 tribulatio,
3137 4078 3190 4129 et
3222 4073 3508 4143 augustia
3528 4073 3596 4134 in

1923 4180 2150 4223 omnem
2185 4164 2451 4220 animum
2481 4162 2737 4218 hominis
2766 4163 3071 4231 operantis
3110 4161 3362 4230 malum,
3397 4161 3600 4219 Judwi

1915 4257 2185 4326 primum
2205 4258 2259 4311 et
2280 4252 2709 4310 GracilGloria
2727 4257 2928 4308 autem
2942 4257 2995 4308 et
3016 4251 3209 4311 honor
3225 4255 3278 4309 et
3291 4266 3422 4323 pax
3436 4263 3604 4319 omni

1923 4344 2202 4416 aperanti
2223 4343 2460 4409 bonum,
2481 4343 2692 4398 Judteo
2709 4343 2999 4411 primum,
3023 4347 3078 4399 et
3106 4343 3312 4398 Graeco
3335 4358 3347 4396 :
3370 4357 3492 4398 non
3513 4344 3602 4399 est

1926 4428 2082 4494 enim
2092 4448 2488 4504 personarum
2499 4433 2764 4502 acceptio
2779 4432 2944 4501 apud
2956 4433 3143 4488 Deum
3155 4432 3392 4502 (Rom.n
3402 4435 3475 4499 ,2-
3489 4435 3510 4487 l
3526 4433 3573 4503 l)
3589 4469 3604 4486 .

2001 4523 2151 4590 Quia
2193 4523 2372 4594 igitur
2404 4521 2637 4593 justitia
2663 4520 3086 4593 judiciumque
3119 4520 3223 4576 Dei
3251 4519 3462 4590 negari
3491 4519 3607 4578 mi-

1928 4614 2090 4671 nime
2119 4616 2395 4685 possunt,
2422 4610 2694 4682 sequitur
2723 4614 2788 4666 ut
2806 4607 3258 4682 praedestinatio
3287 4612 3345 4664 et
3374 4622 3611 4678 praepa-

1930 4703 2083 4762 ratio
2112 4701 2273 4756 illius
2302 4699 2645 4755 nullatenus
2673 4697 3066 4767 denegentur,
3098 4696 3159 4752 in
3185 4695 3282 4751 his
3308 4694 3606 4755 duntuat

1933 4792 2156 4865 quibus
2182 4789 2412 4861 justitia
2450 4788 2607 4844 illius
2636 4790 2816 4859 atque
2841 4785 3142 4857 judicium
3177 4784 3610 4870 prmdicantur,

1915 4880 2229 4955 quoniam
2259 4895 2334 4935 ea
2362 4881 2500 4934 sunt
2529 4893 2666 4950 qua)
2695 4876 2910 4933 beatus
2941 4874 3311 4946 Augustinus
3358 4873 3423 4931 in
3461 4873 3612 4930 deﬁ-

1936 4970 2166 5028 nitione
2189 4965 2734 5043 praedestinationis
2754 4964 2902 5021 dixit
2931 4981 2944 5020 :
2979 4964 3144 5036 [Qum
3167 4966 3322 5021 Deus
3344 4977 3407 5020 se
3427 4962 3615 5024 factu-

1938 5077 2076 5117 rum
2107 5074 2238 5116 esse
2268 5055 2543 5131 praevidit
2590 5055 2719 5112 sive
2759 5053 3106 5127 prmseivit.)
3156 5055 3299 5121 Quae
3341 5052 3612 5111 deﬁnitio

1941 5148 2236 5223 quoniam
2276 5148 2392 5205 tuis
2436 5143 2882 5206 assertiunculis
2922 5143 3254 5217 plurimum
3289 5146 3617 5216 repugnat,

1944 5238 2181 5298 conaris
2206 5253 2342 5295 eam
2371 5237 2686 5299 invertere,
2713 5238 2771 5294 et
2797 5233 2968 5306 quod
3003 5249 3202 5306 neque
3241 5229 3618 5303 Augustinus

1949 5327 2102 5390 dixit
2127 5342 2326 5399 neque
2353 5324 2542 5384 sensit
2566 5323 2875 5396 attingere.
2908 5322 3064 5380 Dicis
3086 5321 3269 5379 enim.

2519 5485 2767 5527 JOANNES
2821 5483 3047 5524 SCOTUS.

2059 5599 2201 5670 Cap.
2232 5601 2315 5663 ll,
2340 5611 2510 5652 num.
2536 5600 2588 5663 6,
2615 5598 2755 5650 sect.
2791 5598 2868 5662 7.)
2892 5597 2930 5642 Θ
2965 5593 3067 5646 Est
3092 5590 3282 5660 igitur
3307 5589 3448 5646 talis
3468 5589 3635 5660 (ii/fe-

1953 5694 2153 5748 rentia
2171 5689 2326 5744 inter
2333 5685 2920 5757 praedestinationem
2939 5687 2993 5738 et
3012 5681 3455 5752 praescientiam
3475 5678 3637 5752 quod

1957 5778 2146 5838 omnis
2162 5777 2619 5848 prudestinatio
2647 5772 3055 5845 proescientia,
3080 5787 3203 5828 non.
3220 5775 3421 5832 autem
3445 5771 3638 5830 omnis
