3936 6378
396 293 530 350 1167

1477 286 1532 339 S.
1576 282 1952 339 PRUDENTII
1989 276 2367 338 TRECENSIS
2405 281 2747 340 EPISCOPI.

3709 286 3872 342 1168

385 416 769 490 praescientia
821 409 1266 485 praedestinatio
1310 425 1331 464 .·
1373 407 1752 479 prmi-tentia
1798 418 2056 477 namque
2088 403 2138 456 A
2177 419 2302 459 non
2341 405 2520 462 etiam
2550 406 3032 480 praedestinasse,
3063 421 3199 479 quae
3239 421 3362 462 non
3393 423 3464 463 ex
3495 407 3632 480 ipso
3678 414 3872 466 erant

389 510 523 578 ipsa
549 523 670 579 qua
703 509 859 562 Deus
886 500 1188 573 praesciuit
1219 514 1287 556 ea
1315 514 1446 571 quae
1470 500 1678 568 fuerat
1709 498 1834 566 ipse
1857 496 2058 566 factu-

389 614 517 669 rus,
545 593 1002 667 praedestinatio
1030 605 1164 647 vere
1203 589 1659 659 specialiterque
1688 587 1930 642 dicitur.
1963 585 2057 640 Ea

390 703 530 744 vero
549 681 955 756 praescientia,
979 693 1098 752 qua
1127 693 1198 735 ea
1217 693 1348 749 qua
1377 692 1498 733 non
1525 676 1701 746 facit,
1725 674 2054 744 prcescivit,

389 778 454 833 id
478 781 562 834 est
581 777 830 845 peccata
861 783 1183 841 eorumque
1201 781 1435 838 poenas,
1463 765 1863 836 prwscientia,
1893 763 2058 819 abso-

393 868 516 923 lute
551 863 789 934 placuit
839 860 1066 922 vocari,
1110 864 1202 917 Ita
1231 863 1298 914 ut
1325 872 1394 914 ea
1426 852 1835 912 tantummodo
1871 865 2055 921 prws-

388 953 630 1020 cientia,
663 965 798 1022 quae
819 949 1048 1005 dicitur
1063 946 1534 1018 przdestinatio,
1565 945 1629 1000 in
1655 943 1801 999 bono
1826 953 2057 1009 semper

386 1041 776 1111 intelligatur
805 1054 825 1094 .·
851 1039 982 1095 sola
1014 1053 1150 1094 vero
1173 1035 1563 1107 prwscientia
1591 1033 1718 1088 sine
1747 1028 2057 1102 praedesti-

383 1131 631 1189 natione
661 1130 902 1187 omnino
931 1129 1231 1185 malorum
1254 1130 1358 1196 est,
1390 1139 1523 1197 qua:
1543 1125 1700 1180 Deus
1731 1137 1850 1176 non
1879 1119 2050 1190 facit.

1056 1284 1364 1329 CORRECTIO
1373 1312 1385 1325 .

460 1401 504 1470 -ξ-
533 1397 782 1468 Agimus
827 1395 1036 1470 utique
1068 1398 1186 1452 Deo
1223 1391 1470 1463 gratias,
1514 1389 1620 1463 qui
1649 1391 1704 1445 te
1749 1385 2053 1443 nolentem

385 1487 658 1546 fortassis
683 1485 1176 1558 nescientemque
1197 1482 1334 1540 fecit
1354 1480 1734 1553 aliquatenus
1759 1474 1926 1549 quod
1952 1489 2052 1530 ve-

385 1593 526 1635 rum
555 1581 647 1634 est
665 1575 955 1633 conﬁteri.
975 1574 1086 1641 Qui
1111 1572 1275 1629 enim
1297 1571 1592 1628 hactenus
1616 1564 2054 1641 praescientiam

387 1671 449 1724 et
483 1663 1074 1739 praedestinationem
1104 1677 1297 1718 unum
1323 1675 1454 1716 esse
1487 1662 1847 1722 astruxeras,
1892 1668 2055 1710 nunc

387 1756 650 1820 differre,
717 1751 1000 1827 quamvis
1060 1748 1334 1817 subdole,
1402 1745 1724 1804 conﬁteris.
1792 1741 2054 1800 Dicendo
2085 1758 2126 1812 Β

387 1844 637 1918 quippe,
667 1843 858 1900 omnis
881 1840 1336 1912 praedestinatio
1364 1836 1768 1908 prwscientia,
1800 1849 1921 1888 non
1951 1847 2056 1888 au-

388 1941 506 1993 tem
538 1935 726 1991 omnis
757 1931 1139 2003 prwscientia
1171 1927 1647 2000 prazdestinatio,
1680 1922 1945 1998 profecto
1984 1936 2057 1977 ea

389 2023 596 2097 aliquo
643 2020 829 2078 modo
875 2019 1114 2076 differre
1158 2017 1560 2074 demonstras.
1607 2016 1846 2082 Verum,
1889 2007 2057 2084 quod

387 2110 832 2187 praescientiam
857 2106 1451 2183 praedestinationem
1476 2118 1823 2176 nuncupas,
1841 2117 1892 2177 _a
1913 2113 2057 2155 vero

389 2203 631 2260 devias:
664 2215 861 2273 neque
887 2198 1048 2255 enim
1071 2196 1452 2267 praescientia
1473 2199 1565 2252 est
1587 2188 2056 2268 praedestinatio,

387 2307 589 2364 neque
628 2269 1076 2362 praedestinatio
1114 2285 1513 2360 prmscientia,
1553 2281 1834 2357 quamvis
1872 2295 2056 2353 praes-

391 2380 609 2438 cientia
631 2395 744 2453 pro
769 2376 1294 2452 praedestinatione
1318 2375 1507 2432 soleat
1528 2372 1843 2446 aliquoties
1871 2367 2054 2443 poni;

389 2469 574 2527 veluti
605 2484 746 2526 cum
772 2467 920 2524 dixit
956 2465 1283 2540 Apostolus
1326 2483 1340 2520 :
1377 2463 1718 2521 Secundum
1745 2459 2060 2532 praescieri-

393 2562 539 2618 tiam
565 2561 679 2616 Dei
702 2559 914 2616 electos
948 2557 1016 2629 (Ι.
1039 2557 1206 2612 Ρειν.
1235 2571 1272 2622 ι,
1291 2554 1370 2626 2),
1393 2553 1599 2625 utique
1618 2549 2058 2624 praescientiam

389 2666 504 2724 pro
532 2646 1060 2722 prmdestinatione
1084 2643 1358 2717 posuisse
1379 2641 1726 2711 intelligitur
1753 2657 1766 2696 :
1799 2638 2060 2714 praedes-

394 2739 605 2795 tinatio
633 2753 778 2793 vero
797 2752 907 2809 pro
933 2732 1308 2808 praescientia
1333 2746 1642 2804 nusquam
1671 2729 1869 2802 posita
1887 2743 2058 2801 repe-

391 2827 563 2884 ritur.
588 2824 842 2881 Proinde
872 2821 1199 2878 dicendum
1215 2821 1426 2888 fuerat,
1449 2819 1604 2875 sicut
1621 2817 2058 2874 memorandus

390 2919 563 2973 Pater
593 2911 961 2984 Augustinus
991 2909 1139 2966 dixit
1176 2909 1270 2981 (de
1297 2909 1590 2965 Praulest.
1638 2908 1871 2978 Sanct.,
1921 2921 2055 2978 cap.

394 3005 505 3077 10),
529 3003 674 3078 quia
695 2997 1142 3075 praedestinatio
1173 2998 1298 3054 sine
1319 2996 1696 3071 pra-:escientia
1716 3011 1838 3052 non
1863 2997 2060 3068 potest

388 3111 539 3167 esse,
565 3096 767 3166 potest
792 3094 994 3148 autem
1013 3105 1146 3146 esse
1167 3089 1294 3145 sine
1319 3085 1844 3162 prmdestinatione
1873 3101 2058 3158 praes-

387 3184 622 3244 cientia.
651 3181 805 3250 Quid
827 3179 1157 3238 claritatem
1173 3177 1473 3235 dictorum
1502 3175 1827 3233 obnubilas
1855 3175 1884 3231 ‘I
1910 3174 2058 3248 quid

387 3291 582 3348 aquas
618 3271 977 3346 purissimas
1018 3267 1348 3325 {esculentis
1381 3265 1894 3339 disputationibus
1940 3269 2058 3320 tur-

385 3365 501 3421 bas
525 3365 554 3419 ?
582 3365 697 3419 Cur
725 3375 838 3416 nos
866 3375 903 3416 a
928 3357 1052 3414 vivi
1089 3357 1269 3413 fontis
1297 3360 1447 3429 potu
1476 3355 1800 3428 purissimo
1826 3353 1905 3410 ad
1949 3368 2058 3409 ets-

390 3459 595 3508 ternas
623 3463 755 3519 quae
781 3463 902 3502 non
933 3447 1139 3503 valent
1168 3460 1357 3517 aquas
1388 3445 1694 3500 continere
1716 3444 1858 3515 (Jer.
1892 3459 1954 3513 ιι,
1973 3441 2056 3515 13)

389 3537 656 3597 traducis
685 3536 713 3592 ?
753 3539 978 3607 Nempe
1003 3550 1144 3589 cum
1173 3532 1406 3605 aliquid
1434 3549 1545 3605 pro
1575 3532 1761 3588 altero
1793 3531 2056 3604 ponitur,

391 3629 556 3688 aliud
582 3641 826 3683 necesse
865 3629 954 3680 est
984 3624 1058 3679 sit
1087 3623 1254 3695 quod
1289 3622 1552 3694 ponitur,
1595 3621 1759 3679 aliud
1797 3637 1908 3694 pro
1937 3636 2059 3694 quo

391 3718 654 3793 ponitur.
698 3719 766 3772 Et
805 3729 944 3771 cum
970 3712 1188 3769 dicitur
1215 3709 1681 3784 praedestinatio,
1715 3725 1839 3767 non
1867 3713 2064 3783 potest

391 3825 527 3867 esse
578 3807 706 3862 sine
752 3801 1164 3877 praescientia;
1205 3799 1581 3874 praescientia
1628 3803 1830 3856 autem
1867 3802 2064 3874 potest

391 3913 523 3954 esse
579 3896 706 3952 sine
761 3891 1308 3967 praedestinatione,
1359 3889 1677 3963 perspicue
1725 3888 2063 3945 declaratur

393 3985 558 4044 aliud
589 4001 719 4041 esse
755 3980 1202 4057 praescientiam
1247 3983 1428 4053 atque
1471 3978 1636 4036 aliud
1665 3977 2061 4052 praedestina-

391 4078 640 4134 tionem.
674 4074 813 4130 Ideo
841 4073 1068 4146 quippe
1092 4069 1540 4144 praedestinatio
1563 4086 1690 4127 non
1711 4073 1913 4144 potest
1933 4085 2062 4126 esse

397 4165 526 4221 sine
555 4161 950 4236 praescientia,
967 4161 1112 4232 quia
1135 4159 1340 4215 nullus
1363 4159 1478 4214 nisi
1506 4158 1880 4232 prmsciendo
1907 4175 2062 4232 prte-

395 4255 659 4310 destinat
681 4268 693 4306 :
721 4265 899 4305 nemo
921 4248 1082 4303 enim
1101 4247 1430 4304 nesciendo
1446 4248 1860 4321 praedestinat;
1889 4265 2067 4322 praes-

399 4339 616 4397 cientia
660 4351 803 4393 vero
851 4334 1075 4392 idcirco
1122 4334 1250 4391 sine
1290 4335 1814 4407 praedestinatione
1869 4339 2066 4410 potest

2175 507 2422 548 causam
2449 495 2814 566 operationis
2831 494 3157 556 habitura]
3180 496 3220 564 -ι-
3245 495 3585 565 Fulgentius
3601 497 3868 553 initium

2170 582 2639 654 responsionum
2662 583 2910 640 secundi
2938 582 3075 638 libri
3097 582 3175 638 ad
3203 583 3532 640 Monimum
3553 584 3640 642 ita
3673 602 3868 642 exor-

2170 685 2272 724 sus
2323 676 2411 728 est
2463 672 2656 744 [Satis,
2711 676 2776 728 ut
2823 671 3100 742 arbitror,
3150 671 3402 729 Monime
3460 673 3865 746 charissime,

2168 759 2564 830 quaestionem
2595 761 2671 818 de
2695 760 3036 818 diversitate
3057 760 3631 833 praedestinationis,
3657 763 3863 835 justo.

2163 862 2301 903 rum
2353 849 2575 905 scilicet
2621 854 2678 906 et
2714 849 3083 922 iniquorum,
3125 850 3241 906 hoc
3290 855 3382 907 est
3423 867 3640 908 eorum
3689 868 3864 925 quos

2166 937 2424 1008 gratuita
2449 938 2862 995 misericordia
2893 938 2994 994 Dei
3017 939 3390 1012 prteveniens
3415 939 3861 1010 justiﬁcandos

2165 1028 2472 1100 convertit,
2518 1028 2923 1098 gloriﬁcatura
2972 1045 3317 1098 conversos,
3350 1033 3643 1087 eteorum
3688 1048 3861 1104 quos

2159 1117 2326 1189 justa
2355 1117 2454 1174 Dei
2487 1119 2771 1175 severitas
2803 1118 2864 1174 in
2893 1119 3155 1192 peccatis
3177 1119 3537 1193 derelinquit
3552 1121 3861 1194 punitura

2163 1205 2508 1277 damnatos,
2553 1207 2826 1280 superior
2871 1224 3094 1274 sermo,
3127 1207 3189 1264 in
3213 1213 3515 1281 quantum
3545 1211 3858 1266 Dominus

2162 1293 2548 1368 pusillitatem
2589 1300 2861 1353 nostram
2897 1296 3182 1367 dignatus
3211 1301 3299 1355 est
3347 1297 3663 1370 adjuvare,
3713 1315 3859 1372 per-

2164 1387 2479 1441 tractatam
2529 1384 2793 1442 continet
2840 1389 2900 1442 et
2947 1385 3206 1443 solutam
3251 1403 3264 1442 :
3307 1386 3389 1443 ita
3433 1391 3499 1443 ut
3543 1387 3854 1480 plerique,

2168 1473 2306 1530 licet
2333 1474 2396 1530 in
2425 1490 2497 1530 ea
2527 1474 2720 1532 solent
2743 1492 2866 1532 non
2895 1475 3099 1532 leviter
3127 1476 3487 1548 permoveri,
3510 1477 3688 1534 facile
3709 1473 3856 1550 pos;

2171 1563 2291 1620 sint
2328 1567 2386 1620 et
2429 1563 2776 1620 divinorum
2817 1565 3106 1622 librorum
3138 1565 3490 1622 testimoniis
3517 1567 3762 1635 instrui,
3799 1573 3859 1622 et

2173 1653 2232 1709 S.
2279 1651 2595 1722 Augustini
2639 1651 2827 1722 libris,
2877 1658 2934 1710 et
2980 1654 3253 1726 Prosperi
3294 1655 3684 1711 eruditissimi
3739 1655 3853 1712 viri

2166 1741 2667 1814 responsionibus
2706 1742 3039 1807 informari,
3067 1743 3290 1816 quibus
3318 1749 3654 1815 agnoscant
3681 1761 3850 1818 prae-

2170 1829 2637 1888 destinationem
2677 1832 2778 1888 Dei
2808 1831 2956 1888 nihil
2993 1831 3159 1888 aliud
3197 1849 3347 1901 esse,
3387 1832 3496 1890 nisi
3532 1849 3854 1906 praepara.

2167 1919 2390 1977 tionem
2438 1937 2691 1994 operum
2737 1922 2887 1993 ejus,
2929 1939 3066 1995 quae
3114 1921 3176 1978 in
3220 1926 3442 1979 aeterna
3479 1939 3591 1979 sua
3634 1923 3851 1996 dispo-

2167 2009 2401 2082 sitione,
2433 2014 2541 2068 aut
2576 2010 3038 2068 misericorditer
3077 2028 3139 2067 se
3182 2011 3478 2068 facturum
3513 2012 3843 2085 praescivit,

2169 2102 2273 2156 aut
2307 2099 2488 2170 juste.
2537 2103 2603 2156 Et
2650 2100 2794 2174 quia
2837 2101 2900 2156 in
2952 2101 3212 2174 peccatis
3266 2117 3376 2158 nec
3423 2101 3843 2158 misericordia

2168 2189 2476 2246 invenitur
2494 2207 2606 2246 nec
2616 2190 2848 2262 justitia
2882 2208 2894 2246 :
2929 2191 3187 2264 ideoque
3211 2207 3457 2247 omnem
3486 2191 3840 2264 iniquorum

2167 2277 2393 2335 malam
2445 2279 2819 2336 voluntatem
2872 2296 2997 2353 qua
3052 2285 3307 2354 peccant
3347 2297 3384 2337 a
3431 2282 3550 2336 Deo
3598 2281 3844 2354 praesci-

2168 2371 2316 2439 tam,
2353 2384 2478 2425 non
2521 2373 2722 2426 tamen
2754 2385 2887 2426 esse
2926 2387 2964 2426 a
3003 2373 3122 2426 Deo
3153 2370 3668 2444 praedestinatam,
3696 2386 3839 2426 cum

2167 2455 2366 2530 ipsam
2414 2457 2784 2515 voluntatem
2834 2459 3061 2515 malam
3109 2475 3235 2515 non
3281 2458 3449 2516 aliter
3491 2463 3690 2516 essent
3733 2459 3842 2515 ha-

2165 2545 2374 2616 bituri,
2405 2547 2521 2604 nisi
2557 2548 2620 2604 in
2657 2563 2729 2605 eo
2767 2548 2934 2622 quod
2973 2549 3230 2606 fuissent
3265 2564 3303 2605 a
3346 2548 3601 2605 Domino
3647 2564 3841 2604 reces-

2167 2635 2311 2704 suri,
2361 2653 2472 2694 nec
2523 2641 2711 2694 Deum
2767 2639 3228 2712 praedestinasse
3275 2638 3703 2696 discessionem
3735 2639 3841 2695 ho~

2166 2724 2348 2781 minis
2377 2742 2414 2782 a
2445 2743 2527 2790 se,
2559 2744 2699 2784 cum
2731 2743 2918 2784 causa
2955 2729 3124 2801 ipsus
3152 2728 3536 2784 discessionis
3564 2728 3696 2784 sola
3735 2744 3837 2784 vo-

2165 2813 2430 2872 luntaria
2459 2823 2614 2872 esset
2654 2818 2886 2874 aversio
2914 2818 3266 2891 peccatoris,
3293 2834 3430 2891 quin
3461 2818 3605 2891 quia
3643 2818 3832 2873 Deum

2166 2902 2368 2962 futura
2431 2921 2555 2962 non
2619 2906 2790 2963 latuit
2855 2906 2917 2963 in
2984 2911 3207 2964 aeterna
3269 2905 3641 2979 praescientia
3700 2908 3831 2978 ejus

2166 2999 2571 3066 praeparatam
2623 2995 2736 3051 sibi
2779 3011 3027 3069 poenam
3064 2997 3245 3068 justae
3287 2995 3691 3053 retributionis
3738 2995 3828 3051 in-

2164 3081 2374 3155 venit.]

2245 3171 2286 3240 -ι-
2301 3172 2530 3238 Quibus
2550 3173 3004 3230 deﬁnitionibus
3026 3177 3374 3231 sanctorum
3391 3177 3625 3231 Patrum
3644 3174 3832 3248 liquet

2165 3264 2331 3323 aliud
2362 3280 2493 3320 esse
2524 3263 2982 3336 praescientiam.
3021 3263 3187 3320 aliud
3215 3263 3825 3336 prtedestinationem.

2169 3354 2282 3412 Sed
2313 3369 2454 3409 cum
2480 3351 2628 3408 dicis
2659 3369 2671 3406 :
2704 3353 2851 3409 Sola
2873 3367 3010 3409 vero
3026 3353 3406 3422 praescientia
3425 3354 3551 3410 sine
3571 3353 3834 3423 praedes-

2169 3444 2462 3501 tinatione
2479 3442 2719 3498 omnino
2734 3443 3035 3498 malorum
3053 3446 3158 3512 est,
3180 3457 3310 3514 quae
3329 3443 3484 3498 Deus
3500 3459 3620 3498 non
3638 3443 3790 3512 facit
3807 3456 3832 3512 ;

2167 3548 2380 3589 verum
2400 3534 2510 3602 est,
2532 3529 2582 3585 si
2599 3535 2801 3587 tamen
2822 3530 3123 3587 malorum
3149 3531 3394 3587 nomine
3415 3535 3682 3604 peccata,
3703 3547 3832 3587 non

2169 3621 2348 3677 etiam
2392 3635 2603 3676 eorum
2648 3635 2865 3692 poenas
2912 3619 3210 3690 intelligis,
3261 3635 3414 3692 quas
3451 3623 3568 3677 Deo
3597 3620 3831 3676 vindice

2169 3709 2416 3767 retribui
2454 3708 2656 3764 nullus
2700 3708 3133 3766 catholicorum
3179 3713 3379 3780 negat.
3426 3711 3610 3766 Porro
3643 3709 3832 3766 malo-

2169 3815 2306 3856 rum
2337 3798 2771 3871 praescientiam
2811 3798 3038 3870 dicens,
3081 3798 3293 3872 utquid
3337 3799 3610 3872 superius
3648 3799 3832 3856 malo—

2170 3904 2308 3945 rum
2337 3887 2775 3960 prmscientiam
2810 3888 3100 3961 tantisper
3131 3889 3470 3959 negaveris,
3497 3893 3602 3946 aut
3629 3893 3828 3945 utrum

2171 3978 2232 4034 in
2265 3977 2355 4032 his
2378 3977 2558 4033 etiam
2581 3975 2781 4032 verbis
2806 3977 2921 4034 tuis
2946 3994 2983 4035 a
3009 3978 3304 4034 contrario
3328 3977 3653 4036 identidem
3679 3979 3825 4036 velis

2172 4065 2419 4136 intelligi
2461 4081 2584 4122 non
2625 4065 2833 4122 elucet.
2887 4067 3060 4133 Quod
3099 4067 3148 4123 si
3191 4067 3540 4140 admittitur,
3583 4084 3828 4142 prorsus

2172 4154 2320 4213 nihil
2367 4171 2499 4212 esse
2549 4155 2940 4213 convincitur.
2985 4159 3202 4214 Verum
3249 4172 3325 4214 ne
3372 4157 3448 4214 de
3504 4159 3827 4215 contrario-

2171 4262 2309 4304 rum
2340 4244 2539 4302 adhuc
2569 4245 2902 4318 capacitate
2931 4246 3223 4318 queraris,
3253 4247 3566 4304 fatendum
3595 4252 3684 4305 est
3708 4248 3826 4304 ﬁde

2173 4335 2543 4392 inconcussa
2567 4335 2735 4407 quod
2766 4349 2963 4408 neque
2983 4335 3452 4408 praedestinatio,
3469 4352 3663 4410 neque
3677 4337 3828 4408 judi-

395 4445 553 4500 essc,
575 4426 869 4502 quoniam
897 4424 1088 4482 multa
1116 4428 1370 4497 possunt
1398 4424 1535 4480 sciri
1565 4429 1746 4498 atque
1775 4425 2058 4498 prtesciri,
2091 4468 2138 4522 Β
2176 4423 2336 4480 cium
2371 4423 2473 4480 Dei
2503 4423 2836 4479 secundum
2867 4423 3200 4496 quemdam
3228 4424 3480 4481 modum
3511 4426 3826 4482 contrario-

397 4536 534 4593 qum
564 4517 906 4575 nullatenus
931 4512 1452 4587 praedestinentur.

470 4610 594 4665 Hoc
623 4607 808 4665 habet
847 4603 1116 4661 deﬁnitio
1164 4602 1501 4660 beatissimi
1528 4601 1866 4674 Augustini,
1906 4603 2065 4661 hanc

401 4702 736 4773 sequuntur
766 4711 979 4753 omnes
1008 4691 1284 4750 catholici
1314 4692 1656 4750 divinorum
1687 4691 2066 4766 eloquiorum

375 4793 772 4855 .tractatores,
827 4799 1090 4858 quorum
1135 4785 1390 4855 Prosper
1437 4781 1520 4839 ita
1568 4781 1863 4839 adversus
1907 4783 2068 4842 Pela-

404 4879 636 4949 gianos,
667 4879 947 4950 parentes
973 4877 1131 4939 tuos,
1169 4886 1360 4942 agens
1393 4870 1661 4945 loquitur
1687 4871 1788 4943 (ad
1816 4874 2066 4944 capital.

407 4967 593 5032 ϐαιὰ,
619 4980 754 5036 cap.
790 4965 876 5035 45)
909 4979 921 5018 :
956 4960 1093 5036 [Qui
1119 4959 1558 5034 praescientiam
1585 4959 1688 5016 Dei
1718 4959 1782 5016 in
1802 4961 1968 5018 nullo
1988 4961 2067 5019 ab

403 5054 593 5127 ipsius
618 5051 1149 5124 praedestinatione
1169 5048 1476 5118 discernit,
1499 5049 1665 5122 quod
1682 5048 2068 5109 tribuendum

406 5149 496 5200 est
523 5144 642 5199 Deo
669 5145 744 5196 de
772 5140 970 5208 bonis,
1006 5139 1122 5196 hoc
1161 5139 1215 5195 ei
1259 5139 1440 5196 etiam
1481 5138 1557 5196 de
1599 5138 1775 5198 malis
1816 5145 2070 5201 conatur

405 5233 732 5292 ascribere:
762 5228 868 5284 sed
897 5244 1038 5285 cum
1057 5227 1223 5284 bona
1250 5228 1330 5284 ad
1352 5227 1698 5298 largitorem
1719 5234 2070 5304 cooperato-

403 5337 654 5396 remque
681 5334 890 5376 eorum
909 5319 1120 5386 Deum,
1146 5317 1311 5373 mala
1339 5321 1541 5374 autem
1563 5317 1643 5374 ad
1661 5317 2069 5379 voluntariam

404 5411 714 5470 rationalis
744 5412 1031 5465 creaturae
1069 5406 1402 5479 nequitiam
1442 5407 1756 5465 referenda
1786 5407 1922 5481 sint,
1954 5409 2068 5466 du-

404 5499 576 5555 bium
604 5513 730 5554 non
761 5501 848 5552 est
878 5497 1004 5552 sine
1029 5495 1154 5552 ulla
1174 5495 1490 5568 temporali
1523 5495 1859 5555 differentia
1878 5499 2068 5555 Deum

408 5587 787 5658 ctprwscisse
804 5585 981 5640 simul
1006 5590 1064 5642 ct
1084 5584 1552 5657 praidcstinasse
1581 5602 1716 5658 quae
1745 5587 1877 5660 ipso
1901 5591 2068 5646 erant

411 5680 652 5728 auctore
671 5674 966 5743 facienda,
987 5674 1083 5730 vel
1106 5690 1242 5745 quae
1271 5673 1446 5730 malis
1472 5675 1697 5730 meritis
1710 5677 1874 5747 justo
1899 5682 2069 5735 erant

407 5755 634 5823 judicio
670 5759 1018 5828 tribuenda;
1043 5759 1356 5832 praescisse
1386 5765 1586 5818 autem
1618 5765 2061 5837 tantummodo,

2175 4530 2312 4571 rum
2353 4514 2602 4587 capacia
2639 4518 2794 4571 recte
2835 4514 3133 4584 dicantur,
3175 4531 3316 4572 cum
3354 4515 3417 4571 in
3446 4515 3531 4572 eis
3560 4515 3705 4572 nihil
3753 4517 3826 4574 sit

2175 4603 2426 4661 omnino
2446 4604 2831 4660 contrarium.
2851 4604 2944 4660 Ad
2963 4605 3550 4678 praedestinationem
3569 4623 3823 4680 namque

2175 4709 2246 4750 ac
2296 4692 2596 4764 judicium
2654 4693 2754 4750 Dei
2799 4693 2949 4750 nihil
2990 4699 3206 4767 praeter
3246 4695 3717 4754 misericordiam
3771 4700 3826 4754 et

2171 4781 2483 4855 justitiam,
2514 4781 2610 4838 vel
2639 4781 3102 4857 quibuscunque
3127 4784 3257 4841 aliis
3278 4785 3588 4843 vocabulis
3608 4801 3826 4842 nuncu-

2174 4875 2412 4945 pentur,
2439 4870 2734 4944 pertinere
2764 4877 2993 4929 certum
3021 4878 3113 4930 est
3143 4892 3156 4931 :
3189 4891 3326 4948 quae
3349 4875 3688 4932 nullatenus
3717 4875 3824 4932 sibi

2177 4961 2296 5018 dici
2332 4959 2535 5018 valent
2571 4963 2891 5034 contraria,
2938 4965 3229 5037 quoniam
3259 4969 3316 5021 et
3342 4963 3746 5023 misericordia
3773 4969 3824 5023 et

2172 5050 2402 5124 justitia
2426 5050 2662 5125 absque
2689 5053 3160 5112 contradictione
3200 5054 3366 5112 bona
3401 5057 3556 5124 sunt,
3596 5053 3693 5111 illo
3737 5055 3822 5111 ni-

2176 5141 2400 5198 mirum
2438 5145 2701 5210 auctore,
2748 5142 2854 5215 qui
2898 5159 3137 5199 summe
3180 5159 3316 5201 vere
3358 5142 3820 5218 sempiterneque

2175 5230 2376 5287 bonus
2409 5234 2516 5302 est,
2548 5235 2606 5288 et
2634 5247 2675 5288 a
2708 5247 2831 5304 quo
2862 5235 2950 5288 est
2981 5232 3278 5306 quidquid
3307 5233 3453 5290 boni
3482 5236 3587 5290 est.
3619 5236 3695 5290 Ac
3722 5250 3821 5308 per

2175 5321 2292 5378 hoc
2335 5321 2385 5378 si
2437 5320 2573 5394 quis
2615 5320 3090 5378 misericordiam
3120 5327 3176 5380 et
3213 5322 3504 5396 justitiam
3541 5323 3644 5379 Dei
3669 5323 3822 5381 bona

2177 5425 2310 5467 esse
2361 5409 2688 5482 negaverit,
2740 5409 2883 5467 ﬁdei
2927 5411 3233 5468 catholicae
3277 5412 3560 5468 inimicus
3604 5411 3820 5486 absque

2176 5499 2363 5557 dubio
2401 5499 2849 5572 comprobatur.
2886 5500 2969 5557 Sit
2997 5517 3139 5572 ergo
3169 5501 3618 5574 praedestinatio
3653 5507 3705 5559 et
3734 5505 3822 5575 ju-

2177 5590 2401 5645 dicium
2431 5590 2532 5646 Dei
2558 5605 2950 5663 nequaquam
2978 5592 3415 5649 contrariorum
3446 5609 3658 5666 capax,
3687 5595 3819 5667 quia

2175 5696 2312 5752 quae
2355 5678 2521 5734 bona
2561 5679 2727 5736 bono
2771 5684 3033 5750 auctore,
3076 5681 3352 5738 videlicet
3381 5683 3522 5753 Deo,
3555 5683 3816 5752 existunt,

2176 5767 2480 5827 contraria
2505 5767 2620 5826 sibi
2649 5784 2779 5827 esse
2798 5769 3138 5830 nullatenus
3163 5774 3436 5844 possunt.
3462 5775 3710 5847 Prosper
3727 5774 3821 5844 (ad
