3936 6370
97 339 253 394 1169

93 550 210 606 Dei
244 552 371 606 sive
397 548 478 606 ad
505 549 760 617 bonum,
791 549 915 605 sive
945 548 1024 605 ad
1054 548 1286 604 malum
1329 549 1392 604 in
1419 544 1774 603 hominibus

94 638 352 713 operari
378 637 749 712 ineptissime
778 637 1014 706 dicitur,
1043 641 1109 696 ut
1127 637 1208 695 ad
1237 641 1563 710 utrumque
1581 633 1776 691 homi-

93 745 216 786 nes
246 728 535 803 qutedam
581 727 906 786 necessitas
934 727 1206 785 videatur
1255 726 1602 801 impellere;
1635 738 1777 780 eum

94 818 165 875 in
186 817 372 875 bonis
399 817 681 875 voluntas
704 817 780 874 sit
803 817 1194 890 intelligenda
1211 816 1286 873 de
1317 815 1530 888 gratia,
1552 813 1616 870 in
1643 828 1775 870 ma-

95 907 178 964 lis
201 912 411 965 autem
423 907 705 964 voluntas
731 907 1122 978 intelligenda
1142 907 1270 964 sine
1295 905 1532 979 gratia].
1554 904 1590 972 -Ῑ-
1610 903 1776 960 Idem

96 1001 372 1071 Prosper
402 998 624 1070 (Ibid.).
661 996 1128 1072 [Prtedestinatio
1157 998 1353 1068 'igitur
1392 996 1494 1054 Dei
1541 1009 1780 1068 semper

96 1087 164 1144 in
194 1087 371 1144 bono
402 1091 510 1159 est,
543 1090 648 1144 aut
678 1087 756 1143 ad
795 1087 1249 1144 retributionem
1273 1085 1536 1158 justitiae,
1566 1088 1670 1142 aut
1698 1082 1780 1140 ad

93 1176 506 1232 donationem
528 1176 784 1250 pertinet
809 1176 1108 1247 gratiae.]-l-
1122 1175 1286 1232 Idem
1300 1173 1774 1248 Prosper(lbid.):

90 1266 561 1322 Praedestinatio
584 1281 830 1340 quoque
853 1266 954 1322 Dei
975 1281 1214 1338 semper
1240 1265 1302 1321 in
1325 1265 1490 1321 bono
1509 1267 1619 1335 est,
1639 1278 1777 1336 quae

89 1358 433 1427 peceatum
464 1353 593 1412 sola
612 1354 878 1411 hominis
898 1354 1206 1411 voluntate
1237 1353 1654 1422 commissum,
1676 1354 1782 1408 aut

87 1443 543 1500 remittendum
573 1445 742 1502 norit
789 1461 929 1501 cum
983 1444 1164 1501 laude
1195 1443 1642 1510 misericordiae,
1676 1444 1780 1498 aut

87 1532 498 1605 plectendum
547 1549 688 1590 cum
742 1532 923 1590 laude
969 1533 1259 1605 justiﬁes]
1298 1533 1334 1600 -Ι-
1381 1532 1676 1604 Adjungis
1722 1533 1780 1588 et

91 1621 282 1678 dicis.

680 1728 923 1769 JOANNES
974 1728 1201 1770 SCOTUS.

167 1822 348 1893 (Cap.
386 1819 470 1888 ll,
501 1835 672 1876 num.
708 1823 763 1891 8,
810 1825 950 1877 sect.
995 1823 1076 1890 ’7.)
1116 1826 1156 1875 Θ
1202 1822 1282 1877 Et
1311 1835 1386 1877 ne
1428 1820 1594 1877 ullus
1639 1818 1782 1876 inde
1811 1831 1850 1888 Β

89 1910 432 1977 dubitaret,
483 1910 750 1979 adjecit:
803 1909 1121 1981 [Quocirca
1164 1910 1620 1980 prmdestinatio
1671 1909 1779 1964 Dei

91 2015 233 2071 quae
253 2000 324 2056 in
351 1999 501 2055 bono
533 2005 638 2069 est,
660 2000 876 2070 gratiae
895 2005 979 2056 est
997 2001 1388 2069 praeparatio,
1414 1999 1616 2069 gratia
1640 2012 1780 2054 vero

91 2095 180 2145 est
211 2091 409 2159 ipsius
431 2089 985 2159 praedestinationis
1014 2089 1304 2160 e/fectus.]
1337 2089 1502 2144 Idem
1531 2089 1594 2142 in
1625 2087 1779 2143 libro

91 2180 166 2235 de
192 2180 371 2235 Dono
402 2179 872 2248 perseverantiae
909 2179 1113 2236 eadem
1137 2179 1389 2249 planius
1445 2177 1642 2248 aperit
1693 2175 1781 2233 di-

92 2284 234 2325 cens
261 2285 274 2324 :
302 2268 452 2339 [Ista
481 2268 674 2339 igitur
692 2283 802 2324 sua
829 2269 991 2325 dona
1021 2268 1474 2341 quibuscunque
1499 2269 1656 2324 Deus
1677 2265 1780 2322 do-

92 2364 226 2430 nat,
253 2359 486 2429 procul
509 2358 690 2414 dubio
723 2373 785 2416 se
832 2358 1121 2416 daturum
1151 2373 1274 2415 esse
1294 2357 1599 2428 praesciuit
1629 2361 1684 2414 et
1713 2357 1777 2412 in

91 2464 204 2505 sua
228 2449 626 2519 praseientia
665 2450 1064 2519 praeparavit,
1097 2464 1252 2522 quos
1304 2463 1444 2519 ergo
1470 2445 1778 2520 praedesti-

92 2539 266 2596 navit
291 2538 462 2612 ipsos
493 2541 550 2594 et
579 2538 816 2595 vocavit
849 2539 1039 2609 (Rom.
1073 2555 1148 2607 x1,
1179 2542 1296 2606 29),
1326 2539 1636 2594 vocatione
1662 2536 1777 2593 illa

92 2629 166 2684 de
193 2642 322 2700 qua
372 2627 602 2684 dictum
631 2638 712 2684 est
737 2645 750 2682 :
795 2627 930 2684 Sine
959 2627 1313 2702 poenitentia
1337 2631 1478 2684 sunt
1525 2626 1692 2683 dona
1718 2628 1777 2682 et

90 2716 338 2774 vocatio
368 2716 469 2773 Dei
496 2733 509 2772 :
537 2717 812 2788 Namque
833 2717 896 2773 in
921 2732 1054 2787 sua,
1085 2732 1218 2789 quae
1245 2717 1394 2788 falli
1430 2716 1776 2787 mutarique

91 2822 212 2862 non
229 2811 456 2876 potest,
481 2807 888 2876 praeseientia,
912 2821 1095 2876 opera
1115 2822 1226 2863 sua
1252 2807 1471 2877 lutura
1495 2805 1772 2876 dispone-

92 2911 175 2964 re,
203 2896 274 2951 id
302 2896 551 2951 omnino
579 2910 688 2952 nec
715 2896 890 2952 aliud
909 2896 1240 2969 quidquam
1269 2901 1354 2953 est
1368 2895 1772 2966 praedestina-

92 2984 197 3061 re.]
229 2987 403 3042 Huic
425 2985 778 3042 clarissimre
805 2987 964 3044 tuba:
983 2991 1164 3059 atque
1191 2988 1577 3056 apertissima?
1597 2986 1774 3042 Chri-

93 3076 439 3132 stianorum
487 3079 823 3130 castrorum
869 3077 1003 3146 quis
1055 3077 1367 3133 dissonare
1388 3080 1720 3146 praesumat
1742 3073 1770 3129 ‘2

95 3180 222 3236 qua
272 3164 662 3234 apertissima
714 3179 854 3221 voce
904 3179 1188 3222 resonare
1243 3180 1364 3222 non
1403 3165 1640 3222 desinit.
1704 3163 1772 3220 Id
1797 3188 1840 3243 ο

95 3257 338 3312 omnino
379 3269 489 3310 nec
533 3254 708 3310 aliud
753 3269 874 3311 esse
908 3256 1096 3312 Deum
1126 3255 1560 3326 prxdestinare
1589 3269 1768 3326 quam

94 3345 476 3414 praescientia
506 3359 616 3400 sua
661 3359 866 3415 opera,
896 3359 1031 3418 quae
1066 3345 1192 3416 ipse
1233 3345 1514 3416 facturus
1559 3348 1770 3415 fuerat

98 3434 435 3505 disponere.

773 3557 1097 3599 CORRECTIO.

165 3648 201 3714 ἰ·
227 3651 313 3704 'l‘u
343 3648 476 3704 sine
502 3647 692 3706 dubio
735 3649 876 3705 huic
915 3649 1263 3706 clarissimae
1295 3648 1453 3706 tubae
1485 3665 1674 3706 ausus
1703 3665 1767 3705 es

103 3734 434 3803 dissonare,
469 3736 575 3809 qui
619 3741 828 3793 contra
857 3737 1168 3808 Augustini
1196 3737 1610 3794 deﬁnitionem
1641 3753 1767 3794 ma-

108 3825 234 3892 gnis
262 3832 566 3898 quantum
599 3825 660 3882 in
689 3830 744 3882 te
764 3830 851 3882 est
872 3826 1293 3900 disputationis
1317 3825 1550 3884 efﬁcere
1577 3825 1768 3884 volui-

109 3914 194 3981 sli,
227 3915 375 3971 nihil
407 3915 576 3971 aliud
615 3915 1211 3989 prredestinationem
1265 3916 1366 3974 Dei
1395 3934 1582 3990 quam
1601 3922 1765 3991 prte-

111 4003 413 4062 scientiam
443 4005 574 4077 ejus
616 4005 834 4061 debere
866 4006 1094 4078 accipi:
1130 4011 1187 4063 et
1214 4006 1367 4063 inter
1396 4023 1582 4079 opera
1607 4007 1766 4062 illius

113 4105 314 4161 poenas
344 4111 506 4168 quas
549 4094 943 4167 peccantibus
992 4096 1150 4167 juste
1192 4095 1576 4169 praeparavit.
1603 4095 1770 4151 nullo

113 4182 287 4239 modo
313 4184 676 4256 computari.
711 4184 832 4241 Hoc
881 4185 1081 4258 ipsum
1130 4184 1497 4242 deﬁnitionis
1539 4185 1772 4242 ratione

115 4270 358 4326 moliens
407 4271 733 4336 afﬁrmare,
773 4274 994 4330 transis
1051 4273 1133 4330 ad
1185 4273 1626 4343 conglutinatas
1664 4273 1773 4329 tibi

116 4361 725 4435 consuetissimasque
768 4363 1383 4430 ratiocinatiunculas,
1415 4363 1642 4436 quibus
1673 4379 1774 4420 ve-

118 4445 296 4503 ritatis
328 4450 710 4506 munimenta
741 4451 1118 4522 confringere
1142 4451 1531 4521 machinaris,
1579 4468 1772 4526 eaque

121 4533 194 4589 ab
220 4536 333 4594 alio
359 4539 790 4614 disputationis
818 4540 985 4598 initio
1010 4541 1245 4598 ordiris.

770 4719 995 4776 CAPUT
1031 4720 1143 4777 XII.

423 4866 509 4920 De
532 4863 879 4934 deﬁnitione
896 4863 1470 4933 prcedestinationis.

133 5065 150 5120 Ι
196 4982 592 5044 Duodecimus
636 4987 817 5059 igitur
845 4987 1327 5060 disputationum
1368 4992 1609 5046 tuarum
1642 4990 1776 5047 titu-

156 5083 218 5120 us
245 5078 356 5120 est:

156 5083 218 5124 us
245 5078 356 5131 est:

685 5202 924 5244 JOANNES
973 5201 1201 5243 SCOTUS.

201 5282 386 5352 (Num.
417 5307 454 5362 ι,
486 5297 632 5350 sect.
657 5295 721 5365 ι.)
746 5299 786 5347 Θ
813 5295 901 5350 De
927 5293 1272 5363 deﬁnitione
1308 5293 1784 5364 praedestinatio-

141 5370 244 5426 nis.
270 5375 400 5435 Fiat
442 5383 646 5454 igitur,
681 5382 982 5456 inquiens,
1013 5383 1194 5452 hujus
1241 5384 1604 5453 deﬁnitionis
1649 5399 1785 5440 con-

143 5463 316 5519 versio
342 5469 452 5526 sic:
484 5471 552 5528 Si
580 5488 785 5530 verum
815 5477 897 5530 est
936 5488 1068 5540 sua,
1096 5488 1228 5544 quae
1270 5475 1418 5534 falli
1443 5475 1784 5544 mutarique

145 5561 251 5605 non
275 5563 477 5625 potest,
504 5564 883 5632 przeseientia
921 5578 1101 5632 opera
1121 5563 1339 5632 futura
1361 5564 1693 5634 disponere,
1721 5564 1786 5620 id

148 5641 366 5731 omnino
385 5664 488 5705 nec
501 5652 678 5707 aliud
691 5652 1016 5723 quidquam
1034 5658 1118 5708 est
1133 5653 1582 5722 prac'destinare,
1604 5667 1784 5723 quam

148 5735 205 5776 in
233 5739 334 5786 sua
362 5750 484 5805 qua
509 5741 657 5810 falli
683 5741 1027 5812 mutarique
1053 5757 1174 5798 non
1221 5748 1409 5813 potest
1431 5742 1785 5812 prwcientia

152 5823 317 5880 Opera
339 5837 443 5884 sua
466 5831 686 5900 futura
713 5831 1044 5902 disponere.

1037 335 1129 391 DE
1167 326 1836 390 PREDESTINATIONE
1867 328 2149 388 CONTRA
2184 329 2232 387 Ι.
2277 325 2588 387 SCOTUM.

92 461 324 531 object.
358 458 616 528 Gallor.,
641 474 774 529 cap.
799 459 850 531 6)
876 475 890 516 :
923 456 1539 531 [Praedestinationem
1567 456 1772 512 autem
1799 458 1848 512 Α

1800 4543 1848 4601 D

3408 325 3548 378 1170

2556 464 2734 508 CORRB
2739 463 2862 505 CTIO
2870 489 2884 504 .

1955 571 1992 640 -Ι-
2022 571 2164 627 lluic
2211 567 2578 627 deﬁnitionis
2637 564 3019 623 conversioni
3069 564 3363 637 quoniam
3409 579 3551 622 vera

1886 664 1993 730 est,
2025 659 2253 734 tibique
2303 674 2412 733 per
2439 657 2648 715 omnia
2689 669 3059 730 repugnans,
3091 653 3339 710 conﬁcis
3365 653 3550 711 aliam

1885 751 2340 809 conversionem
2396 765 2646 823 prorsus
2692 746 3081 813 contrariam,
3131 760 3271 801 cum
3320 745 3382 800 in
3429 743 3549 800 ﬁne

1885 840 2208 914 superioris
2247 855 2320 896 ex
2347 838 2548 896 verbis
2574 835 2896 908 Augustini
2925 833 3221 908 posueris.
3255 833 3549 905 [Definitio

1883 929 2033 986 nihil
2061 929 2288 997 minus,
2312 927 2462 984 nihil
2491 926 2755 1000 amplius
2785 923 3049 981 continet
3076 938 3265 996 quam
3295 922 3356 977 id
3382 921 3550 996 quod

1886 1023 2236 1092 susceptum
2260 1021 2350 1074 est
2374 1015 2823 1091 explicandum,
2857 1012 3027 1070 aliter
3055 1012 3304 1069 omnino
3334 1012 3552 1070 vitiosa

1886 1108 2015 1180 est].
2055 1107 2200 1166 Hinc
2233 1106 2548 1178 conjicitur
2574 1104 2793 1161 falsam
2840 1118 2970 1160 esse
2998 1101 3180 1160 aliam
3210 1105 3381 1159 tuam
3411 1117 3552 1160 con-

1884 1197 2246 1265 versionem,
2278 1213 2413 1270 quae
2448 1195 2530 1252 ita
2558 1212 2621 1251 se
2651 1193 2869 1251 habet:

2457 1354 2698 1396 JOANNES
2745 1353 2969 1394 SCOTL'S.

1959 1458 2124 1532 (Cap.
2156 1461 2242 1522 l2,
2267 1471 2437 1512 num.
2469 1459 2524 1524 2,
2557 1458 2699 1510 sect.
2735 1453 2782 1526 1)
2810 1458 2850 1508 Θ
2881 1453 2952 1510 Si
2970 1452 3158 1508 omnis
3172 1452 3556 1522 praeseientza

1885 1563 2007 1620 qua
2032 1549 2187 1604 Deus
2216 1561 2401 1618 opera
2431 1561 2541 1601 sua
2567 1545 2788 1615 futura
2818 1542 3128 1613 disposuit,
3157 1542 3366 1597 divina
3397 1558 3555 1611 pra:—

1886 1638 2205 1694 destinatio
2233 1635 2559 1708 esthomnis
2580 1632 3060 1705 praedestinatio,
3091 1645 3213 1704 qua
3241 1632 3399 1687 Deus
3421 1646 3556 1702 ope-

1887 1743 1963 1786 ra
1986 1742 2098 1785 sua
2124 1727 2341 1798 futura
2372 1724 2687 1796 disposuit,
2713 1723 2922 1780 divina
2942 1721 3325 1793 prwscientia
3351 1725 3456 1777 est.

2562 1881 2885 1923 CORRECTIO.

1959 1986 1995 2053 τ
2020 1988 2149 2042 Non
2175 1984 2292 2040 hoc
2331 1982 2670 2039 continetur
2710 1981 2773 2036 in
2817 1977 3168 2036 deﬁnitione
3198 1977 3554 2048 Augustini:

1887 2092 2011 2133 non
2040 2075 2202 2132 enim
2233 2073 2382 2131 dixit
2408 2072 2575 2146 quod
2606 2071 2808 2128 omnis
2831 2069 3224 2144 prtescientia,
3252 2084 3377 2142 qua
3402 2069 3557 2126 Deus

1887 2181 2074 2240 opera
2123 2179 2238 2221 sua
2268 2163 2470 2220 futura
2505 2160 2826 2234 disposuit,
2857 2159 3063 2215 divina
3110 2157 3557 2232 praedestinatio

1887 2260 2012 2312 est:
2065 2253 2175 2310 sed
2218 2251 2385 2327 quod
2433 2251 2496 2307 in
2544 2266 2674 2314 sua,
2703 2266 2841 2324 quae
2895 2247 3018 2306 falli
3056 2247 3399 2320 mutarique
3429 2263 3554 2304 non

1886 2347 2104 2418 potest,
2137 2341 2518 2417 praascientia
2560 2355 2748 2413 opera
2795 2353 2910 2395 sua
2954 2337 3158 2394 futura
3206 2337 3551 2410 disponere,

1886 2435 1947 2491 id
1977 2433 2228 2491 omnino
2259 2447 2370 2488 nec
2403 2429 2570 2488 aliud
2611 2429 2951 2503 quidquam
2981 2431 3074 2484 est
3099 2427 3553 2501 praedestinare.

1885 2527 2001 2581 Nec
2031 2523 2198 2590 dixit,
2234 2519 2611 2580 Prcescientia
2655 2521 2744 2576 est
2791 2517 3106 2591 dispositio
3153 2532 3408 2590 operum
3448 2515 3554 2574 Dei

1883 2613 2262 2680 futurorum;
2306 2610 2413 2666 sed
2468 2612 2529 2666 in
2566 2607 2948 2682 praescientia
2975 2605 3180 2680 posuit
3204 2605 3554 2679 dispositio-

1881 2718 2046 2774 nem,
2070 2701 2131 2758 id
2160 2704 2252 2758 est
2274 2697 2887 2774 praedestinationem.
2919 2695 3097 2753 Aliud
3126 2699 3215 2753 est
3240 2710 3382 2766 ergo
3403 2710 3552 2768 pree-

1883 2792 2153 2857 scientia,
2176 2791 2239 2847 in
2263 2806 2388 2865 qua
2411 2789 2839 2863 disponuntur,
2859 2787 2976 2845 hoc
3004 2789 3092 2844 est
3115 2785 3551 2860 praedestinan-

1880 2886 1977 2940 tur
2024 2897 2213 2956 opera
2264 2881 2369 2936 Dei
2414 2879 2654 2935 futura:
2711 2877 2877 2935 aliud
2925 2876 3260 2952 dispositio,
3291 2876 3408 2932 hoc
3460 2879 3550 2933 est

1878 2967 2331 3044 praedestinatio
2390 2967 2733 3024 futurorum
2784 2981 3041 3038 operum
3094 2965 3254 3022 illius
3306 2965 3369 3020 in
3416 2964 3548 3036 ejus

1877 3056 2252 3134 pra-scientia
2271 3054 2616 3112 constituta.
2638 3053 3014 3111 Prmscienﬁa
3039 3053 3202 3109 enim
3221 3053 3542 3126 disposuit,

1877 3149 1995 3206 hoc
2020 3150 2108 3205 est
2131 3143 2596 3219 praedestinavit,
2625 3158 2812 3217 opera
2843 3158 2953 3200 sua
2990 3143 3212 3214 futura,
3243 3157 3367 3198 non
3397 3157 3546 3214 prae-

1878 3235 2272 3294 destinatione
2304 3232 2600 3307 prmscivit
2617 3248 2804 3305 opera
2824 3249 2936 3289 sua
2957 3232 3160 3289 futura
3187 3249 3200 3288 :
3224 3230 3545 3304 prmscien-

1877 3327 1964 3384 tia
2011 3325 2238 3399 quippe
2293 3322 2524 3380 ratione
2576 3321 3174 3396 praedestinationem
3234 3319 3539 3394 praecedit,

1875 3415 2152 3472 videlicet
2196 3413 2343 3487 quia
2388 3427 2458 3468 ex
2503 3410 2882 3486 preescientia
2919 3411 3385 3485 praedestinatio,
3416 3425 3545 3466 non

1875 3521 1948 3563 ex
1998 3501 2525 3578 praedestinatione
2579 3500 2782 3574 prodit
2827 3501 3225 3574 priescientia.
3279 3503 3345 3557 Et
3391 3499 3546 3556 sicut

1873 3597 2030 3652 recte
2077 3591 2295 3648 dicitur
2347 3589 2724 3664 praesciendo
2775 3590 3182 3664 praedestinat,
3240 3588 3546 3663 praedesti-

1873 3683 2080 3740 nando
2125 3680 2398 3755 praescit:
2433 3680 2514 3737 ita
2560 3695 2685 3736 non
2731 3683 2891 3737 recte
2921 3679 3278 3752 generaliter
3303 3679 3542 3746 dicitur,

1871 3771 2250 3847 praescientia
2284 3769 2691 3845 prsedestinat,
2719 3768 3251 3842 prmdestinatione
3279 3769 3539 3842 praescit.

1876 3863 1943 3918 Id
1993 3865 2086 3918 est
2132 3875 2273 3917 cum
2310 3863 2468 3916 recte
2516 3858 2772 3925 dicatur,
2803 3857 3182 3931 praescientia
3227 3857 3544 3931 prredesti-

1875 3967 2045 4022 nare,
2075 3965 2203 4006 non
2233 3953 2357 4004 tam
2403 3947 2520 4004 late
2569 3951 2726 4004 recte
2754 3946 2989 4003 dicatur
3020 3947 3548 4021 praedestinatione

1878 4038 2190 4114 praescire;
2223 4051 2349 4092 non
2385 4035 2549 4092 enim
2578 4049 2652 4091 ex
2679 4034 3209 4108 praedestinatione
3230 4036 3549 4109 praescien-

1879 4129 1979 4197 tia,
2040 4127 2147 4184 sed
2194 4142 2267 4182 ex
2325 4125 2704 4198 prtescientia
2758 4125 3206 4198 praedestinatio
3269 4126 3546 4182 sumitur.

1880 4218 2142 4292 Ideoque
2170 4219 2431 4291 possunt
2471 4215 2664 4272 multa
2689 4215 2963 4289 praesciri
2992 4215 3228 4290 absque
3249 4216 3554 4290 praedesti-

1879 4309 2145 4373 natione,
2195 4307 2258 4362 id
2300 4309 2392 4364 est
2433 4322 2566 4379 quae
2609 4306 3009 4380 prtesciantur
3051 4309 3307 4377 tantum,
3341 4311 3398 4364 et
3426 4323 3553 4364 non

1880 4396 2399 4472 praedestinentur,
2427 4395 2596 4454 nulla
2636 4411 2777 4453 vero
2832 4399 3090 4469 possunt
3134 4396 3557 4470 praedestinari

1882 4487 1998 4544 nisi
2023 4486 2438 4562 praesciantur.
2469 4489 2783 4559 Nusquam
2822 4502 2968 4543 sane
2997 4485 3093 4542 vel
3123 4486 3554 4557 Augustinum,

1883 4577 1981 4635 vel
1999 4581 2247 4634 czeteros
2275 4577 2478 4633 Patres
2504 4575 2722 4632 dixisse
2753 4575 3096 4632 invenimus
3127 4591 3374 4631 omnem
3403 4591 3558 4647 prae-

1887 4666 2201 4724 scientiam
2228 4681 2358 4722 esse
2386 4663 2995 4738 praedestinationem,
3017 4663 3114 4720 vel
3143 4679 3389 4720 omnem
3411 4677 3562 4735 prae-

1887 4755 2349 4815 destinationem
2431 4769 2564 4810 esse
2647 4753 3128 4827 prmscientiam;
3197 4752 3306 4810 sed
3378 4767 3558 4826 posse

1884 4844 2326 4922 praescientiam
2355 4859 2491 4900 esse
2522 4842 2651 4900 sine
2681 4841 3230 4916 praedestinatio’ne,
3254 4840 3563 4915 praedesti-

1887 4936 2199 4994 nationem
2229 4949 2374 4991 vero
2405 4934 2534 4990 sine
2585 4932 2964 5006 prtescientia
3000 4948 3342 5007 nunquam.
3376 4931 3560 5001 Igitur

1889 5025 2166 5084 falsitatis
2213 5023 2584 5081 convincitur
2634 5022 2944 5080 conversio
2994 5027 3119 5093 tua,
3175 5039 3309 5098 quae
3356 5021 3566 5081 defini-

1894 5116 2072 5174 tionis
2111 5119 2302 5171 metas
2349 5113 2671 5186 excedens,
2702 5118 3048 5174 commenta
3101 5118 3208 5183 est,
3241 5113 3411 5188 quod
3439 5127 3566 5169 non

1893 5205 2077 5262 habet
2124 5203 2344 5261 veritas
2403 5203 2787 5260 deﬁnitionis.
2848 5207 2963 5261 Nec
3028 5204 3250 5260 mirum
3319 5203 3368 5258 si
3427 5215 3570 5257 con-

1891 5294 2228 5352 versionem
2285 5293 2584 5362 nomines,
2640 5309 2778 5366 quze
2837 5308 2875 5350 ε.
2943 5293 3182 5350 veritate
3245 5289 3567 5347 discedens

1895 5387 2146 5441 conatur
2222 5383 2506 5439 inducere
2579 5381 2923 5452 falsitatem,
2982 5399 3122 5439 cum
3197 5379 3570 5437 vocabulum

1895 5472 2306 5531 conversionis
2359 5471 2719 5542 ambiguum
2788 5471 3102 5538 habeatur,
3157 5473 3283 5527 tam
3349 5468 3573 5542 scilicet

1895 5579 1932 5619 a
1988 5561 2150 5618 malo
2205 5561 2265 5617 in
2313 5561 2572 5632 bonum,
2625 5561 2797 5636 quod
2854 5565 2943 5617 est
2993 5559 3324 5630 laudabile,
3383 5574 3572 5632 quam

1896 5669 1932 5709 a
1961 5653 2123 5708 bono
2155 5651 2214 5707 in
2245 5651 2496 5720 malum,
2527 5651 2691 5708 quod
2737 5656 2826 5709 est
2863 5649 3280 5724 vituperabile.
3315 5653 3443 5706 Non
3470 5649 3575 5708 ita-

1895 5757 2013 5815 que
2060 5739 2388 5798 dicendum
2445 5745 2554 5810 est,
2587 5741 2786 5798 omnis
2833 5739 3211 5816 praescientia
3249 5757 3374 5814 qua
3417 5744 3573 5797 Deus

1896 5846 2084 5905 opera
2104 5847 2216 5890 sua
2233 5830 2437 5891 futura
2463 5832 2787 5909 disposuit,
2814 5831 3020 5900 divina
3039 5831 3422 5915 praescientia
3439 5834 3530 5889 est
3555 5833 3572 5887 ἰ
