3936 6442
380 434 521 503 'll‘ti

1338 431 1376 483 ι’
1455 440 1510 495 S.
1554 435 1928 495 PRUDENTII
1964 432 2346 493 THEOENSIS
2385 432 2719 494 EPISCOPI.

3687 438 3813 492 “1'2

388 577 447 631 et
470 570 669 627 omnis
694 564 1157 643 priedcstinatio,
1185 570 1309 636 qho
1331 564 1484 619 Deus
1508 579 1692 635 opera
1713 580 1821 619 sua
1851 562 2051 619 futura
2079 560 2125 617 Α
2162 560 2399 627 sufﬁcit,
2433 562 2538 633 qui
2568 560 2933 634 posthabita,
2967 559 3090 615 imo
3120 572 3230 615 nec
3256 558 3515 626 cogitata
3544 560 3817 632 perversi-

388 661 709 734 disposuit,
743 658 943 714 divina
992 653 1412 726 presse-lentia;
1446 653 1550 708 sed
1580 653 1641 708 in
1674 652 2051 725 prcescientia

389 751 513 819 Dei,
535 763 661 822 qua
688 761 871 819 opera
903 759 1016 799 sua
1036 742 1235 798 futura
1255 741 1794 814 disposuit,divina
1818 741 2050 814 prrede-

387 837 631 897 stinatio
660 840 768 905 est,
800 837 855 889 et
878 831 1078 888 omnis
1103 831 1554 905 prmdestinatio
1586 831 1738 902 ejus,
1768 847 1892 904 qua
1912 847 2051 904 ope-

384 942 457 987 ra
483 941 595 982 sua
620 924 822 980 futura
850 921 1168 994 disposuit,
1199 920 1263 975 in
1292 920 1499 976 divina
1534 920 1911 993 praescientia
1938 923 2047 977 est.

385 1020 603 1074 Verum
629 1016 721 1071 est
746 1011 928 1084 igitur
953 1009 1121 1084 quod
1153 1008 1462 1065 concludis
1485 1009 1764 1066 dicendo.

957 1150 1202 1195 JOANNBS
1248 1151 1476 1192 SCOTl’S.

451 1248 620 1321 (Cap.
657 1245 742 1317 12,
769 1254 938 1303 num.
963 1248 1016 1313 3,
1044 1248 1186 1300 sect.
1218 1240 1288 1316 1.)
1318 1248 1356 1297 θ
1377 1244 1709 1314 (Yon/icitur
1737 1258 1877 1314 ergo
1898 1259 2051 1315 prce.

378 1339 831 1397 destinationem
860 1337 973 1392 Dei
995 1344 1115 1391 nan
1149 1349 1270 1392 esse
1311 1334 1432 1390 nisi
1480 1336 1542 1390 in
1593 1334 1869 1404 operibus
1900 1337 2047 1404 ejus,

380 1430 624 1503 quando
675 1427 835 1484 nihil
882 1428 1102 1493 minus,
1136 1425 1295 1481 nihil
1325 1426 1587 1495 amplius
1619 1426 1961 1479 continetur
1988 1426 2051 1480 in

379 1523 508 1591 ejus
533 1518 876 1588 deﬁnitione
899 1520 1129 1588 praeter
1148 1515 1491 1572 divinorum
1526 1529 1770 1584 operum
1800 1514 2049 1583 disposi-

380 1609 619 1666 tionem.

1052 1708 1354 1750 CORRECTIO
1363 1736 1375 1749 .

449 1800 487 1873 -Ῑ-
514 1808 734 1862 Verum
763 1802 934 1879 quod
962 1801 1079 1859 hoc
1106 1801 1317 1858 dolose
1336 1798 1656 1876 protuleris
1678 1801 2046 1870 manifestas,

378 1910 518 1952 cum
548 1894 824 1969 protinus
856 1890 1162 1965 adjungis.

957 2031 1204 2073 JOANNES
1250 2031 1475 2072 SCOTL‘S.

448 2117 618 2189 (Cap.
669 2118 757 2184 l2,
804 2126 977 2170 num.
1008 2116 1062 2179 4,
1106 2108 1365 2181 sect.2.)
1417 2118 1457 2166 Θ
1498 2114 1618 2170 Sed
1657 2106 1738 2169 ad
1793 2106 1936 2176 haec,
1967 2112 2053 2169 in-

376 2202 613 2281 quiens,
644 2204 917 2262 dicturus
962 2218 1022 2260 es
1065 2203 1148 2260 ad
1196 2204 1308 2259 Dei
1336 2218 1512 2274 Opera
1555 2204 1859 2273 pertinere
1887 2206 2056 2273 justc

376 2293 754 2353 damnandos
777 2292 1217 2364 praedestinare
1244 2286 1326 2348 ad
1346 2304 1611 2362 poenam,
1635 2294 1790 2347 sicut
1821 2292 1903 2347 ad
1924 2294 2054 2361 eius

378 2397 562 2455 opera
580 2383 845 2453 pertinet
889 2383 1096 2453 gratia
1147 2382 1473 2438 salvandos
1513 2380 1946 2450 praedestinare
1975 2381 2057 2437 ad

380 2470 851 2544 beatitudinem;
878 2474 933 2529 et
966 2470 1076 2527 hoc
1098 2470 1448 2527 testimoniis
1471 2470 1730 2539 ejusdem
1756 2469 1818 2525 S.
1843 2469 2053 2540 Augu-

377 2560 525 2619 stini
549 2558 798 2632 ﬁrmare
823 2557 1153 2627 conaberis,
1176 2570 1311 2631 quis
1334 2573 1397 2615 eo
1428 2573 1543 2629 quo
1572 2559 1828 2627 posuisti
1846 2557 2057 2615 ordine

374 2654 706 2723 posuimus,
735 2655 801 2706 ut
833 2650 894 2706 in
926 2648 1007 2706 eis
1037 2664 1157 2704 non
1204 2645 1364 2718 quod
1390 2652 1480 2717 tu,
1510 2644 1614 2703 sed
1645 2646 1805 2716 quod
1830 2646 1936 2702 ille
1960 2660 2055 2702 vo-

382 2741 495 2797 luit
528 2734 857 2803 videamus,
890 2750 1145 2809 quorum
1171 2735 1225 2791 si
1250 2742 1440 2789 unum
1479 2738 1637 2791 recte
1660 2734 1852 2804 fuerit
1877 2748 2057 2804 expo-

379 2828 582 2894 situm,
610 2827 881 2897 sufﬁciat
911 2824 994 2881 ad
1036 2828 1252 2879 caetera
1292 2822 1712 2894 intelligenda.
1744 2820 2054 2879 Ponamus

380 2928 521 2987 ergo
550 2913 712 2971 illud
737 2914 1038 2987 (August.,
1069 2913 1318 2969 Enchir.
1348 2926 1481 2981 cap.
1516 2911 1635 2983 100)
1661 2924 1674 2966 :

458 3002 673 3074 Magna
699 3009 887 3075 opera
917 3000 1171 3070 Domini,
1197 2998 1495 3073 exquisita
1527 3000 1586 3055 in
1611 3014 1823 3056 omnes
1844 3000 2055 3056 volun-

381 3093 535 3151 tates
566 3091 698 3164 ejus
732 3088 853 3160 (Ps.
888 3104 974 3158 cx,
1001 3090 1077 3159 2).
1110 3090 1182 3146 Et
1234 3095 1358 3146 tam
1407 3089 1709 3160 sapienter
1734 3090 2053 3160 exquisita,

380 3184 447 3241 ut
473 3192 607 3239 cum
637 3178 913 3254 angelica
941 3182 994 3237 et
1023 3176 1290 3236 humana
1326 3182 1611 3236 creatura
1638 3185 1958 3250 peccasset,
1991 3176 2057 3236 id

2163 654 2279 706 tate
2331 654 2453 721 tua,
2493 650 2739 706 beatum
2788 650 3188 719 Augustinum
3243 646 3699 722 prmdestinatos
3743 649 3816 705 ad

2160 754 2408 811 pmnam
2460 755 2583 796 non
2635 740 2946 801 contrarie,
2980 739 3083 794 sed
3132 743 3307 805 recte,
3340 752 3466 795 non
3509 739 3817 810 negatione

2162 829 2269 885 sed
2333 826 2579 886 veritate
2639 830 2894 885 sensisse
2962 833 3141 901 atque
3207 828 3427 884 dixisse
3486 830 3816 885 conﬁrmat.

2152 916 2412 975 Proinde
2454 934 2591 975 cum
2616 936 2811 993 pinnas
2844 916 3288 975 Prtedestinatio
3317 918 3547 975 donum
3574 918 3673 974 Dei
3700 930 3819 974 non

2162 1009 2254 1078 sit,
2287 1009 2391 1064 sed
2423 1009 2651 1082 peccati
2670 1006 2988 1080 judicium,
3015 1008 3076 1063 id
3107 1012 3199 1063 est
3220 1008 3462 1079 justitim
3492 1007 3816 1078 retributio,

2159 1112 2284 1154 non
2315 1098 2655 1153 necessario
2677 1098 2945 1170 sequitur
2966 1101 3029 1153 ut
3049 1102 3153 1153 aut
3172 1096 3389 1154 falsum
3420 1097 3673 1170 sitquod
3693 1098 3819 1169 ipse

2161 1187 2529 1258 Augustinus
2560 1188 2681 1243 ait:
2719 1185 3184 1259 [Prsedestinatio
3230 1186 3349 1256 Dei,
3380 1201 3517 1258 quas
3554 1185 3617 1241 in
3660 1186 3819 1241 bono

2162 1282 2268 1347 est,
2302 1278 2506 1348 gratias
2537 1280 2623 1333 est
2676 1274 3081 1349 prmparatio.]
3113 1279 3230 1332 Aut
3258 1291 3295 1333 a
3339 1275 3637 1332 contrario
3677 1274 3822 1331 acci-

2161 1368 2361 1441 piatur
2390 1368 2837 1440 prmdestinatio
2869 1380 3225 1439 pmnarum;
3259 1366 3363 1439 qui
3394 1366 3554 1422 enim
3584 1372 3706 1421 non
3736 1363 3821 1420 di-

2161 1456 2240 1511 cit
2268 1456 2560 1524 absolute,
2594 1454 3045 1529 prtedestinatio
3102 1455 3201 1510 Dei
3247 1452 3451 1525 gratim
3482 1458 3569 1509 est
3596 1466 3825 1526 praepa-

2159 1546 2334 1613 ratio,
2395 1550 2498 1601 aut
2546 1548 2746 1601 omnis
2804 1544 3251 1617 praedestinatio
3321 1544 3419 1600 Dei
3477 1542 3677 1613 gratiae
3735 1546 3825 1598 est

2159 1635 2544 1708 praeparatio,
2577 1638 2681 1692 aut
2726 1634 3171 1707 prmdestinatio
3222 1633 3319 1690 Dei
3366 1632 3518 1691 nihil
3549 1636 3637 1689 est
3663 1632 3824 1689 aliud

2159 1741 2345 1797 quam
2378 1725 2580 1794 gratiae
2608 1724 3113 1798 prmparatio,sed
3137 1723 3390 1791 addidit,
3422 1740 3558 1795 quae
3580 1722 3643 1778 in
3661 1722 3823 1778 bono

2160 1818 2266 1877 est,
2298 1812 2564 1885 profecto
2595 1813 2786 1869 innuit
2830 1829 2892 1868 se
2941 1829 3074 1869 eam
3128 1812 3551 1869 tantummodo
3593 1811 3823 1885 praede-

2083 1924 2123 1979 Β
2161 1902 2547 1959 stinationem
2596 1919 2733 1975 quas
2779 1902 2860 1959 ad
2912 1902 3127 1958 electos
3176 1902 3446 1975 pertinet,
3493 1917 3618 1959 non
3663 1901 3824 1958 illam

2160 2009 2299 2066 quae
2330 1992 2625 2065 reprobos
2666 1993 2825 2064 juste
2869 1991 3062 2064 punit,
3093 1991 3416 2060 deﬁnisse;
3452 1991 3558 2048 sed
3583 2004 3708 2048 una
3735 2005 3828 2048 ea-

2161 2083 2422 2155 demque
2472 2083 2785 2149 sententia,
2822 2082 2976 2137 sicut
3011 2081 3294 2138 veraciter
3332 2081 3499 2149 dixit,
3528 2080 3829 2154 praedesti-

2163 2177 2339 2227 natos
2390 2170 2469 2226 ad
2518 2171 2796 2241 gratiam,
2829 2170 2914 2227 ita
2955 2170 3243 2225 veraciter
3273 2170 3486 2236 intulit,
3527 2169 3829 2242 prtedesti-

2162 2265 2337 2316 natos
2368 2260 2447 2316 ad
2476 2276 2743 2332 poenam.
2775 2259 2947 2325 Quod
2970 2276 3110 2315 cum
3142 2258 3246 2314 tibi
3276 2258 3612 2330 displiceat,
3634 2273 3829 2330 neque

2164 2350 2314 2405 alios
2343 2349 2526 2406 latere
2550 2350 2790 2413 videris,
2826 2350 2971 2421 quin
3002 2348 3169 2422 quod
3198 2364 3362 2404 nunc
3392 2348 3647 2405 breviter
3676 2363 3830 2420 pree-

2163 2438 2512 2506 libavimus,
2547 2439 2651 2494 tibi
2680 2438 2937 2512 quisque
2969 2438 3230 2510 prudens
3258 2442 3462 2510 posset
3498 2452 3830 2510 opponere.

2165 2531 2413 2585 Secutus
2440 2528 2733 2585 adnectis.

2736 2632 2981 2674 JOANNES
3030 2630 3255 2672 SCOTUS.

2237 2707 2400 2778 (Cap.
2440 2706 2525 2777 12,
2558 2722 2728 2762 num.
2777 2711 2827 2763 5.
2864 2710 3005 2761 sect.
3052 2708 3128 2772 3).
3182 2710 3221 2757 Θ
3264 2704 3384 2761 Sed
3413 2718 3488 2759 ne
3523 2702 3705 2772 forte,
3744 2702 3835 2759 in-

2163 2795 2401 2867 quiens,
2434 2795 2705 2864 objicias,
2738 2812 2859 2851 non
2909 2795 3068 2851 dicit
3103 2793 3557 2863 praedestinatio
3606 2793 3719 2849 Dei
3748 2799 3831 2849 est

2162 2887 2379 2957 gratiae
2402 2887 2799 2957 prceparatio,
2823 2886 2945 2951 sed,
2972 2885 3424 2955 praedestinatio
3450 2882 3579 2949 Dei,
3602 2896 3736 2952 quae
3766 2882 3832 2936 in

2166 2976 2317 3032 bono
2338 2981 2444 3042 est,
2467 2976 2683 3046 gratiae
2726 2980 2810 3031 est
2848 2976 3240 3045 praeparatio,
3273 2974 3381 3028 tibi
3402 2973 3639 3029 videtur
3670 2973 3834 3028 locus

2163 3066 2430 3136 relinqui
2473 3066 2725 3121 alterius
2769 3064 3339 3133 praedestinationis,
3372 3077 3504 3134 quae
3543 3068 3833 3133 tanquam

2162 3155 2225 3209 in
2251 3155 2410 3210 malo
2438 3155 2554 3225 sit;
2582 3159 2686 3210 aut
2719 3153 2918 3210 eadem
2949 3153 3425 3222 prcedestinatio,
3445 3152 3500 3207 si
3522 3166 3645 3207 una
3672 3152 3833 3207 sola-

378 3273 464 3331 est
506 3286 627 3329 non
678 3244 838 3344 quod
883 3270 1009 3338 ille,
1041 3268 1146 3327 sed
1172 3268 1332 3340 quod
1376 3268 1566 3325 voluit
1615 3244 1747 3338 ipsa
1790 3244 2051 3341 fecisset,
2086 3279 2127 3335 ρ
2165 3260 2279 3344 iu?
2298 3249 2403 3313 es"
2436 3246 2499 3300 ίη
2527 3244 2769 3344 ᾅρηοβι
2814 3245 2974 3299 malo
3001 3244 3139 3344 Ῐξῖθζί
3170 3258 3347 3344 ,Ρρεεθ
3387 3258 3509 3344 ηοζτ
3552 3248 3832 3344 περαιαῖκ

378 3362 557 3420 etiam
601 3374 714 3431 per
740 3358 1005 3417 eamdem
1054 3362 1350 3415 creaturae
1388 3359 1781 3428 voluntatem,
1815 3374 1935 3431 qua
1962 3359 2059 3429 fa-

380 3455 541 3509 ctum
572 3450 658 3509 est
686 3449 846 3521 quod
900 3449 1154 3505 Creator
1193 3449 1410 3518 noluit,
1443 3448 1717 3518 impleret
1747 3449 1874 3518 ipse
1901 3442 2061 3520 quod

382 3540 594 3597 voluit.
614 3538 971 3595 Benautens
1004 3542 1057 3594 et
1087 3537 1265 3594 malis
1290 3541 1579 3608 tanquam
1602 3550 1828 3593 summe
1848 3537 2055 3606 bonus,

383 3626 467 3690 ad
494 3640 699 3685 eorum
729 3624 1200 3696 damnationem,
1231 3640 1379 3697 quos
1399 3626 1568 3695 juste
1606 3627 2062 3695 praedestinavit

384 3714 467 3776 ad
505 3728 789 3788 prenam;
837 3719 894 3773 et
944 3714 1026 3772 ad
1075 3728 1280 3771 eorum
1326 3714 1602 3786 salutem,
1635 3728 1781 3787 quos
1813 3715 2065 3786 benigne

372 3805 835 3879 praidestinavit
873 3803 956 3862 ad
982 3804 1269 3877 gratiam.
1305 3802 1459 3861 Ecce
1488 3805 1549 3859 in
1584 3819 1707 3861 una
1742 3806 2063 3875 eademque

381 3893 703 3969 sententia,
726 3894 1207 3966 praedestinavit,
1251 3891 1466 3966 inquit,
1501 3893 1583 3949 ad
1614 3908 1879 3963 poenam,
1910 3902 2064 3964 prae-

383 3986 708 4045 destinavit
733 3984 817 4043 ad
842 3986 1130 4056 gratiam.
1167 3980 1293 4055 Ubi,
1312 3998 1673 4054 quaesumus,
1702 3984 2063 4053 respondeas

388 4074 471 4133 ad
497 4088 566 4132 ea
593 4088 729 4147 quae
756 4072 1200 4146 interrogamus
1226 4088 1239 4128 :
1280 4070 1494 4128 Utrum
1524 4070 1606 4128 ad
1618 4070 1924 4142 justitiam
1954 4070 2067 4129 Dei

386 4176 469 4223 an
497 4163 581 4222 ad
606 4165 736 4235 ejus
763 4164 1029 4236 gratiam
1054 4162 1359 4233 pertineat
1384 4162 1828 4232 praedestinare
1852 4162 2063 4232 impios

384 4252 469 4311 ad
487 4266 731 4323 poenam
750 4252 780 4307 ?
802 4248 1223 4321 Respondebis,
1252 4246 1450 4316 credo,
1482 4251 1564 4307 ad
1574 4252 1880 4321 justitiam
1910 4256 1938 4308 ?
1959 4252 2065 4308 Ait

388 4342 567 4413 enim,
621 4354 768 4412 quos
805 4341 972 4409 juste
1015 4338 1472 4410 praedestinavit
1524 4344 1603 4396 art
1641 4352 1911 4411 ptenam,
1944 4357 2063 4397 non

389 4430 584 4503 igitur
602 4428 686 4487 ad
701 4429 988 4501 gratiam.
1007 4429 1099 4486 Ac
1107 4443 1223 4499 per
1244 4427 1373 4500 hoc,
1390 4429 1443 4484 si
1461 4444 1652 4499 plenae
1672 4429 2066 4499 praedestina-

392 4520 476 4577 tio
506 4518 730 4576 donum
752 4520 862 4576 Dei
883 4533 1004 4575 non
1034 4523 1140 4587 est,
1160 4517 1264 4575 sed
1282 4519 1518 4589 peccati
1522 4520 1845 4589 judicium,
1866 4536 2063 4577 neces-

390 4610 555 4668 sario
581 4610 853 4682 sequitur
877 4610 943 4665 ut
968 4610 1075 4666 aut
1095 4609 1326 4680 falsum
1357 4608 1433 4665 sit
1460 4609 1617 4680 quod
1634 4610 1759 4679 ipse
1777 4609 2063 4681 Augusti-
2093 4636 2140 4691 η

391 4714 508 4757 nus
528 4701 655 4757 ait:
687 4697 1169 4773 [Praedestinatio
1189 4699 1444 4770 Dei,quze
1463 4698 1525 4754 in
1558 4694 1706 4754 bono
1738 4700 2064 4769 est,gratiae

392 4794 479 4849 est
504 4789 916 4861 praeparatio],
946 4793 1053 4846 aut
1084 4803 1116 4846 e
1149 4791 1457 4846 contrario
1486 4788 1819 4858 accipietur
1834 4789 2065 4859 prazde-

390 4881 638 4938 stinatio
654 4894 999 4951 poenarum.
1022 4879 1131 4935 Est
1153 4883 1353 4935 autem
1375 4892 1581 4935 verum
1612 4883 1667 4934 et
1692 4877 2065 4936 immutabile

391 4970 555 5044 quod
581 4970 782 5027 dixit:
812 4968 1283 5042 [prwdestinatio
1310 4968 1439 5037 Dei,
1474 4976 1608 5041 quae
1650 4969 1715 5024 in
1767 4962 1917 5024 bono
1955 4970 2062 5038 est,

392 5068 608 5139 gratiae
627 5071 712 5125 est
736 5067 1166 5139 praeparatio];
1216 5066 1555 5124 econtrario
1586 5064 1778 5137 igitur
1803 5066 2064 5139 intelligi

393 5154 589 5213 voluit
616 5157 777 5229 quod
795 5158 1023 5227 posuit,
1041 5155 1501 5227 praedestinavit
1530 5154 1613 5212 ad
1623 5168 1891 5225 plenam.

1063 5296 1389 5338 CORRECTIO.

461 5382 498 5450 1'
513 5380 872 5454 Quicunque
894 5380 1154 5437 veritatis
1181 5378 1411 5436 lumine
1434 5378 1787 5448 illustratur,
1810 5378 2062 5437 omnino

388 5471 555 5528 videt
581 5486 771 5544 quam
800 5469 956 5527 falso
995 5469 1109 5526 ista
1152 5468 1471 5542 protuleris
1516 5469 1774 5525 dicendo
1811 5468 2060 5526 beatum

388 5560 794 5631 Augustinum
819 5560 1410 5633 prmdestinationem
1441 5559 1769 5633 impiorum
1783 5575 1819 5615 a
1836 5565 2062 5616 contra-

388 5648 478 5704 rio
498 5649 797 5721 posuisse,
813 5651 983 5720 cujus
1007 5649 1443 5705 absurditatem
1462 5649 1791 5705 intellectus
1814 5653 1934 5705 tam
1957 5666 2061 5705 au-

391 5735 660 5791 ctoritate
685 5737 1123 5810 Scripturarum
1154 5755 1341 5811 quam
1373 5756 1437 5794 ex
1450 5738 1660 5811 cmplis
1692 5742 1931 5794 Patrum
1956 5754 2057 5793 ve-

390 5820 763 5877 nerabilium
811 5841 998 5897 supra
1047 5827 1397 5883 refeliimus.
1451 5827 1699 5882 Omissis
1756 5827 2058 5899 siquidem

392 5906 626 5965 catenis
640 5907 807 5966 solus
826 5911 920 5969 vel
935 5913 1211 5970 maxime
1219 5915 1301 5972 ad
1316 5915 1432 5971 hoc
1451 5918 1696 5972 sanctus
1718 5915 2060 5987 Fulgentius

2166 3336 2441 3390 Primum
2486 3334 2728 3390 attende
2777 3349 2959 3389 unam
2994 3333 3397 3402 deﬁnitionem
3440 3331 3591 3389 duas
3615 3331 3823 3401 praede

2166 3424 2514 3479 stinationes
2554 3425 2794 3479 omnino
2833 3438 2954 3479 non
3008 3438 3179 3492 posse
3231 3424 3571 3479 continere:
3622 3421 3841 3479 deinde

2168 3513 2328 3583 quod
2351 3513 2400 3567 si
2421 3514 2597 3568 nulla
2629 3514 2753 3569 alia
2781 3512 3047 3579 deﬁnitio
3061 3512 3610 3581 predestinationis
3638 3512 3839 3569 verior

2169 3604 2485 3674 aptiorque
2514 3603 2863 3659 inveniatur
2892 3617 3069 3673 quam
3104 3602 3215 3657 illa
3246 3617 3380 3672 quae
3408 3602 3702 3671 praedicta
3728 3607 3835 3668 est,

2169 3692 2329 3747 nihil
2358 3692 2477 3747 nisi
2515 3706 2697 3762 opera
2745 3692 2952 3747 divina
2985 3690 3452 3761 comprehendit,
3482 3707 3634 3763 qua},
3662 3691 3839 3747 nullo

2161 3782 2264 3851 pie
2289 3780 2658 3838 credentium
2681 3781 3017 3851 dubitante,
3053 3780 3208 3838 bona
3233 3786 3393 3850 sunt,
3431 3781 3579 3853 quid
3602 3798 3710 3838 nos
3741 3798 3838 3838 co-

2169 3870 2254 3941 git
2279 3870 2451 3925 aliud
2477 3870 2713 3941 aliquid
2740 3870 3087 3935 subaudire,
3118 3870 3426 3928 audientes
3446 3870 3839 3941 praedestina-

2172 3960 2389 4015 tionem
2419 3959 2548 4029 Dei,
2578 3975 2708 4030 quae
2738 3960 2800 4015 in
2851 3958 2999 4016 bono
3039 3965 3142 4029 est,
3176 3958 3295 4017 nisi
3330 3976 3559 4031 semper
3604 3976 3736 4018 eam
3786 3965 3839 4017 et

2174 4045 2387 4105 bonam
2410 4048 2549 4104 etin
2574 4047 2721 4105 bono
2751 4052 2914 4105 esse?

2841 4154 3175 4195 CORRECTIO.

2244 4224 2277 4294 ’ἒ
2309 4228 2352 4285 0
2383 4226 2587 4299 regule
2638 4224 2712 4283 de
2751 4226 2953 4283 radice
2984 4227 3215 4284 colubri
3245 4228 3582 4299 egrediens,
3610 4226 3686 4284 de
3718 4242 3845 4301 quo

2174 4316 2425 4374 canitur.
2461 4318 2503 4374 Ο
2555 4319 2819 4373 tortuose
2851 4334 3117 4390 serpens,
3150 4318 3256 4391 qui
3305 4318 3464 4375 mille
3493 4334 3601 4392 per
3630 4334 3846 4375 mean-

2173 4404 2315 4460 dros
2350 4402 2716 4478 fraudesque
2746 4405 3048 4462 ﬂexuosas
3094 4406 3289 4478 agitas
3316 4407 3520 4480 quieta
3550 4406 3757 4475 corda,
3789 4410 3846 4461 et

2174 4494 2316 4551 item
2367 4493 2463 4551 cui
2515 4498 2651 4551 sunt
2701 4496 2861 4551 mille
2904 4496 3161 4552 nocendi
3214 4501 3395 4569 artes,
3427 4495 3577 4569 quid
3606 4488 3845 4553 veritati

2175 4587 2343 4640 tanta
2374 4582 2779 4640 obstinatione
2824 4584 3117 4641 obsistis?
3155 4585 3304 4652 Quid
3350 4584 3844 4659 perspicuitatem

2177 4672 2439 4729 veritatis
2471 4673 2925 4729 mendaciorum
2954 4674 3244 4730 cuniculis
3287 4673 3526 4731 iniicere
3568 4674 3796 4744 satagis
3816 4674 3845 4729 ?

2176 4760 2234 4817 Si
2280 4760 2475 4816 taliter
2522 4761 2867 4831 Fulgentius
2898 4764 3302 4832 Augustinum
3357 4763 3612 4819 sensisse
3656 4770 3842 4835 atque

2172 4848 2395 4905 dixisse
2438 4851 2723 4921 novisset,
2748 4867 3066 4924 nunquam
3097 4851 3503 4909 diversitatem
3526 4851 3840 4926 praedesti-

2171 4939 2433 4995 nationis
2482 4938 2844 5012 protulisset,
2877 4956 3196 5015 nunquam
3254 4926 3569 5012 Gregorius
3607 4940 3843 5013 praede-

2172 5027 2521 5084 stinationes
2568 5028 2878 5102 pluraliter
2908 5031 3320 5101 enuntiasset;
3365 5045 3680 5103 nunquam
3738 5030 3840 5085 Isi-

2170 5116 2357 5173 dorus
2407 5117 2708 5187 geminam
2760 5120 3352 5191 praedestinationem
3383 5124 3838 5191 nuncupasset;

2168 5216 2489 5280 nunquam
2558 5208 2756 5263 centeri
2815 5208 3040 5281 quique
3094 5210 3370 5266 catholici
3435 5209 3713 5265 doctores
3779 5208 3837 5263 in

2169 5291 2294 5347 suis
2340 5291 2577 5364 scriptis
2627 5292 2799 5348 toties
2829 5292 3185 5363 destinatos,
3219 5294 3701 5367 praedestinatos,
3728 5308 3837 5365 pa-

2167 5384 2352 5448 ratos,
2411 5385 2808 5453 praeparatos,
2876 5381 3198 5455 deputatos
3267 5383 3697 5453 delegatOSque
3761 5379 3836 5437 ad

2167 5484 2381 5542 poenas
2439 5469 2532 5526 vel
2587 5470 2891 5527 interitum
2946 5471 3351 5529 intimassent.
3411 5472 3495 5528 Ac
3555 5486 3663 5544 per
3724 5471 3838 5527 hoc

2169 5563 2227 5615 et
2276 5574 2386 5616 nos
2438 5576 2677 5633 semper
2726 5560 2825 5617 Dei
2874 5562 3465 5633 prmdestinationcm
3498 5561 3746 5623 bonam,
3782 5564 3838 5615 et.

2169 5647 2228 5703 in
2256 5648 2418 5704 bono
2446 5665 2575 5705 esse
2609 5650 3036 5719 indubitanter,
3063 5652 3214 5706 sicut
3246 5655 3300 5707 et
3326 5650 3622 5721 judicium
3655 5649 3834 5711 illius,

2167 5737 2464 5794 fatemur:
2511 5740 2803 5811 quoniam
2858 5756 2995 5795 cum
3044 5741 3192 5796 nihil
3240 5740 3404 5797 aliud
3452 5739 3513 5794 in
3559 5739 3657 5793 Dei
3687 5754 3839 5811 prte—

2167 5826 2563 5884 destinatione
2630 5836 2813 5901 atque
2872 5830 3101 5900 judicio
3168 5846 3356 5902 quam
3420 5828 3838 5886 misericordia

2167 5920 2224 5972 et
2260 5917 2493 5985 justitia
2536 5918 2931 5985 contineatur,
2981 5932 3373 5993 nequaquam
3428 5918 3559 5991 ejus
3607 5917 3839 5990 prado-
