3936 6422
618 75 640 78 -
719 75 769 81 φ
851 55 3834 93 ,ῃᾳξ

183 341 330 392 H73

1136 338 1227 391 DE
1265 313 1936 390 PhEDESTINATl’ONE
1975 323 2258 385 CONTRA
2296 325 2346 385 J.
2393 319 2668 387 'scoruu

3479 316 3619 386 iiii

177 461 429 517 stinatio
460 465 515 515 et
538 459 832 530 judicium
862 460 951 516 vel
982 459 1145 518 mala
1173 460 1263 516 vel
1287 460 1347 514 in
1382 457 1540 514 malo
1565 471 1691 509 esse
1705 469 1846 525 pos-
1885 455 1930 508 A
1964 455 2151 510 Deum
2173 469 2300 510 esse
2333 454 2435 527 qui
2466 457 2522 510 et
2548 451 2744 525 justus
2775 456 2831 509 et
2857 451 3044 523 judex
3101 452 3234 508 est?
3263 452 3350 510 ita
3395 435 3620 527 quippe

178 555 348 618 sunt,
382 566 516 622 (piae
543 565 664 603 non
698 549 858 603 aliud
887 565 1072 621 quam
1101 549 1263 604 bona
1320 548 1379 602 in
1429 563 1488 600 se
1523 543 1848 607 continent,

179 639 666 694 misericordiam
717 639 986 694 videlicet
1035 638 1445 710 etjustitiam;
1503 649 1660 706 quae,
1704 633 1854 686 sicut

174 729 472 795 diximus,
501 729 633 784 licet
659 745 894 801 semper
909 729 1073 784 bona
1096 732 1150 784 et
1188 729 1249 782 in
1280 727 1441 782 bono
1475 722 1736 791 sit,a1iud
1765 726 1850 777 ta—

177 835 331 874 men
371 819 582 873 beatus
611 819 976 888 Augustinus
1009 818 1070 874 in
1097 833 1206 873 sua
1232 815 1574 872 definitione
1602 810 1853 868 attendit

176 908 447 963 dicendo
477 909 573 977 (de
604 908 798 964 Pra’rl.
833 915 1049 979 sanct.,
1081 923 1213 977 cap.
1252 908 1355 976 10):
1383 899 1850 976 [Praedestinatio

181 997 310 1062 Dei,
348 1013 483 1069 quae
505 997 566 1051 in
596 997 758 1052 bono
799 1002 904 1063 est,
934 997 1137 1068 gratiae
1171 1000 1257 1051 cst
1278 992 1679 1067 prmparatio].
1707 993 1847 1055 Quae

175 1085 241 1140 in
277 1085 445 1140 bono
477 1089 566 1140 est
608 1086 820 1156 inquit,
855 1085 916 1140 id
950 1090 1034 1141 est
1064 1103 1199 1157 quas
1252 1084 1326 1138 ad
1361 1084 1589 1137 bonum
1622 1079 1850 1136 electio-

173 1174 275 1228 nis
313 1180 663 1230 sanctorum
711 1175 998 1246 pertinet:
1047 1179 1110 1230 ut
1166 1174 1351 1229 altera
1396 1170 1751 1240 intelligatur
1789 1167 1849 1223 in

172 1263 371 1331 malo,
402 1280 539 1335 quae
571 1279 692 1318 non
721 1264 794 1318 sit
820 1264 1069 1319 omnino
1110 1263 1290 1330 mala,
1325 1261 1468 1334 quia
1495 1260 1571 1314 ad
1607 1258 1704 1314 Dei
1730 1258 1852 1328 jus-

170 1351 380 1407 titiam
409 1352 702 1423 pertinet;
738 1351 845 1406 sed
873 1356 1070 1407 tamen
1107 1353 1264 1422 juste
1302 1349 1513 1423 puniat
1539 1345 1849 1420 reprobos,

169 1439 334 1510 quia
361 1439 526 1495 nullo
558 1440 884 1495 obsistente
902 1441 1128 1510 justitia
1155 1440 1358 1510 utique
1380 1439 1539 1494 bona
1558 1440 1660 1490 cst.
1679 1435 1850 1500 Quod

170 1527 263 1584 ita
303 1544 368 1582 se
398 1529 754 1584 intellexisse
801 1545 871 1583 ex
920 1528 1053 1583 aliis
1083 1543 1329 1583 suorum
1358 1527 1651 1581 librorum
1679 1523 1850 1579 dictis

170 1616 312 1688 ipse
350 1617 716 1679 manifestat,
751 1617 857 1689 qui
885 1617 946 1671 in
969 1616 1122 1672 libro
1164 1615 1547 1671 Euchiridiou
1581 1615 1734 1686 (cap.
1760 1612 1849 1684 55S)

170 1705 363 1760 dicit:
398 1705 758 1778 [Aliquando
789 1707 948 1761 enim
997 1706 1290 1776 judicium
1350 1705 1449 1759 Dei
1501 1702 1744 1776 ponitur
1787 1701 1850 1756 in

1963 541 2038 596 ad
2071 557 2283 596 omnes
2316 543 2445 611 ejus
2489 542 2784 612 judicium
2818 541 3131 614 separasti,
3190 557 3260 597 ac
3294 540 3346 596 si
3389 541 3620 597 malum

1959 630 2140 686 velles
2170 631 2415 700 intelligi
2443 631 2773 702 judicium:
2799 635 2881 687 Ita
2902 630 3063 686 enim
3086 646 3147 686 se
3178 629 3406 687 habent
3433 630 3624 688 verba

1961 725 2100 777 tua:
2149 722 2268 778 Sed
2297 723 2581 793 quoniam
2607 738 2727 778 non
2760 726 2843 778 est
2881 721 2994 776 Dei
3031 721 3278 792 donum,
3327 737 3461 778 cum
3491 722 3621 792 ejus

1959 812 2036 867 sit
2054 813 2380 883 judicium,
2409 812 2587 885 quasi
2614 811 2762 868 nihil
2792 809 2956 868 aliud
2979 811 3172 885 possit
3193 827 3323 868 esse
3361 811 3619 884 bonum,

1955 900 2072 956 nisi
2103 903 2203 957 Dei
2233 901 2498 958 donum:
2524 906 2612 958 est
2636 905 2837 958 autem
2853 900 3149 973 judicium
3171 905 3378 975 estque
3393 898 3622 973 justitia

1958 992 2013 1044 et
2042 991 2291 1046 omnino
2314 991 2477 1046 bona
2505 1009 2518 1059 ;
2551 991 2602 1046 si
2630 1005 2773 1060 ergo
2803 990 3107 1062 etjustitia
3133 994 3189 1047 et
3209 989 3506 1062 judicium
3526 989 3618 1046 in-

1957 1077 2300 1135 dubitanter
2329 1079 2492 1135 bona
2518 1084 2697 1148 sunt;
2731 1079 3073 1136 necessario
3129 1078 3426 1149 colligitur
3464 1089 3619 1152 pra:-

1957 1167 2254 1224 destinarc
2285 1168 2504 1241 impios
2546 1167 2626 1224 ad
2663 1185 2910 1242 pcenam
2948 1169 3178 1226 bonum
3204 1165 3356 1238 esse,
3385 1167 3622 1226 cum‘sit

1958 1257 2061 1311 Dei
2101 1256 2332 1328 justitia
2365 1263 2543 1331 atque
2587 1258 2916 1329 judicium;
2962 1275 3098 1332 quas
3151 1259 3427 1332 quisquis
3460 1257 3623 1316 bona

1958 1362 2089 1403 esse
2132 1348 2458 1418 negaverit,
2511 1349 2638 1405 sine
2695 1348 2883 1406 dubio
2925 1349 3249 1422 impietatis
3299 1349 3440 1406 reus
3490 1347 3620 1406 esea

1958 1437 2349 1494 convincitur.

2031 1529 2297 1600 itemque
2324 1528 2491 1601 quod
2519 1528 2605 1585 ais
2627 1529 2784 1601 (cap.
2811 1532 2869 1584 il
2887 1533 3144 1600 ,num.7,
3170 1527 3621 1602 sect.4),0ninis

1960 1623 2158 1674 autem
2189 1618 2641 1688 praedestinatio
2694 1619 2807 1676 Dei
2853 1619 3093 1676 omnino
3144 1624 3227 1676 est
3255 1619 3623 1690 prwparatio

1959 1709 2194 1776 gratiae,
2225 1706 2442 1763 falsum
2474 1723 2547 1763 ex
2575 1706 2923 1764 deﬁnitione
2952 1706 3114 1764 beati
3159 1707 3478 1777 Augustini
3535 1721 3628 1764 ar-

171 1794 346 1850 malo
373 1812 386 1862 ;
416 1795 578 1849 unde
608 1795 758 1850 illud
791 1800 907 1850 est:
939 1796 1054 1862 Qui
1082 1801 1278 1851 autem
1301 1795 1459 1850 male
1486 1797 1757 1864 egerunt,
1786 1792 1850 1846 in
1887 1799 1930 1867 Β
1963 1795 2182 1865 guitur,
2241 1796 2344 1869 qui
2398 1812 2705 1869 nusquam
2760 1796 2982 1852 dixisse
3026 1795 3325 1869 reperitur
3355 1811 3370 1851 :
3419 1794 3627 1852 Omnis

173 1886 679 1941 resurrectionem
712 1886 939 1955 judicii
995 1886 1192 1954 (Joan.
1252 1902 1310 1949 v,
1360 1885 1470 1952 29),
1521 1881 1851 1954 aliquando

172 1979 232 2028 et
263 1974 330 2029 in
353 1973 537 2040 bono,
575 1973 912 2029 secundum
954 1975 1122 2046 quod
1164 1974 1391 2029 dictum
1423 1975 1527 2028 est.
1579 1973 1757 2039 Deus,
1791 1972 1852 2025 in

173 2065 426 2119 nomine
456 2069 554 2117 tuo
585 2065 822 2118 salvum
854 2079 946 2120 me
970 2065 1098 2133 fac,
1130 2069 1185 2120 et
1215 2064 1274 2118 in
1309 2065 1531 2118 virtute
1560 2068 1662 2116 tua
1683 2059 1853 2130 judi-

177 2167 251 2209 ca
280 2168 379 2208 me
409 2153 594 2223 (Psal.
636 2168 754 2220 1.111,
789 2153 862 2223 3).
899 2152 1321 2224 Perjudicium
1376 2151 1602 2223 quippe
1647 2149 1750 2204 Dei
1789 2147 1856 2204 ﬁt

175 2243 316 2315 ipsa
349 2242 656 2297 bonorum
687 2242 1111 2314 malorumque
1137 2241 1438 2307 discretio,
1470 2245 1532 2295 ut
1564 2237 1694 2312 [al.,
1728 2237 1852 2309 ubi]

175 2331 482 2388 liberandi
511 2347 546 2386 a
577 2331 758 2399 malo,
807 2345 931 2386 non
981 2330 1272 2404 perdendi
1308 2346 1446 2384 cum
1476 2328 1672 2394 malis,
1706 2327 1852 2382 boni

177 2422 256 2477 ad
287 2421 601 2477 dexteram
633 2424 1289 2493 segregentur,propter
1317 2419 1481 2492 quod
1502 2418 1597 2474 ille
1629 2417 1853 2473 clamat

173 2512 312 2583 [al.,
343 2509 674 2580 clamabat]
701 2527 712 2564 :
737 2511 954 2566 Judica
982 2525 1095 2577 me,
1131 2511 1308 2564 Deus.
1338 2509 1404 2563 Et
1433 2507 1580 2579 quid
1639 2505 1854 2562 dixerit

174 2599 339 2655 Velut
409 2615 774 2672 exponens:
844 2602 921 2655 Et
970 2600 1263 2668 discerne,
1325 2597 1542 2669 inquit,
1605 2611 1848 2652 causam

172 2703 372 2745 meam
403 2690 526 2760 (Ps.
563 2705 695 2754 xm,
733 2692 805 2755 l).
838 2689 873 2754 Τ
914 2688 1074 2744 Sicut
1121 2703 1263 2756 ergo
1313 2685 1606 2758 judicium
1663 2685 1759 2741 vel
1788 2683 1849 2740 in

171 2779 362 2850 malo,
391 2778 489 2833 vel
509 2777 570 2834 in
596 2777 784 2844 bono,
819 2779 902 2834 ita
928 2777 1343 2834 incunctanter
1368 2775 1847 2849 praadestinatio-

171 2882 318 2924 nem
351 2866 531 2923 velin
562 2867 746 2934 malo,
776 2867 869 2922 vel
898 2867 959 2922 in
991 2867 1176 2935 bono,
1210 2865 1329 2921 dici
1383 2870 1437 2921 et
1463 2864 1708 2934 intelligi
1741 2881 1847 2920 vo-

174 2956 301 3025 luit,
328 2973 470 3029 quae
504 2971 540 3012 a
569 2957 671 3012 Dei
695 2957 924 3028 judicio
953 2970 1344 3029 nequaquam
1369 2955 1590 3024 differt,
1622 2955 1849 3012 interea

174 3046 512 3102 subnectis.

743 3150 768 3191 J
775 3147 992 3190 OANNES
1033 3146 1238 3191 SCOTUS
1249 3178 1260 3190 .

241 3225 421 3296 ((jap.
460 3226 546 3290 l2,
579 3237 749 3278 num.
773 3227 980 3292 6,sect.
1011 3227 1086 3292 3).
1119 3229 1158 3276 Θ
1189 3224 1256 3279 Si
1285 3230 1481 3280 autem
1509 3224 1702 3280 dicis:
1730 3223 1846 3278 Βο-

176 3329 324 3369 num
358 3321 448 3370 est
468 3313 906 3383 prwdestinare
929 3314 1142 3383 impios
1179 3315 1261 3369 ad
1300 3330 1566 3383 pa’nam,
1617 3321 1671 3370 et
1716 3314 1846 3369 ideo

175 3405 337 3460 inter
364 3417 551 3473 opera
581 3405 692 3459 Dei
739 3404 1166 3474 rep-litandum,
1220 3405 1680 3473 respondemus:
1728 3405 1848 3459 Bo-

175 3509 344 3564 num,
375 3494 525 3565 quia
543 3495 820 3563 justum;
871 3494 974 3548 sed
1004 3494 1285 3564 quoniam
1332 3510 1453 3549 non
1502 3498 1584 3549 est
1613 3495 1725 3549 Dei
1750 3493 1848 3548 do-

177 3599 342 3650 num,
379 3599 515 3639 cum
535 3586 666 3653 ejus
696 3584 770 3638 sit
788 3584 1114 3652 judicium,
1147 3587 1338 3638 omnis
1369 3588 1567 3640 autem
1595 3584 1850 3653 praedes-

181 3675 396 3729 tinatio
426 3674 532 3728 Dei
562 3674 803 3728 omnino
850 3678 933 3728 est
960 3675 1334 3742 praeparatio
1365 3675 1599 3743 gratiae,
1632 3674 1847 3728 omnis-

177 3776 290 3832 que
314 3763 525 3833 gratia
555 3763 800 3832 donum,
829 3765 1162 3817 necessario
1195 3763 1507 3831 colligitur
1532 3763 1719 3817 omnis
1759 3762 1845 3816 di-

177 3852 320 3907 vina
343 3851 804 3921 praedestinatio
834 3851 1126 3906 donorum
1162 3853 1288 3920 ejus
1312 3852 1846 3921 pra'paratioPte-

177 3954 256 3995 na
278 3941 503 4009 procul
532 3939 712 3994 dubio
733 3940 945 4008 impios
957 3941 1124 4008 juste
1153 3945 1407 4010 torquet,
1440 3955 1569 4010 quae
1620 3941 1840 3997 donum

177 4045 293 4085 non
324 4036 409 4086 est
431 4043 456 4101 ,'
485 4029 754 4100 alioquin
786 4030 839 4084 si
892 4036 1037 4086 esset
1069 4030 1312 4092 donum,
1347 4045 1466 4085 non
1517 4034 1838 4100 torqueret,

179 4119 278 4173 sed
307 4121 517 4190 utique
541 4119 856 4175 liberaret:
890 4134 1011 4173 non
1049 4124 1134 4174 est
1163 4120 1354 4188 igitur
1383 4119 1844 4187 praedestinatio

169 4219 367 4275 paena:
393 4227 406 4276 ;
439 4209 604 4280 quod
623 4210 675 4263 si
703 4214 869 4271 esset,
902 4223 1021 4263 non
1049 4213 1196 4264 esset
1221 4223 1423 4277 poena,
1456 4209 1560 4263 sed
1598 4209 1844 4278 gratia:

183 4303 264 4353 est
292 4306 494 4355 autem
519 4312 728 4368 paena,
753 4313 874 4353 non
906 4303 990 4354 est
1010 4299 1201 4368 igitur
1225 4298 1676 4367 przedestznatio
1693 4301 1841 4368 ejus.

853 4401 1176 4445 CORRECTIO.

252 4477 288 4542 ἰ’
317 4477 618 4538 Quantum
636 4493 673 4534 a
692 4477 937 4533 veritate
968 4477 1312 4547 abhorreas,
1343 4480 1402 4533 et
1431 4491 1569 4533 cum
1599 4475 1841 4532 Baalam
1870 4521 1874 4533 λ

189 4567 405 4637 apertis
437 4566 629 4623 oculis
660 4565 865 4633 cadas,
895 4565 1166 4639 quisquis
1197 4565 1509 4636 diligenter
1531 4564 1847 4636 legerit,fa—

191 4653 294 4707 cile
319 4655 678 4726 pervidebit.
707 4655 917 4710 Diceus
948 4655 1170 4727 itaque,
1206 4655 1423 4711 bonum
1471 4670 1593 4711 esse
1619 4655 1847 4724 prude-

191 4745 414 4801 stinare
435 4747 650 4815 impios
680 4746 762 4802 ad
781 4759 1042 4817 poenam,
1077 4747 1216 4818 quia
1242 4747 1468 4814 justum
1498 4745 1709 4817 procul
1738 4745 1847 4800 du-

195 4829 288 4886 bio
318 4835 539 4906 apertis
561 4834 749 4890 oculis
781 4850 989 4890 verum
1016 4835 1200 4890 vides.
1224 4834 1572 4905 Adjungens
1602 4839 1840 4890 autem:

193 4922 302 4977 Sed
325 4926 613 4995 quoniam
651 4939 771 4980 non
803 4930 886 4980 est
914 4926 1026 4980 Dei
1052 4925 1296 4991 donum,
1337 4940 1470 4980 cum
1502 4928 1628 4996 ejus
1649 4927 1724 4981 sit
1744 4928 1847 4996 ju-

197 5010 452 5071 (licium:
483 5030 607 5071 ηοη
638 5020 722 5070 est
747 5016 938 5086 igitur
951 5015 1405 5084 prredestinatio
1428 5031 1626 5084 preme
1651 5036 1665 5083 ;
1688 5017 1849 5088 quod

199 5101 249 5154 si
274 5109 434 5171 esset,
466 5120 592 5160 non
622 5109 765 5160 esset
783 5118 988 5174 poena,
1015 5104 1118 5159 sed
1139 5103 1364 5173 gratia,
1396 5105 1708 5177 perspicue
1725 5107 1851 5176 jus-

202 5187 382 5248 titiam
414 5195 518 5250 Dei
548 5198 728 5267 atque
768 5193 1066 5265 judicium
1098 5198 1201 5248 aut
1248 5193 1486 5265 penitus
1515 5210 1723 5264 negas,
1753 5199 1856 5252 aut

203 5280 444 5338 omnino
473 5283 638 5339 mala
661 5298 791 5339 esse
817 5283 1162 5339 conﬁrmas.
1207 5283 1265 5340 Si
1296 5282 1457 5338 enim
1505 5283 1652 5339 nihil
1690 5284 1855 5341 aliud

205 5369 451 5435 pertinet
481 5373 559 5428 ad
589 5372 924 5428 bonitatem
964 5371 1065 5427 Dei
1095 5387 1284 5445 quam
1346 5372 1522 5428 dona'
1549 5373 1732 5442 gratis
1762 5373 1858 5430 tri-

208 5452 404 5531 buere,
435 5466 615 5518 restat
663 5467 727 5517 ut
759 5462 1007 5533 justitia,
1044 5461 1458 5534 judiciumque
1515 5462 1691 5532 illius,
1725 5464 1857 5536 qui-

210 5541 319 5598 bus
342 5552 581 5621 reprobi
614 5551 968 5624 puniuntur,
994 5556 1098 5607 aut
1127 5552 1289 5608 mala
1310 5552 1443 5619 sint,
1479 5557 1582 5609 aut
1610 5555 1860 5610 omnino

214 5647 328 5690 non
350 5638 479 5696 sint.
516 5645 734 5698 Omnes
757 5647 960 5698 autem
990 5643 1302 5715 Scripturaa
1334 5644 1522 5699 Deum
1552 5646 1606 5700 et
1630 5645 1862 5715 justum

219 5725 274 5775 et
292 5726 547 5790 judicem
586 5731 887 5800 clamant;
916 5747 1052 5804 quae
1087 5731 1136 5787 si
1177 5732 1341 5788 bona
1369 5747 1492 5788 non
1538 5736 1693 5802 sunt,
1722 5734 1866 5806 quia

219 5807 373 5871 dona
399 5833 521 5876 non
561 5825 718 5894 sunt,
766 5820 915 5894 quid
963 5821 1125 5879 aliud
1155 5825 1359 5893 restat,
1407 5821 1526 5881 nisi
1574 5826 1638 5881 ut
1679 5836 1863 5896 neges

1961 1884 2412 1957 praedestinatio
2436 1885 2536 1941 Dei
2568 1885 2774 1954 gratiae
2805 1889 2894 1942 est
2920 1883 3305 1958 praeparatio,
3341 1884 3448 1940 sed
3492 1883 3629 1941 sim-

1961 1972 2211 2045 pliciter,
2244 1974 2390 2046 quia
2419 1973 2742 2030 veraciter:
2775 1973 3226 2030 Praedestinatio
3271 1972 3375 2028 Dei
3399 1987 3536 2046 quas
3563 1972 3628 2029 in

1962 2062 2127 2118 bono
2163 2067 2269 2129 est,
2299 2063 2504 2133 gratiae
2536 2067 2624 2119 est
2650 2061 3212 2136 praeparatio.Sicut
3233 2075 3376 2132 ergo
3398 2061 3628 2132 justitia

1964 2151 2065 2206 Dei
2087 2153 2268 2224 atque
2291 2151 2592 2223 judicium
2620 2151 2800 2208 bonis
2839 2151 3024 2223 bona,
3056 2153 3113 2208 et
3141 2149 3317 2207 malis
3347 2147 3512 2206 mala
3538 2164 3603 2206 re

1963 2240 2262 2296 tribuunt:
2291 2241 2372 2297 ita
2412 2239 2863 2314 prrsdestinatio
2900 2238 3080 2298 bonis
3129 2239 3316 2312 bona,
3338 2240 3396 2297 et
3443 2237 3628 2297 malis

1962 2329 2127 2386 mala
2156 2329 2544 2386 retribuenda
2575 2329 2892 2404 disposuit.

2035 2420 2256 2476 Deinde
2283 2420 2552 2476 inserens
2581 2419 2736 2493 (cap,
2766 2420 2848 2489 l2,
2877 2427 3046 2489 num,
3083 2421 3136 2489 8,
3155 2419 3300 2478 ‘sec‘t.
3324 2417 3380 2492 4)
3401 2435 3417 2475 :
3440 2420 3633 2477 Poena

1958 2511 2173 2580 procul
2221 2509 2401 2566 dubio
2452 2510 2663 2580 impios
2697 2511 2866 2580 juste
2923 2513 3180 2582 torquet,
3231 2523 3364 2580 qua:
3407 2508 3631 2565 donum

1959 2613 2080 2654 non
2102 2604 2228 2670 est;
2259 2599 2529 2669 alioquin
2583 2600 2637 2654 si
2661 2602 2809 2655 esset
2835 2598 3079 2666 donum,
3137 2613 3258 2655 non
3305 2599 3630 2669 torqueret,

1958 2690 2060 2745 sed
2078 2690 2286 2760 utique
2311 2688 2621 2745 liberaret:
2659 2685 2785 2744 ‘non
2817 2688 2901 2745 est
2954 2688 3147 2759 igitur
3167 2687 3631 2758 prwdestinatio

1948 2780 2292 2848 pautatim:
2321 2793 2444 2833 non
2474 2776 2800 2851 perpendis
2823 2776 2975 2850 quia
2999 2777 3165 2846 justa
3195 2779 3285 2833 est
3329 2779 3388 2832 et
3415 2775 3495 2833 ad
3525 2777 3631 2838 Dei

1952 2868 2244 2939 justitiam
2269 2868 2599 2941 pertinens,
2631 2867 2858 2940 poena?
2889 2871 3097 2940 Itaque
3143 2865 3292 2940 quia
3333 2865 3623 2924 concedis

1951 2957 2111 3028 just'e
2139 2957 2360 3029 impios
2389 2970 2574 3030 pcena
2611 2956 2898 3030 torqueri,
2923 2955 3224 3014 concedas
3268 2967 3513 3013 necesse
3543 2957 3632 3013 est

1955 3046 2188 3102 bonum
2219 3062 2369 3114 esse,
2393 3047 2537 3119 quia
2549 3061 2730 3102 omne
2751 3046 2984 3117 justum
3012 3045 3432 3116 bonum.Ergo
3455 3045 3506 3102 'si
3524 3045 3631 3103 bo-

1875 3165 1918 3222 C
1956 3151 2105 3191 num
2135 3139 2224 3192 est
2252 3135 2398 3208 quia
2430 3136 2685 3206 justum,
2721 3138 2957 3192 constat
2998 3134 3221 3222 impios
3269 3150 3456 3208 paena
3515 3139 3630 3193 tor-

1957 3225 2148 3298 queri,
2178 3224 2397 3280 falsum
2427 3227 2528 3302 est
2552 3239 2678 3279 non
2718 3238 2854 3280 esse
2883 3221 3475 3295 preedestinationem
3502 3237 3627 3296 pa:-

1960 3332 2074 3382 nte,
2111 3315 2256 3388 quia
2282 3312 2807 3386 quemadmodum
2830 3312 3069 3384 justum
3084 3315 3174 3368 est
3190 3311 3628 3385 retribuere,ita

1955 3404 2243 3461 nimirum
2268 3403 2500 3475 justum
2551 3401 2924 3476 perindeque
2978 3401 3211 3458 bonum
3269 3399 3380 3460 fuit
3417 3401 3628 3460 identi-

1955 3493 2094 3550 dem
2151 3487 2637 3566 praidestinasse.
2681 3491 2800 3548 Nisi
2857 3490 3020 3548 enim
3051 3495 3206 3548 esset
3227 3479 3478 3563 justitia,
3512 3508 3624 3549 nec

1953 3581 2406 3659 prwdestinatio
2437 3581 2868 3655 praecessisset,
2896 3596 3094 3654 neque
3130 3571 3430 3653 judicium
3470 3580 3627 3639 futu-

1952 3691 2088 3731 rum
2116 3677 2304 3742 esset;
2340 3675 2428 3728 est
2479 3677 2683 3728 autem
2734 3671 3034 3744 judicium
3089 3687 3213 3745 quo
3261 3663 3626 3730 retribuatur

1953 3763 2278 3835 unicuique
2311 3762 2646 3818 secundum
2678 3778 2834 3836 opus
2861 3761 2992 3834 ejus
3011 3765 3130 3830 ;est
3155 3760 3336 3831 igitur
3357 3747 3624 3834 praedes-

1953 3853 2162 3910 tinatio
2192 3851 2466 3923 ejusdem
2509 3849 2744 3923 judicii,
2801 3849 2863 3907 id
2895 3853 2984 3906 est
3032 3850 3396 3923 praeparatio
3443 3853 3624 3923 atque

1952 3941 2266 4015 dispositio
2306 3941 2367 3996 in
2396 3941 2779 4014 praescientia
2833 3938 2936 3995 Dei
2972 3937 3312 3995 futurorum
3359 3947 3623 4014 'operum

1952 4033 2119 4104 ejus;
2147 4034 2236 4086 est
2260 4029 2440 4085 etiam
2467 4039 2650 4101 poena
2680 4032 2820 4100 quas
2842 4027 3207 4085 retribuatur
3238 4027 3624 4102 impiis,sicut

1952 4125 2041 4177 est
2069 4118 2387 4193 praemium
2418 4118 2587 4191 quod
2615 4118 2984 4174 retribuatur
3011 4117 3150 4190 piis.
3183 4119 3251 4175 Et
3277 4116 3394 4174 hoc
3422 4121 3511 4174 est
3529 4117 3622 4175 to-

1953 4214 2081 4266 tum
2099 4207 2556 4281 praedestinasse
2594 4207 2804 4275 Deum,
2843 4207 3011 4280 quad
3046 4207 3173 4263 erat
3195 4205 3331 4280 ipso
3378 4205 3622 4264 auctore

1953 4299 2243 4366 futurum,
2276 4296 2695 4353 misericordia
2712 4295 2934 4353 scilicet
2959 4299 3140 4370 atque
3165 4285 3622 4368 judiciumPla-

1951 4404 2028 4446 ne
2055 4388 2240 4444 miror
2265 4387 2594 4444 caecitatem
2626 4390 2794 4443 tuam
2820 4386 3126 4443 interdum
3179 4388 3423 4458 negare,
3447 4383 3624 4445 inter-

1953 4479 2103 4534 dum
2133 4475 2491 4533 conﬁrmare
2511 4485 2729 4548 poenas
2758 4496 2772 4532 :
2793 4483 2939 4532 nam
2969 4476 3074 4549 qui
3093 4477 3387 4534 hactenus
3407 4483 3622 4550 pcenas

1953 4569 2213 4641 peccatis
2262 4565 2500 4622 debitas
2556 4565 3000 4638 usquequaque
3043 4575 3404 4636 negaveras,
3455 4567 3622 4622 nunc

1953 4656 2256 4714 conﬁteris
2310 4655 2608 4712 dicendo:
2658 4656 2852 4711 Poena
2889 4655 3119 4724 procul
3169 4651 3356 4710 dubio
3408 4643 3623 4723 impios

1945 4750 2112 4819 juste
2140 4749 2395 4816 torquet.
2429 4747 2498 4799 Et
2525 4743 2706 4799 item:
2730 4743 2843 4798 Est
2874 4749 3078 4800 autem
3107 4755 3324 4812 plena:
3359 4755 3623 4815 cumque

1945 4837 2082 4908 jam
2111 4841 2358 4906 prauam
2389 4830 2908 4902 fatearis,insaniae
2937 4831 3189 4903 plenum
3219 4830 3623 4904 deprehendi-

1957 4930 2056 4982 tur
2077 4922 2672 4996 prmdestinationem
2699 4921 2828 4992 ejus
2868 4928 3114 4990 negare,
3147 4930 3287 4993 quae
3324 4919 3488 4992 justa
3512 4923 3622 4977 est.

1961 5018 2150 5073 Omne
2175 5013 2401 5086 quippe
2428 5011 2660 5084 justum
2685 5007 2956 5066 bonum:
2983 5003 3150 5068 bona
3179 5013 3269 5068 est
3289 5017 3440 5081 ergo
3465 5019 3624 5084 pm-

1960 5103 2283 5161 destinatio
2313 5117 2534 5175 pcenaa,
2574 5100 2727 5157 sicut
2773 5099 3006 5172 judicii,
3055 5101 3204 5174 quia
3251 5100 3378 5157 sine
3435 5100 3626 5158 dubio

1956 5195 2138 5266 justa.
2173 5191 2324 5248 Nihil
2353 5195 2556 5248 autem
2586 5189 2881 5262 i‘n‘justum
2905 5190 3139 5248 bonum
3155 5207 3177 5262 ';
3201 5204 3389 5249 omne
3421 5193 3629 5248 autem

1959 5284 2192 5356 justum
2217 5281 2472 5351 bonum;
2493 5280 2726 5336 bonum
2741 5279 2923 5352 igitur
2942 5281 3387 5355 prcedwﬁnatio
3408 5285 3629 5353 poenas,

1964 5373 2108 5446 quia
2132 5370 2344 5444 procul
2373 5369 2561 5426 dubio
2587 5370 2840 5442 justum.

2039 5463 2418 5534 Quaproer
2433 5459 2647 5516 frivola
2656 5459 3300 5532 prorsusconvincitur
3315 5463 3638 5528 argumen-

1972 5552 2112 5610 tatio
2143 5556 2266 5620 tua,
2291 5567 2432 5609 eum
2457 5551 2520 5607 id
2540 5551 2777 5608 conaris
2800 5555 3058 5608 evertere
3095 5551 3262 5624 quod
3303 5551 3361 5606 e‘t
3382 5549 3639 5605 auctori-

1971 5649 2062 5700 tas
2103 5647 2159 5698 et
2195 5643 2347 5699 ratio
2391 5642 2711 5716 perspicue
2742 5640 3126 5715 persuadent.
3147 5639 3472 5699 .Sententia
3494 5655 3640 5698 vero

1977 5733 2313 5804 Augustini,
2363 5749 2551 5807 quam
2601 5730 3046 5790 conﬁrmationi
3093 5730 3642 5807 praedestinati‘onis

1985 5823 2263 5893 adhibes,
2301 5826 2543 5899 semper
2568 5824 2635 5882 in
2659 5822 2837 5885 denis
2860 5821 3094 5881 ‘divinae
3114 5819 3648 5896 largitatis’ihtellt-
