3936 6438
375 68 390 74 __
1113 68 1148 76 __
1485 56 1502 58 -.
1519 55 2094 99 ,η’-

341 321 476 377 H75

345 441 584 516 gendee,
611 456 865 516 prorsus
896 439 957 496 in
985 439 1154 496 nullo
1182 441 1296 495 tuas
1322 437 1787 495 adminiculatur
1815 452 2009 493 asser-
2039 436 2090 490 Α
2119 453 2254 495 rum
2273 440 2609 509 propriam,
2643 438 2864 495 mirum
2895 441 3192 512 estquare
3212 437 3522 510 propriam
3566 452 3800 510 repro—

353 531 793 590 tioni.Dicendo
817 529 976 585 enim
1001 531 1271 596 (August.
1302 528 1376 584 de
1405 529 1559 583 1)οη.
1589 542 1842 596 persev.,
1874 541 2009 598 cap.

356 625 417 679 1'7
447 623 510 679 in
539 621 698 692 ﬁne):
725 621 862 676 Haec
892 617 994 672 Dei
1024 617 1208 686 dona,
1239 616 1288 672 si
1315 615 1483 672 nulla
1508 621 1596 672 est
1626 615 2012 689 praedestina-

351 712 436 771 tio
466 727 652 786 quam
695 706 1098 774 defendimus,
1139 721 1265 761 non
1320 705 1718 778 praesciuntur
1765 721 1802 761 a
1855 707 2010 766 Deo:

353 800 757 876 praesciuntur
779 800 980 853 autem
1013 813 1027 851 :
1060 799 1191 850 Haec
1223 799 1311 851 est
1337 795 1518 865 igitur
1563 793 2012 867 praedestinatio

352 907 542 965 quam
571 884 1143 944 defendimus.Undc
1171 883 1498 957 aliquando
1521 884 1732 940 eadem
1749 883 2012 956 praedes-

351 977 561 1035 tinatio
584 975 957 1044 signiﬁcatur
987 975 1166 1030 etiam
1197 973 1442 1030 nomine
1474 973 1882 1046 praescientiaa,
1935 973 2013 1029 si-

352 1072 454 1125 cut
481 1067 562 1123 ait
589 1065 944 1139 Apostolus:
978 1066 1112 1121 Non
1135 1065 1357 1134 repulit
1384 1068 1535 1120 Deus
1564 1064 1791 1135 plebem
1820 1079 2011 1131 suam,

353 1173 534 1230 quam
562 1157 869 1226 prtescivit
888 1155 1072 1226 (Rom.
1101 1171 1180 1222 xi,
1213 1155 1288 1226 2).
1320 1157 1440 1210 Hoc
1471 1153 1636 1226 quod
1666 1153 1748 1209 ait
1769 1153 2016 1224 praesci-

351 1248 458 1315 vit,
481 1261 606 1302 non
634 1249 792 1301 recte
820 1243 1166 1313 intelligitur
1185 1243 1298 1298 nisi
1325 1242 1795 1315 praedestinavit.
1829 1245 1894 1298 Et
1910 1259 2017 1298 caa-

354 1341 482 1394 tera
511 1353 643 1409 quae
669 1338 1025 1408 sequuntur,
1073 1333 1147 1389 de
1193 1348 1264 1390 ea
1293 1349 1430 1406 quae
1461 1333 1540 1389 ad
1567 1336 1808 1388 sanctos
1837 1332 2017 1405 perti-

352 1429 474 1495 net,
508 1441 570 1481 se
599 1423 1022 1481 tantummodo
1039 1422 1260 1478 dixisse
1281 1421 1704 1489 manifestavit,
1735 1419 2018 1477 addendo

353 1514 646 1583 videlicet,
677 1529 868 1586 quam
909 1511 1315 1582 defendimus,
1370 1527 1503 1567 eam
1544 1511 1766 1584 quippe
1817 1510 2021 1567 defen-

353 1604 622 1661 dendam
654 1606 1042 1676 susceperat;
1077 1602 1369 1674 quoniam
1399 1601 1612 1657 eadem
1664 1601 1796 1671 jam
1826 1601 2022 1673 impu-

352 1694 658 1766 gnabatur
683 1709 719 1750 a
744 1693 882 1764 tuis,
910 1695 975 1748 ut
998 1691 1082 1748 ita
1109 1691 1385 1757 dixerim,
1420 1690 1977 1764 propugnatoribus
2004 1707 2018 1758 ;

1451 317 1509 372 S.
1542 313 1916 370 PRUDENTII
1939 309 2326 372 TRECENSIS
2367 313 2682 372 EPlSCOPl

3636 315 3798 368 H76

2120 526 2340 583 borum
2371 528 2610 596 dixeris,
2663 545 2801 584 cum
2829 528 3045 584 veritas
3075 527 3420 583 Christianae
3476 526 3617 582 fidei
3667 527 3800 582 ha-

2121 616 2282 686 beat,
2316 622 2564 690 excepto
2593 619 2713 674 Deo
2761 623 2817 674 et
2845 617 3098 674 Domino
3128 624 3331 673 nostro
3357 617 3496 672 Jesu
3523 616 3799 682 Christo,

2120 706 2356 763 nullum
2386 723 2460 763 ex
2507 707 2838 780 peccatrice
2867 706 3202 780 propagine
3244 705 3358 762 nisi
3387 709 3804 778 peccatorum

2122 795 2311 861 nasci,
2341 797 2713 868 perindeque
2738 812 2986 869 poenam
3035 796 3200 866 justo
3231 794 3333 851 Dei
3373 795 3605 866 judicio
3637 811 3804 868 pro-

2122 885 2355 940 mereri.
2373 889 2454 941 Ac
2491 901 2599 957 per
2627 885 2741 941 hoc
2770 884 3292 958 quemadmodum
3321 900 3534 941 omnes
3562 900 3807 956 pecca-

2125 976 2282 1029 tores
2327 980 2558 1030 naturee
2592 973 2859 1044 traduce,
2900 975 2983 1030 ita
3039 989 3250 1030 omnes
3308 972 3504 1046 poenis
3543 972 3807 1030 debitos

2123 1061 2536 1119 incunctanter
2566 1067 2841 1119 tenemus
2868 1081 2881 1133 ;
2906 1067 2961 1120 et
3001 1063 3155 1119 sicut
3182 1079 3218 1120 a
3245 1065 3491 1136 peccato
3511 1078 3637 1119 non
3666 1062 3808 1118 nisi

2127 1154 2383 1223 gratuita
2405 1154 2612 1224 gratia.
2636 1153 2718 1210 ita
2744 1171 2781 1210 a
2812 1153 3006 1226 poenis
3039 1169 3163 1210 non
3191 1153 3310 1209 nisi
3352 1153 3567 1227 eadem
3598 1153 3807 1208 mise-

2125 1241 2384 1298 ricordia
2420 1243 2648 1298 liberat.
2677 1243 2919 1315 Propria
2940 1247 3028 1299 est
3065 1258 3208 1312 ergo
3234 1246 3621 1316 peccatorum
3650 1258 3810 1298 om—

2125 1332 2295 1388 nium
2323 1349 2525 1406 paena,
2575 1333 2728 1389 sicut
2752 1337 2891 1405 post
2922 1333 3186 1405 primam
3236 1331 3808 1401 transgressionem

2126 1421 2425 1494 peccatrix
2454 1425 2540 1478 est
2569 1421 2843 1477 omnium
2864 1425 3114 1477 natura:
3147 1425 3203 1476 et
3221 1421 3306 1476 ita
3326 1419 3598 1476 omnium
3619 1435 3812 1476 com-

2127 1509 2330 1564 munis
2359 1513 2448 1565 est
2510 1525 2713 1582 poena,
2763 1509 2915 1565 sicut
2971 1507 3313 1564 communis
3370 1511 3458 1564 est
3506 1507 3810 1563 omnium

2129 1597 2326 1670 culpa,
2350 1597 2582 1654 dicente
2604 1597 2914 1670 Apostolo:
2938 1598 3102 1654 Sicut
3135 1613 3246 1666 per
3271 1613 3457 1652 unum
3490 1597 3810 1653 hominem

2124 1693 2440 1758 peccatum
2474 1688 2726 1742 intravit
2774 1687 2838 1742 in
2871 1686 3186 1756 mundum,
3235 1691 3288 1742 et
3311 1701 3427 1755 per
3476 1691 3810 1755 peccatum

354 1784 509 1840 sicut
533 1781 788 1857 epistola
814 1781 1088 1854 Prosperi
1111 1780 1380 1837 etHilarii
1410 1780 1490 1836 ad
1517 1796 1676 1851 eum,
1704 1784 1760 1836 et
1779 1791 2024 1852 respon-
2056 1793 2099 1847 Β
2130 1792 2289 1831 mors
2311 1777 2496 1846 (Rom.
2528 1793 2584 1848 ν,
2611 1776 2712 1848 12);
2746 1779 2802 1832 et
2822 1776 3038 1832 iterum
3064 1793 3076 1831 :
3103 1776 3176 1832 In
3207 1790 3323 1846 quo
3353 1790 3550 1832 omnes
3576 1789 3813 1845 pecca-

357 1872 448 1930 sio
484 1873 637 1944 ejus,
681 1870 1007 1944 titulusque
1036 1868 1192 1940 libri,
1227 1872 1407 1942 atque
1437 1869 1592 1924 actio
1625 1868 1770 1924 satis
1799 1871 2024 1941 aperte-

353 1977 476 2036 que
505 1961 834 2028 declarant,
865 1959 1127 2016 necdum
1149 1973 1418 2031 namque
1446 1957 1890 2031 praedestinatio
1912 1957 2022 2012 im-

352 2052 598 2126 piorum
628 2054 885 2124 caeperat
904 2048 1211 2119 denegari,
1243 2064 1431 2122 quam
1461 2047 1800 2121 frequenter
1828 2047 1889 2103 in
1920 2048 2024 2102 Pe-

351 2140 740 2211 lagianorum
792 2138 973 2196 etiam
1015 2137 1183 2193 libris
1227 2142 1406 2210 atque
1439 2137 1709 2206 Origenis
1763 2137 2024 2209 positam

359 2223 734 2296 invenimus,
764 2244 1027 2302 quorum
1079 2227 1302 2284 idcirco
1367 2227 1704 2283 testimonia
1759 2225 2024 2298 proferre

356 2336 484 2377 non
512 2318 924 2376 necessarium
948 2317 1252 2386 duximus;
1285 2317 1576 2390 quoniam
1594 2315 2025 2372 catholicorum

357 2409 753 2468 munimentis
775 2424 887 2464 nos
909 2407 1245 2475 abundare,
1277 2407 1515 2463 favente
1543 2406 2026 2477 Domino,copio-

363 2499 489 2555 sius
520 2497 999 2568 congaudemus.
1037 2497 1185 2552 Hinc
1211 2495 1561 2568 interposita
1589 2495 1749 2551 beati
1799 2499 2028 2564 Augus-

361 2589 471 2646 tini
502 2588 817 2656 sententia,
850 2603 1039 2660 quam
1066 2603 1140 2642 ex
1163 2585 1317 2642 libro
1346 2584 1500 2640 illius
1534 2584 1610 2640 de
1631 2587 1798 2639 Dono
1828 2599 2025 2654 perse-

362 2679 650 2736 verantiae
681 2677 1049 2750 decerptam,
1080 2675 1196 2730 tuis
1226 2673 1565 2730 actionibus
1616 2672 2024 2734 inserendam,

366 2768 648 2842 quamvis
678 2768 877 2839 inepte
907 2781 1154 2838 prorsus
1185 2763 1489 2833 censuisti,
1522 2779 1646 2835 qua
1665 2762 1740 2818 de
1769 2761 2032 2835 praedes-

367 2856 656 2914 tinatione
679 2858 1030 2910 sanctorum
1060 2851 1312 2907 ﬁdeliter
1357 2851 1679 2924 disputans
1708 2850 2031 2924 praescien-

370 2945 516 3004 tiam
543 2959 654 3017 pro
676 2959 747 2999 ea
771 2940 1100 3015 aliquando
1116 2939 1262 3013 poni
1283 2939 1475 2997 solere
1499 2939 1760 3007 edocuit,
1785 2953 2034 2996 consue-

369 3038 432 3093 to
464 3034 568 3092 tibi
588 3048 788 3091 errore
815 3030 1279 3103 argumentaris.

932 3173 1188 3214 JOANNES
1229 3171 1456 3212 SCOTUS.

445 3267 613 3342 (Cap.
649 3267 732 3331 10,
759 3281 929 3322 num.
962 3268 1049 3336 10,
1080 3267 1221 3320 sect.
1242 3263 1317 3336 5).
1346 3268 1385 3316 Θ
1409 3263 1635 3334 Omnis,
1659 3263 1871 3336 inquit,
1887 3278 2038 3334 pra:-

373 3359 623 3418 scientia
671 3358 981 3428 pertinens
1038 3356 1120 3412 ad
1173 3356 1386 3412 electos
1426 3355 1880 3426 prazdestinatio
1907 3360 2036 3412 est:

374 3450 553 3506 nulla
575 3447 1036 3517 prcedestinatio
1059 3445 1179 3500 nisi
1203 3445 1525 3501 electorum
1566 3452 1648 3501 est
1673 3461 1686 3500 :
1720 3446 1900 3501 nulla
1929 3445 2040 3515 igi-

379 3543 483 3592 tur
498 3536 882 3605 praescientia
906 3533 1216 3602 pertinens
1241 3532 1324 3588 ad
1350 3533 1564 3589 electos
1583 3532 2040 3603 prazdestinatio

378 3640 501 3681 non
533 3627 637 3679 est.
661 3622 889 3678 Nullus
920 3622 1168 3692 eligitur
1196 3621 1278 3677 ad
1304 3637 1562 3691 plenam,
1582 3623 1874 3694 quomodo
1902 3636 2042 3691 ergo

377 3711 849 3786 praedestinatur
867 3724 1212 3781 paena,quaa
1237 3710 1626 3779 reproborum
1657 3715 1740 3767 est
1759 3711 2045 3782 propria?

1071 3833 1396 3875 CORRECTlO.

450 3932 488 3998 '1-
519 3931 662 3997 Quaa
685 3927 1126 3999 argumentatio
1147 3941 1221 3983 ex
1249 3925 1729 4000 praecedentibus
1749 3925 1901 3982 falsa
1916 3941 2044 3983 esse

383 4019 775 4078 convincitur.
815 4017 1027 4074 Dicens
1057 4017 1282 4090 quippe
1313 4021 1506 4087 (num.
1544 4017 1651 4088 lt),
1683 4018 1861 4073 nulla
1883 4031 2044 4087 pra:-

382 4109 708 4168 destinatio
755 4107 878 4164 nisi
923 4108 1247 4164 electorum
1296 4112 1400 4174 est,
1450 4105 1739 4173 mentiris,
1794 4105 1939 4178 quia
1990 4107 2048 4161 et

387 4199 705 4270 Scriptum
731 4199 954 4252 sancta-3
979 4195 1304 4252 auctoritas
1335 4199 1393 4251 et
1426 4199 1775 4251 sanctorum
1804 4198 2046 4251 Patrum

385 4286 756 4344 unanimitas
784 4284 1117 4341 destinatos
1143 4283 1242 4340 vel
1268 4283 1750 4356 praedestinatos,
1798 4288 2044 4358 paratos

385 4375 484 4433 vel
512 4377 906 4448 praeparatos,
952 4388 1022 4429 ae
1047 4372 1365 4445 deputatos
1396 4372 1475 4428 ad
1504 4389 1749 4446 poenam
1780 4373 1875 4430 vel
1903 4373 2048 4430 inte-

388 4465 570 4559 ritum
599 4463 860 4559 infacete
891 4466 1070 4559 atque
1100 4462 1475 4559 concorditer
1503 4463 2047 4559 indicat.Qu_odque
2078 4507 2120 4559 Β

388 4553 610 4612 infers:
643 4553 871 4609 Nullus
902 4553 1151 4623 eligitur
1174 4550 1256 4608 ad
1282 4567 1558 4622 parmam:
1587 4551 1878 4622 quomodo
1909 4567 2048 4621 ergo

382 4645 860 4718 prwdestinatur
882 4657 1227 4716 paena,un
1245 4642 1634 4713 reproborum
1656 4647 1738 4700 est
1765 4643 2052 4712 propria?

389 4737 613 4796 videris
632 4735 960 4806 intelligere
990 4733 1342 4792 electionem
1372 4737 1431 4791 et
1456 4732 2046 4807 praedestinationem

389 4844 584 4886 unum
606 4843 757 4898 esse,
788 4842 928 4884 cum
964 4825 1298 4899 plurimum
1326 4825 1612 4881 interesse
1653 4823 1855 4880 nullus
1883 4823 2049 4893 igno-

391 4923 515 4976 ret:
557 4933 703 4975 nam
743 4916 908 4974 aliud
935 4915 1172 4986 eligere,
1227 4914 1393 4972 aliud
1438 4931 1571 4971 esse
1625 4913 2049 4988 praedestinare

393 5009 530 5082 quis
557 5007 830 5065 nesciat?
855 5005 1015 5064 Sicut
1040 5005 1204 5062 enim
1250 5004 1416 5062 aliud
1471 5007 1565 5060 est
1607 5003 1843 5075 eligere,
1886 5002 2050 5084 aliud

394 5097 735 5168 disponere,
789 5095 873 5152 ita
901 5094 1066 5151 aliud
1111 5097 1200 5151 est
1229 5094 1466 5164 eligere,
1506 5091 1672 5148 aliud
1715 5091 2048 5148 destinare:

395 5185 687 5259 quoniam
716 5183 1014 5239 destinare
1028 5182 1123 5238 vel
1147 5182 1579 5255 preedestinare
1602 5196 1727 5237 non
1744 5196 1874 5237 esse
1890 5177 2055 5236 aliud

395 5289 584 5349 quam
612 5273 936 5346 disponere
953 5270 1049 5328 vel
1078 5286 1443 5345 praeparare,
1469 5270 1564 5327 vel
1577 5269 1875 5344 quidquid
1895 5269 2056 5325 idem

398 5363 720 5437 signiﬁcat,
748 5363 879 5435 jam
911 5376 1096 5434 supra
1139 5365 1542 5419 monstratum
1574 5364 1680 5417 est.
1707 5364 1888 5416 Porro
1919 5357 2058 5429 eligi

396 5470 773 5529 quemquam
786 5453 866 5510 ad
885 5467 1132 5526 poenam
1152 5450 1248 5507 vel
1267 5451 1576 5508 interitum
1595 5450 1797 5506 divina
1819 5447 2058 5521 eloquia

395 5559 533 5600 raro
558 5547 878 5611 testantur;
938 5540 1358 5614 praedestinari
1412 5556 1554 5596 vero
1608 5555 1822 5612 plenas
1859 5535 2058 5593 omnis

396 5633 617 5688 Veteris
701 5636 758 5688 et
821 5630 969 5689 Novi
1054 5629 1424 5686 Testamenti
1505 5627 1808 5700 Scriptura
1884 5628 2060 5681 testa-

399 5721 510 5774 tur.

474 5805 588 5862 Sed
630 5807 799 5875 quod
839 5807 990 5865 dicis
1013 5809 1207 5876 (num.
1244 5806 1330 5879 l2)
1353 5820 1596 5878 poenam
1627 5819 1748 5862 esse
1781 5802 2060 5874 reprobo-

2131 1867 2346 1917 verunt
2378 1860 2573 1932 (Ibid).

2205 1953 2368 2006 Certe
2419 1949 2732 2005 traditione
2785 1951 3088 2021 majorum
3146 1949 3412 2022 primum
3456 1949 3813 2019 hominem,

2132 2038 2412 2112 quamvis
2446 2044 2565 2094 tam
2599 2039 2855 2108 graviter
2904 2038 3261 2112 peccaverit,
3294 2043 3359 2094 ut
3385 2053 3566 2094 omne
3597 2037 3816 2094 homi-

2132 2144 2280 2184 num
2313 2143 2505 2196 genus
2535 2143 2608 2182 ex
2632 2143 2744 2182 sua
2768 2127 3100 2201 propagine
3112 2143 3220 2200 per
3247 2126 3635 2183 concubitum
3661 2142 3818 2182 ma-

2134 2217 2214 2272 ris
2253 2221 2310 2272 et
2334 2216 2573 2272 feminae
2602 2217 2976 2272 nasciturum
3004 2221 3252 2289 peccato
3289 2215 3588 2288 mortique
3618 2215 3819 2271 subs-

2136 2306 2394 2371 traverit,
2423 2305 2720 2362 salvatum
2752 2306 2852 2362 Dei
2883 2307 3076 2376 gratia
3117 2309 3590 2378 sanctorumque
3615 2304 3822 2361 colle-

2136 2396 2236 2465 gio
2267 2395 2559 2450 sociatum
2610 2395 2912 2450 credimus
2943 2398 3000 2450 et
3026 2395 3324 2461 fatemur;
3358 2394 3461 2465 qui
3491 2393 3645 2450 sicut
3673 2393 3822 2466 pri-

2135 2503 2272 2541 mus
2302 2485 2576 2541 omnium
2605 2485 2923 2541 hominum
2973 2501 3112 2541 cum
3153 2485 3410 2555 conjuge
3440 2499 3551 2538 sua
3578 2499 3828 2555 pecca-

2135 2576 2237 2642 vit,
2266 2575 2346 2630 ita
2374 2575 2607 2647 primus
2627 2591 2872 2647 pmnam
2895 2572 3301 2630 damnationis
3326 2572 3828 2644 exeepit.Queere

2136 2665 2340 2736 itaque
2363 2667 2561 2719 utrum
2584 2664 2830 2736 propria
2859 2664 2989 2735 ejus
3017 2679 3200 2735 plena
3231 2661 3423 2728 fuerit,
3472 2677 3550 2716 an
3605 2665 3827 2718 extra-

2138 2769 2254 2809 nea
2279 2771 2292 2820 ;
2323 2753 2638 2825 proprium
2659 2757 2861 2809 autem
2892 2754 3022 2825 ejus
3041 2753 3226 2808 fuisse
3245 2755 3586 2824 peceatum,
3614 2766 3822 2809 nemo

2141 2846 2488 2898 cunctatur:
2535 2842 2766 2912 justum
2799 2843 2977 2912 igitur
3025 2841 3138 2898 fuit
3183 2845 3250 2896 ut
3305 2841 3433 2914 ipse
3488 2839 3825 2913 propriam

2141 2949 2389 3007 poenam
2419 2933 2770 3006 perciperet,
2801 2933 2934 2990 licet
2982 2933 3232 3003 invitus,
3291 2933 3397 3004 qui
3427 2931 3673 3004 propria
3699 2947 3829 2988 vo-

2141 3023 2369 3079 luntate
2397 3027 2715 3094 peccatum
2741 3023 3266 3079 commiseratnon
3297 3021 3538 3078 invitus.
3562 3020 3828 3094 Propria

2075 3149 2115 3205 ρ
2145 3129 2288 3183 ergo
2326 3116 2712 3186 peccatorum
2730 3113 3006 3168 omnium
3036 3128 3220 3186 paena
3239 3111 3498 3168 dicenda
3543 3113 3652 3179 est,
3679 3125 3828 3167 non

2147 3201 2570 3261 tantummodo
2624 3202 3045 3275 reproborum,
3101 3201 3245 3275 quia
3299 3200 3574 3258 omnium
3628 3199 3830 3273 culpa

2151 3292 2491 3350 communis
2523 3295 2628 3361 est,
2674 3309 2797 3365 qua
2841 3308 3089 3365 poenam
3142 3294 3508 3360 meruerunt,
3566 3304 3692 3347 non
3716 3305 3831 3346 so-

2150 3382 2466 3438 lummodo
2493 3382 2913 3454 reproborum.
2971 3385 3038 3439 Et
3077 3381 3192 3438 hoc
3243 3385 3332 3438 est
3360 3379 3529 3454 quod
3557 3378 3829 3436 fideliter

2151 3473 2367 3529 dicitur
2411 3474 2599 3528 Deum
2630 3471 3114 3545 prmdestinasse,
3161 3470 3257 3527 vel
3285 3485 3687 3544 praeparasse,
3716 3468 3827 3526 vel

2151 3561 2544 3636 disposuisse,
2576 3561 2672 3618 vel
2700 3561 3044 3634 deputasse,
3067 3560 3163 3617 vel
3183 3560 3497 3630 delegasse
3535 3563 3827 3632 peccato-

2152 3652 2318 3708 ribus
2360 3668 2592 3724 poenas,
2660 3667 2816 3724 quas
2870 3650 3266 3724 peccantibus
3342 3665 3404 3706 se
3450 3647 3827 3723 praeviderat

2153 3741 2364 3798 merito
2409 3741 2806 3796 redditurum.
2869 3741 2926 3797 Si
2971 3741 3133 3797 enim
3185 3755 3311 3797 nou
3364 3737 3826 3812 praedestinavit

2152 3845 2391 3904 pcenas,
2418 3828 2562 3900 quid
2581 3831 2669 3883 est
2696 3827 2861 3900 quod
2876 3831 3247 3901 praeceptum
3272 3825 3629 3884 obedientiee
3652 3824 3824 3881 dans

2153 3918 2362 3991 primis
2387 3916 2736 3973 hominibus
2755 3916 2939 3973 dixit:
2975 3917 3340 3990 Quacunque
3369 3916 3464 3972 die
3494 3915 3824 3972 comederi-

2157 4009 2230 4064 tis
2261 4023 2330 4065 ea:
2359 4023 2444 4076 eo,
2483 4011 2673 4062 morte
2698 4007 3037 4062 moriemini
3065 4007 3234 4079 (Gen.
3292 4023 3354 4077 ιι,
3406 4005 3516 4077 17).
3572 4007 3638 4060 Et
3678 4020 3822 4060 rur-

2155 4114 2311 4161 sum,
2340 4113 2401 4152 se
2427 4096 2558 4169 ipse
2585 4111 2708 4152 non
2733 4095 3008 4168 rependit
3026 4096 3269 4153 meritas
3293 4110 3528 4169 poenas,
3555 4093 3705 4166 quid
3722 4096 3825 4150 est

2153 4186 2320 4260 quod
2350 4185 2575 4241 eisdem
2603 4184 2732 4256 jam
2763 4184 3180 4257 peccatoribus
3209 4185 3386 4240 dicit:
3410 4184 3595 4240 donec
3619 4197 3825 4238 rever-

2157 4277 2305 4332 taris
2335 4275 2398 4330 in
2445 4280 2692 4340 terram,
2743 4274 2817 4329 de
2843 4288 2964 4344 qua
3004 4279 3277 4343 sumptus
3320 4287 3399 4343 es,
3443 4272 3586 4344 quia
3613 4271 3821 4340 pulvis

2156 4380 2212 4422 es
2243 4370 2296 4421 et
2349 4365 2412 4420 in
2440 4364 2749 4434 pulverem
2779 4363 3097 4418 reverteris
3153 4363 3316 4434 (Gen.
3343 4376 3429 4426 ιιι,
3474 4365 3582 4429 i9).
3618 4359 3696 4426 Si,
3728 4358 3823 4414 in-

2154 4470 2364 4527 quam,
2395 4468 2507 4509 nec
2536 4451 2835 4524 praescivit
2881 4466 2992 4508 nec
3021 4450 3468 4524 praedestinavit
3498 4449 3656 4506 hanc
3687 4463 3819 4520 poe-

2157 4560 2302 4600 nam
2329 4541 2640 4615 quomodo
2708 4557 2842 4597 eam
2873 4545 2931 4597 et
2977 4544 3114 4597 ante
3164 4543 3481 4608 peccatum
3539 4537 3819 4612 praedixit

2161 4634 2447 4702 futuram,
2505 4635 2563 4687 et
2633 4634 2771 4704 post
2826 4634 3149 4703 peccatum
3211 4628 3471 4686 reddidit
3535 4642 3819 4684 consecu-

2159 4723 2332 4781 tam?
2386 4720 2637 4778 Proinde
2695 4719 2846 4776 sicut
2896 4718 3207 4791 propriam
3255 4717 3520 4791 culpam,
3558 4715 3641 4773 ita
3682 4731 3817 4788 pro-

2157 4812 2354 4888 priam
2379 4825 2621 4884 poenam
2647 4808 2804 4864 illius
2835 4807 3156 4864 dicendam
3186 4807 3353 4864 omni
3381 4804 3683 4880 peccatori
3705 4804 3815 4860 for-

2158 4903 2332 4962 tassis
2359 4917 2482 4958 non
2502 4901 2831 4970 incongrue
2847 4899 3120 4968 dixerim,
3147 4898 3458 4972 quoniam,
3479 4895 3814 4953 secundum

2158 4992 2533 5067 Apostolum,
2589 5005 2787 5047 omnes
2828 4995 3253 5060 peccaverunt,
3295 4992 3568 5059 et-egent
3612 4985 3812 5057 gloria

2159 5085 2271 5140 Dei
2300 5083 2488 5154 (Rom.
2521 5097 2601 5150 ιιι,
2631 5081 2745 5151 23),
2789 5083 2879 5135 Et:
2915 5080 3230 5136 Conclusit
3255 5079 3582 5146 Scriptura
3615 5075 3812 5130 omnia

2161 5175 2270 5231 sub
2285 5177 2531 5242 peccato
2560 5175 2624 5226 ut
2651 5170 2926 5227 omnium
2947 5168 3302 5224 misereatur
3333 5166 3491 5235 (Gal.
3521 5181 3601 5231 ιιι,
3632 5164 3744 5233 22).

2235 5266 2472 5324 Verum,
2507 5259 2653 5332 quia
2699 5258 3001 5314 electionis
3029 5255 3398 5312 vocabulum
3428 5253 3507 5310 ad
3538 5250 3814 5310 amicissi-

2165 5368 2334 5408 mam
2361 5349 2470 5406 tibi
2516 5346 2950 5405 contrarietatis
2994 5344 3448 5418 perversitatem
3477 5342 3812 5413 detorques,

2165 5440 2434 5498 adhibita
2463 5438 2622 5495 beati
2638 5435 2949 5507 Augustini
2970 5435 3282 5500 sententia,
3304 5448 3428 5506 qua
3444 5430 3665 5500 satagis
3678 5444 3812 5485 con-

2165 5532 2407 5586 ﬁrmare
2436 5527 2750 5601 reprobos,
2781 5524 3071 5599 appellari
3094 5522 3332 5585 electos,
3362 5538 3503 5578 cum
3532 5535 3656 5576 non
3705 5517 3815 5573 sint

2167 5619 2352 5680 electi,
2387 5623 2440 5673 te
2466 5616 2730 5672 necdum
2755 5613 2932 5688 plene
2963 5612 3316 5668 intellexisse
3369 5609 3520 5683 quid
3571 5604 3813 5664 senserit

2167 5707 2610 5765 evidentissima
2644 5704 2894 5772 indicas;
2919 5702 3236 5758 dicitenim
3257 5699 3626 5771 Augustinus
3643 5697 3808 5767 (Aug.

2169 5799 2241 5856 de
2272 5798 2543 5865 Corrept.
2563 5801 2618 5852 et
2643 5795 2838 5865 Grat.,
2871 5807 3004 5866 cap.
3035 5807 3137 5864 vn,
3159 5792 3238 5862 9).
3259 5789 3462 5863 [Electi
3490 5787 3651 5846 enim
3683 5785 3811 5842 sunt
