3936 6372
129 258 257 312 1177

1089 260 1179 316 DE
1210 259 1897 321 PRIEDESTINATIONE
1929 264 2210 324 CONTRA
2233 269 2281 326 ὦ.
2314 267 2589 327 SCOTUM

3417 272 3556 330 1178

125 379 198 437 ad
223 380 605 452 regnandum
633 397 773 438 cum
804 382 1056 458 Christo,
1077 400 1200 442 non
1217 387 1529 460 quomodo
1555 387 1778 444 electus
1815 394 1863 444 Α
1897 392 2148 465 quando
2196 396 2368 451 erant
2423 394 2485 450 in
2535 393 2909 467 professione
2983 397 3042 452 et
3113 394 3358 452 nomine
3407 395 3556 454 ﬁlio-

124 473 207 525 est
232 469 419 526 Judas
453 470 533 527 ad
560 487 715 544 opus
745 472 841 528 cui
872 475 1245 543 congruebat
1278 494 1291 530 :
1321 476 1400 532 ab
1431 476 1531 532 1110
1553 477 1780 550 quippe

124 557 341 615 electus
370 563 478 626 est,
505 559 610 632 qui
649 562 812 617 novit
835 561 990 618 bene
1020 563 1104 619 uti
1135 564 1316 622 etiam
1347 565 1548 634 malis,
1581 569 1646 623 ut
1675 582 1784 639 per

123 647 248 718 ejus
275 663 430 720 opus
458 648 831 722 damnabile,
863 651 1012 723 illud
1040 657 1288 726 propter
1314 655 1482 728 quod
1505 655 1634 728 ipse
1690 672 1785 712 ve-

122 742 288 793 nerat
312 753 465 810 opus
511 739 850 796 venerabile
895 742 1314 814 compleretur.
1373 746 1523 800 Cum
1580 744 1783 818 itaque

122 825 402 882 audimus
437 845 450 883 :
481 828 700 885 Nonne
725 844 829 900 ego
861 845 960 887 vos
985 832 1294 890 duodecim
1327 835 1498 904 elegi,
1545 839 1600 890 et
1625 850 1784 892 unus

122 929 195 971 ex
224 915 382 972 vobis
405 916 680 972 diabolus
703 924 786 974 est
819 920 1019 987 (Joan.
1053 937 1126 988 v1,
1158 921 1301 994 7t)?
1321 921 1458 978 Illos
1488 922 1784 980 debemus

120 1003 439 1076 intelligere
469 1005 686 1062 electos
706 1023 815 1080 per
845 1008 1343 1082 misericordiam,
1376 1011 1546 1068 illum
1567 1028 1675 1085 per
1687 1013 1780 1084 ju-

120 1092 361 1148 dicium.
396 1093 532 1150 11108
563 1110 706 1165 ergo
726 1095 900 1166 elegit
952 1097 1028 1153 ad
1073 1097 1471 1156 obtinendum
1525 1117 1784 1170 regnum

119 1199 321 1255 suum,
354 1184 524 1240 illum
571 1184 651 1241 ad
706 1185 1087 1243 fundendum
1142 1189 1506 1260 sanguinem
1556 1207 1778 1247 suum:

113 1273 390 1330 Firmum
421 1279 618 1330 autem
647 1274 1115 1345 fundamentum
1139 1279 1248 1334 Dei
1274 1283 1392 1334 stat
1433 1280 1657 1336 habens
1709 1281 1785 1336 si-

112 1363 444 1432 gnaculum
471 1365 625 1420 hoc:
651 1365 821 1420 scivit
855 1366 1146 1423 Dominus
1171 1369 1279 1439 qui
1313 1374 1454 1424 sunt
1508 1371 1636 1440 ejus
1699 1371 1789 1442 (II

120 1451 270 1506 Tim.
303 1467 366 1521 ιι,
399 1451 508 1524 19).
557 1453 805 1508 Horum.
858 1455 1026 1523 ﬁdes,
1079 1471 1211 1527 qua:
1256 1472 1368 1527 per
1404 1458 1782 1516 dilectionem

113 1545 403 1609 operatur
428 1541 592 1609 (Gal.
623 1558 682 1609 v,
716 1542 792 1614 6),
831 1542 1102 1616 profecto
1129 1548 1234 1601 aut
1255 1547 1507 1602 omnino
1529 1563 1654 1604 non
1685 1547 1786 1604 de-

113 1627 251 1695 ﬁcit,
280 1632 384 1684 aut
409 1627 458 1684 si
481 1628 588 1702 qui
628 1634 771 1686 sunt
793 1647 1056 1703 quorum
1085 1633 1305 1706 deﬁcit,
1336 1640 1650 1708 reparatur
1678 1652 1782 1693 an-

1894 484 2078 554 rum.]

1963 573 2004 642 -j-
2023 571 2204 644 Cujus
2226 573 2534 630 sententiae
2556 573 2990 630 documentum
3007 573 3151 646 quia
3174 573 3236 630 in
3250 573 3431 631 aliam
3451 591 3554 649 pe-

1891 660 2139 734 ricopen
2169 661 2394 729 differs,
2417 667 2474 720 et
2501 678 2611 720 nos
2639 663 3098 736 responsionem
3125 668 3373 720 eatenus
3389 664 3558 721 diffe-

1892 765 2121 808 ramus.

2527 845 2752 899 CAPUT
2786 845 2922 899 XIII.

1897 947 2054 1015 Quid
2074 953 2269 1018 potest
2295 950 2504 1022 colligi
2545 965 2620 1007 ex
2645 951 2940 1077 ni'wttticta
2983 951 3182 1006 sancti
3229 950 3558 1022 Augustini

2562 1037 2663 1077 sen
2694 1036 2765 1077 en
2796 1037 2874 1077 ia.

2562 1036 2874 1078 sententia.

1930 1109 1932 1111 ﬁ
1963 1127 2152 1185 Tertia
2177 1127 2414 1186 decima
2435 1129 2636 1202 itaque
2665 1128 2766 1185 tali
2799 1128 2965 1185 titulo
2985 1132 3393 1202 praenotatur:

2461 1253 2716 1294 JOANNES
2782 1253 2987 1294 SCOTUS

1964 1331 2133 1416 (Cap.
2154 1347 2238 1412 13,
2261 1359 2432 1399 num.
2459 1347 2514 1411 2,
2547 1347 2686 1400 sect.
2717 1345 2762 1416 1)
2796 1349 2835 1398 Θ
2869 1345 3024 1412 Quid
3043 1350 3235 1415 potest
3262 1346 3473 1416 colligi
3483 1361 3554 1402 ex

1891 1435 2184 1504 pi'zedicta
2204 1435 2404 1490 sancti
2419 1434 2751 1507 Augustini
2772 1436 3067 1491 sententia
3095 1434 3123 1490 ?

2570 1557 2902 1597 conancno.
2969 1605 2972 1610 _

1963 1649 2006 1724 -ι-
2026 1649 2092 1704 In
2117 1664 2262 1721 qua,
2294 1665 2433 1704 cum
2457 1665 2530 1705 ex
2555 1648 2758 1705 verbis
2789 1648 2979 1704 sancti
3011 1647 3325 1717 Augustini
3376 1648 3550 1718 (Aug.

113 1720 358 1810 ξθςιιιᾷω
386 1717 511 1774 Vita
529 1717 646 1774 ista
673 1717 936 1810 ﬁniatur,
967 1724 1024 1776 et
1050 1721 1245 1778 deleta
1273 1739 1411 1796 qum
1447 1724 1781 1784 incurrerat
1817 1755 1862 1808 Β
1891 1717 2063 1804 ibid.)
2086 1717 2366 1807 colligere
2396 1738 2599 1794 niteris
2629 1737 2985 1793 sufﬁcientia
3006 1737 3098 1792 his
3118 1753 3256 1810 quin
3300 1717 3553 1794 suadere

110 1805 440 1880 iniquitate,
466 1823 660 1881 usque
681 1809 744 1864 in
772 1810 958 1867 tinem
1011 1814 1466 1884 perseverantia
1524 1815 1780 1888 deputa-

114 1899 224 1951 tur.
253 1895 361 1960 Qui
391 1913 535 1953 vero
562 1899 1000 1970 perseveraturi
1031 1915 1155 1956 non
1187 1905 1346 1972 sunt,
1379 1918 1450 1959 ac
1481 1903 1565 1960 sic
1596 1920 1633 1960 a
1661 1904 1781 1960 ﬁde

115 1983 441 2042 Christiana
475 1991 532 2043 et
561 1988 1017 2045 conversatione
1045 1988 1275 2062 lapsuri
1306 1996 1462 2060 sunt,
1514 1999 1581 2049 ut
1630 1993 1780 2050 tales

112 2089 212 2130 eos
239 2076 377 2130 vitae
402 2075 584 2147 hujus
609 2076 747 2132 ﬁnis
779 2077 1065 2146 inveniat,
1094 2079 1306 2151 procul
1337 2080 1526 2137 dubio
1546 2097 1658 2138 nec
1679 2082 1780 2139 illo

115 2168 379 2238 tempore
408 2181 532 2238 quo
558 2166 715 2223 bene
740 2167 960 2241 pieque
984 2168 1194 2226 vivunt
1248 2170 1309 2226 in
1361 2171 1614 2229 istorum
1672 2189 1782 2229 nu-

111 2269 276 2310 mero
308 2255 704 2327 computandi
735 2261 876 2312 sunt
908 2274 920 2311 :
952 2273 1076 2314 non
1103 2258 1264 2315 enim
1293 2267 1433 2317 sunt
1483 2277 1520 2318 a
1569 2278 1780 2320 massa

110 2341 209 2399 illa
234 2342 588 2416 perditionis
616 2345 994 2416 praescientia
1025 2346 1130 2421 Dei
1153 2352 1210 2404 et
1255 2349 1779 2421 praedestinatione

111 2429 366 2488 discreti.
401 2435 470 2488 Et
494 2431 633 2489 ideo
653 2448 766 2490 nec
793 2434 1132 2492 secundum
1156 2438 1537 2510 propositum
1557 2440 1776 2509 vocati,

111 2535 179 2576 ac
205 2535 315 2592 per
342 2520 459 2577 hoc
486 2535 598 2577 nec
627 2521 816 2594 electi,
847 2523 956 2579 sed
984 2524 1047 2579 in
1073 2524 1159 2580 eis
1184 2527 1383 2583 vocati
1429 2528 1504 2584 de
1554 2528 1778 2602 quibus

112 2608 337 2665 dictum
366 2611 460 2665 est
488 2625 501 2664 :
527 2610 716 2666 Multi
734 2614 951 2682 vocati,
984 2617 1042 2670 et
1069 2629 1194 2670 non
1218 2615 1280 2671 in
1310 2615 1395 2671 eis
1428 2616 1502 2690 de
1551 2617 1776 2690 quibus

111 2696 336 2754 dictum
358 2700 452 2755 est
477 2716 491 2755 :
506 2701 699 2769 pauci
729 2715 866 2757 vero
891 2702 1066 2758 electi
1103 2703 1343 2774 (Matth.
1366 2722 1502 2774 χχιι,
1540 2708 1652 2774 14).
1713 2709 1779 2763 Ε1

112 2790 312 2844 tamen
341 2787 480 2860 quis
509 2803 613 2845 eos
634 2794 814 2860 neget
839 2789 1076 2860 electos,
1102 2809 1240 2848 cum
1264 2794 1606 2863 credunt,et
1629 2796 1779 2868 bap-

111 2875 384 2941 tizantur,
411 2879 470 2933 et
496 2878 834 2934 secundum
881 2880 1071 2935 Deum
1131 2881 1399 2939 vivunt?
1450 2884 1632 2941 Plane
1685 2885 1778 2940 di-

111 2970 325 3021 cuntur
353 2964 526 3020 electi
549 2980 586 3020 a
610 2965 1022 3023 nescientibus
1050 2968 1200 3040 quid
1252 2969 1434 3026 futuri
1464 2976 1624 3042 sunt,
1653 2989 1778 3030 non

111 3053 184 3109 ab
211 3053 316 3110 illo
347 3052 456 3126 qui
481 3068 585 3108 eos
613 3053 782 3110 novit
806 3070 930 3111 non
959 3057 1182 3113 habere
1240 3062 1774 3132 perseverantiam,

110 3159 240 3215 quae
261 3141 344 3199 ab
367 3123 614 3198 beatam
636 3146 821 3198 Vitam
851 3145 1125 3216 perducit
1149 3123 1368 3204 electos
1398 3148 1603 3221 sicque
1645 3123 1774 3223 [al.,
1819 3123 1859 3179 ο

117 3230 368 3306 scitque]
398 3231 532 3288 illos
550 3231 634 3289 ita
662 3236 818 3290 stare
850 3237 915 3290 ut
943 3235 1272 3307 prtescierit
1293 3235 1417 3308 [al.,
1449 3239 1778 3312 praesciret]

116 3335 239 3378 esse
269 3337 543 3378 casuros.

179 3502 296 3556 Nec
323 3515 439 3556 nos
457 3504 704 3559 moveat
731 3502 898 3575 quod
923 3502 1060 3558 ﬁliis
1093 3503 1218 3560 suis
1240 3504 1610 3577 quibusdam
1623 3509 1779 3563 Deus

118 3604 234 3646 non
261 3591 368 3648 dat
393 3589 575 3648 istam
604 3594 1117 3666 perseverantiam
1150 3612 1164 3663 ;
1220 3595 1382 3652 absit
1404 3597 1565 3652 enim
1607 3602 1672 3654 ut
1697 3599 1781 3655 ita

116 3684 284 3747 esset,
315 3680 366 3736 si
396 3680 473 3737 de
503 3681 618 3737 illis
643 3682 1085 3755 prmdestinatis
1114 3689 1317 3741 essent
1345 3690 1401 3742 et
1441 3686 1779 3743 secundum

114 3769 492 3842 propositum
511 3771 738 3827 vocatis
772 3789 786 3827 :
815 3772 921 3845 qui
949 3789 1094 3829 vero
1135 3789 1261 3829 non
1321 3779 1461 3831 sunt
1511 3776 1616 3832 ﬁlii
1643 3793 1781 3850 pro-

114 3859 433 3929 missionis,
463 3859 593 3933 jam
623 3860 721 3917 isti
747 3861 875 3932 [al.,
909 3862 1174 3935 quivere
1205 3868 1344 3920 sunt
1372 3865 1478 3921 ﬁlii
1525 3866 1786 3939 promis-

114 3949 310 4006 sionis.
335 3953 494 4007 Nam
515 3949 634 4019 isti,
664 3951 800 4023 etc.]
825 3968 965 4008 cum
995 3952 1092 4025 pie
1117 3952 1344 4025 vivunt,
1363 3954 1647 4011 dicuntur
1673 3953 1781 4011 tilii

114 4039 232 4111 Dei,
258 4041 364 4099 sed
388 4041 691 4114 quoniam
725 4041 937 4098 victuri
966 4047 1108 4099 sunt
1127 4042 1332 4116 impie,
1367 4044 1506 4101 etin
1561 4045 1780 4102 eadem

115 4127 412 4202 impietate
442 4130 744 4202 morituri,
771 4145 896 4186 non
919 4147 1025 4186 eos
1074 4131 1218 4188 dicit
1260 4132 1418 4189 filios
1469 4133 1570 4189 Dei
1623 4149 1778 4206 pree-

114 4217 352 4276 scientia
381 4219 486 4276 Dei
523 4238 535 4276 :
564 4222 704 4275 sunt
732 4219 894 4275 enim
923 4219 1028 4275 ﬁlii
1058 4220 1177 4288 Dei,
1207 4220 1313 4293 qui
1341 4221 1617 4278 nondum
1639 4227 1781 4280 sunt

113 4305 304 4375 nobis,
325 4312 385 4365 et
413 4312 559 4364 sunt
585 4309 713 4379 jam
745 4311 886 4376 Deo,
917 4309 994 4365 de
1023 4309 1248 4382 quibus
1281 4310 1364 4366 ait
1410 4311 1779 4382 evangelista

113 4396 364 4454 Joannes
393 4415 406 4454 :
443 4398 600 4466 Quia
625 4400 795 4454 Jesus
817 4399 1147 4455 moriturus
1173 4405 1304 4456 erat
1331 4416 1448 4471 pro
1474 4407 1689 4472 gente:
1719 4407 1775 4459 et

113 4499 227 4541 non
250 4491 488 4544 tantum
516 4502 629 4556 pro
649 4493 842 4558 gente,
873 4489 977 4544 sed
995 4490 1174 4544 etiam
1229 4495 1296 4545 ut
1331 4491 1488 4558 ﬁlios
1532 4492 1642 4546 Dei
1688 4492 1775 4548 di-
1810 4480 1852 4531 ῐ)

113 4590 334 4644 spersos
390 4583 788 4648 congregaret
831 4579 894 4633 in
939 4593 1127 4634 unum
1175 4579 1376 4650 (Joan.
1410 4596 1484 4649 χι,
1514 4585 1602 4650 51,
1637 4584 1726 4649 52)
1758 4599 1771 4649 ;

114 4665 275 4736 quod
303 4667 515 4740 utique
543 4665 845 4723 credendo
866 4667 1049 4723 futuri
1089 4672 1258 4725 erant
1310 4685 1417 4742 per
1468 4669 1778 4740 Evangelii

114 4753 603 4824 praedicationem
636 4759 731 4812 :et
755 4761 958 4812 tamen
979 4761 1307 4830 antequam
1338 4763 1492 4814 esset
1523 4757 1774 4827 factum,

109 4840 234 4910 jam
253 4844 358 4900 ﬁlii
381 4845 483 4901 Dei
515 4851 688 4901 erant
713 4845 775 4901 in
797 4846 1135 4902 memoriali
1180 4847 1364 4903 Patris
1418 4848 1510 4904 sui
1565 4849 1777 4905 incon-

117 4945 286 4990 cussa
313 4933 635 4992 stabilitate
665 4936 1100 5008 conscripti).Et
1120 4941 1260 4993 sunt
1285 4953 1494 4994 rursus
1524 4939 1774 5012 quidam

116 5018 234 5093 ﬁlii,
259 5025 365 5097 qui
393 5026 528 5097 [al.,
562 5025 667 5097 qui
689 5025 795 5081 ﬁlii
827 5025 948 5100 Dei]
980 5029 1225 5098 propter
1255 5032 1600 5100 susceptam
1636 5034 1778 5085 tem-

115 5111 388 5180 poraliter
406 5114 666 5184 gratiam
686 5114 969 5170 dicuntur
993 5131 1027 5170 a
1055 5115 1251 5184 nobis,
1274 5131 1385 5171 nec
1412 5121 1554 5172 sunt
1573 5121 1777 5174 tamen

117 5198 253 5266 Deo,
280 5201 355 5258 de
383 5203 611 5277 quibus
634 5204 716 5260 ait
744 5203 905 5260 idem
934 5207 1196 5260 Joannes
1237 5221 1250 5259 :
1298 5206 1397 5262 Ex
1423 5207 1590 5263 nobis
1622 5208 1778 5263 exie-

116 5294 276 5361 runt,
305 5293 407 5349 sed
429 5310 552 5351 non
596 5299 770 5351 erant
796 5309 872 5350 ex
892 5294 1079 5365 nobis,
1111 5299 1222 5351 etc.
1257 5298 1317 5362 (I
1337 5298 1514 5353 Joan.
1543 5312 1602 5363 11,
1671 5297 1777 5369 19).

119 5377 259 5435 Cum
285 5396 428 5453 ergo
451 5382 557 5439 ﬁlii
590 5384 690 5440 Dei
711 5384 1014 5454 dicuntur,
1049 5386 1124 5440 de
1145 5385 1239 5440 his
1265 5385 1368 5457 qui
1392 5401 1772 5458 perseveran-

120 5465 407 5527 tiam'non
433 5472 798 5540 habuerunt,
823 5476 923 5529 Ex
946 5474 1112 5530 nobis
1159 5477 1456 5542 exierunt,
1508 5476 1609 5532 sed
1657 5492 1777 5532 non

123 5564 288 5614 erant
324 5576 398 5616 ex
423 5562 611 5618 nobis.
665 5566 728 5618 Et
757 5563 998 5620 additur
1045 5565 1175 5634 [al.,
1209 5569 1265 5620 et
1294 5565 1569 5635 addunt],
1619 5566 1779 5635 quod

124 5640 174 5693 si
195 5641 443 5708 fuissent
462 5663 538 5704 ea:
553 5648 720 5704 nobis
735 5652 1203 5718 permansissent
1226 5651 1427 5721 utique
1449 5650 1774 5706 nobiscum.

129 5728 278 5792 Quid
322 5733 483 5793 aliud
531 5738 814 5796 dicuntur
868 5737 982 5795 nisi
1034 5753 1158 5796 non
1212 5743 1382 5797 erant
1435 5739 1537 5796 filii
1594 5739 1776 5796 etiam

1891 1825 2130 1880 conaris
2162 1825 2517 1897 probandis,
2547 1825 2805 1882 multum
2838 1841 2874 1881 a
2901 1841 3086 1881 sensu
3110 1825 3384 1896 ejusdem
3433 1829 3553 1879 Au-

1892 1913 2116 1983 gustini
2139 1915 2408 1970 recedis:
2441 1931 2586 1970 nam
2635 1931 2776 1971 cum
2831 1919 3084 1987 poneret
3136 1913 3552 1970 testimonium

1890 2002 2141 2059 dicentis
2171 2003 2408 2059 Domini
2436 2023 2448 2059 :
2477 2005 2694 2060 Nonne
2719 2019 2824 2075 ego
2851 2019 2950 2060 vos
2971 2003 3281 2059 duodecim
3300 2003 3471 2072 elegi,
3496 2009 3552 2058 et

1889 2107 2046 2147 unus
2072 2107 2148 2149 ea:
2175 2093 2338 2148 vobis
2363 2093 2640 2149 diabolus
2671 2098 2756 2149 est
2800 2095 2998 2160 (Joan.
3026 2108 3108 2159 v1,
3130 2092 3240 2164 71),
3302 2091 3553 2162 subjun-

1886 2180 1973 2237 xit
2000 2184 2057 2236 et
2076 2180 2157 2236 ait
2190 2197 2202 2234 :
2234 2180 2388 2246 [Illos
2421 2180 2714 2236 debemus
2741 2180 3066 2251 intelligere
3125 2198 3138 2236 :
3200 2179 3418 2235 electos
3443 2194 3551 2251 per

1887 2269 2384 2336 misericordiam,
2417 2269 2586 2326 illum
2615 2285 2724 2342 per
2746 2270 3038 2342 judicium
3067 2289 3080 2337 ;
3113 2269 3244 2325 illos
3275 2267 3353 2324 ad
3400 2267 3551 2324 obti-

1885 2359 2157 2416 nendum
2179 2375 2433 2429 regnum
2467 2375 2668 2428 suum,
2699 2359 2868 2415 illum
2893 2358 2973 2415 ad
3002 2357 3383 2414 fundendum
3415 2372 3551 2412 san-

1888 2447 2133 2518 guinem
2166 2450 2391 2509 suum.]
2414 2450 2555 2512 Quae
2586 2448 2767 2504 verba
2782 2448 2879 2520 pie
2910 2447 3288 2504 considerata
3318 2446 3548 2502 sobrie-

1886 2553 2004 2610 que
2028 2553 2326 2610 perpensa
2353 2536 2542 2592 multo
2569 2536 2735 2592 aliud
2764 2553 2952 2610 quam
2981 2535 3148 2610 quod
3179 2535 3408 2605 colligis
3456 2550 3549 2591 re-

1888 2630 2123 2682 sonant.
2159 2625 2310 2682 Dixit
2334 2626 2496 2682 enim
2526 2625 2744 2682 electos
2771 2627 3052 2682 undecim
3081 2641 3190 2699 per
3218 2623 3552 2680 misericor-

1887 2716 2074 2786 diam,
2101 2719 2127 2772 J
2136 2714 2322 2772 udam
2341 2715 2710 2788 proditorem
2731 2715 3171 2789 perjudicium.
3203 2712 3552 2783 Colligenda

1887 2808 2028 2860 sunt
2057 2821 2199 2874 ergo
2230 2805 2409 2861 etiam
2435 2821 2508 2861 ex
2533 2805 2664 2862 aliis
2685 2805 2818 2876 ejus
2837 2805 2935 2861 vel
2960 2804 3129 2860 libris
3176 2803 3272 2859 vel
3329 2817 3552 2858 sermo-

1887 2893 2066 2948 nibus
2087 2893 2311 2960 omnia,
2345 2893 2436 2948 vel
2465 2909 2619 2966 pene
2662 2894 2888 2965 omnia,
2948 2910 3086 2967 quae
3146 2907 3327 2964 super
3382 2889 3550 2947 ludas

1887 2981 2173 3038 electione
2203 2982 2451 3038 diversis
2480 2983 2698 3054 modis,
2734 2983 2842 3039 sed
2862 2999 2985 3039 non
3006 2983 3249 3038 diversa
3284 2979 3404 3036 ﬁde
3431 2983 3550 3037 tra-

1889 3070 2071 3125 ctavit
2094 3069 2318 3142 quibus
2337 3069 2567 3142 liquido
2596 3071 2890 3142 perpendi
2915 3074 3099 3142 queat
3119 3073 3320 3124 utrum
3348 3084 3386 3124 a
3413 3082 3552 3123 con-

1890 3158 2071 3215 trario
2093 3157 2333 3231 uspiam
2359 3158 2631 3214 docuerit
2657 3158 3133 3229 intelligendum,
3164 3160 3230 3213 ut
3276 3161 3340 3212 tu
3396 3171 3554 3211 som-

1888 3243 2048 3315 nias,
2081 3259 2159 3300 an
2187 3242 2431 3298 veritate
2462 3243 2780 3299 manifesta
2807 3243 3128 3309 dictorum,
3161 3241 3315 3298 sicut
3360 3239 3556 3297 omni-

1887 3333 2004 3388 bus
2034 3331 2383 3388 orthodoxis
2413 3331 2766 3388 doctoribus
2795 3332 3028 3404 absque
3057 3331 3180 3388 ulla
3209 3330 3555 3402 discrepan-

1888 3421 1970 3478 tia
1990 3421 2369 3478 concorditer
2405 3421 2607 3477 visum
2633 3425 2738 3488 est,
2767 3421 2842 3478 de
2869 3437 2994 3494 qua
3014 3437 3076 3477 re
3128 3420 3290 3476 idem
3339 3419 3554 3475 doctor

1888 3509 2250 3568 venerabilis
2268 3510 2330 3566 in
2356 3510 2510 3566 libro
2541 3510 2950 3576 Quaestionum
2981 3509 3055 3565 de
3089 3508 3300 3566 Genesi
3345 3507 3429 3565 ita
3471 3507 3556 3563 lo-

1889 3604 2062 3656 cutus
2087 3602 2176 3656 est
2194 3616 2317 3671 (qu.
2365 3600 2504 3671 117),
2545 3615 2856 3672 exponens
2876 3599 3102 3672 quippe
3131 3596 3552 3670 Scripturaalo-

1889 3706 2030 3746 cum
2055 3706 2179 3763 quo
2207 3689 2424 3746 dicitur
2458 3708 2470 3746 :
2502 3691 2739 3746 Hisunt
2757 3691 2878 3760 ﬁlii
2887 3691 3100 3760 Israel,
3125 3690 3230 3762 qui
3257 3689 3392 3744 nati
3411 3693 3552 3744 sunt

1889 3782 1943 3837 ei
1971 3781 2033 3835 in
2049 3780 2482 3849 Mesopotamia
2511 3785 2565 3836 et
2596 3785 3026 3850 computantur
3046 3778 3356 3834 duodecim
3377 3775 3550 3848 (Gen.

1887 3884 2068 3936 xxxv,
2100 3871 2213 3937 26),
2241 3884 2380 3924 cum
2405 3868 2718 3938 Benjamin
2749 3868 2926 3937 longe
2957 3871 3167 3940 postea
3213 3869 3389 3921 natus
3441 3868 3548 3921 est.

1890 3956 2102 4029 [Nulla,
2133 3957 2345 4028 inquit,
2376 3959 2579 4012 tamen
2600 3961 2687 4012 est
2715 3957 2944 4012 facilior
2965 3955 3180 4011 solutio
3200 3953 3552 4027 quaestionis

1887 4046 2090 4116 hujus,
2123 4061 2310 4117 quam
2341 4049 2405 4100 ut
2425 4060 2532 4117 per
2559 4044 2980 4117 synecdochen
3007 4044 3336 4116 accipiatur
3391 4058 3403 4096 :
3447 4040 3554 4097 ubi

1890 4135 2051 4191 enim
2067 4150 2210 4208 pars
2229 4134 2427 4206 major
2455 4138 2546 4190 est
2570 4139 2675 4190 aut
2705 4135 2900 4207 potior
2931 4134 3080 4190 solet
3130 4134 3260 4204 ejus
3305 4131 3552 4188 nomine

1889 4225 2070 4280 etiam
2096 4223 2244 4279 illud
2271 4223 2706 4296 comprehendi
2734 4225 2900 4297 quod
2945 4224 3025 4280 ad
3073 4224 3275 4297 ipsum
3327 4235 3555 4277 nomen

1887 4329 2012 4370 non
2034 4313 2311 4387 pertinet,
2335 4313 2487 4369 sicut
2517 4313 2594 4370 ad
2612 4313 2938 4370 duodecim
2956 4313 3264 4387 apostolos
3277 4313 3405 4384 jam
3429 4325 3555 4366 non

1885 4402 2224 4476 pertinebat
2246 4401 2456 4470 ludas,
2486 4403 2592 4475 qui
2620 4403 2803 4459 etiam
2833 4407 3110 4459 mortuus
3134 4402 3245 4458 fuit
3268 4415 3408 4456 cum
3440 4401 3553 4454 Do-

1886 4493 2090 4549 minus
2114 4491 2437 4548 resurrexit
2466 4507 2503 4548 a
2531 4492 2817 4560 mortuis;
2874 4496 2931 4548 et
2961 4497 3162 4549 tamen
3183 4489 3374 4562 ipsius
3396 4488 3553 4544 duo-

1885 4582 2116 4639 denarii
2146 4582 2382 4638 numeri
2412 4597 2636 4638 nomen
2666 4580 2984 4653 Apostolus
3012 4581 3074 4636 in
3137 4576 3399 4650 Epistola
3443 4591 3555 4631 sua

1884 4671 2094 4738 tenuit,
2117 4670 2222 4726 ubi
2244 4670 2325 4726 ait
2344 4686 2476 4727 eum
2493 4670 2981 4740 apparuisseillis
3003 4667 3313 4724 duodecim
3338 4665 3394 4736 (Ῑ
3408 4664 3552 4719 Cor.

1883 4760 1983 4830 xv)
2009 4776 2022 4813 :
2059 4775 2199 4814 cum
2219 4757 2470 4815 articulo
2500 4757 2661 4813 enim
2687 4757 2802 4812 hoc
2828 4756 3013 4812 Graaci
3037 4755 3275 4812 codices
3296 4752 3547 4821 habent,

1887 4852 1952 4904 ut
1980 4863 2103 4904 non
2135 4847 2375 4920 possint
2399 4846 2646 4916 intelligi
2661 4845 3010 4919 quicunque
3036 4842 3381 4914 duodecim,
3441 4839 3553 4895 sed

1883 4937 1965 4993 illi
1991 4937 2052 4993 in
2073 4953 2143 4993 eo
2161 4951 2415 4992 numero
2433 4935 2700 5007 insignes
2726 4955 2738 5003 ;
2772 4951 2842 4992 eo
2865 4935 3050 4991 modo
3067 4932 3386 4990 locutionis
3408 4935 3554 5005 puto

1883 5031 1942 5083 et
1970 5027 2116 5082 illud
2151 5044 2186 5082 a
2217 5026 2470 5082 Domino
2497 5026 2726 5081 dictum
2769 5043 2781 5081 :
2814 5027 3027 5083 Nonne
3055 5041 3160 5097 ego
3206 5040 3305 5081 vos
3338 5023 3555 5079 duode-

1886 5119 1997 5172 cim
2021 5117 2192 5186 elegi,
2220 5122 2274 5173 et
2306 5131 2461 5171 unus
2483 5130 2560 5171 ex
2589 5115 2750 5170 vobis
2783 5115 3059 5171 diabolus
3096 5121 3180 5171 est
3229 5115 3422 5186 (Joan.
3472 5128 3551 5181 v1,

1885 5208 1998 5273 71),
2033 5207 2096 5259 111
2121 5220 2245 5260 non
2274 5203 2354 5260 ad
2385 5203 2733 5259 electionem
2762 5203 2943 5259 etiam
2961 5204 3089 5276 ipse
3119 5203 3414 5276 pertinere
3465 5198 3555 5253 vi-

1885 5294 2099 5349 deatur
2118 5311 2129 5348 :
2155 5309 2278 5349 non
2300 5293 2462 5349 enim
2482 5291 2652 5348 facile
2673 5292 2970 5349 invenitur
2989 5293 3313 5348 electorum
3329 5304 3554 5345 nomen

1885 5384 1949 5439 in
1978 5381 2160 5451 malo,
2195 5382 2308 5438 nisi
2337 5382 2584 5455 quando
2608 5381 2750 5437 mali
2771 5382 3073 5451 eliguntur
3094 5397 3130 5436 a
3158 5379 3352 5436 malis.
3381 5378 3553 5444 Quod

1887 5473 1934 5528 si
1965 5471 2377 5544 putaverimus
2394 5477 2448 5527 et
2467 5471 2632 5526 illum
2657 5470 2912 5526 electum
2930 5473 2994 5525 ut
3017 5485 3124 5541 per
3144 5469 3273 5539 ejus
3294 5467 3556 5523 traditio-

1884 5578 2025 5617 nem
2041 5561 2275 5616 Domini
2291 5561 2492 5632 passio
2505 5558 2923 5631 complcrctur,
2942 5558 3002 5613 id
3017 5562 3103 5611 cst
3117 5557 3407 5612 malitiam
3422 5557 3473 5628 ej
3485 5575 3552 5614 us

1885 5651 1960 5706 ad
1977 5649 2202 5723 aliquid
2216 5648 2646 5718 clectam,bcnc
2663 5650 2798 5703 uteu
2808 5652 2857 5702 te
2875 5649 2991 5702 Deo
3010 5645 3183 5700 etiam
3199 5645 3552 5716 malis,illud

1886 5738 2268 5797 attendamus
2285 5736 2390 5793 ubi
2409 5737 2490 5796 ait
2506 5756 2516 5791 :
2532 5737 2667 5794 Non
2690 5735 2762 5792 de
2781 5735 3051 5792 omnibus
3076 5733 3234 5792 vobis
3251 5735 3382 5791 dico
3409 5753 3422 5790 :
3447 5749 3554 5807 ego
