3936 6402
407 266 541 332 ιιτυ

1502 268 1559 336 's.
1601 268 1973 337 PRUDENTII
2009 264 2384 334 TREDENSIS
2425 266 2745 335 EPISCOPI

3712 284 3865 338 1180

403 401 521 458 scio
549 410 694 473 quos
709 404 861 471 elegi
886 403 1085 470 (Joan.
1120 416 1239 473 xm,
1275 402 1379 474 18).
1410 404 1516 461 Ubi
1536 404 1894 462 declaratad
1915 403 2057 460 elec-
2086 393 2133 462 Α
2172 402 2361 459 lantia
2381 407 2605 471 tamen,
2629 416 2817 476 quam
2867 403 3023 459 male
3047 406 3230 458 utitur
3275 404 3501 460 oculis!
3553 404 3859 469 Fallacm.

404 492 629 548 tionem
654 508 777 547 non
814 492 1105 563 pertinere
1128 492 1244 547 nisi
1267 493 1463 550 bonos
1488 514 1500 562 ;
1536 511 1605 551 ac
1637 511 1745 567 per
1770 495 1883 550 hoc
1912 492 2058 549 illud

404 580 568 653 quod
594 579 819 635 dictum
840 583 927 635 est
958 580 1119 650 :Ego'
1145 594 1243 637 vos
1271 583 1583 640 duodecim
1607 586 1777 655 elegi,
1822 599 1929 656 per
1958 599 2058 655 sy—

401 669 751 725 necdochen
778 668 1006 724 dictum
1037 672 1144 736 est,
1171 673 1236 727 ut
1260 672 1506 729 nomine
1551 673 1799 745 majoris
1856 673 2060 729 melio-

401 758 601 830 risque
630 756 814 829 partis
835 757 1017 813 etiam
1032 758 1180 815 illud
1211 761 1725 834 complecteretur,
1756 762 1925 836 quod
1981 760 2060 818 ad

402 848 603 920 ipsum
632 862 851 905 nomen
883 864 1007 905 non
1034 850 1334 923 pertinet]

471 938 512 1006 -ι-
543 938 671 1002 Qua
688 938 979 994 sententia
999 938 1269 995 deliratio
1296 946 1398 998 tua
1419 944 1755 1007 frustratur,
1777 958 1902 1015 qua
1923 956 2062 998 con-

399 1024 709 1082 trarietatis
740 1026 919 1082 nobis
967 1027 1384 1098 intelligentias
1430 1032 1716 1104 imponis,
1766 1048 1904 1087 cum
1953 1047 2061 1103 per

398 1118 639 1186 tropum
669 1115 1093 1186 synecdochen
1118 1118 1347 1175 dictum
1369 1120 1569 1192 potius
1588 1120 1869 1194 aperitur.
1924 1119 2059 1185 Qui-

396 1204 511 1260 bus
524 1205 769 1260 cassatis
784 1204 1238 1277 intelligendum
1259 1214 1347 1265 est
1367 1210 1668 1266 electionis
1692 1209 2059 1266 vocabulum

397 1309 434 1349 a
456 1294 574 1349 Deo
607 1310 847 1367 semper
875 1295 937 1351 in
959 1294 1119 1351 bono
1146 1298 1312 1369 poni,
1342 1300 1795 1355 autsecundum
1825 1315 2057 1354 memo-

394 1386 557 1438 ratas
580 1383 901 1439 sententias
947 1374 1025 1440 ad
1077 1387 1532 1460 percipiendum
1575 1405 1832 1459 regnum
1888 1394 2058 1445 aster-

394 1487 565 1539 num,
600 1475 705 1528 aut
756 1472 1092 1531 secundum
1143 1476 1294 1533 alios
1358 1478 1729 1535 orthodoxos
1788 1477 2058 1534 Ecclesiae

394 1562 763 1627 tractatores,
805 1561 884 1617 ad
941 1560 1186 1636 aliquod
1235 1564 1467 1623 bonum
1507 1568 1607 1623 Dei
1666 1568 1972 1624 voluntate
2003 1574 2059 1624 et

390 1648 662 1719 jussione
680 1648 859 1705 etiam
880 1653 1283 1724 temporaliter
1295 1656 1703 1712 exhibendum
1724 1676 1736 1725 ;
1768 1658 2059 1729 quemad-

2170 505 2359 563 quam
2382 491 2537 546 male
2557 492 2739 547 utitur
2764 491 3003 559 lingua!
3070 490 3274 546 Falsus
3301 491 3466 547 testis
3491 507 3700 548 nonne
3739 494 3865 549 lin-

2169 594 2353 649 guam
2378 596 2552 635 suam
2576 586 2632 635 et
2658 582 2926 636 animam
2960 596 3134 636 suam
3161 581 3326 653 prius
3356 581 3628 654 trucidat,
3671 588 3741 639 et
3771 581 3865 639 al-

2165 675 2363 727 terum
2390 669 2607 726 laedere
2633 686 2693 726 se
2739 675 3053 743 perempto
3105 673 3355 727 conatur
3382 672 3410 728 ?
3458 672 3604 729 Male
3656 673 3867 729 utitur

2166 758 2395 829 lingua,
2426 774 2537 815 nec
2569 759 2705 814 ideo
2737 757 2967 815 malum
2997 757 3340 829 estlingua;
3388 775 3543 833 opus
3592 760 3700 818 Dei
3771 765 3866 818 est

2166 847 2400 918 lingua,
2430 846 2536 902 sed
2566 846 2730 903 bono
2757 863 2935 920 opere
2972 847 3069 903 Dei
3092 846 3250 903 male
3280 848 3465 904 utitur
3494 847 3596 905 illa
3624 849 3859 922 nequi-

2167 938 2268 994 tia.
2300 938 2616 1004 Quomodo
2647 942 2895 993 utuntur
2920 937 3176 1010 pedibus
3201 937 3305 1010 qui
3338 942 3584 995 currunt
3609 940 3689 996 ad
3726 956 3862 995 sce-

2167 1028 2310 1097 lera,
2345 1028 2657 1100 quomodo
2680 1031 2928 1083 utuntur
2958 1026 3243 1083 manibus
3272 1028 3614 1094 homicidae,
3641 1032 3707 1085 et
3734 1028 3861 1085 illis

2169 1116 2585 1189 adjacentibus
2612 1117 2945 1174 forinsecus
2966 1116 3142 1173 bonis
3169 1117 3456 1173 creaturis
3488 1119 3608 1175 Dei.
3640 1124 3860 1186 Quam

2168 1206 2326 1262 male
2354 1206 2759 1267 utunturmali
2791 1222 2960 1273 auro,
2973 1206 3203 1277 judicia
3223 1213 3638 1279 corrumpunt,
3667 1207 3860 1264 inno-

2168 1300 2371 1352 centes
2403 1295 2792 1368 opprimunt!
2830 1296 2980 1351 Luce
3014 1296 3128 1352 ista
3158 1294 3301 1352 mali
3330 1294 3487 1352 male
3536 1300 3807 1355 utuntur
3841 1315 3856 1353 :

2167 1385 2325 1441 male
2347 1384 2611 1440 vivendo
2635 1384 2793 1439 enim
2826 1384 3005 1439 etiam
3053 1384 3252 1456 ipsam
3281 1383 3476 1439 lucem
3533 1401 3658 1458 qua
3705 1386 3856 1458 [al.,

2166 1474 2375 1547 quam]
2420 1472 2616 1529 vident
2674 1472 2747 1527 ad
2804 1473 3195 1528 ministerium
3247 1488 3496 1528 suorum
3542 1475 3859 1531 scelerum

2167 1565 2487 1634 usurpant.
2518 1562 2751 1618 Vadens
2778 1566 2840 1616 fit
2870 1560 3295 1634 faciataliquid
3325 1561 3469 1617 mali
3490 1562 3718 1631 malus,
3755 1563 3857 1619 lu-

2168 1667 2300 1707 cere
2324 1651 2436 1705 sibi
2460 1650 2587 1706 vult
2616 1666 2691 1705 ne
2723 1650 3011 1720 offendat,
3043 1651 3146 1722 qui
3178 1651 3309 1721 jam
3354 1649 3516 1707 intus
3562 1652 3853 1720 offendit,

394 1736 648 1792 modum
672 1736 745 1792 de
774 1739 946 1795 Saule
974 1741 1279 1813 Scriptura
1297 1744 1493 1813 refert,
1526 1745 1758 1801 dicente
1782 1745 2057 1802 Samuele
2088 1753 2128 1817 Β
2168 1740 2471 1796 etcecidit.
2507 1739 2681 1805 Quod
2702 1740 2870 1795 timet
2907 1738 2969 1795 in
2999 1755 3269 1812 corpore,
3299 1740 3428 1811 jam
3476 1740 3735 1797 incurrit
3787 1740 3853 1797 in

396 1824 476 1882 ad
506 1825 837 1897 populum:
871 1829 1046 1886 Certe
1071 1826 1301 1902 videtis,
1350 1849 1521 1905 quem
1570 1836 1809 1905 elegerit
1859 1836 2061 1891 Domi-

394 1930 527 1980 nus,
563 1930 842 1987 quoniam
866 1934 985 1974 non
1014 1921 1089 1975 sit
1114 1924 1324 1978 similis
1350 1924 1448 1979 illi
1467 1925 1530 1979 in
1561 1926 1727 1980 omni
1747 1926 1974 1994 populo
2006 1926 2065 1995 (Ῑ

393 2006 539 2076 Reg.
588 2016 648 2072 ιι,
680 2008 818 2079 24)ξ
882 2007 983 2065 ubi
1035 2009 1337 2068 electionis
1386 2028 1613 2070 nomen
1664 2029 2058 2087 nequaquam

393 2095 598 2151 asterni
626 2096 794 2165 regni
823 2099 1290 2171 perceptionem,
1323 2103 1430 2159 sed
1448 2104 1770 2160 transitorii
1797 2102 2057 2160 admini-

394 2185 741 2241 strationem
771 2188 1087 2257 signiﬁcat.
1124 2192 1297 2257 Quod
1326 2193 1670 2264 diligentius
1700 2195 1863 2251 idem
1914 2208 2056 2267 pro-

390 2272 574 2345 pheta
603 2275 1018 2347 genealogiam
1039 2280 1224 2351 patris
1257 2282 1386 2353 ejus
1412 2283 1759 2339 describens
1780 2283 1861 2339 ita
1891 2299 2057 2340 exse-

392 2362 597 2436 quitur
627 2379 640 2419 :
673 2365 750 2421 Et
776 2372 908 2422 erat
929 2368 1023 2424 vir
1042 2370 1115 2425 de
1144 2371 1465 2441 Benjamin
1487 2374 1725 2430 nomine
1740 2373 1863 2445 Gis,
1891 2374 2056 2443 ﬁlius

392 2452 587 2523 Abiel,
617 2454 736 2522 ﬁlii
760 2455 923 2525 Seor,
947 2458 1067 2526 ﬁlii
1093 2459 1481 2532 Bechorathi,
1522 2462 1641 2530 ﬁlii
1668 2463 1878 2529 Sared,
1937 2463 2059 2531 ﬁlii

392 2540 615 2611 Aphia,
635 2543 756 2611 ﬁlii
774 2545 892 2600 viri
909 2547 1129 2602 Jemini
1152 2549 1333 2617 fortis
1363 2549 1613 2620 robore;
1645 2556 1702 2607 et
1742 2556 1873 2606 erat
1903 2551 1958 2606 ei
1983 2552 2054 2618 ﬁ-

396 2630 511 2685 lius
540 2632 827 2690 vocabulo
856 2636 1011 2691 Saul
1038 2637 1257 2693 electus
1284 2640 1338 2693 et
1361 2637 1546 2694 bonus
1598 2656 1612 2693 :
1671 2643 1727 2695 et
1762 2655 1883 2695 non
1923 2646 2055 2696 erat

392 2719 487 2775 vir
513 2721 586 2777 de
610 2720 755 2789 ﬁliis
787 2722 980 2778 Israel
997 2724 1209 2780 melior
1230 2725 1338 2782 illo
1381 2725 1431 2797 (I
1458 2728 1600 2799 Reg.
1629 2743 1710 2798 1x,
1748 2727 1816 2799 1).
1874 2728 1929 2784 Si
1979 2726 2055 2784 de

393 2806 679 2864 electione
710 2809 958 2866 forsitan
990 2812 1366 2883 ambigebas,
1398 2814 1543 2871 boni
1574 2821 1629 2872 et
1659 2816 1921 2872 melioris
1955 2834 2056 2873 vo-

393 2895 611 2953 cabula
631 2913 877 2955 omnem
901 2898 1287 2958 haesitationis
1318 2903 1607 2961 nebulam
1628 2904 2014 2978 exploserunt
2039 2924 2052 2975 ;

391 2985 473 3044 ita
494 2988 550 3044 et
574 2988 791 3045 Jttdam
813 2990 1071 3047 electum
1092 3004 1128 3049 a
1152 2993 1405 3051 Domino
1423 2993 1501 3051 ad
1524 2996 1894 3069 apostolatus
1914 3000 2057 3053 tem-

390 3075 597 3170 porale
626 3076 911 3170 ofﬁcium,
943 3095 1067 3136 non
1097 3083 1299 3170 tamen
1339 3082 1419 3139 ad
1477 3084 1850 3170 apostolatus
1906 3101 2056 3158 praa-
2088 3116 2127 3170 ρ

391 3160 583 3217 mium
609 3163 1062 3235 sempiternum.
1095 3168 1245 3222 Nam
1274 3183 1415 3223 eum
1447 3185 1587 3225 cum
1609 3169 1836 3225 caeteris
1887 3185 2055 3226 acce-

390 3248 551 3323 pisSe
569 3267 606 3308 a
634 3251 888 3309 Domino
915 3258 1273 3327 potestatem
1300 3254 1577 3315 calcandi
1608 3275 1791 3332 super
1818 3275 2055 3331 serpen-

392 3344 497 3408 tes,
531 3343 588 3396 et
616 3341 985 3414 scorpiones,
1002 3346 1061 3399 et
1078 3360 1322 3402 omnem
1338 3346 1616 3404 virtutem
1634 3347 1859 3403 inimici
1886 3350 2050 3419 (Luc.

389 3444 449 3495 x,
486 3431 593 3495 19),
618 3432 674 3483 et
702 3434 839 3501 post
866 3434 1102 3502 patrata
1133 3433 1424 3491 miracula
1442 3437 1755 3508 potestatis
1792 3440 2053 3509 acceptae

390 3529 695 3571 reversum
738 3532 877 3573 cum
934 3520 1162 3576 eisdem
1192 3522 1271 3578 ad
1301 3523 1627 3581 Dominum
1660 3524 2052 3595 Evangelium

390 3601 617 3660 indicat
642 3604 856 3676 (Marc.
880 3620 960 3675 vn,
989 3608 1093 3680 13).
1118 3609 1346 3672 Quibus
1370 3613 1661 3685 exemplis
1682 3614 1929 3669 docetur
1947 3631 2052 3670 eos

391 3706 429 3749 a
450 3692 704 3749 Domino
734 3694 1218 3770 haudquaquam
1245 3697 1530 3755 fallaciter
1564 3705 1665 3756 aut
1708 3700 1916 3757 dolose
1959 3702 2054 3758 vel

390 3779 667 3838 simulate
684 3776 924 3852 electos,
958 3785 1065 3841 sed
1085 3786 1335 3843 omnino
1361 3788 1670 3860 veraciter,
1694 3804 2054 3862 quanquam

388 3884 513 3926 non
540 3870 619 3926 ad
647 3876 933 3930 aeternam
964 3875 1397 3935 beatitudinem
1428 3878 1898 3952 capescendam,
1960 3896 2052 3936 ve-

386 3972 526 4016 rum
553 3960 632 4016 ad
671 3960 936 4035 aliquam
968 3966 1346 4038 temporariae
1370 3967 1839 4042 dispensationis
1863 3968 2055 4026 admi-

387 4049 823 4110 nistrationem.
858 4054 923 4109 Et
952 4070 1028 4111 ne
1058 4056 1249 4112 Saulis
1273 4056 1624 4114 electionem
1662 4074 1698 4115 a
1752 4059 2052 4116 contrario

388 4138 805 4209 accipiendam
833 4156 1106 4213 censeas,
1137 4145 1233 4201 vel
1261 4146 1339 4202 ad
1370 4147 1603 4203 malum
1650 4147 1939 4221 inﬂectas,
1989 4147 2055 4205 li-

387 4226 578 4297 quido
605 4242 790 4283 verax
822 4230 1123 4303 Scriptura
1156 4236 1400 4291 testatur
1424 4238 1565 4308 quia
1591 4242 1735 4294 esset
1764 4237 1971 4309 bonus,
1999 4244 2055 4294 et

386 4328 507 4371 non
527 4318 893 4374 essetmelior
904 4321 1011 4375 illo
1032 4322 1093 4376 in
1114 4323 1259 4391 ﬁliis
1284 4326 1493 4395 Israel,
1515 4326 1636 4383 Hoc
1661 4342 2052 4401 nequaquam

387 4418 425 4461 a
452 4405 858 4462 nescientibus
886 4412 1161 4482 putatum
1189 4411 1490 4471 dictumve
1515 4416 1644 4486 fuit,
1678 4416 1784 4472 sed
1831 4433 1868 4473 a
1919 4433 2054 4490 pro-

385 4493 588 4567 pheta,
618 4511 803 4568 quem
831 4497 961 4569 ejus
990 4498 1250 4573 bonitas,
1274 4504 1607 4576 inspirante
1630 4505 1904 4575 Domino,
1929 4523 2054 4563 non

382 4581 624 4641 latebat.
651 4588 1020 4658 Augustinus
1050 4588 1113 4645 in
1138 4590 1391 4651 homilia
1426 4597 1494 4651 27
1536 4595 1599 4651 in
1652 4595 2048 4667 Evangelium

383 4670 651 4730 Joannis.

457 4763 573 4834 [Ait
600 4779 745 4835 ergo
775 4762 1065 4825 Dominus
1094 4772 1265 4826 Jesus
1292 4790 1305 4827 :
1341 4772 1558 4830 Nonne
1582 4789 1686 4845 ego
1716 4790 1815 4832 vos
1838 4776 2056 4833 duode-

386 4856 500 4911 cim
531 4856 699 4925 elegi,
720 4863 773 4914 el
797 4874 952 4915 unus
968 4875 1045 4917 ex
1066 4862 1227 4918 vobis
1249 4862 1525 4921 diabolus
1574 4872 1661 4921 est
1678 4869 1707 4921 ?
1754 4868 1954 4937 (Joan.
1975 4883 2051 4936 vr,

385 4942 497 5015 71.)
532 4946 684 5015 Ergo
715 4946 936 5005 electus
966 4953 1056 5006 est
1082 4954 1137 5007 et
1153 4952 1283 5022 iste,
1308 4949 1383 5008 de
1410 4968 1556 5019 quo,
1578 4953 1816 5010 nolente
1869 4959 1927 5012 et
1955 4970 2057 5011 ne-

387 5031 629 5117 sciente,
652 5050 946 5105 magnum
971 5038 1203 5111 aliquid
1216 5040 1449 5098 bonum
1474 5042 1659 5111 ﬁeret,
1681 5043 1797 5099 hoc
1811 5049 1899 5099 est
1919 5060 2056 5117 pro-

384 5115 587 5189 prium
610 5116 731 5186 Dei,
754 5124 1121 5179 contrarium
1145 5124 1391 5199 iniquis.
1438 5127 1599 5183 Sicut
1644 5127 1807 5186 enim
1862 5115 2055 5201 iniqui

384 5204 545 5262 male
567 5209 817 5263 utuntur
846 5208 1023 5266 bonis
1052 5214 1339 5285 operibus
1371 5216 1493 5287 Dei,
1535 5215 1620 5273 sic
1651 5222 1860 5275 contra
1890 5221 2046 5274 Deus

385 5294 540 5351 bene
573 5295 755 5352 utitur
779 5297 954 5355 malis
987 5301 1272 5373 operibus
1293 5304 1612 5360 hominum
1652 5305 2002 5379 iniquorum
2037 5324 2050 5362 :

388 5385 539 5441 sicut
568 5385 777 5459 iniqui,
807 5388 1082 5461 inquam,
1107 5393 1306 5448 audite
1329 5397 1385 5449 et
1398 5393 1723 5465 intelligite,
1771 5396 1923 5452 sicut
1947 5396 2055 5452 ini-

386 5473 494 5544 qui
516 5475 674 5530 male
703 5480 953 5533 utuntur
981 5480 1266 5552 operibus
1310 5482 1411 5537 Dei
1454 5483 1650 5553 bonis,
1709 5485 1792 5541 sic
1844 5491 2054 5541 contra

387 5561 542 5644 Deus
559 5562 717 5619 bene
743 5566 922 5621 utitur
941 5568 1115 5623 malis
1136 5569 1419 5641 operibus
1461 5572 1830 5644 iniquorum.
1861 5577 2051 5639 Quam

386 5642 718 5739 bonum‘est
734 5654 1011 5712 membra
1022 5658 1290 5729 corporis
1309 5658 1389 5716 ita
1400 5675 1533 5716 esse
1544 5642 2054 5734 quemadmodum

388 5728 630 5802 disponi
650 5750 773 5794 non
793 5746 1041 5810 possent
1054 5728 1170 5801 nisi
1189 5745 1268 5803 ab
1285 5747 1509 5805 artiﬁce
1553 5728 1830 5808 Domino.
1879 5750 2053 5807 Petu-

2168 1829 2367 1885 eorde.
2401 1827 2694 1884 Omnibus
2727 1844 2868 1896 ergo
2897 1826 3072 1883 bonis
3118 1828 3240 1895 Dei,
3300 1844 3377 1883 ne
3434 1844 3543 1901 per
3598 1829 3857 1901 singula

2168 1933 2405 1973 currere
2436 1917 2686 1987 longum
2715 1918 2809 1975 sit.
2860 1916 3016 1972 male
3074 1917 3259 1972 utitur
3311 1917 3510 1973 malus
3564 1935 3579 1973 :
3625 1923 3854 1974 contra

2166 2005 2674 2063 malishominum
2704 2005 3007 2061 malorum
3055 2005 3210 2060 bene
3268 2006 3452 2062 utitur
3493 2005 3720 2063 bonus.
3786 2010 3855 2062 Et

2166 2096 2313 2169 quid
2344 2100 2465 2151 tam
2497 2095 2730 2151 bonum
2752 2110 2942 2167 quam
2992 2094 3192 2150 bonus
3239 2096 3371 2167 [al.,
3400 2096 3581 2167 unus]
3629 2097 3803 2151 Deus
3826 2096 3855 2151 τ

2165 2184 2819 2259 quandoquidemipse
2853 2184 3141 2240 Dominus
3164 2184 3315 2241 dixit
3357 2202 3370 2240 :
3430 2186 3615 2242 Nemo
3649 2186 3856 2241 bonus

2165 2276 2286 2330 nisi
2313 2276 2475 2330 solus
2504 2276 2663 2330 Deus
2691 2274 2908 2341 (Marc.
2929 2290 2989 2343 x,
3020 2273 3105 2344 18)
3132 2292 3144 2341 ;
3178 2277 3408 2346 quanto
3435 2289 3578 2344 ergo
3598 2274 3697 2330 ille
3725 2290 3861 2330 me-

2164 2363 2294 2431 lior,
2324 2366 2489 2419 tanto
2509 2362 2723 2417 melius
2753 2361 2937 2416 utitur
2966 2365 3020 2417 et
3046 2362 3221 2417 malis
3244 2362 3488 2418 nostris.
3512 2362 3669 2428 Quid
3683 2364 3715 2419 J
3723 2362 3858 2419 uda

2165 2453 2576 2526 pejus?1nter
2623 2468 2835 2509 omnes
2888 2451 3262 2507 adhaerentes
3318 2451 3630 2521 magistro,
3681 2454 3857 2509 inter

2164 2542 2490 2598 duodecim
2510 2541 2690 2598 loculi
2710 2541 2763 2597 ei
2791 2540 3103 2597 commissi
3145 2543 3305 2604 sunt,
3356 2544 3413 2595 et
3462 2539 3853 2612 dispensatio

2164 2644 2505 2703 pauperum
2537 2630 2856 2686 distributa
2901 2645 2915 2684 :
2973 2630 3243 2700 ingratus
3301 2632 3466 2685 tanto
3513 2628 3851 2703 beneficio,

2163 2719 2378 2775 honori
2407 2723 2592 2790 tanto,
2618 2720 2846 2791 accepit
2872 2718 3214 2791 pecuniam,
3237 2717 3497 2791 perdidit
3513 2718 3848 2789 justitiam,

2163 2805 2405 2862 tradidit
2428 2805 2616 2862 vitam
2648 2811 2918 2862 mortuus
2956 2825 2967 2872 ;
3001 2822 3186 2880 quem
3219 2810 3284 2862 ut
3302 2805 3635 2879 discipulus
3663 2820 3851 2864 secu-

2163 2901 2280 2967 tus,
2308 2900 2374 2953 ut
2392 2894 2670 2952 inimicus
2700 2900 3052 2968 persecutus
3087 2900 3194 2951 est.
3213 2899 3426 2953 Totum
3451 2897 3567 2953 hoc
3595 2896 3848 2954 malum

2161 2984 2349 3052 Iudae,
2380 2985 2487 3040 sed
2512 2984 2673 3041 malo
2701 2985 2829 3057 ejus
2852 2984 3006 3041 bene
3037 3001 3183 3040 usus
3210 2987 3300 3041 est
3317 2986 3627 3041 Dominus.
3659 2982 3846 3050 Tradi

2162 3090 2227 3129 se
2257 3073 2517 3145 pertulit,
2552 3078 2617 3129 ut
2632 3075 2954 3131 redimeret
2982 3089 3112 3131 nos.
3147 3077 3291 3130 Ecce
3314 3073 3547 3131 malum
3571 3072 3751 3131 Judas
3776 3075 3842 3131 in

2163 3163 2394 3219 bonum
2426 3177 2785 3219 conversum
2812 3167 2919 3219 est.
2948 3165 3201 3220 Satanas
3234 3168 3494 3237 quantds
3540 3168 3847 3237 martyres

2163 3255 2516 3325 persecutus
2548 3256 2635 3308 est
2668 3271 2681 3321 ;
2718 3253 2767 3308 si
2802 3254 3055 3309 Satanas
3087 3270 3122 3309 a
3172 3252 3594 3326 persequendo
3636 3268 3846 3309 cessa-

2162 3346 2269 3409 ret,
2292 3341 2472 3398 hodie
2501 3346 2623 3397 tam
2652 3341 2981 3411 gloriosam
3003 3358 3292 3398 coronam
3320 3341 3510 3399 sancti
3532 3342 3843 3399 Laurentii

2162 3446 2286 3486 non
2313 3430 2777 3487 celebraremus.
2800 3432 2856 3486 Si
2869 3447 3010 3502 ergo
3042 3431 3233 3504 ipsius
3247 3430 3473 3487 diaboli
3493 3430 3668 3487 malis
3688 3448 3842 3505 ope-

2160 3519 2328 3574 ribus
2366 3519 2520 3575 bene
2572 3520 2755 3575 utitur
2800 3522 2974 3588 Dcus,
3028 3519 3197 3593 quod
3245 3517 3386 3577 facit
3434 3518 3631 3576 malus
3671 3521 3839 3577 male

2164 3608 2409 3672 utendo,
2439 3607 2552 3663 sibi
2580 3613 2774 3678 nocet,
2805 3624 2931 3665 non
2960 3608 3211 3665 bonitati
3261 3609 3358 3664 Dei
3419 3609 3785 3666 contradicit
3822 3628 3834 3664 :

2164 3696 2375 3752 artifex
2399 3696 2499 3752 illo
2530 3697 2732 3767 utitur,
2757 3702 2814 3753 et
2837 3713 3099 3767 magnus
3127 3698 3356 3755 artifex.
3385 3698 3442 3755 Si
3461 3697 3563 3754 illo
3592 3697 3678 3754 uti
3707 3712 3836 3755 non

2161 3789 2385 3857 posset,
2406 3801 2517 3840 nec
2548 3800 2686 3840 eum
2715 3802 2843 3842 esse
2873 3787 3256 3859 permitteret.
3317 3788 3484 3859 Ergo
3542 3798 3701 3845 unus
3764 3803 3838 3845 ex

2162 3874 2325 3929 vobis
2354 3874 2627 3929 diabolus
2651 3880 2753 3942 est,
2785 3874 2884 3942 ait,
2926 3891 3061 3932 cum
3089 3891 3194 3947 ego
3220 3890 3321 3933 vos
3350 3877 3660 3934 duodecim
3724 3877 3836 3934 ete-

2161 3964 2351 4033 gerim
2382 3962 2579 4033 (Joan.
2606 3978 2686 4033 VI,
2721 3964 2836 4036 71;)

2234 4052 2466 4123 +1dem
2495 4051 2557 4107 in
2587 4052 2838 4110 homilia
2874 4058 2928 4120 7,
2952 4054 3027 4110 de
3087 4056 3270 4112 Coena
3326 4055 3584 4111 Domini.
3646 4056 3837 4127 [Unus

2163 4157 2239 4198 ea;
2268 4143 2427 4199 vobis
2459 4143 2657 4199 tradet
2686 4159 2779 4200 me
2806 4144 3008 4214 (Joan.
3029 4159 3153 4213 xm,
3186 4147 3296 4217 21),
3321 4161 3479 4201 unus
3535 4162 3608 4202 ex
3655 4146 3835 4203 vobis

2163 4246 2420 4287 numero
2445 4246 2569 4287 non
2600 4233 2835 4304 merito,
2871 4235 3069 4306 specie
3090 4248 3216 4290 non
3245 4235 3481 4307 virtute,
3543 4234 3835 4291 commix-

2163 4321 2322 4378 tione
2347 4321 2667 4395 corporali,
2699 4338 2823 4379 non
2875 4324 3112 4380 vinculo
3164 4314 3434 4398 spiritali,
3496 4325 3694 4381 carnis
3736 4322 3838 4379 ad-

2159 4412 2493 4484 junctione,
2522 4428 2648 4469 non
2676 4413 2874 4469 cordis
2907 4416 3104 4471 socius
3137 4416 3360 4472 unitate
3389 4430 3402 4471 :
3430 4414 3684 4488 proinde
3712 4427 3835 4470 non

2165 4503 2270 4575 qui
2300 4518 2372 4558 ex
2398 4501 2568 4558 vobis
2595 4507 2703 4571 est,
2737 4504 2841 4559 sed
2889 4504 2995 4576 qui
3047 4520 3121 4560 ex
3174 4504 3349 4560 vobis
3402 4503 3670 4561 exiturus
3726 4503 3830 4560 est.

2165 4595 2315 4649 Nam
2346 4592 2658 4666 quomodo
2685 4593 2793 4648 erit
2843 4606 3055 4648 verum
3106 4593 3275 4665 quod
3329 4597 3694 4666 protestatus
3749 4595 3833 4648 est

2162 4683 2331 4738 Jesus
2360 4686 2418 4738 et
2444 4682 2613 4753 dixit,
2632 4696 2787 4736 unus
2816 4695 2893 4737 ex
2918 4681 3072 4737 vobis
3094 4683 3120 4736 ?
3153 4682 3209 4738 Si
3231 4698 3444 4739 verum
3460 4684 3550 4740 est
3566 4682 3735 4755 quod
3756 4680 3832 4738 ait

2159 4770 2323 4827 idem
2352 4771 2480 4843 ipse
2512 4770 2573 4825 in
2598 4769 2861 4842 Epistola
2890 4786 3004 4827 sua
3033 4769 3207 4842 cujus
3258 4774 3347 4828 est
3394 4772 3510 4829 hoc
3567 4773 3829 4841 EVange-

2158 4860 2307 4916 lium
2341 4877 2353 4915 :
2392 4861 2487 4915 Ea:
2516 4859 2683 4915 nobis
2710 4861 3017 4926 eaaierunt,
3042 4861 3144 4917 sed
3173 4878 3294 4917 non
3321 4866 3591 4919 erantex
3614 4859 3828 4918 nobis?

2158 4966 2302 5007 nam
2328 4951 2381 5007 si
2402 4951 2661 5022 fuissent
2693 4965 2768 5007 ea:
2797 4952 2984 5018 nobis,
3008 4952 3362 5008 mansissent
3390 4952 3595 5021 utique
3638 4952 3827 5007 nobis-

2163 5056 2294 5097 cum
2312 5041 2366 5112 (Ι
2380 5041 2559 5097 Joan.
2594 5056 2654 5111 ιι,
2693 5041 2800 5113 19),
2834 5040 3169 5097 secundum
3202 5039 3699 5097 communionem
3744 5052 3829 5095 sa-

2161 5134 2610 5186 cramentorum
2637 5146 2711 5187 ex
2730 5130 2945 5200 nobis;
3006 5129 3341 5186 secundum
3394 5144 3645 5186 suorum
3701 5144 3828 5204 pro-

2161 5218 2476 5293 prietatem
2503 5219 2826 5276 criminum
2851 5235 2974 5277 non
3008 5236 3081 5276 ex
3109 5218 3331 5291 nobis]

2234 5310 2276 5379 -ι-
2298 5309 2463 5365 Idem
2484 5309 2546 5364 in
2563 5308 2815 5366 homilia
2832 5315 2919 5378 32,
2944 5309 3019 5365 de
3040 5308 3226 5365 Coena
3248 5306 3501 5366 Domini.
3556 5308 3713 5381 [Non
3736 5318 3825 5364 vos

2162 5414 2253 5455 me
2284 5400 2564 5469 elegistis,
2588 5401 2691 5456 sed
2710 5416 2815 5471 ego
2838 5401 2989 5471 elegi
3018 5416 3117 5456 vos
3139 5400 3455 5471 (Joan.xv,
3486 5395 3826 5467 10),ha?cest

2164 5487 2264 5543 illa
2289 5488 2605 5543 ineﬁ‘abilis
2638 5490 2846 5558 gratia.
2911 5489 3061 5555 Quid
3086 5489 3246 5544 enim
3304 5504 3545 5544 eramus
3591 5483 3823 5560 quando

2166 5578 2472 5633 Christum
2494 5579 2765 5635 nondum
2794 5578 3188 5648 elegeramus,
3207 5584 3257 5634 et
3276 5579 3411 5634 ideo
3424 5577 3695 5633 nondum
3710 5572 3823 5631 dili-

2166 5665 2463 5736 gebamus
2485 5666 2511 5720 ‘I
2528 5682 2673 5724 nam
2685 5668 2789 5739 qui
2800 5682 2939 5723 eum
2954 5683 3076 5723 non
3090 5667 3270 5737 eligit,
3284 5682 3407 5740 quo
3416 5665 3596 5723 modo
3615 5676 3733 5721 non
3746 5659 3821 5717 di-

2163 5750 2329 5822 ligit?
2356 5753 2398 5806 N
2405 5751 2666 5824 unquidj
2676 5767 2778 5810 am
2789 5752 2851 5809 in
2864 5752 3042 5811 nobis
3064 5751 3370 5824 eratquod
3399 5752 3463 5809 in
3473 5750 3709 5825 psalmo
3730 5761 3817 5805 ca-
