3936 6444
174 320 337 388 1181

1149 333 1238 387 ns
1277 312 1948 387 manestmmoss
1986 314 2267 385 comm
2303 327 2352 383 1.
2388 295 2693 384 socrum.

166 455 402 512 nitur:
429 455 607 525 Elegi
631 452 898 523 objectus
928 469 1049 511 esse
1078 456 1143 512 in
1173 455 1345 513 domo
1374 455 1487 512 Dei
1508 455 1642 521 mei,
1673 452 1865 523 magis
1896 455 1944 510 Α
1981 450 2177 522 arguit
2202 450 2613 524 impudentiae,
2642 447 2809 523 quod
2838 449 2999 503 veste
3039 443 3284 502 sordida
3311 442 3640 501 munditias

167 558 385 617 quam
418 544 693 601 habitare
722 545 785 599 in
819 545 1228 602 tabernaculis
1251 550 1639 616 peccatorum
1674 540 1863 615 (Psal.

165 646 441 701 Lxxxm,
476 632 606 701 ll)?
652 635 777 688 Non
809 633 1037 706 utique.
1090 633 1242 700 Quid
1281 649 1424 704 ergo
1453 644 1720 700 eramus,
1750 629 1868 686 nisi

166 721 394 796 iniqui
424 725 481 779 et
507 722 770 796 perditi?
796 734 996 796 neque
1047 722 1209 779 enim
1244 722 1374 796 jam
1416 722 1868 780 credideramus

164 811 243 868 in
293 828 445 870 eum
488 816 554 869 ut
593 811 836 884 eligeret
876 828 1010 869 nos.
1070 816 1218 870 Nam
1270 812 1323 870 si
1369 814 1500 886 jam
1558 810 1867 868 credentes

163 901 396 974 elegit,
428 896 652 959 electus
683 901 879 975 elegit.
930 905 1079 960 Cum
1109 918 1252 974 ergo
1283 904 1542 960 diceret:
1590 902 1725 958 Non
1766 914 1868 956 vos

163 1005 277 1048 me
312 992 600 1062 elegistis,
622 990 769 1064 quid
795 988 959 1047 aliud
982 990 1133 1047 dixit
1156 991 1270 1047 nisi
1291 991 1434 1064 quia
1457 988 1869 1047 misericordia

162 1081 322 1149 ejus
348 1081 651 1151 praevenit
680 1095 793 1135 nos
812 1079 1002 1152 (Psat.
1034 1094 1191 1150 Lvm,
1223 1080 1332 1152 ll),
1363 1078 1721 1151 generaliter
1751 1076 1866 1132 uti-

161 1178 307 1242 que
332 1184 462 1226 non
493 1167 905 1242 personaliter,
934 1171 1000 1224 ut
1027 1168 1141 1225 sibi
1170 1168 1329 1226 circa
1357 1183 1569 1225 omnes
1639 1167 1870 1223 constet

158 1257 407 1315 divina
431 1257 700 1329 iustitia?
728 1257 832 1313 Hic
861 1260 1016 1313 certe
1044 1261 1220 1314 vacat
1239 1264 1399 1316 vana
1426 1257 1667 1314 illorum
1691 1254 1868 1311 ratio-

155 1345 441 1413 cinatio,
479 1345 587 1419 qui
634 1342 1075 1419 praesidentium
1129 1346 1232 1403 Dei
1287 1346 1617 1404 defendunt
1660 1347 1870 1401 contra

157 1434 458 1505 gratiam
488 1434 609 1506 Dei,
636 1439 695 1492 et
717 1434 855 1491 ideo
880 1448 993 1491 nos
1027 1434 1236 1493 dicunt
1256 1436 1475 1493 electos
1497 1441 1634 1492 ante
1656 1426 1871 1489 mundi

157 1522 712 1592 constitutionem,
756 1523 901 1596 quia
940 1525 1240 1597 prtescivit
1269 1536 1383 1581 nos
1430 1527 1586 1581 Deus
1635 1518 1867 1579 futuros

157 1611 412 1683 bonos,
451 1626 578 1667 non
608 1626 671 1668 se
708 1613 917 1685 ipsum
961 1624 1075 1669 nos
1116 1613 1418 1670 facturum
1464 1613 1686 1670 bonos.
1735 1614 1866 1668 Non

156 1701 295 1757 hoc
329 1700 502 1757 dicit.
535 1702 689 1767 Quid
719 1702 904 1759 dicit?
942 1704 1077 1760 Non
1126 1718 1227 1760 vos
1264 1710 1357 1761 me
1399 1704 1676 1775 elegistis,
1708 1716 1863 1776 quo-

1977 541 2255 614 polluerit
2288 540 2634 616 nuptiales]

2045 632 2087 703 -ι-
2119 618 2229 699 Qui
2258 633 2438 689 etiam
2465 628 2793 688 identidem
2822 630 2886 685 in
2911 624 3083 684 Judas
3115 626 3473 684 salutatione
3503 630 3639 683 sen-

1973 719 2245 778 tiendum
2268 719 2600 795 perdocuit.
2630 721 2776 777 Item
2796 718 3117 791 Gregorius
3134 718 3505 789 (Moralium,
3529 715 3638 772 lib.

1973 826 2058 883 111,
2095 826 2230 885 cap.
2270 812 2388 881 14):
2419 810 2707 883 [Haaretici
2727 813 2953 876 autem,
2980 807 3126 881 quia
3146 811 3423 863 sanctam
3449 804 3641 862 Eccle-

1977 901 2133 958 siam
2162 917 2275 959 sua
2302 901 2518 958 docere
2548 899 2914 966 desiderant,
2965 897 3045 954 ad
3092 910 3227 953 eam
3268 895 3448 969 quasi
3494 910 3638 952 con-

1976 990 2240 1047 solantes
2299 991 2811 1064 appropinquant.
2869 991 2984 1044 Nec
3046 986 3266 1042 mirum
3311 984 3479 1058 quod
3531 984 3638 1057 qui

1976 1079 2425 1141 adversantium
2452 1080 2712 1135 formam
2739 1077 3103 1150 exprimunt,
3127 1074 3306 1132 amici
3322 1077 3636 1144 vocantur,

1975 1184 2115 1224 cum
2170 1168 2287 1242 ipsi
2332 1178 2578 1242 quoque
2632 1166 2903 1223 traditori
2958 1166 3215 1222 dicitur:
3273 1164 3499 1232 Amice,
3557 1163 3639 1220 ad

1975 1258 2124 1330 quid
2151 1258 2408 1314 venisti?
2448 1256 2690 1327 (Matth.
2740 1268 2903 1326 nvi,
2945 1255 3059 1325 50.)
3110 1255 3179 1309 Et
3239 1252 3408 1308 dives
3438 1251 3544 1325 qui
3574 1252 3637 1307 in

1975 1347 2208 1404 inferno
2233 1348 2369 1419 igne
2399 1346 2666 1403 exuritur
2687 1344 2999 1401 Abraham
3018 1343 3177 1399 ﬁlius
3197 1347 3445 1399 vocatur
3467 1342 3632 1413 (Luc.

1973 1419 2100 1509 XVI;
2126 1438 2236 1509 25),
2281 1436 2428 1510 quia
2470 1435 2578 1493 etsi
2602 1451 2711 1509 per
2740 1450 2853 1491 nos
2883 1433 3028 1491 mali
3060 1431 3276 1503 corrigi
3301 1429 3633 1501 negligant,

1974 1527 2229 1600 dignum
2256 1532 2461 1585 tamen
2487 1532 2580 1584 est
2607 1531 2732 1583 uta
2750 1525 2948 1594 nobis,
2972 1539 3096 1580 non
3117 1538 3190 1579 ex
3215 1538 3326 1579 sua
3345 1521 3634 1594 nequitia,

1973 1617 2079 1673 sed
2105 1633 2178 1674 ex
2206 1621 2418 1674 nostra
2442 1616 2812 1687 benignitate
2835 1613 3013 1672 amici
3040 1610 3474 1683 nominentur.]

2040 1709 2084 1779 ἰ-
2115 1709 2281 1764 Idem
2328 1709 2678 1781 (Moralium
2715 1706 2823 1763 lib.
2870 1722 2930 1775 11,
2980 1720 3064 1772 γι,
3111 1719 3248 1776 cap.
3303 1700 3426 1773 ll):
3482 1701 3637 1772 [Quo

159 1789 355 1847 niam
389 1790 439 1846 si
466 1794 787 1863 propterea
808 1806 920 1847 nos
951 1791 1226 1862 elegisset
1247 1791 1391 1865 quia
1409 1791 1607 1848 bonos
1627 1790 1861 1848 futuros
1892 1804 1933 1867 Β
1971 1800 2182 1854 contra
2209 1802 2366 1853 recte
2396 1797 2512 1853 sub
2543 1795 2872 1869 Babylonis
2902 1793 3101 1867 specie
3129 1807 3243 1865 par
3274 1791 3634 1864 prophetam

158 1894 315 1935 esse
340 1878 708 1951 praescierat,
743 1879 923 1936 simul
950 1880 1131 1937 etiam
1162 1881 1495 1953 praescisset
1523 1880 1692 1954 quod
1720 1895 1861 1935 eum

162 1968 522 2025 fuissemus
550 1968 719 2043 prius
756 1969 1020 2026 eiecturi.
1060 1971 1245 2041 Elegit
1270 1980 1414 2041 ergo
1442 1986 1551 2043 per
1579 1970 1859 2040 gratiam,

159 2058 339 2115 sicut
369 2058 548 2130 elegit
577 2062 636 2116 et
654 2052 896 2131 ludam,
923 2059 1029 2116 sed
1059 2068 1216 2134 opus
1249 2067 1339 2116 est
1362 2064 1430 2117 ut
1457 2060 1675 2116 divinae
1705 2057 1858 2115 elec-

159 2147 326 2204 tioni
352 2148 644 2203 humanae
674 2144 1030 2204 obedientize
1079 2153 1137 2205 et
1184 2147 1506 2219 diligentias
1550 2158 1697 2205 cura
1733 2162 1856 2203 res-

162 2234 502 2311 pondeat.]

236 2326 287 2398 +
312 2325 470 2382 Ecce
489 2326 581 2383 vir
602 2330 848 2383 sanctus
867 2326 1035 2383 toties
1052 2326 1127 2385 de
1145 2343 1267 2385 una
1283 2328 1619 2401 eademque
1634 2338 1698 2383 re
1718 2341 1861 2399 pru-

157 2415 395 2473 denter
414 2419 472 2472 et
488 2415 741 2473 ﬁdeliter
761 2416 1052 2485 elocutus,
1076 2433 1383 2491 nusquam
1401 2433 1437 2475 a
1458 2416 1756 2474 contrario
1773 2416 1860 2473 in-

157 2505 579 2577 telligendum
601 2500 905 2563 electionis
921 2506 1292 2564 vocabulum
1319 2506 1601 2563 docuisse
1627 2505 1855 2562 inveni-

160 2598 288 2652 tur.
319 2598 511 2651 Porro
541 2595 793 2668 quodin
814 2596 1209 2653 assertionem
1226 2595 1660 2653 contrarietatis
1680 2596 1855 2652 addis

161 2684 333 2757 (cap.
372 2687 461 2756 l3,
493 2700 658 2741 num.
682 2688 739 2753 3,
757 2690 897 2741 sect.
917 2685 992 2757 2),
1019 2685 1288 2743 similiter
1302 2684 1678 2758 amicus,qui
1700 2699 1854 2742 sem-

158 2788 277 2846 per
303 2774 445 2828 erat
465 2771 768 2841 inimicus,
801 2773 1021 2829 mirum
1050 2787 1174 2847 qua
1200 2774 1548 2831 auctoritate
1564 2774 1627 2829 id
1649 2773 1851 2847 prolo-

161 2862 281 2936 qui
312 2860 838 2934 attemperaveris,
872 2874 1011 2920 cum
1041 2863 1194 2920 inter
1222 2863 1572 2935 eligendum
1600 2858 1850 2920 minime

163 2951 469 3008 credatur
519 2955 626 3007 aut
672 2950 907 3023 legatur
956 2953 1196 3026 uspiam
1228 2954 1540 3009 inimicum
1575 2954 1851 3010 animum

158 3040 492 3109 habuisse,
519 3039 714 3096 donec
749 3045 888 3113 post
936 3046 1239 3098 tantorum
1283 3042 1580 3099 beneﬁcia
1634 3052 1849 3098 mune-

1968 1886 2156 1942 menti
2210 1887 2484 1960 reprobus
2521 1886 2784 1942 dicitur:
2843 1882 3166 1943 Descende.
3213 1880 3349 1938 sede
3390 1881 3453 1935 in
3488 1878 3634 1948 pul-

1968 1990 2125 2047 vere,
2154 1978 2326 2047 virgo
2352 1977 2486 2045 ﬁlia
2517 1974 2870 2045 Babylonis,
2898 1972 3035 2029 sede
3069 1972 3134 2027 in
3178 1975 3364 2037 terra,
3395 1982 3517 2024 non
3549 1974 3635 2025 est

1965 2065 2182 2121 solium
2210 2065 2353 2134 ﬁliae
2384 2064 2811 2121 Chaldworum
2841 2062 2983 2134 (Isa.
3014 2075 3194 2129 XLVII,
3225 2058 3295 2128 1).
3325 2060 3446 2113 Hoc
3470 2054 3633 2112 enim

1964 2153 2099 2210 loco
2154 2155 2426 2210 humana
2494 2160 2666 2209 mens
2727 2151 2894 2221 virgo
2945 2162 3071 2206 non
3135 2146 3505 2218 incorrupta,
3567 2148 3635 2201 ut

1966 2244 2241 2311 arbitror,
2270 2244 2508 2313 dicitur,
2541 2242 2648 2298 sed
2677 2240 3025 2298 infecunda.
3071 2241 3138 2295 Et
3183 2236 3329 2311 quia
3357 2234 3631 2308 Babylon

1966 2334 2240 2404 confusio
2268 2333 2710 2405 interpretatur,
2761 2333 2918 2386 recte
2946 2327 3275 2385 infecunda
3317 2338 3491 2381 mens
3516 2324 3628 2381 Ba-

1962 2422 2204 2497 bylonis
2235 2423 2360 2480 ﬁlia
2389 2425 2659 2493 vocatur,
2689 2428 2827 2494 quas
2854 2419 2917 2475 in
2946 2434 3018 2475 eo
3041 2417 3208 2492 quod
3236 2425 3629 2489 nequaquam

1964 2515 2130 2569 bona
2159 2528 2345 2585 opera
2385 2511 2700 2583 germinat,
2736 2509 2905 2579 dum
2956 2506 3123 2563 nullo
3184 2505 3395 2562 ordine
3450 2506 3626 2559 rectae

1961 2601 2095 2658 vitae
2124 2602 2526 2674 componitur,
2578 2598 2754 2674 quasi
2803 2596 3155 2655 confusione
3206 2599 3397 2650 matre
3452 2606 3627 2664 gene-

1960 2695 2165 2748 ratur:
2217 2691 2310 2747 sin
2367 2695 2571 2748 autem
2628 2689 2797 2759 virgo
2844 2703 2968 2744 non
3015 2684 3342 2743 infecunda
3388 2682 3626 2753 dicitur,

1961 2781 2071 2838 sed
2099 2781 2467 2854 incorrupta,
2499 2782 2827 2853 postquam
2855 2781 3076 2833 statum
3108 2772 3316 2831 salutis
3345 2772 3624 2846 perdidit,

1960 2870 2041 2927 ad
2096 2870 2466 2927 confusionis
2525 2874 2648 2924 Suae
2702 2866 3019 2923 cumulum
3065 2863 3407 2938 appellatur
3457 2861 3627 2935 quod

1959 2961 2115 3032 fuit.)
2145 2956 2188 3031 ἦ·
2220 2961 2618 3032 Hieronymus
2661 2961 2897 3030 (contra
2944 2956 3336 3014 Jovim‘anum
3374 2951 3480 3009 lib.
3523 2951 3619 3023 u):

1961 3049 2183 3121 [Arbor
2212 3048 2380 3106 mata
2424 3049 2603 3105 bonos
2640 3049 2882 3118 fructus
2928 3058 3052 3102 non
3097 3045 3271 3115 facit,
3312 3054 3421 3100 nec
3472 3042 3626 3098 bona

158 3136 308 3187 rum
335 3127 677 3230 proditioni
704 3129 979 3230 animum
1008 3135 1418 3230 praepararet.-
1440 3134 1591 3187 Nam
1620 3132 1682 3230 in
1711 3132 1848 3230 ipso
1878 3156 1922 3226 ρ
1958 3139 2151 3195 malos
2182 3137 2423 3205 (Matth.
2456 3144 2556 3206 vn’,
2593 3136 2702 3203 Η).
2763 3135 2821 3192 Si
2862 3133 2979 3191 hoc
3028 3133 3112 3188 ita
3157 3135 3268 3202 est,
3303 3128 3624 3230 'responde

160 3217 521 3276 vocationis
569 3232 693 3274 suae
746 3219 998 3276 articulo
1049 3220 1312 3276 necdum
1381 3221 1458 3278 de
1512 3220 1848 3294 perditione
1884 3216 1922 3226 “
1959 3225 2108 3281 mihi
2163 3225 2477 3298 quometlo
2529 3222 2767 3291 Paulus,
2828 3230 2969 3278 eum
3026 3223 3183 3276 esset
3231 3218 3415 3275 arbor
3459 3216 3625 3273 mala

162 3306 421 3366 Domini
450 3311 685 3380 poterat
703 3308 985 3380 cogitare,
1005 3325 1190 3382 quem
1211 3325 1249 3366 a
1265 3309 1483 3367 Judaeis
1506 3326 1630 3366 non
1646 3310 1847 3366 dicam

160 3397 438 3472 insequi,
465 3400 678 3454 verum
705 3409 818 3455 nec
847 3400 1208 3473 Prophetam
1255 3404 1360 3457 aut
1394 3400 1717 3456 Dominum
1746 3412 1846 3456 co-

166 3478 389 3559 gnosci
426 3488 686 3546 sciebat:
736 3502 935 3563 neque
984 3490 1144 3546 enim
1185 3490 1469 3547 credibile
1510 3495 1600 3547 est
1639 3506 1781 3546 eum
1811 3490 1848 3546 a

166 3578 437 3634 Domino
482 3577 789 3634 inimicum
840 3578 1128 3635 electum:
1184 3579 1465 3653 quamvis
1517 3579 1679 3636 enim
1722 3594 1847 3636 non

166 3666 549 3737 ignoraverit
572 3668 636 3724 id
666 3668 957 3740 futurum,
1003 3670 1110 3725 sed
1138 3684 1426 3743 processu
1454 3669 1740 3743 temporis
1770 3669 1846 3727 de

164 3754 447 3815 bonitate
471 3758 552 3814 ad
580 3758 876 3815 malitiam
905 3763 1378 3816 commutatum:
1416 3761 1571 3817 sicut
1594 3760 1845 3831 angelus

167 3850 225 3904 et
255 3847 454 3905 homo
485 3847 633 3905 boni
663 3847 791 3905 sine
820 3848 1008 3906 dubio
1041 3858 1077 3906 a
1110 3858 1354 3907 summo
1381 3850 1547 3907 bono
1578 3855 1844 3908 creatore

165 3934 418 4007 conditi,
448 3936 737 4012 deinceps
766 3948 877 3995 sua
896 3938 1236 3997 veluntaria
1262 3939 1574 3997 aversione
1591 3939 1736 3997 mali
1759 3940 1843 3996 ef-

164 4022 304 4082 fecti
327 4030 510 4098 sunt;
540 4027 775 4085 dicente
806 4028 1105 4102 siquidem
1136 4029 1524 4102 evangelista,
1558 4045 1698 4086 cum
1723 4029 1843 4087 ala-

162 4111 356 4171 bastri
386 4130 537 4187 erga
560 4116 749 4190 pedes
776 4118 1013 4174 Domini
1042 4117 1398 4175 fractioncm
1418 4123 1709 4190 narraret,
1741 4122 1842 4175 Ju-

165 4202 309 4260 dam
340 4220 789 4263 murmurasse.
823 4207 1050 4278 thuid
1070 4208 1337 4277 perditio
1368 4206 1497 4264 haec
1523 4209 1839 4278 unguenti,

164 4296 363 4361 potuit
394 4295 555 4351 enim
576 4296 921 4352 venundari
949 4296 1160 4363 multo,
1193 4301 1249 4352 et
1278 4297 1421 4353 dari
1442 4296 1836 4367 pauperibus.

164 4381 295 4439 Hoc
325 4390 532 4441 autem
553 4385 710 4441 dixit
726 4386 868 4456 quia
890 4386 1001 4455 fur
1021 4390 1173 4456 erat,
1193 4391 1249 4442 et
1274 4386 1499 4442 loculos
1530 4385 1754 4443 habens
1770 4402 1839 4443 ea

166 4485 299 4542 quae
324 4475 728 4533 mittebantur
749 4475 1040 4546 portabat
1070 4477 1311 4547 (Matth.
1340 4492 1504 4547 xxvr,
1536 4476 1610 4550 8).
1656 4479 1737 4532 Ex
1766 4492 1838 4534 eo

168 4563 529 4632 proditionis
566 4565 800 4623 malum
843 4566 1190 4639 concepisse
1215 4566 1586 4623 credendum
1612 4570 1721 4640 est,
1765 4583 1838 4624 ex

168 4664 291 4723 quo
320 4659 377 4710 et
400 4650 535 4728 ipse
563 4671 600 4712 a
630 4655 885 4712 Domino
914 4656 1379 4729 dispensationis
1404 4655 1669 4713 ofﬁcium
1699 4668 1837 4730 per-

171 4741 325 4813 cepit
341 4743 763 4802 etJudseorum
784 4745 1015 4802 rabiem
1035 4746 1097 4802 in
1119 4745 1287 4802 illum
1308 4745 1594 4803 concitari
1616 4758 1839 4818 cogno-

171 4828 270 4885 vit.
296 4834 416 4888 Hoc
439 4833 645 4907 ipsum
668 4833 880 4891 beatus
899 4836 1214 4906 Gregorius
1234 4835 1515 4904 sentiens,
1534 4835 1836 4909 nobisque

172 4920 558 4979 sentiendum
577 4923 1044 4980 venerabilitatis
1062 4934 1185 4979 suae
1211 4922 1444 4998 seriptis
1463 4925 1834 4999 relinquens,

174 5003 235 5061 in
261 5008 518 5068 homilia
555 5013 856 5085 Evangelii
884 5017 1236 5069 vocatorum
1267 5014 1346 5069 ad
1376 5014 1644 5086 nuptias,
1693 5024 1835 5071 cum

174 5092 248 5150 de
272 5112 342 5154 eo
365 5101 475 5173 qui
497 5105 662 5158 veste
687 5102 913 5175 nuptiis
944 5101 1145 5158 minus
1172 5102 1359 5173 digna
1392 5101 1834 5159 solemnitatem

175 5186 521 5257 nuptiarum
575 5190 1097 5263 dehonestaverat,
1168 5194 1349 5264 atque
1420 5206 1458 5247 a
1522 5206 1663 5262 rege
1719 5191 1834 5248 sub

177 5275 351 5332 amici
400 5279 649 5337 nomine
700 5281 1045 5354 increpatus
1105 5280 1317 5350 fuerat,
1384 5283 1680 5349 tractaret,
1753 5281 1836 5338 ait

178 5362 384 5436 (Greg.,
413 5370 570 5428 hom.
603 5372 673 5427 38
701 5371 764 5426 in
792 5372 1086 5443 Evang.):

245 5451 598 5521 [Mirandum
635 5460 811 5517 valde
842 5463 948 5529 est,
990 5460 1203 5516 fratres
1250 5459 1604 5531 charissimi,
1666 5461 1829 5535 quod

181 5533 335 5598 hunc
365 5550 420 5602 et
439 5548 705 5606 amicum
734 5556 928 5619 vocat,
959 5553 1015 5607 et
1044 5550 1366 5623 reprobat;
1400 5566 1470 5607 ac
1501 5552 1549 5606 si
1585 5551 1638 5607 ei
1665 5533 1833 5624 aper-

180 5625 290 5682 tius
317 5631 510 5694 ddcat:
547 5640 773 5707 Amice,
805 5645 863 5697 et
889 5656 1011 5697 non
1042 5641 1252 5709 amice,
1270 5641 1460 5697 amice
1490 5656 1598 5714 per
1626 5639 1830 5714 ﬁdem,

186 5716 287 5805 ted
312 5735 431 5781 non
478 5731 670 5787 amice
716 5744 824 5804 per
870 5731 1330 5805 operationem]
1388 5731 1830 5804 Hieronymus:

185 5802 468 5875 [Amicum
519 5802 738 5891 vocat;
764 5802 933 5896 quod
970 5822 1256 5883 invitatus
1306 5802 1385 5882 ad
1425 5802 1668 5898 nuptias
1718 5828 1829 5891 est,

1957 3328 2327 3388 persequens
2353 3312 2678 3370 Ecclesiam
2708 3310 2942 3383 Christi,
2991 3308 3196 3366 fecerit
3234 3310 3446 3380 postea
3472 3305 3624 3362 fruc-

1956 3409 2052 3463 tus
2080 3402 2276 3462 bonos
2301 3421 2314 3475 ;
2347 3407 2403 3462 et
2428 3404 2637 3473 Judas,
2670 3415 2810 3458 cum
2837 3404 2994 3458 esset
3022 3399 3203 3457 arbor
3229 3399 3416 3467 bona,
3449 3396 3623 3466 signa

1957 3495 2183 3552 faciens
2215 3511 2356 3551 cum
2387 3492 2698 3566 apostolis,
2746 3496 2962 3564 postea
3004 3504 3212 3546 versus
3253 3486 3316 3543 in
3357 3486 3624 3560 prodito-

1956 3600 2106 3655 rem,
2129 3583 2332 3640 fecerit
2361 3583 2588 3639 fructus
2619 3580 2833 3638 malos;
2871 3579 3102 3636 Tandiu
3132 3591 3276 3647 ergo
3298 3591 3411 3633 nec
3440 3575 3622 3632 arbor

1954 3673 2119 3730 bona
2150 3657 2377 3729 fructus
2402 3671 2596 3728 malos
2622 3668 2784 3741 facit,
2814 3685 2926 3726 nec
2960 3668 3126 3725 mala
3152 3666 3371 3733 bonos,
3423 3676 3620 3738 quan-

1953 3763 2060 3819 diu
2087 3761 2184 3819 vel
2198 3763 2261 3818 in
2281 3762 2545 3819 bonitate
2573 3770 2686 3818 sua
2711 3759 2803 3817 vel
2826 3759 2890 3815 in
2921 3757 3151 3816 malitia
3186 3755 3619 3829 perseverant.]

1953 3854 1996 3925 -ι-
2025 3853 2183 3910 ldem
2212 3852 2381 3926 quod
2405 3850 2579 3908 dicis;

2531 3968 2772 4035 JoANNEs
2810 3991 3034 4033 scorus.

2027 4088 2196 4159 (Cap.
2227 4088 2312 4153 t2,
2343 4100 2517 4140 num.
2542 4086 2596 4153 4,
2630 4086 2775 4139 sect.
2812 4082 2882 4154 l).
2916 4086 2955 4136 Θ
3004 4083 3083 4137 Et
3116 4076 3617 4151 quemadmodum

1951 4191 2071 4232 non
2087 4180 2228 4231 sunt
2241 4175 2360 4245 ﬁlii
2377 4176 2429 4229 si
2443 4189 2565 4230 non
2584 4178 2725 4229 sunt
2741 4172 3025 4242 hrrredes,
3043 4171 3127 4226 sic
3149 4169 3322 4226 electi
3336 4183 3455 4224 non
3475 4172 3617 4223 sunt

1947 4266 2002 4321 si
2027 4280 2149 4321 non
2178 4265 2297 4321 sint
2325 4265 2567 4322 dilecti:
2600 4262 2891 4335 quomodo
2913 4276 3074 4334 ergo,
3096 4260 3217 4317 nisi
3237 4274 3268 4315 e
3288 4258 3614 4327 contrario,

1949 4356 2252 4413 diceretur
2273 4355 2466 4433 Judas
2492 4356 2732 4427 electus,
2763 4354 2907 4411 dum
2936 4369 3059 4410 non
3081 4356 3228 4410 esset
3255 4352 3511 4409 dilectus
3528 4354 3557 4406 φ

2619 4476 2945 4519 COBBBCTIO.

2018 4572 2060 4645 -ι-
2084 4572 2387 4630 Debueras
2404 4570 2748 4642 diligentius
2765 4569 3125 4641 investigare
3146 4566 3514 4624 vocabulum
3531 4565 3617 4622 di-

1943 4661 2215 4720 lectionis
2237 4667 2293 4719 et
2308 4660 2613 4718 electionis
2640 4660 2703 4716 in
2728 4658 3043 4731 Scripturis
3067 4656 3312 4724 sanctis,
3347 4666 3610 4728 quarum

1946 4752 2296 4808 auctoritate
2312 4749 2519 4820 fultus,
2546 4762 2671 4805 non
2702 4748 2789 4805 eis
2819 4746 3223 4820 repugnantia
3244 4758 3611 4800 susurrares.

1950 4842 2100 4896 Nam
2121 4840 2183 4895 in
2200 4839 2368 4896 libris
2385 4841 2615 4909 Regum
2632 4841 2689 4894 et
2708 4836 2911 4893 Verbis
2927 4835 3161 4892 dierum
3178 4833 3435 4905 legimus
3455 4831 3615 4889 Salo-

1945 4942 2191 4987 monem
2213 4927 2468 4985 Ididiam
2491 4927 2548 4983 id
2568 4933 2656 4984 est
2670 4927 2951 4983 dilectum
2971 4924 3212 4981 Domini
3226 4926 3532 4990 vocatum;
3557 4927 3613 4979 et

1945 5018 2126 5093 quod,
2140 5018 2353 5092 inquit,
2372 5014 2650 5089 diligeret
2677 5025 2808 5073 eum
2830 5013 3141 5083 Dominus,
3167 5014 3283 5069 hoc
3302 5026 3427 5069 non
3453 5026 3491 5070 a
3512 5027 3613 5069 ne.

1946 5108 2169 5166 sciente
2199 5108 2490 5181 quolibet,
2546 5104 2658 5163 sed
2710 5116 2747 5162 a
2801 5103 3097 5179 propheta
3143 5103 3350 5178 utique
3390 5103 3611 5160 sciente

1945 5196 2180 5254 Domini
2200 5196 2575 5253 voluntatem
2590 5194 2818 5252 dictum
2838 5194 2930 5250 est
2966 5192 3061 5264 (II
3072 5193 3215 5264 Reg.
3233 5206 3334 5254 xu,
3371 5191 3462 5262 24,
3492 5192 3604 5262 25).

1946 5287 2037 5345 Sic
2067 5289 2124 5342 et
2151 5285 2522 5357 evangelista
2551 5300 2691 5341 cum
2717 5283 3165 5341 adolescentem
3200 5280 3446 5338 divitem
3485 5294 3611 5335 ma-

1942 5390 2323 5448 gnarumque
2344 5390 2533 5448 opum
2553 5374 2633 5431 ad
2654 5374 2974 5430 Dominum
2990 5371 3351 5433 venientem,
3365 5371 3422 5423 et
3442 5380 3610 5424 man-

1943 5466 2225 5522 datorum
2249 5464 2535 5536 legalium
2556 5462 3041 5521 observationem
3069 5460 3448 5534 promentem
3473 5457 3609 5513 des-

1944 5555 2215 5623 criberet,
2242 5559 2481 5610 secutus
2508 5553 2816 5624 adjunxit:
2850 5550 3114 5608 Intuitus
3140 5556 3336 5606 autem
3361 5548 3608 5603 eumJee

1943 5644 2285 5713 sus,dilea'it
2307 5659 2436 5700 eum
2452 5644 2763 5713 (Marc.x,2
2776 5642 2819 5713 ί)
2838 5658 2849 5696 :
2870 5641 3154 5696 nimirum
3173 5637 3252 5694 ob
3270 5635 3607 5692 custodiam

1942 5737 2382 5808 praeceptorum
2404 5732 2526 5801 Dei,
2553 5731 2658 5805 qui
2684 5732 2888 5788 tamen
2916 5727 3209 5803 quoniam
3239 5726 3368 5782 erat
3385 5724 3608 5783 multas

1946 5822 2361 5897 possessiones
2388 5820 2643 5891 habens,
2689 5819 2900 5880 audita
2926 5815 3307 5893 ρει-1001101118
3333 5813 3607 5886 consilio,
