3936 6434
335 343 470 400 “83

1405 334 1462 391 S.
1504 328 1884 388 PRUDENTII
1936 327 2318 385 TRECENSIS
2348 327 2685 388 EPISCOPI.

3629 335 3762 392 1184

333 466 480 525 abiit
506 464 713 521 tristia
757 465 903 519 Ecce
946 461 1241 535 propheta
1270 461 1325 515 et
1351 455 1716 528 evangelista
1742 453 1989 510 dilectos
2031 454 2074 508 A
2107 451 2317 509 sitione
2352 454 2414 510 id
2451 455 2808 530 plerumque
2861 455 2987 513 ﬁeri
3036 455 3390 516 docuerunt.
3443 458 3610 515 Unde
3658 475 3767 532 per

335 572 374 614 a
413 554 666 612 Domino
705 551 1118 626 pronuntiant,
1163 565 1318 622 quos
1366 547 1521 603 ﬁlios
1573 541 1993 619 promissionis

334 646 604 703 forsitam
633 658 757 699 non
785 657 915 698 esse
943 640 1194 697 minime
1239 637 1638 694 dubitabant:
1684 649 1831 691 nam
1883 632 1996 688 bo-

335 751 481 793 nam
511 733 807 790 actionem
839 730 1019 787 etiam
1048 730 1111 786 in
1139 728 1343 801 impiis
1373 728 1493 783 Deo
1530 725 1768 800 placere
1797 726 1996 779 osten-

337 825 424 882 dit
451 826 692 878 sanctus
722 820 1059 891 Gregorius,
1088 819 1193 893 qui
1219 818 1280 875 in
1304 816 1673 891 expositione
1693 813 1998 887 prophetae

339 910 599 969 Ezechiel
627 911 707 966 ita
736 909 1001 982 loquitur
1028 909 1180 980 (Lib.
1206 925 1243 977 ι,
1281 908 1436 964 hom.
1472 907 1600 976 10):
1647 903 1764 974 [Sic
1794 899 1999 956 Achab

336 1002 582 1073 iniquus
621 1014 726 1055 rex
754 1015 790 1055 a
818 998 1114 1072 propheta
1155 997 1559 1070 reprehensus
1605 1009 1745 1050 cum
1793 993 2002 1047 contra

335 1106 398 1146 se
427 1088 696 1145 divinam
726 1088 1081 1145 sententiam
1111 1087 1400 1149 audisset,
1432 1082 1759 1158 pertimuit,
1788 1085 1846 1136 et
1873 1093 2000 1134 ma-

336 1194 457 1251 gno
487 1193 743 1235 maerore
765 1177 1087 1251 depressus
1108 1181 1216 1248 est,
1239 1175 1321 1232 ita
1341 1181 1406 1232 ut
1424 1175 1734 1247 prophetae
1767 1185 1876 1226 suo
1895 1171 2003 1224 Do-

332 1267 536 1325 minus
561 1267 818 1325 diceret:
862 1268 1080 1324 Nonne
1116 1267 1320 1323 vidisti
1357 1265 1742 1320 humiliatum
1789 1258 2000 1315 Achab

337 1375 539 1417 coram
561 1363 698 1416 me?
740 1359 882 1429 quia
918 1360 1108 1428 igitur
1146 1356 1500 1412 humiliatus
1539 1359 1622 1410 est
1653 1366 1835 1408 causa
1865 1349 2000 1413 mei,

336 1461 458 1501 non
487 1447 773 1503 inducam
799 1448 1027 1503 malum
1076 1448 1139 1502 in
1181 1446 1384 1502 diebus
1410 1447 1536 1515 ejus
1563 1442 1685 1515 (III
1698 1443 1999 1511 Reg.'xx1,

337 1539 455 1603 29).
487 1536 552 1591 1n
573 1535 797 1608 quibus
822 1537 1059 1593 Domini
1083 1536 1284 1592 verbis
1316 1533 1704 1608 pensandum
1730 1533 1822 1586 est
1847 1544 2001 1602 quo-

340 1626 526 1681 modo
550 1625 606 1681 ei
634 1625 693 1681 in
723 1625 922 1683 electis
963 1626 1088 1682 suis
1136 1642 1361 1682 mceror
1405 1619 1826 1682 amaritudinis
1867 1619 2000 1693 pla-

340 1719 493 1786 ceat,
523 1714 628 1788 qui
659 1716 927 1773 amittere
958 1717 1168 1773 timent
1199 1715 1539 1783 Dominum,
1572 1713 1621 1768 si
1653 1712 1738 1768 sic
1775 1711 1828 1766 ei
1859 1714 1916 1767 et
1939 1713 2000 1766 in

2105 543 2468 600 Ezechielem
2502 546 2788 602 Dominus
2813 545 2956 602 dicit
2983 564 2995 602 :
3020 547 3085 602 In
3115 547 3212 605 die
3240 564 3359 620 qua
3386 549 3538 619 elegi
3558 551 3762 618 lsrael,

2105 637 2160 688 et
2193 634 2390 690 levavi
2411 651 2657 692 manum
2687 652 2879 694 meam
2900 651 3016 706 pro
3037 638 3223 708 stirpe
3244 638 3456 695 domus
3473 638 3683 705 Jacob,
3708 645 3768 694 et

2107 727 2324 779 caetera
2353 724 2589 792 (Ezech.
2632 742 2730 796 xx,
2779 726 2866 797 5):
2928 725 3326 799 Hieronymus
3387 727 3510 798 (ubi
3554 743 3766 798 supra,

2109 825 2242 884 cap.
2271 828 2370 880 xx,
2400 817 2454 881 5)
2483 831 2494 869 :
2527 814 2718 884 [Juxta
2747 813 3003 871 litteram
3033 830 3194 886 vero,
3230 815 3446 888 inquit,
3477 815 3771 889 inclytam

2109 917 2238 956 esse
2270 904 2488 958 terram
2518 903 2737 959 Judseae
2769 908 2826 960 et
2847 904 3078 961 cunctis
3102 904 3269 960 terris
3289 904 3631 963 fertiliorem
3653 906 3772 961 du-

2108 989 2299 1047 bitare
2347 1006 2471 1047 non
2516 993 2753 1065 poterit,
2801 993 2906 1066 qui
2951 1009 2988 1050 a
3025 993 3435 1050 Rhinocorura
3457 1011 3656 1067 usque
3687 994 3776 1051 ad

2109 1081 2368 1135 Taurum
2399 1085 2668 1137 montem
2698 1086 2756 1138 et
2783 1083 3146 1155 Euphratem
3179 1082 3432 1140 ﬂuvium
3483 1088 3774 1140 cunctam

2110 1169 2576 1227 consideraverit
2597 1175 2845 1228 terram:
2875 1175 2932 1229 et
2951 1171 3190 1228 urbium
3213 1173 3562 1246 potentiam,
3585 1189 3779 1229 amoe-

2110 1258 2476 1331 nitatemque
2529 1260 2866 1332 regionum,
2923 1261 3300 1318 Palaestinam
3354 1262 3650 1332 videlicet,
3715 1266 3780 1319 et

2110 1347 2448 1419 Phoenicen,
2481 1350 2788 1419 Arabiam,
2824 1351 3078 1423 Syriam,
3114 1352 3334 1421 Creten,
3394 1351 3660 1409 Ciciliam
3715 1355 3781 1408 et

2111 1444 2354 1495 caeteras
2379 1440 2656 1511 regiones
2686 1458 2841 1514 quas
2872 1441 3090 1510 lsraeli,
3125 1441 3173 1498 si
3205 1442 3307 1498 Dei
3332 1445 3634 1515 praecepta
3649 1457 3779 1498 ser-

2109 1532 2331 1595 vasset,
2369 1530 2658 1585 Dominus
2684 1531 3025 1603 repromisit
3054 1550 3067 1599 ;
3101 1547 3255 1604 quas
3275 1531 3422 1604 quia
3450 1547 3575 1587 non
3607 1547 3784 1588 acce-

2109 1617 2214 1689 pit,
2249 1617 2456 1674 vitium
2482 1619 2592 1676 fuit
2617 1619 3046 1676 incredulitatis
3077 1621 3230 1692 ejus,
3280 1636 3426 1677 nam
3472 1623 3529 1677 et
3551 1620 3614 1675 in
3639 1619 3783 1693 ipsa

2114 1706 2438 1764 Palaestina
2478 1708 2806 1781 Judaeaque
2855 1709 3183 1782 provincia,
3238 1713 3444 1780 gentes
3495 1709 3780 1782 plurimae

337 1803 598 1876 reprobo
630 1802 758 1878 [al.,
789 1805 1048 1878 reprobi]
1080 1803 1429 1878 pcenitentia
1457 1801 1682 1876 placuit
1701 1799 1806 1873 qui
1833 1799 2000 1858 timc-
2029 1807 2072 1859 B
2112 1801 2533 1853 remanserunt
2565 1814 2700 1871 quae
2730 1814 2856 1854 non
2895 1803 3034 1854 sunt
3075 1799 3292 1870 ejectae,
3348 1802 3552 1871 Neque
3607 1799 3776 1854 enim

339 1892 446 1948 bat
469 1893 718 1965 perdere
762 1909 1029 1967 praesens
1074 1893 1392 1950 saeculum:
1445 1895 1548 1948 aut
1592 1888 1904 1968 quomodo
1946 1885 2000 1941 ei

341 1982 534 2051 gratia
565 1982 636 2038 sit
666 1987 1002 2056 spontanee
1027 1982 1269 2039 afﬂictio
1298 1998 1408 2055 pro
1439 1981 1628 2054 culpis
1673 1980 1736 2035 in
1780 1978 1866 2034 eis
1894 1975 2001 2050 qui

340 2070 600 2142 placent,
634 2072 684 2127 si
706 2073 836 2128 haec
866 2072 946 2128 ad
975 2077 1214 2145 tempus
1246 2071 1472 2144 placuit
1511 2070 1572 2125 in
1617 2069 1716 2125 illo
1746 2068 1850 2141 qui
1880 2067 2000 2123 dis-

338 2159 601 2231 plicebat
627 2160 754 2232 [al.,
783 2165 841 2217 et
868 2161 929 2217 in
960 2161 1044 2218 eis
1072 2161 1178 2233 qui
1205 2159 1648 2233 displicebant].

413 2249 777 2319 +Debuerat
831 2251 1011 2321 igitur
1059 2250 1363 2306 attendere
1415 2266 1452 2306 a
1499 2247 1770 2305 Patribus
1818 2261 2001 2304 voca-

340 2337 487 2394 bula
516 2337 851 2395 dilectionis
880 2343 936 2396 et
965 2339 1268 2396 electionis
1311 2355 1435 2394 non
1481 2354 1518 2394 a
1564 2336 1862 2393 contrario
1910 2335 2001 2391 in-

341 2425 572 2482 tellecta
601 2431 656 2482 et
688 2428 901 2500 posita,
931 2429 1036 2484 sed
1074 2444 1185 2501 pro
1222 2428 1506 2484 varietate
1537 2442 1860 2484 causarum
1899 2428 2004 2482 aut

340 2515 698 2573 beatitudini
751 2523 1008 2583 (sternte,
1083 2521 1188 2574 aut
1255 2516 1634 2588 dispositioni
1693 2513 2000 2587 temporius

342 2603 649 2676 deputata.
718 2607 783 2660 Et
864 2605 1002 2661 licet
1067 2621 1140 2661 ex
1211 2603 1526 2674 Augustini
1583 2618 1762 2658 sensu
1821 2617 2003 2675 super

342 2693 646 2749 electionis
709 2694 1025 2766 positione,
1105 2710 1242 2765 quae
1306 2691 1620 2764 praemissa
1670 2695 1811 2747 sunt
1864 2705 2002 2763 pro-

344 2782 600 2852 tulerim,
649 2786 853 2839 tamen
906 2783 968 2838 in
1017 2782 1180 2838 malo
1228 2783 1408 2838 etiam
1457 2797 1494 2837 a
1525 2781 1822 2853 propheta
1872 2783 2002 2836 Eze-

343 2869 496 2925 chiel
521 2870 789 2942 positum
812 2887 1038 2926 nomen
1071 2869 1376 2927 electionis
1405 2869 1714 2942 reperitur,
1742 2869 1848 2942 qui
1878 2869 1995 2925 ait:

349 2959 688 3015 Traducam
719 2975 819 3016 vos
863 2961 926 3015 in
975 2960 1272 3016 desertum
1297 2959 1684 3028 populorum,
1735 2965 1790 3015 et
1825 2959 1998 3028 judi-

343 3047 526 3104 cabor
556 3049 853 3105 vobiscum
885 3049 969 3104 ibi
988 3050 1148 3118 facie
1174 3049 1256 3105 ad
1279 3049 1518 3118 faciem.
1572 3048 1743 3104 Sicut
1763 3049 2000 3119 judicio

2111 1902 2372 1958 sponsor
2396 1887 2456 1943 in
2482 1887 2730 1943 crimine
2752 1892 2860 1958 est,
2880 1889 2929 1944 si
2949 1888 3044 1944 ille
3060 1889 3154 1944 cui
3175 1888 3604 1962 repromittitur
3622 1888 3780 1945 indi-

2109 1991 2297 2046 gnum
2330 1993 2392 2033 se
2423 1977 2626 2034 fecerit
2651 1978 2996 2051 sponsione,
3021 1979 3358 2051 praesertim
3387 1995 3528 2034 cum
3553 1994 3780 2052 prope.

2108 2071 2286 2123 natur
2314 2068 2478 2140 optio
2507 2067 2906 2140 promittentis
2936 2070 3004 2126 Si
3033 2070 3342 2125 volueritis
3374 2075 3429 2125 et
3455 2069 3777 2125 audieritis

2108 2172 2218 2224 me,
2239 2173 2369 2229 qua:
2392 2158 2542 2214 bona
2564 2163 2706 2214 sunt
2728 2164 2907 2215 terra?
2929 2159 3241 2215 comedetis
3270 2174 3282 2213 :
3315 2159 3408 2214 sin
3440 2163 3638 2213 autem
3663 2169 3775 2210 no-

2113 2248 2363 2318 lueritis,
2390 2248 2633 2318 gladius
2653 2247 2961 2304 devorabit
2986 2263 3086 2304 vos
3111 2248 3238 2319 (lsa.
3259 2247 3510 2318 1,19,20).
3538 2245 3782 2314 Eligun-

2110 2340 2204 2391 tur
2225 2351 2368 2405 ergo
2398 2337 2774 2409 preescientia
2829 2336 2960 2408 [al.,
3007 2335 3346 2409 praesentia]
3403 2350 3515 2391 nec
3569 2333 3780 2390 statim

2108 2423 2213 2498 qui
2239 2424 2472 2495 eligitur
2499 2424 2708 2481 tentari
2741 2440 2863 2481 non
2893 2429 3091 2497 potest
3122 2439 3233 2480 nec
3270 2423 3484 2496 perire,
3540 2423 3689 2494 quia
3719 2424 3783 2478 et

2112 2514 2251 2570 Saul
2275 2514 2496 2570 electus
2525 2515 2588 2570 in
2613 2529 2838 2584 regem,
2876 2518 2934 2570 et
2978 2516 3003 2569 ,Ι
3013 2512 3164 2569 udas
3191 2513 3254 2569 in
3283 2509 3628 2585 apostolum
3659 2525 3784 2567 suo

2109 2607 2318 2675 postea
2343 2603 2488 2659 vitio
2514 2606 2912 2668 corruerunt].

2179 2693 2221 2762 -ι-
2252 2691 2416 2747 Idem
2460 2691 2521 2748 in
2569 2692 2785 2749 eodem
2835 2693 2921 2761 (in
2963 2691 3180 2749 Ezech.
3217 2707 3268 2747 c.
3303 2707 3343 2757 ι,
3373 2707 3435 2746 v.
3469 2690 3534 2746 i3
3559 2691 3615 2746 et
3649 2689 3776 2758 hi):

2107 2781 2448 2852 [Quomodo
2487 2781 2666 2852 igitur
2703 2781 2928 2838 crebris
2958 2781 3142 2838 micat
3168 2781 3412 2852 ignibus
3459 2779 3661 2847 aether,
3717 2782 3782 2835 et

2106 2870 2168 2925 in
2197 2870 2318 2926 ictu
2355 2870 2512 2926 oculi
2547 2876 2725 2944 atque
2770 2874 3078 2928 momento
3121 2871 3467 2926 discurrunt
3506 2868 3774 2940 fulgura,

2106 2963 2163 3015 et
2189 2964 2566 3016 revertuntur
2611 2975 2737 3016 non
2785 2962 3140 3017 amitttentia
3198 2959 3510 3016 matricem
3567 2962 3642 3026 et,
3706 2963 3778 3014 ut

2107 3049 2190 3104 ita
2219 3048 2492 3116 dixerim,
2525 3048 2753 3105 fontem
2779 3049 2934 3118 ignis
2960 3053 3140 3122 atque
3180 3049 3534 3105 materiam:
3584 3047 3666 3104 ita
3713 3051 3776 3104 et

344 3139 625 3194 contendi
651 3139 968 3194 adversum
984 3144 1193 3208 patres
1221 3144 1441 3195 vestros
1473 3138 1535 3192 in
1562 3138 1792 3194 deserto
1824 3145 2001 3196 terra
2042 3162 2084 3218 ο
2108 3137 2234 3192 haec
2265 3137 2570 3205 animalia,
2624 3154 2763 3193 cum
2811 3136 3112 3194 inoffenso
3155 3141 3410 3210 pergant
3455 3136 3629 3210 pede,
3687 3134 3774 3192 ad

342 3229 615 3298 Egypti
637 3246 650 3296 ;
683 3229 768 3285 sic
777 3228 1068 3298 judicabo
1098 3243 1219 3296 vos,
1249 3229 1394 3284 dicit
1420 3228 1755 3285 Dominus:
1782 3234 1836 3285 et
1865 3230 2000 3285 sub-

332 3319 547 3389 jiciam
572 3333 673 3374 vos
699 3324 932 3387 sceptro
962 3333 1110 3388 meo,
1142 3323 1195 3374 et
1219 3317 1500 3374 inducam
1523 3332 1622 3373 vos
1651 3318 1712 3374 in
1744 3320 2001 3376 vinculis

338 3408 604 3478 foederis,
639 3414 693 3464 et
723 3409 940 3478 eligam
971 3409 1045 3464 de
1085 3408 1247 3464 vobis
1292 3413 1763 3478 transgressores
1805 3414 1860 3465 et
1889 3410 2000 3466 im-

341 3498 491 3566 pios,
515 3502 568 3552 et
590 3497 662 3553 de
684 3501 849 3553 terra
868 3498 1167 3553 incolatus
1188 3512 1388 3554 eorum
1412 3498 1661 3554 educam
1683 3498 1840 3568 illos,
1867 3504 1921 3556 et
1937 3515 2001 3555 in

345 3587 567 3638 terram
602 3585 795 3639 Israel
820 3600 942 3640 non
970 3585 1407 3655 ingredientur,
1440 3591 1495 3641 et
1524 3585 1719 3642 scietis
1739 3587 1881 3657 quia
1897 3601 2002 3658 ego

346 3673 632 3727 Dominus
671 3672 909 3742 (Eezch.
936 3689 1036 3739 xx,
1071 3675 1275 3744 35-38).
1301 3673 1473 3739 Quod
1504 3674 1901 3746 Hieronymus
1921 3675 2003 3732 ita

343 3759 591 3832 exponit
619 3760 703 3830 (in
729 3759 944 3816 Ezech.
979 3776 1112 3830 cap.
1131 3777 1225 3828 xx,
1255 3761 1376 3831 35):
1401 3761 1685 3832 [Faciam,
1708 3762 1809 3828 ait,
1827 3762 2002 3818 vobis

342 3848 449 3920 qui
474 3848 615 3904 estis
644 3848 703 3904 in
735 3847 1064 3921 Babylone,
1092 3853 1150 3904 et
1173 3865 1336 3906 nunc
1358 3849 1590 3906 servitis
1618 3849 1811 3921 idolis,
1834 3851 2002 3924 quod

342 3939 454 3994 feci
482 3940 755 4012 patribus
783 3941 994 3996 vestris
1031 3941 1091 3996 in
1126 3944 1375 4013 Egypto,
1424 3945 1488 3997 ut
1530 3943 1778 3998 educam
1811 3958 1911 3998 vos
1937 3959 2001 3998 in

342 4029 637 4085 desertum
660 4031 1044 4099 populorum,
1068 4035 1124 4086 et
1152 4030 1234 4086 ibi
1257 4029 1488 4101 judicet
1512 4030 1832 4086 vobiscum
1851 4031 2000 4087 facie

342 4118 420 4174 ad
449 4117 684 4186 faciem,
716 4119 868 4175 sicut
899 4119 1218 4176 adversum
1244 4120 1376 4176 illos
1413 4111 1644 4191 judicio
1691 4121 1998 4192 contendi,

342 4207 592 4280 quando
618 4209 842 4276 egressi
869 4213 1010 4264 sunt
1036 4209 1112 4264 de
1144 4213 1418 4281 Egypto.
1446 4212 1511 4265 Et
1537 4215 1862 4282 postquam
1893 4227 2002 4267 vos

339 4295 708 4367 judicavero,
742 4296 1059 4367 subjiciam
1089 4313 1195 4353 vos
1225 4303 1462 4369 sceptro
1491 4314 1628 4354 meo
1650 4304 1705 4355 et
1726 4299 1998 4373 imperio,

345 4390 402 4442 et
431 4384 597 4440 inibo
625 4389 871 4457 pactum
893 4385 1231 4452 vobiscum,
1262 4391 1320 4442 et
1348 4386 1636 4443 inducam
1667 4405 1776 4445 vos
1801 4389 1862 4444 in
1893 4394 2003 4444 ter-

2109 3225 2312 3298 priora
2341 3225 2656 3282 festinant:
2708 3225 2799 3282 sin
2831 3231 3033 3283 autem
3081 3226 3323 3282 conatui
3375 3241 3488 3282 suo
3537 3224 3776 3298 aliquid

2108 3317 2597 3390 oppositum[al.,
2636 3315 2924 3387 obsitum]
2952 3315 3226 3383 viderint,
3267 3331 3391 3372 non
3419 3319 3545 3371 tam
3571 3330 3767 3372 rever-

2109 3409 2313 3462 tuntur
2336 3421 2526 3478 quam
2565 3405 2926 3462 contrahunt
2973 3420 3037 3461 se
3084 3404 3468 3461 extendentia
3523 3419 3771 3460 sursum

2109 3498 2242 3570 [al.,
2300 3495 2676 3552 extendenda
2722 3495 3006 3566 rursum],
3068 3499 3123 3551 et
3175 3493 3504 3568 praebitura
3558 3493 3771 3549 lumen

2107 3585 2274 3661 quod
2304 3600 2632 3658 parumper
2655 3584 3120 3650 absconderant,
3144 3588 3208 3640 ut
3233 3584 3378 3640 dent
3402 3583 3588 3640 servis
3608 3582 3774 3639 ciba-

2107 3676 2199 3732 ria
2227 3675 2290 3730 in
2319 3679 2586 3746 tempore
2618 3689 2866 3741 suo,nec
2893 3673 3161 3730 tribuant
3189 3677 3467 3729 sanctum
3490 3671 3771 3740 canibus,

2108 3780 2219 3820 nec
2277 3763 2515 3818 mittant
2569 3762 2928 3833 margaritas
2985 3766 3122 3817 ante
3170 3777 3408 3834 porcos.
3484 3760 3651 3817 Unde
3715 3765 3777 3817 et

2109 3853 2326 3910 Paulus
2356 3851 2532 3908 dicit:
2571 3854 2696 3908 Lac
2745 3853 2905 3908 vobis
2939 3859 3149 3922 potum
3199 3853 3339 3909 dedi
3383 3868 3503 3908 non
3552 3867 3771 3919 escam,

2109 3942 2362 3999 necdum
2391 3943 2547 3999 enim
2576 3956 2788 4011 capere
2808 3943 3102 4011 poteratis
3134 3942 3194 4009 (I
3213 3943 3352 3998 Cor.
3385 3957 3468 4009 ιιι,
3499 3944 3576 4009 2).
3613 3940 3774 3996 Elec—

2108 4032 2311 4104 tioque
2339 4030 2523 4101 Judae,
2549 4033 2606 4086 et
2638 4029 2830 4087 Saulis
2858 4030 3081 4101 unctio,
3113 4046 3237 4087 non
3267 4034 3529 4101 arguunt
3580 4032 3773 4085 Deum

2108 4119 2461 4192 ignorantiae
2486 4119 2846 4187 futurorum,
2880 4119 2986 4175 sed
3015 4119 3405 4192 praesentium
3433 4122 3775 4175 monstrant

2109 4227 2238 4267 esse
2264 4209 2579 4282 judicem.]
2609 4211 2650 4280 -ξ-
2677 4209 3030 4266 Ambrosius
3053 4209 3134 4282 (in
3156 4211 3431 4280 Epistola
3451 4208 3533 4265 ad
3552 4210 3771 4265 Roma-

2109 4316 2215 4357 nos
2255 4316 2329 4370 Ix,
2366 4303 2451 4366 11)
2480 4316 2492 4354 :

2183 4388 2578 4461 [Praescientia
2605 4388 2706 4444 Dei
2743 4388 2974 4459 ﬂagitat
3003 4388 3064 4444 in
3094 4387 3188 4444 his
3219 4387 3439 4457 causis,
3479 4404 3616 4460 quae
3645 4401 3770 4444 non

342 4489 476 4531 ram
494 4477 750 4530 vestram
784 4474 846 4529 in
874 4474 1126 4531 vinculis
1155 4475 1473 4544 charitatis,
1509 4481 1575 4533 ut
1596 4477 1760 4547 ligati
1793 4494 1999 4534 amore
2032 4515 2077 4571 Β
2109 4478 2273 4536 aliud
2300 4482 2493 4551 potest
2520 4478 2778 4548 evenire,
2833 4494 3021 4550 quam
3074 4477 3240 4550 quod
3286 4481 3439 4534 Deus
3477 4477 3768 4543 futurum,

342 4579 481 4620 meo
509 4579 899 4636 nequaquam
945 4579 980 4621 a
1028 4580 1124 4620 me
1172 4565 1412 4637 possitis
1439 4566 1735 4622 recedere.
1793 4569 2003 4623 Trans-

344 4669 646 4724 gressores
677 4658 879 4710 autem
932 4658 989 4711 et
1016 4653 1238 4727 impios
1283 4655 1389 4728 qui
1433 4655 1630 4712 cordis
1673 4655 1893 4714 duritia
1938 4658 2000 4714 in

342 4742 516 4799 malis
546 4743 830 4816 operibus
867 4748 1272 4816 perseverant,
1305 4744 1522 4816 eligam
1561 4745 1637 4801 de
1675 4745 1848 4802 vobis
1878 4762 2001 4803 non

343 4832 421 4889 ad
444 4832 903 4905 possidendum,
938 4833 1044 4890 sed
1075 4833 1156 4890 ad
1185 4834 1614 4906 abjiciendum.
1650 4838 1715 4891 Et
1744 4835 2001 4894 educam

341 4922 590 4994 quidem
620 4939 723 4979 eos
748 4923 822 4979 de
849 4928 1004 4980 terra
1022 4923 1320 4980 incolatus
1339 4939 1549 4980 eorum
1575 4928 1641 4980 ut
1665 4925 1860 4981 educti
1879 4941 2004 4982 non

341 5011 757 5081 ingrediantur
782 5016 1002 5068 terram
1032 5013 1232 5084 Israel,
1260 5014 1365 5069 sed
1393 5013 1456 5070 in
1485 5013 1734 5070 diversis
1755 5021 2006 5087 pereant

342 5099 715 5168 regionibus,
761 5105 820 5157 et
865 5101 1244 5159 distinctione
1272 5103 1577 5160 bonorum
1609 5107 1666 5159 et
1704 5103 2003 5161 malorum

346 5189 723 5258 cognoscatis
755 5191 922 5262 quod
964 5207 1078 5261 ego
1123 5191 1236 5247 sim
1293 5193 1426 5262 [al.,
1479 5192 1623 5265 quia
1675 5209 1787 5265 ego
1841 5193 2003 5264 sum]

345 5276 637 5333 Dominus
660 5277 763 5350 qui
790 5278 944 5334 facio
976 5285 1193 5336 cuncta
1211 5281 1482 5356 judicio].

416 5368 458 5437 -ξο
499 5366 689 5423 Claret
725 5367 926 5441 itaque
955 5368 1308 5425 electionem
1359 5371 1458 5426 Dei
1507 5371 1686 5428 etiam
1735 5372 1797 5429 in
1841 5372 2003 5430 malo

345 5456 492 5527 poni
511 5457 846 5512 secundum
867 5459 1285 5530 propheticam
1307 5461 1795 5533 astipulationem
1821 5467 1877 5519 et
1897 5465 2005 5519 Do-

347 5543 496 5599 mini
518 5545 1072 5604 comminationem.
1101 5550 1344 5617 Verum,
1376 5550 1544 5622 quod
1573 5553 2004 5624 temporariam

347 5646 592 5701 quoque
612 5632 1125 5705 dispensationem
1152 5637 1462 5708 signiﬁcet,
1483 5644 1772 5696 testantur
1802 5641 2003 5698 eximii

349 5717 694 5776 divinorum
712 5722 1091 5796 eloquiorum
1112 5731 1483 5799 tractatores,
1506 5731 1609 5801 qui
1625 5746 1941 5803 nunquam
1967 5748 2004 5790 a

347 5804 646 5861 contrario
675 5811 797 5872 tuo,
826 5812 936 5868 sed
962 5829 1000 5870 a
1027 5816 1342 5888 temporali
1363 5818 1641 5889 [quadam
1666 5821 1769 5876 Dei
1791 5819 1998 5892 dispo-

2110 4567 2423 4624 sciendum
2464 4568 2592 4639 [al.,
2647 4567 2914 4639 sciendo]
2966 4567 3128 4623 enim
3179 4567 3346 4640 quod
3387 4565 3773 4639 unusquique

2108 4656 2349 4712 illorum
2402 4655 2601 4729 qualis
2664 4655 2900 4712 futurus
2957 4659 3132 4718 esset,
3212 4655 3416 4712 dixit:
3490 4655 3595 4710 Hic
3665 4655 3774 4709 erit

2110 4749 2332 4820 dignus
2355 4749 2461 4821 qui
2487 4748 2594 4804 erit
2623 4748 2839 4816 minor,
2869 4751 2925 4804 et
2961 4749 3066 4821 qui
3095 4748 3292 4819 major
3334 4746 3443 4803 erit
3487 4745 3772 4817 indignus

2111 4839 2278 4911 (Gen.
2331 4855 2474 4904 xxv,
2533 4841 2672 4907 23);
2746 4853 2938 4894 unum
3013 4837 3189 4909 elegit
3246 4835 3642 4910 prtescientia,
3716 4839 3773 4891 et

2112 4928 2366 4986 alterum
2398 4927 2619 5000 sprevit
2649 4928 2815 4997 (Mal.
2851 4943 2888 4995 ι,
2926 4928 3019 4998 2);
3065 4930 3121 4982 et
3178 4926 3238 4982 in
3275 4926 3376 4982 illo
3423 4941 3607 4998 quem
3662 4925 3774 4981 ele-

2112 5017 2214 5089 git,
2274 5017 2654 5090 propositum
2714 5017 2817 5072 Dei
2887 5021 3112 5085 manet,
3183 5015 3332 5088 quia
3404 5013 3567 5069 aliud
3647 5029 3772 5068 non

2110 5111 2307 5180 potest
2351 5105 2554 5162 venire
2598 5122 2785 5178 quam
2825 5107 2934 5161 scit
2976 5109 3034 5160 et
3076 5104 3392 5178 proposuit
3429 5103 3491 5159 in
3534 5101 3656 5170 illo,
3709 5105 3771 5158 ut

2112 5195 2300 5252 salute
2329 5195 2550 5264 dignus
2581 5195 2672 5250 sit.
2699 5197 2764 5250 Et
2791 5194 2851 5249 in
2879 5194 2978 5250 illo
3007 5209 3191 5266 quem
3217 5193 3443 5266 spernit
3461 5193 3593 5264 [al.,
3617 5206 3771 5264 spre-

2110 5285 2232 5356 vit],
2262 5284 2438 5340 simili
2467 5283 2652 5340 modo
2694 5286 2899 5340 manet
2936 5284 3314 5357 propositum
3353 5282 3521 5355 quod
3557 5297 3772 5355 propo-

2114 5373 2234 5428 suit
2257 5374 2331 5428 de
2361 5372 2480 5440 illo,
2505 5373 2650 5444 quia
2668 5371 2952 5441 indignus
2981 5372 3109 5427 erit.
3139 5375 3258 5427 lloc
3287 5370 3461 5443 quasi
3489 5370 3768 5443 praescius

2111 5478 2233 5519 non
2256 5477 2653 5535 personarum
2677 5466 2954 5534 acceptor
2976 5463 3164 5529 (Rom.
3184 5477 3266 5529 rx,
3294 5461 3400 5531 i3),
3425 5475 3568 5515 nam
3589 5457 3766 5514 nemi-

2111 5568 2252 5609 nem
2292 5551 2544 5608 damnat
2573 5555 2898 5623 antequam
2932 5555 3156 5624 peccet,
3180 5554 3238 5606 et
3261 5549 3497 5605 nullum
3528 5549 3769 5605 coronat

2113 5648 2440 5715 antequam
2462 5641 2661 5697 vincat
2681 5641 2773 5712 (II
2796 5642 3008 5710 Tim",
3034 5641 3107 5712 9).
3129 5643 3245 5695 Hoc
3266 5639 3519 5712 pertinet
3542 5638 3620 5694 ad
3642 5653 3772 5693 cau-

2115 5749 2246 5788 sam
2283 5732 2634 5787 Judasorum
2664 5731 2769 5803 qui
2801 5731 2912 5787 sibi
2943 5730 3340 5804 praerogativa
3389 5729 3516 5800 [al.,
3555 5743 3770 5801 praero-

2118 5822 2406 5893 gativam]
2436 5820 2784 5891 defendunt,
2830 5819 3000 5894 quod
3158 5819 3275 5877 sint
3301 5818 3554 5877 Abrahae
3580 5819 3766 5891 (Joan.
