3936 6382
93 273 224 331 1185

1035 281 1123 335 DE
1163 277 1826 339 PREDESTINATIONE
1864 275 2142 333 CONTRA
2179 277 2232 334 J.
2278 278 2571 338 SCOTUM.

3381 287 3517 342 “86

89 400 138 467 8,
190 401 280 467 59,
327 398 460 471 40);
519 400 838 473 Apostolus
887 406 1088 460 autem
1137 406 1482 463 consolatur
1528 420 1612 472 se,
1656 405 1741 470 ut,
1773 404 1821 456 A
1861 400 2197 458 admissum
2231 403 2446 473 scelus,
2480 401 2828 476 pcenitentia
2869 403 3068 458 motus
3091 401 3310 477 laqueo
3336 405 3520 464 vitam

87 487 228 561 quia
256 487 566 560 dilexerat,
592 491 865 548 dolorem
887 492 1108 550 habere
1129 511 1190 550 se
1220 497 1438 560 cordis,
1461 495 1745 552 continuo

87 591 338 632 causam
368 577 499 648 [al.,
529 579 882 636 continuum
924 589 1132 648 causa]
1164 583 1594 640 incredulitatis
1625 581 1749 637 illo-

85 680 219 720 rum
248 682 511 738 quorum
541 668 787 742 adoptio
814 675 942 726 erat
969 671 1324 738 tiliorum,et
1343 673 1491 744 legis
1522 671 1746 728 consti-

87 754 231 810 tutio
263 755 449 827 (Rom.
477 773 557 828 Ix,
589 762 644 829 2,
675 759 752 830 4),
786 763 843 815 et
885 776 958 816 ex
986 761 1209 834 quibus
1247 763 1508 818 Christus
1541 760 1747 818 Salva-

85 847 194 911 tor,
225 845 380 902 sicut
409 850 468 903 et
506 846 656 920 ipse,
685 848 802 904 ait:
837 849 990 916 Quia
1035 853 1201 908 salus
1249 867 1321 912 ea;
1363 852 1594 909 Judteis
1624 857 1751 920 est;

86 936 338 990 tractata
363 934 493 1006 lege
524 936 751 992 invenit
780 939 922 1010 quia
951 955 1070 996 non
1103 956 1301 998 omnes
1331 943 1440 1013 qui
1457 957 1532 998 ex
1561 939 1750 996 Israel

85 1028 244 1090 sint,
267 1024 562 1080 credituri
590 1032 770 1097 sunt;
800 1042 988 1098 neque
1007 1029 1112 1099 qui
1125 1030 1413 1085 dicuntur
1429 1031 1548 1099 ﬁlii
1567 1029 1751 1084 Abra-

85 1110 195 1179 hw,
231 1127 476 1170 omnnes
523 1113 785 1171 Abrahae
809 1114 966 1171 ﬁlios
1007 1116 1332 1173 dicendos:
1383 1118 1536 1173 sicut
1567 1133 1750 1190 supra

81 1202 418 1257 memoravi
445 1203 574 1274 [al.,
609 1206 1123 1275 commemoravi).
1151 1205 1355 1262 Minuit
1399 1223 1541 1278 ergo
1580 1207 1751 1262 dolo-

77 1305 208 1346 rem
231 1307 415 1347 suum
430 1291 743 1348 inveniens
787 1292 929 1349 olim
968 1295 1322 1367 prtedictum
1344 1297 1509 1368 quod
1527 1313 1650 1352 non
1668 1312 1755 1352 es-

76 1382 210 1434 sent
241 1395 460 1435 omnes
509 1380 784 1438 credituri
815 1384 1014 1452 (Joan.
1061 1385 1154 1455 IV),
1184 1390 1248 1440 ut
1279 1385 1338 1440 bi
1371 1385 1479 1441 soli
1510 1386 1757 1448 doleant

79 1468 210 1538 [al.,
231 1467 328 1522 his
351 1468 494 1524 solis
516 1469 753 1541 doleat],
773 1471 875 1543 qui
896 1487 1004 1544 per
1026 1472 1319 1530 invidiam
1340 1473 1752 1530 incredulitate

81 1555 364 1613 laborant
390 1574 403 1612 :
437 1565 693 1630 possunt
719 1565 920 1617 tamen
960 1562 1222 1631 credere,
1254 1564 1420 1636 quod
1451 1581 1524 1620 ex
1556 1564 1755 1635 subje-

84 1645 189 1702 ctis
217 1646 446 1718 aperit:
478 1647 804 1704 incredulis
835 1655 1035 1706 tamen
1074 1653 1392 1724 praedictis,
1424 1669 1547 1710 non
1577 1653 1752 1709 valde

84 1733 413 1790 dolendum
436 1736 692 1809 est,quia
708 1753 831 1794 non
854 1742 996 1794 sunt
1021 1741 1424 1812 praedestinati
1446 1742 1524 1798 ad
1547 1742 1750 1811 vitam;
1785 1757 1823 1810 Β

86 1823 463 1895 praescientia
489 1825 648 1883 enim
685 1826 784 1881 Dei
811 1827 955 1883 olim
985 1828 1097 1884 bos
1135 1845 1258 1885 non
1299 1831 1625 1887 salvandos
1652 1831 1752 1886 de-

88 1913 288 1969 crevit.
324 1913 464 1977 Quis
495 1915 657 1971 enim
685 1915 938 1989 plangat
966 1933 1106 1973 eum
1152 1919 1256 1991 qui
1288 1920 1432 1975 olim
1478 1925 1752 1976 mortuus

86 2000 360 2073 habetur,
381 2003 488 2058 sed
516 2003 995 2061 subintrantibus
1018 2006 1296 2075 gentibus
1319 1994 1610 2079 quaesine
1634 2011 1753 2064 Deo

87 2089 251 2161 prius
278 2094 448 2146 erant
474 2092 655 2161 (Eph.
683 2109 742 2161 ιι,
771 2094 846 2165 3),
882 2098 939 2149 et
968 2093 1246 2165 salutem,
1279 2111 1466 2166 quam
1508 2095 1588 2150 illi
1619 2112 1752 2168 per-

88 2177 388 2250 diderunt,
443 2181 898 2254 accipientibus,
948 2184 1345 2240 exsuscitatur
1403 2184 1597 2252 dolor;
1647 2185 1754 2240 sed

86 2266 318 2337 iterum,
343 2270 490 2342 quia
518 2270 634 2342 ipsi
667 2270 780 2326 sibi
806 2271 1159 2344 perditionis
1191 2289 1379 2329 causa
1405 2277 1565 2336 sunt,
1599 2274 1756 2345 sopi-

88 2359 195 2413 tur.
227 2358 516 2414 Praascius
536 2360 744 2433 itaque
775 2364 930 2417 Deus
959 2361 1135 2417 malae
1164 2362 1296 2418 illos
1325 2363 1647 2419 voluntatis
1670 2363 1758 2418 fu-

89 2449 270 2515 turos,
286 2464 414 2504 non
436 2448 569 2506 illos
585 2450 798 2507 habuit
825 2451 887 2506 in
910 2467 1165 2508 numero
1187 2453 1488 2508 bonorum
1510 2471 1522 2520 ;
1546 2469 1758 2525 quam-

93 2534 178 2590 vis
206 2535 372 2593 dicat
404 2537 679 2595 Salvator
701 2538 814 2595 illis
836 2540 1217 2612 septuaginta
1237 2541 1478 2598 duobus
1498 2541 1756 2614 discipu-

86 2623 175 2695 lis,
206 2641 364 2699 quos
395 2626 655 2699 elegerat
710 2630 978 2686 secunda
1027 2630 1238 2699 classe,
1269 2631 1374 2704 qui
1402 2631 1480 2688 ab
1519 2631 1620 2687 illa
1650 2647 1756 2704 po-

91 2716 212 2770 stea
240 2721 654 2773 recesserunt:
686 2719 951 2776 Nomina
999 2725 1197 2776 vestra
1251 2722 1478 2790 scripta
1527 2726 1666 2777 sunt
1692 2721 1755 2776 in

92 2803 232 2859 cwlo
262 2807 432 2873 (Luc.
461 2822 515 2875 x,
546 2807 656 2878 20).
694 2807 808 2864 Sed
838 2808 952 2864 hoc
1002 2812 1246 2881 propter
1265 2808 1585 2880 justitiam,
1612 2809 1758 2882 quia

91 2891 200 2948 hoc
227 2898 318 2949 est
342 2894 577 2966 justum
621 2899 685 2951 ut
732 2896 1058 2970 unicuique
1088 2913 1199 2970 pro
1249 2898 1462 2954 merito
1501 2913 1756 2970 respon-

94 2979 334 3051 deatur;
367 2983 514 3055 quia
538 2983 699 3039 enim
728 2984 873 3040 boni
903 2990 1090 3053 erant,
1116 2986 1284 3042 electi
1313 2992 1452 3042 sunt
1480 2986 1558 3042 ad
1583 2985 1758 3042 mini-

98 3071 362 3139 sterium,
397 3075 456 3128 et
485 3077 658 3128 erant
701 3074 922 3145 scripta
968 3075 1220 3130 nomina
1249 3075 1491 3131 illorum
1520 3076 1582 3130 in
1608 3075 1758 3131 caelo
1788 3113 1830 3170 Ο

97 3165 338 3234 propter
398 3161 713 3232 justitiam,
778 3162 930 3218 sicut
993 3163 1159 3219 dixi:
1231 3163 1569 3220 secundum
1608 3179 1762 3236 prae-

1858 491 2049 547 ﬁnivit
2077 491 2318 563 (Matth.
2342 510 2523 563 xxvu,
2552 494 2624 565 5).
2660 496 2786 548 Non
2813 491 2976 548 enim
3006 497 3203 565 potest
3221 493 3284 549 in
3315 494 3520 568 aliquo

1858 596 2038 636 omne
2059 581 2291 637 bonum
2323 583 2558 654 penitus
2584 581 2942 650 oblitterari;
2972 581 3220 655 quippe,
3249 599 3390 640 cum
3410 600 3519 642 na-

1859 673 1993 725 tura
2035 686 2158 726 non
2209 671 2399 744 possit
2445 671 2772 741 immutari,
2807 670 2911 726 sed
2943 671 3262 741 voluntas;
3302 673 3521 730 nonin

1859 757 2145 813 omnibus
2199 763 2402 815 tamen
2447 759 2669 825 causis,
2700 758 2846 831 quia
2888 763 3158 816 remanet
3197 759 3260 816 in
3301 766 3523 819 natura

1859 847 2027 920 quod
2058 848 2396 905 testimonio
2429 850 2503 905 sit
2535 848 2842 920 Creatori.)

1931 937 1973 1006 -ι-
2000 935 2096 990 His
2127 937 2411 992 omnibus
2438 937 2741 994 evinenter
2783 937 3118 992 ostenditur
3143 942 3383 995 sanctos
3415 940 3522 996 Pa-

1861 1029 1979 1080 tres
2009 1029 2122 1080 tuai
2151 1026 2587 1081 contrarietatis
2617 1024 2870 1080 modum
2897 1025 2956 1080 in
2995 1031 3343 1083 sanctarum
3373 1028 3520 1084 Scri-

1862 1114 2175 1186 pturarum
2213 1114 2742 1186 explanationibus
2790 1113 3038 1170 minime
3081 1120 3341 1184 secutos,
3390 1116 3515 1186 sed,

1861 1203 2208 1275 ubicunque
2234 1204 2558 1260 necessitas
2594 1203 2942 1276 postulavit,
2973 1220 3079 1276 per
3109 1209 3350 1278 tropum
3374 1206 3521 1263 anti-

1862 1293 2132 1366 phrasim
2163 1309 2300 1366 quae
2331 1293 2566 1349 fuerant
2612 1293 2973 1350 elucidanda
3000 1293 3269 1362 locutos;
3302 1296 3361 1350 in
3394 1296 3520 1352 suis

1861 1399 2004 1439 vero
2024 1382 2427 1439 locutionibus
2451 1399 2554 1440 eos
2581 1384 2693 1439 isto
2717 1383 3005 1456 loquendi
3036 1384 3221 1440 modo
3246 1401 3522 1458 unquam

1863 1490 2010 1531 usos
2055 1473 2259 1542 fuisse,
2293 1490 2538 1547 prorsus
2595 1473 2746 1530 ratio
2795 1474 3179 1531 contradicit:
3229 1475 3522 1548 quoniam

1863 1563 1965 1636 qui
1987 1563 2066 1619 ad
2095 1562 2210 1619 hoc
2231 1563 2490 1619 obscura
2505 1563 2846 1619 divinorum
2867 1562 3246 1635 eloquiorum
3269 1569 3524 1621 tractan-

1863 1654 1942 1710 da
1965 1659 2354 1727 susceperant
2375 1659 2438 1711 ut
2457 1671 2667 1711 eorum
2691 1653 2979 1726 mysteria
3004 1654 3128 1710 suis
3149 1655 3524 1712 auditoribus

1864 1745 2183 1818 aperirent,
2243 1743 2411 1801 nullo
2463 1745 2651 1801 modo
2700 1744 2853 1801 ratio
2906 1743 3043 1801 sinit
3098 1760 3201 1801 eos
3252 1745 3524 1815 ﬁguratis

1863 1832 2224 1890 dictionibus
2268 1833 2604 1904 insudasse,
2636 1832 2859 1906 quibus
2891 1833 3196 1889 auditores
3226 1850 3370 1889 suos
3399 1849 3524 1890 non

1863 1923 2240 1990 instruerent,
2318 1922 2466 1993 quin
2518 1921 2719 1994 potius
2766 1921 3178 1978 obscurarent.
3235 1922 3526 1988 Quocirca

1863 2011 2206 2067 nullatenus
2255 2011 2470 2066 eadem
2522 2010 2742 2066 locutio
2787 2010 3060 2082 putanda
3106 2015 3215 2081 est,
3246 2011 3526 2083 quandiu

1864 2102 2078 2171 legitur
2115 2099 2570 2172 praedestinatos
2615 2099 2694 2155 ad
2746 2115 3034 2171 poenam;
3077 2099 3169 2156 vel
3195 2100 3522 2171 interitum,

1865 2209 2002 2264 quae
2028 2195 2115 2247 est
2148 2207 2288 2245 eum
2318 2189 2533 2246 dicitur
2558 2188 2780 2245 electus
2806 2187 3010 2258 ludas,
3042 2191 3189 2262 quia
3217 2189 3522 2246 electionis

1865 2281 2110 2338 nomine
2163 2284 2386 2335 sanctae
2440 2279 2776 2351 Scripturte,
2811 2295 3142 2352 earumque
3187 2279 3526 2335 ﬁdelissimi

1867 2374 2234 2435 traetatores,
2266 2384 2426 2437 raro,
2454 2367 2568 2423 nisi
2595 2367 2658 2422 in
2688 2367 2852 2423 bono
2878 2367 2973 2423 vel
3002 2372 3224 2423 aeterno
3249 2368 3344 2423 vel
3378 2373 3524 2424 tem-

1865 2459 2076 2534 porali,
2132 2457 2225 2514 usi
2274 2457 2462 2514 fuisse
2517 2456 2914 2529 reperiuntur.
2976 2456 3524 2514 Preedestinationis

1865 2562 2008 2602 vero
2053 2545 2490 2616 signiﬁcatione
2514 2543 2796 2601 bifariam
2826 2560 3242 2618 saepenumero
3285 2544 3526 2618 publice

1864 2635 2284 2708 privatimque,
2317 2633 2409 2691 vel
2434 2634 2497 2690 in
2528 2633 2910 2690 sermonibus
2943 2634 3215 2690 videlicet
3233 2635 3311 2691 ad
3334 2650 3527 2707 popu-

1864 2725 2011 2793 lum,
2044 2724 2134 2780 vel
2160 2725 2220 2780 in
2242 2724 2592 2781 tractatibus
2617 2723 2867 2780 minime
2895 2723 2958 2780 in
2975 2725 3226 2794 vulgum
3253 2725 3527 2782 enuntia-

1866 2815 1961 2882 tis,
1994 2819 2161 2870 tanta
2211 2813 2546 2886 frequentia
2592 2813 2680 2868 uti
2732 2812 3076 2869 maluerunt
3117 2817 3184 2869 ut
3231 2829 3412 2887 super
3456 2829 3528 2870 eo

1866 2904 2015 2960 nulli
2079 2902 2373 2970 studioso,
2430 2901 2548 2958 nisi
2600 2902 2916 2958 inﬁdeliter
2981 2903 3292 2975 pertinaci,
3355 2902 3532 2960 liceat

1867 2991 2162 3048 dubitare.
2199 2992 2410 3048 Dicens
2436 2992 2640 3062 itaque
2667 3009 2679 3045 :

2442 3095 2686 3136 JOANNES
2728 3095 2954 3136 SCOTUS.

1943 3173 2108 3242 (Cap.
2161 3173 2246 3238 l3,
2278 3185 2448 3224 num.
2487 3173 2541 3239 5,
2582 3171 2723 3224 sect.
2755 3169 2835 3239 2.)
2865 3173 2905 3222 Θ
2950 3169 3022 3225 Si
3063 3184 3204 3240 ergo
3240 3170 3530 3226 Dominus

101 3249 411 3306 scientiam
467 3265 608 3307 vero
659 3251 724 3306 in
772 3267 1026 3309 numero
1075 3257 1244 3309 erant
1298 3253 1620 3308 malorum.
1681 3256 1760 3308 De
1863 3261 2235 3331 proditorem
2264 3275 2438 3315 suum
2490 3274 2612 3314 non
2649 3258 2887 3316 erubuit
2919 3259 3233 3328 appellare
3257 3259 3530 3332 electum,

95 3335 315 3406 justitia
361 3339 527 3396 enim
578 3340 734 3396 Deus
783 3341 1036 3412 judicat,
1069 3357 1193 3398 non
1253 3341 1328 3398 de
1356 3341 1758 3416 praescientia,

100 3426 254 3483 unde
283 3432 340 3484 et
369 3429 512 3486 Mosi
542 3429 722 3486 dicit:
770 3430 842 3486 Si
888 3432 1020 3502 quis
1059 3433 1334 3501 peccavit
1365 3437 1506 3488 ante
1531 3447 1639 3497 me,
1668 3432 1762 3487 de-

104 3516 247 3573 leam
275 3534 410 3576 eum
431 3519 506 3576 de
535 3520 688 3576 libro
718 3535 844 3576 meo
870 3521 1090 3592 (Exod.
1122 3537 1273 3589 xxu,
1303 3525 1392 3588 32,
1427 3521 1536 3591 33).
1573 3523 1642 3577 Ut
1669 3536 1760 3576 se-

103 3606 362 3664 cundum
385 3608 677 3681 justitiam
706 3609 923 3681 judicis
957 3614 1098 3665 tunc
1122 3609 1398 3666 videatur
1418 3609 1603 3666 deleri
1621 3626 1761 3665 cum

104 3700 324 3768 peccat,
349 3697 527 3770 juxta
568 3698 1008 3771 praescientiam
1054 3715 1220 3766 vero,
1252 3715 1568 3771 nunquam
1601 3699 1663 3755 in
1693 3699 1761 3754 li-

104 3779 208 3838 bro
234 3784 370 3841 vitae
401 3785 605 3843 fuisse.
649 3787 792 3843 Hinc
823 3792 880 3843 et
909 3788 1220 3860 apostolus
1262 3791 1522 3844 Joannes
1551 3787 1626 3844 de
1654 3787 1764 3843 hu-

103 3868 358 3940 jusmodi
388 3876 508 3932 ait:
541 3877 642 3932 Ex
668 3877 833 3932 nobis
863 3879 1161 3944 exierunt,
1196 3879 1301 3934 sed
1348 3895 1468 3934 non
1507 3879 1762 3948 fuerunt

109 3973 178 4015 ea:
201 3964 367 4020 nobis
381 3982 405 4023 .’
432 3967 491 4022 si
515 3967 673 4022 enim
699 3967 956 4036 fuissent
981 3983 1057 4023 ex
1085 3968 1273 4034 nobis,
1293 3969 1762 4037 permansissent

110 4051 302 4124 utique
328 4056 638 4112 nobiscum
665 4056 726 4128 (Ι
753 4057 930 4114 Joan.
964 4073 1024 4124 11,
1062 4058 1166 4127 19).
1201 4060 1328 4112 Non
1359 4061 1447 4112 est
1483 4073 1767 4129 persona-

109 4151 236 4196 rum
264 4145 535 4219 acceptio
563 4145 626 4201 in
655 4145 1028 4218 praascientia
1060 4145 1160 4201 Dei
1178 4146 1331 4216 (Col.
1355 4161 1434 4213 ιιι,
1468 4147 1555 4217 25)
1581 4162 1595 4201 :
1621 4161 1768 4217 pra;-

114 4227 352 4289 scientia
379 4251 523 4292 vero
553 4242 803 4308 estquae
836 4236 966 4308 [al.,
1000 4235 1162 4291 enim
1191 4234 1290 4290 Dei
1331 4238 1422 4290 est
1451 4236 1598 4307 qua]
1626 4234 1769 4290 deﬁ-

115 4316 297 4378 nitum
323 4322 511 4382 habet
535 4324 734 4398 qualis
764 4325 1242 4397 uniuscujusque
1268 4323 1469 4380 futura
1485 4324 1767 4381 voluntas

118 4406 234 4470 erit,
263 4408 325 4466 in
361 4429 486 4487 qua
525 4429 855 4471 mansurus
883 4419 990 4482 est,
1021 4430 1130 4487 per
1159 4430 1345 4487 quam
1379 4417 1483 4470 aut
1509 4413 1766 4471 damne-

117 4497 208 4551 tur
234 4503 335 4557 aut
362 4507 701 4562 coronetur.
718 4504 982 4578 Denique
1003 4520 1158 4576 quos
1192 4504 1299 4560 scit
1320 4504 1381 4560 in
1405 4503 1569 4560 bono
1590 4519 1765 4561 man-

120 4598 306 4662 suros,
332 4591 676 4668 frequenter
723 4597 860 4652 ante
910 4598 1050 4650 sunt
1093 4593 1256 4663 mali,
1290 4597 1347 4650 et
1387 4610 1542 4666 quos
1571 4593 1768 4652 malos

122 4673 226 4732 scit
248 4694 680 4751 permansuros
711 4684 1025 4758 aliquoties
1041 4685 1208 4758 prius
1231 4689 1370 4741 sunt
1393 4685 1574 4742 boni:
1609 4686 1772 4742 unde

124 4772 300 4825 cesset
339 4773 626 4846 quaerela,
658 4774 805 4848 quia
849 4780 999 4832 Deus
1048 4789 1445 4845 personarum
1495 4782 1775 4845 acceptor

125 4866 236 4912 non
264 4866 347 4917 est
377 4864 602 4936 (Ibid)
634 4867 787 4922 Nam
828 4867 888 4920 et
927 4864 1089 4935 Saul,
1130 4869 1187 4921 et
1232 4865 1419 4921 ludas
1467 4865 1775 4922 lscariotes

130 4947 256 5000 ante
278 4947 521 5010 fuerunt
541 4952 710 5023 boni,
748 4952 983 5010 dicente
997 4953 1302 5024 Scriptura
1312 4953 1385 5010 de
1402 4955 1556 5010 Saul
1581 4970 1594 5008 :
1620 4955 1777 5009 Erat

129 5031 219 5084 vir
246 5034 425 5098 bonus
454 5048 663 5101 etnon
701 5049 834 5101 erat
880 5044 991 5099 illo
1020 5043 1234 5099 melior
1283 5044 1346 5098 in
1392 5043 1536 5111 ﬁliis
1585 5043 1781 5100 Israel

133 5117 186 5187 (Ῑ
206 5123 339 5197 Reg.
368 5147 448 5202 1x,
495 5133 574 5207 2).
613 5137 682 5191 Et
728 5133 804 5190 de
849 5134 1013 5192 Juda
1058 5132 1331 5188 lscariote
1381 5132 1523 5188 dicit
1573 5135 1778 5188 Petrus

134 5216 428 5306 ﬁpostolus
451 5239 464 5278 :
491 5224 610 5293 Qui
630 5224 877 5280 sortitus
903 5228 986 5280 est
1016 5227 1234 5280 sortem
1255 5221 1578 5278 ministerii
1597 5221 1779 5292 hujus

136 5303 195 5351 in
221 5303 399 5374 signis
427 5327 499 5370 ac
522 5313 817 5385 prodigiis
840 5311 1142 5385 faciendis
1179 5311 1337 5383 (Act.
1376 5327 1417 5382 ι,
1455 5310 1588 5382 17)).
1622 5311 1780 5376 Quo-

138 5389 312 5448 modo
338 5396 512 5468 igitur
556 5402 956 5460 ministerium
1002 5400 1260 5459 salutare
1308 5399 1635 5472 sortiretur,
1666 5397 1783 5455 nisi

142 5482 287 5535 esset
310 5482 548 5549 bonus?
581 5493 645 5549 in
691 5496 850 5550 sorte
879 5491 1039 5548 enim
1078 5490 1181 5547 Dei
1205 5489 1502 5562 judicium
1531 5487 1660 5556 fuit,
1691 5487 1782 5543 di-

1870 3365 1982 3406 cur
2004 3352 2133 3420 ejus
2165 3349 2434 3404 imitator
2471 3353 2714 3403 sanctus
2752 3347 3126 3417 Augustinus
3167 3348 3532 3406 erubesceret

1870 3439 2135 3496 eumdem
2155 3438 2381 3493 scilicet
2399 3437 2773 3506 proditorem
2785 3451 2999 3492 vocare
3017 3437 3531 3507 praedestinatum,

1870 3529 2262 3599 similiterque
2309 3527 2635 3582 Judaicum
2659 3526 2978 3595 populum,
3009 3525 3252 3582 invidiae
3273 3526 3537 3596 perﬁdia

1871 3617 2180 3687 refertum,
2212 3616 2458 3672 Domini
2486 3616 2679 3671 nostri
2723 3616 2864 3671 Jesu
2916 3614 3146 3672 Christi
3183 3616 3535 3673 traditorem

1871 3723 1944 3766 ac
1957 3723 2072 3777 per
2097 3708 2207 3764 hoc
2243 3707 2747 3775 interemptorem,
2771 3721 2882 3762 cur
2902 3705 3204 3763 hwsitaret
3225 3705 3536 3776 praedesti-

1871 3799 2079 3849 natum
2113 3791 2309 3848 dicere
2337 3791 2420 3848 ad
2447 3791 2758 3846 interitum
2780 3791 2807 3846 ?

2540 3895 2870 3936 CORRECTIO.

1945 3969 2150 4041 +Quia
2180 3968 2346 4025 aliud
2373 3968 2620 4025 nomine
2641 3968 3207 4037 praedestinationis,
3234 3967 3400 4025 aliud
3420 3971 3537 4026 ele-

1876 4061 2087 4119 ctionis
2115 4057 2411 4115 vocabulo
2455 4056 2758 4114 intellexit.
2792 4056 3154 4114 Electionem
3183 4058 3410 4131 quippe
3437 4058 3541 4116 Dei

1875 4149 2067 4206 noluit
2092 4148 2208 4204 nisi
2256 4147 2319 4204 in
2367 4147 2532 4204 bono
2583 4147 2794 4217 accipi,
2822 4145 3359 4220 praedestinationis
3396 4164 3540 4206 vero

1877 4237 2396 4309 signiﬁcationem,
2432 4237 2585 4293 sicut
2611 4237 2854 4308 justitiaa
2908 4241 3088 4310 atque
3124 4237 3336 4310 judicii
3387 4238 3540 4311 ejus,

1876 4326 2157 4384 bifariam
2187 4325 2556 4399 praedicavit.
2590 4329 2657 4382 Et
2702 4326 2840 4382 ideo
2889 4342 3014 4383 non
3065 4327 3305 4384 erubuit
3345 4327 3543 4384 dicere

1880 4416 2122 4490 saepius,
2141 4415 2605 4486 prcedestinatos
2652 4416 2734 4472 ad
2774 4431 3018 4486 ptenam
3061 4415 3159 4472 vel
3208 4417 3542 4488 interitum,

1879 4507 2172 4580 quoniam
2218 4509 2473 4562 noverat
2520 4504 2585 4561 id
2625 4503 2859 4562 veritati
2885 4505 3248 4577 justitiaaque
3286 4505 3544 4577 judicio-

1880 4614 2017 4654 rum
2067 4596 2170 4652 Dei
2217 4611 2325 4669 per
2373 4594 2582 4651 omnia
2610 4594 2947 4650 convenire.
2981 4593 3155 4649 Aliud
3198 4598 3287 4649 est
3342 4599 3546 4650 autem

1884 4685 2101 4743 electos
2129 4684 2228 4741 vel
2257 4683 2416 4740 ﬁlios
2446 4683 2550 4738 Dei
2594 4699 2703 4755 per
2731 4687 3018 4738 aeternam
3046 4681 3543 4750 misericordiam,

1885 4779 2066 4846 atque
2095 4771 2262 4829 aliud
2289 4771 2386 4828 vel
2431 4787 2540 4844 per
2569 4770 2935 4827 creationem
2964 4769 3061 4826 vel
3090 4785 3197 4842 per
3241 4774 3547 4842 tempora-

1884 4862 2005 4918 lem
2057 4860 2346 4933 aliquam,
2401 4858 2757 4915 nullomodo
2812 4862 3015 4914 autem
3068 4857 3286 4915 falsam
3340 4857 3436 4915 vel
3481 4857 3552 4913 ﬁ-

1889 4947 2536 5022 ctam,dispositionem
2559 4945 2870 5020 appellari.
2893 4946 3044 5011 Quia
3073 4949 3130 5003 et
3158 4963 3299 5004 cum
3314 4947 3551 5004 venitur

1889 5040 1970 5098 ad
2000 5055 2186 5098 sacrae
2235 5037 2702 5109 regenerationis
2751 5036 3131 5110 mysterium,
3158 5053 3552 5112 nequaquam

1888 5130 2024 5186 ﬁcte
2053 5133 2157 5185 aut
2186 5128 2396 5185 dolose
2416 5126 2678 5201 peccatis
2699 5127 2983 5184 omnibus
3000 5127 3422 5196 absolvuntur,
3441 5126 3553 5184 etsi

1889 5218 2283 5293 postmodum
2313 5215 2573 5291 propria:
2613 5215 2945 5290 iniquitatis
2977 5217 3392 5290 inquinatione
3424 5216 3552 5286 eju-

1894 5309 2067 5366 sdem
2123 5311 2348 5365 sanctae
2400 5305 2795 5364 absolutionis
2847 5311 3029 5379 atque
3077 5305 3377 5363 unctionis
3422 5320 3554 5360 mu-

1877 5381 2034 5456 ‘nere
2091 5397 2420 5471 priventur.
2468 5397 2676 5469 Itaque
2732 5395 2784 5453 si
2839 5394 3138 5452 absolutio
3187 5391 3556 5451 sacrosancti

1892 5486 2276 5560 baptismatis
2302 5485 2366 5542 in
2395 5484 2710 5543 abolendis
2741 5483 3094 5541 criminibus
3119 5499 3264 5540 vera
3289 5482 3418 5552 fuit,
3448 5498 3555 5538 ne-

146 5574 321 5659 ﬁﬁum
349 5575 511 5640 illum
529 5583 712 5640 fuisse
732 5587 1000 5656 tempore
1017 5599 1140 5656 quo
1166 5580 1386 5637 electus
1417 5583 1525 5636 est.
1549 5579 1710 5635 Sicut
1730 5579 1787 5634 et
1897 5594 2064 5633 ecsse
2103 5580 2191 5633 est
2217 5580 2284 5632 ut
2317 5575 2521 5646 gratiae
2547 5573 2997 5644 regeneratricis
3026 5572 3233 5629 ﬁliatio
3269 5588 3406 5628 vera
3433 5571 3557 5627 fue-

147 5650 223 5708 mi
250 5670 619 5749 S_eptuaginta
657 5677 802 5748 duo,
833 5650 989 5748 quos
1016 5650 1204 5749 supra
1229 5671 1561 5730 memoravi
1581 5672 1782 5743 (Joan.

149 5753 221 5812 νιν
251 5747 355 5824 67).
385 5760 527 5821 llinc
571 5769 661 5826 est
694 5747 873 5824 unde,
901 5768 960 5822 et
1009 5747 1214 5838 ludas,
1247 5767 1384 5839 post
1433 5761 1580 5823 mali
1608 5761 1786 5824 totius

1896 5668 1991 5725 rit.
2017 5667 2275 5725 Proinde
2296 5667 2447 5723 sicut
2471 5665 2614 5722 mali
2641 5665 2747 5722 ﬁlii
2775 5663 3112 5721 secundum
3142 5668 3436 5722 terrenam
3461 5679 3560 5734 ge-

1900 5758 2294 5830 nerationem,
2326 5757 2375 5816 si
2404 5773 2441 5816 a
2459 5755 2727 5834 paternis
2751 5753 3027 5816 moribus
3057 5753 3558 5830 exorbitant,ij
