3936 6444
828 74 889 101 -ΞΡ
902 74 985 99 -.τ-ἣ
1082 74 1205 95 __.-_
1510 50 1719 74 '7:—

1082 74 1205 95 ”“”“
2904 157 2980 171 κ

430 393 565 459 ίῖτ

1503 407 1561 460 s.
1600 403 1974 461 PRUDEN'I’II
2010 385 2385 466 mEeENSIs
2423 406 2756 473 EPISGOPI.

3717 418 3849 485 H88.

423 526 903 599 exhaeredantur,
937 544 1076 584 cum
1107 531 1309 583 tamen
1349 527 1451 585 ﬁlii
1497 543 1622 584 non
1671 544 1803 585 esse
1850 543 2081 602 nequa-
2109 528 2160 585 Α
2196 531 2293 584 tus
2324 531 2691 599 Augustinus
2721 532 2816 603 (de
2845 532 3120 602 Corrept.
3153 538 3208 591 et
3242 531 3440 600 Grut,
3467 548 3602 608 cap.
3631 535 3707 608 8),
3743 533 3846 612 [vel

422 633 609 691 quam
663 620 930 691 possint:
970 618 1053 674 ita
1099 622 1155 673 et
1208 617 1270 672 hi
1314 634 1471 691 quos
1510 618 1703 687 gratia
1749 623 2078 688 regenerat,

2192 617 2409 675 electos
2431 619 2523 675 vel
2546 619 2701 676 ﬁlios
2720 621 2837 677 dici
2850 638 2886 678 a
2899 620 3306 678 nescientibus
3326 620 3477 695 quid
3498 621 3843 697 futurisunt,

418 707 587 765 haud
615 707 902 764 fallaciter
929 711 1222 763 vocantur
1265 705 1389 774 ﬁlii,
1423 708 1705 780 quamvis
1732 724 1769 764 a
1816 708 2080 781 parentis
2188 722 2314 767 non
2344 708 2423 764 ab
2453 709 2553 765 illo
2583 710 2687 781 qui
2716 726 2818 766 eos
2849 711 3017 766 novit
3058 726 3183 766 non
3228 710 3450 768 habere
3480 727 3845 784 perseveren-

418 799 693 855 moribus
720 797 1096 871 iniquissime
1126 797 1544 870 desciscentes,
1574 798 1734 854 illius
1778 814 1909 855 sese
1948 815 2073 855 mu-

416 886 661 944 neribus
687 886 841 943 adeo
868 886 1151 957 indignos
1180 886 1458 955 eﬁiciant,
1478 891 1541 943 ut
1562 887 1925 945 haereditatis
1950 903 2076 944 sor-

415 981 537 1033 tem
576 976 825 1033 minime
861 977 1305 1033 nanciscantur.
1335 980 1508 1043 Nam,
1534 977 1767 1034 dicente
1796 978 2071 1046 Domino,

409 1065 600 1121 Filios
617 1065 803 1136 genui
832 1069 887 1122 et
917 1066 1205 1134 exaltavi,
1229 1066 1346 1135 ipsi
1371 1072 1569 1123 autem
1599 1081 1691 1122 me
1718 1073 2072 1136 spreverunt

408 1153 552 1225 (Isa.
585 1170 625 1221 1,
656 1154 730 1226 2),
766 1154 901 1227 quis
928 1158 1057 1211 tam
1103 1170 1310 1211 vecors
1357 1154 1430 1212 sit
1477 1159 1542 1211 ut
1588 1154 1809 1212 audeat
1858 1154 2072 1212 saltem

405 1246 621 1315 putare
651 1243 976 1299 Dominum
1005 1259 1129 1300 non
1150 1244 1266 1300 hoc
1292 1244 1601 1315 veraciter,
1631 1244 1739 1300 sed
1768 1260 1805 1300 a
1831 1248 2068 1301 contra-

404 1332 496 1389 rio
537 1331 763 1389 dixisse
789 1348 900 1406 pro
926 1348 1049 1389 non
1079 1333 1259 1403 genui
1286 1332 1482 1389 ﬁlios?
1519 1349 1739 1407 nempe
1770 1333 1822 1405 si
1848 1333 2069 1389 dixeris

401 1422 563 1491 ﬁlios
592 1423 778 1493 genui
800 1438 912 1495 pro
961 1438 1033 1479 eo
1082 1422 1250 1496 quod
1289 1427 1378 1478 est
1405 1438 1528 1479 non
1556 1421 1712 1479 ﬁlios
1742 1424 1942 1493 genui,
1972 1423 2069 1480 vel

401 1510 560 1569 ﬁlios
584 1528 708 1569 non
736 1512 935 1583 genui,
967 1512 1116 1586 quid
1139 1512 1201 1569 in
1218 1512 1388 1569 dictis
1419 1513 1806 1585 sequentibus
1821 1512 2069 1583 intelligi

399 1601 621 1671 valeat,
655 1602 853 1660 dicere
881 1617 1006 1659 non
1058 1601 1302 1675 poteris.
1338 1601 1395 1659 Si
1420 1601 1580 1658 enim
1623 1602 1728 1658 ﬁlii
1770 1618 1892 1658 non
1937 1602 2065 1659 fue-

397 1696 561 1762 runt,
593 1707 983 1766 nequaquam
1036 1707 1140 1748 eos
1183 1691 1406 1762 genuit,
1439 1695 1542 1748 aut
1589 1691 1641 1747 si
1682 1707 1806 1748 non
1838 1692 2062 1762 genuit,

397 1780 569 1838 nullo
610 1782 797 1838 modo
824 1780 931 1837 ﬁlii
968 1780 1226 1849 fuerunt,
1259 1780 1569 1853 quomodo
1599 1796 1742 1851 ergo
1772 1781 2064 1853 sprevisse

2186 794 2334 860 tiam
2362 813 2497 870 quae
2526 799 2605 854 ad
2624 798 2869 857 beatam
2885 800 3071 856 vitam
3089 799 3362 872 perducit
3382 800 3632 871 electos;
3656 818 3845 878 neque

2183 883 2317 943 illos
2348 890 2526 957 stare,
2547 890 2611 944 ut
2642 888 2969 960 praescierit
2994 904 3128 945 esse
3154 903 3421 945 casuros.
3449 892 3564 946 Nec
3584 906 3695 948 vos
3718 909 3843 953 mo-

2182 978 2319 1031 veat
2347 975 2514 1048 quod
2538 975 2673 1035 ﬁliis
2700 977 2823 1035 suis
2848 976 3217 1051 quibusdam
3240 981 3530 1035 Deusnon
3551 978 3657 1037 dat
3670 980 3843 1040 istam

2179 1065 2709 1135 perseverantiam.
2739 1066 2909 1122 Absit
2936 1066 3096 1122 enim
3129 1071 3192 1123 ut
3226 1066 3311 1124 ita
3348 1071 3526 1134 esset,
3552 1066 3601 1129 si
3631 1069 3706 1139 de
3733 1070 3843 1129 illis

2180 1153 2619 1225 praedestinatis
2648 1159 2866 1226 essent,
2891 1159 2947 1213 et
2979 1155 3313 1211 secundum
3344 1156 3722 1229 propositum
3748 1175 3843 1217 vo-

2180 1242 2361 1298 catis!
2408 1242 2517 1308 Qui
2547 1259 2690 1299 vero
2738 1260 2862 1307 non
2906 1248 3048 1300 sunt
3088 1243 3189 1300 filii
3242 1245 3687 1317 promissionis,
3712 1247 3842 1319 jam

2176 1328 2292 1401 isti,
2323 1347 2464 1389 cum
2506 1332 2602 1405 pie
2648 1332 2876 1398 vivunt,
2908 1332 3192 1391 dicuntur
3220 1333 3325 1407 ﬁlii
3371 1333 3506 1405 Dei;
3550 1334 3657 1395 sed
3694 1352 3843 1412 quo-

2177 1420 2345 1477 niam
2372 1420 2584 1479 victuri
2626 1427 2768 1479 sunt
2819 1422 3025 1495 impie,
3066 1427 3123 1480 et
3169 1423 3231 1480 in
3273 1423 3488 1484 eadem
3536 1425 3841 1499 impietate

2175 1510 2468 1581 morituri,
2500 1527 2625 1573 non
2655 1528 2758 1568 eos
2807 1512 2950 1568 dicit
2976 1511 3130 1569 ﬁlios
3156 1513 3258 1569 Dei
3286 1513 3667 1587 praescientia
3692 1516 3840 1589 Dei.]

2177 1601 2575 1673 Nequaquam
2590 1601 3009 1671 intelligendus
3032 1606 3121 1658 est
3132 1602 3432 1675 praedictis
3447 1600 3703 1660 ﬁlietatis
3714 1620 3843 1661 mo-

2174 1686 2456 1760 dis,quos
2479 1693 2602 1746 tam
2620 1707 2683 1747 se
2706 1706 2894 1763 quam
2924 1691 3078 1755 alios
3108 1691 3362 1765 adaeque
3383 1691 3712 1750 catholicos
3732 1696 3839 1752 Pa-

2173 1779 2292 1832 tres
2321 1784 2571 1835 noverat
2591 1779 2903 1849 diligenter
2930 1780 3114 1836 fuisse
3148 1780 3518 1854 complexos,
3539 1780 3724 1839 alium
3747 1800 3845 1841 su-

395 1876 634 1944 patrem
682 1873 1150 1944 gignentemque
1191 1871 1488 1939 dicuntur,
1532 1870 1637 1944 qui
1686 1870 1779 1927 vel
1824 1870 1929 1927 ﬁlii
1973 1871 2062 1929 vel
2094 1885 2134 1941 Β
2173 1866 2503 1938 peraddere
2529 1867 2932 1937 voluisse,sed
2962 1875 3262 1943 quantum
3290 1869 3563 1929 humana
3591 1870 3840 1929 inﬁrmi-

401 1961 584 2033 geniti
613 1976 737 2018 non
765 1961 1006 2017 fuerunt
1023 1961 1053 2017 ?

473 2050 781 2123 Siquidem
809 2049 913 2106 ﬁlii
942 2050 1005 2106 in
1033 2047 1350 2123 Scripturis
1379 2049 1602 2107 sanctis
1630 2049 1833 2106 multis
1863 2049 2062 2108 modis

395 2138 689 2212 appellari
728 2138 942 2205 solent,
968 2155 1232 2212 quorum
1261 2139 1599 2196 usitatiores
1624 2143 1784 2207 sunt,
1817 2144 2055 2208 natura,

394 2228 722 2302 adoptione
768 2229 1118 2298 imitatione,
1160 2228 1453 2286 doctrina.
1513 2232 1737 2285 Natura
1791 2229 1960 2286 Isaac
2002 2234 2062 2286 et

393 2318 614 2375 lsmael
655 2318 760 2375 ﬁlii
815 2318 1162 2388 Abraham;
1212 2318 1357 2375 item
1408 2318 1515 2374 ﬁlii
1557 2319 1742 2381 Isaac,
1773 2318 1958 2374 Jacob
2002 2322 2059 2375 et

394 2412 573 2466 Esau.
608 2410 877 2475 Quorum
924 2409 1139 2465 lsmael
1190 2414 1249 2465 et
1292 2411 1447 2465 Esau
1477 2407 1759 2481 quamvis
1788 2410 2055 2480 paternae

393 2497 567 2554 sortis
597 2497 896 2554 funiculos
938 2514 1012 2554 ex
1059 2497 1525 2570 repromissione
1562 2496 1810 2553 minime
1848 2511 2052 2568 perce-

390 2586 641 2660 pissent,
668 2602 1061 2661 nequaquam
1090 2591 1292 2643 tamen
1320 2585 1425 2642 ﬁlii
1471 2600 1601 2641 esse
1636 2583 2048 2641 destituerunt.

390 2676 747 2750 Adoptione,
771 2677 924 2733 sicut
938 2681 993 2733 et
1012 2676 1299 2732 humana;
1321 2673 1773 2730 consuetudinis
1795 2673 2055 2731 affectio-

386 2766 568 2823 nibus
598 2767 725 2823 fieri
756 2765 995 2828 assolet,
1024 2768 1101 2832 et,
1133 2764 1299 2836 quod
1320 2767 1411 2819 est
1432 2761 1622 2818 multo
1642 2762 2048 2834 excellentius,

386 2856 637 2928 quando
666 2871 775 2928 per
800 2853 1133 2911 indebitam
1177 2852 1431 2922 gratiam
1469 2851 1852 2924 adoptamur,
1882 2857 1948 2909 ut
1977 2851 2051 2908 si-

385 2960 524 3000 mus
552 2943 657 2999 filii
687 2943 825 3000 Dei:
860 2941 1028 2998 Unde
1048 2941 1191 2997 dicit
1222 2939 1575 3014 Apostolus:
1603 2942 1741 2996 Non
1770 2942 1927 2998 enim
1953 2958 2050 3000 ac-

385 3036 620 3106 cepistis
643 3035 926 3105 spiritum
977 3033 1280 3090 servitutis
1328 3033 1547 3088 iterum
1584 3032 1651 3088 in
1683 3033 1926 3103 timore;
1946 3034 2047 3090 sed

382 3126 693 3195 accepistis
721 3126 1001 3195 spiritum
1025 3122 1363 3192 adoptionis
1391 3122 1680 3191 ﬁliorum,
1699 3122 1762 3177 in
1786 3136 1901 3193 quo
1923 3124 2044 3179 cla-

2172 1959 2284 2025 tas,
2317 1971 2388 2013 ac
2435 1972 2542 2029 per
2587 1958 2703 2014 hoc
2744 1963 2801 2014 et
2848 1957 3213 2029 ignorantia,
3256 1974 3294 2015 a
3340 1958 3546 2019 divina
3591 1960 3842 2017 scientia

2170 2050 2403 2103 remota
2448 2046 2521 2104 sit
2572 2046 2906 2113 intimasse,
2938 2047 3035 2104 cui
3063 2048 3408 2105 divinorum
3447 2048 3836 2106 consiliorum

2168 2137 2349 2207 atque
2372 2135 2737 2207 judiciorum
2767 2136 3016 2193 minime
3047 2141 3213 2210 patet
3242 2136 3513 2194 intuitus.
3544 2137 3838 2201 Dicuntur

2167 2237 2311 2292 ergo
2337 2239 2374 2280 a
2388 2223 2565 2280 nobis
2580 2223 2686 2280 ﬁlii
2700 2224 2937 2295 Dei,nec
2962 2229 3166 2282 tamen
3191 2225 3837 2300 mendaciter,propter

2165 2317 2513 2385 susceptam
2543 2314 2944 2387 temporaliter
2969 2316 3226 2386 gratiam
3246 2332 3370 2389 qua
3390 2332 3513 2381 non
3542 2315 3837 2373 fallaciter

2166 2400 2275 2457 sed
2302 2402 2590 2461 veraciter
2620 2408 3001 2474 generantur,
3016 2404 3298 2476 quamvis
3322 2420 3447 2462 non
3473 2405 3590 2462 sint
3617 2404 3697 2462 ad
3712 2405 3839 2463 hoc

2162 2489 2331 2547 electi
2387 2496 2452 2551 ut
2502 2492 2913 2549 haereditatem
2957 2509 3098 2551 cum
3145 2493 3631 2566 repromissionis
3687 2493 3838 2551 ﬁliis

2135 2570 2587 2653 'consequatur.
2618 2586 2768 2639 Sunt
2816 2582 3017 2654 itaque
3065 2581 3189 2646 ﬁlii,
3234 2582 3343 2639 sed
3374 2583 3837 2656 temporaliter;

2159 2683 2283 2725 non
2330 2674 2472 2726 sunt
2514 2669 2642 2742 ﬁlii,
2676 2670 2782 2727 sed
2829 2669 3205 2727 teternaﬁter.
3239 2669 3296 2727 Si
3341 2669 3505 2735 enim
3539 2670 3840 2733 veraciter

2158 2762 2542 2827 generantur,
2572 2758 2862 2816 veraciter
2888 2761 3026 2815 sunt
3062 2756 3187 2826 ﬁlii,
3220 2756 3355 2814 licet
3390 2757 3592 2814 minus
3637 2757 3703 2814 in
3732 2775 3838 2816 ea-

2156 2845 2299 2902 dem
2322 2847 2705 2917 generatione
2735 2847 3136 2920 permansuri,
3159 2862 3271 2911 nec
3299 2846 3380 2904 ad
3406 2846 3837 2911 haereditatem

2153 2936 2638 3007 permanentium
2679 2936 3042 3009 perventuri.
3081 2938 3228 2993 Sunt
3259 2952 3402 3007 ergo
3428 2935 3535 2992 ﬁlii
3571 2951 3833 3007 regene-

2152 3013 2418 3094 rationis,
2450 3025 2557 3081 sed
2586 3025 3009 3097 temporaliter,
3040 3041 3165 3082 non
3191 3030 3332 3080 sunt
3360 3024 3466 3082 ﬁlii
3494 3028 3834 3098 repromis-

2152 3111 2356 3181 sionis,
2426 3113 2533 3171 sed
2604 3113 3073 3186 perpetualiter:
3131 3114 3435 3171 Exierunt
3514 3129 3589 3171 ex
3646 3115 3831 3172 nobis

379 3229 610 3271 mamus
637 3214 811 3271 Abba
837 3215 1059 3283 Pater;
1104 3212 1309 3283 itaque
1325 3213 1459 3281 jam
1489 3226 1609 3266 non
1637 3226 1841 3266 sumus
1859 3212 2036 3281 servi,
2069 3236 2112 3294 ρ
2151 3202 2209 3273 (Ι
2229 3204 2503 3294 Ιοαηειι,
2539 3203 2624 3274 19)
2654 3203 2798 3258 ﬁdei
2836 3203 3289 3294 communione,
3320 3219 3511 3277 quam
3561 3202 3641 3261 ad
3669 3208 3831 3262 tem-

377 3304 481 3362 sed
504 3305 649 3374 ﬁlii;
683 3303 844 3376 quod
871 3304 924 3359 si
943 3303 1081 3374 ﬁlii,
1109 3307 1163 3361 et
1194 3301 1475 3367 hwredes,
1509 3300 1770 3357 haeredes
1800 3301 2037 3372 quidem
2082 3292 2109 3294 ’⁷
2148 3307 2262 3364 Pus
2289 3292 2613 3351 nobiscum
2633 3298 3059 3366 perceperant:
3088 3293 3206 3350 Sed
3236 3309 3360 3351 non
3407 3298 3581 3355 erant
3611 3309 3686 3357 ex
3712 3310 3830 3352 no-

374 3394 504 3466 Dei,
536 3394 866 3452 cohaeredes
895 3399 1092 3476 autem
1126 3393 1357 3450 Christi
1377 3391 1570 3463 (Rom.
1605 3406 1732 3459 vm,
1770 3390 1832 3445 l5
1862 3390 2032 3462 seq.).

374 3484 707 3540 Imitatione
732 3488 798 3540 ut
814 3483 976 3539 idem
999 3481 1320 3555 Apostolus
1349 3480 1668 3537 admonet:
1696 3479 2035 3536 Imitatores

350 3573 485 3639 Dei
507 3578 686 3630 estote
704 3574 862 3628 sicut
886 3572 1007 3643 ﬁlii
1032 3571 1372 3628 charissimi
1389 3569 1570 3640 (Eph.
1603 3585 1657 3641 v,
1694 3569 1766 3639 l),
1795 3572 1854 3624 et
1882 3568 2037 3626 sicut

374 3661 661 3717 Dominus
689 3661 913 3717 Judaeis
940 3659 1279 3717 naturalem
1309 3659 1566 3715 Abrahae
1586 3658 2033 3730 generationem

371 3750 856 3819 obtendentibus,
879 3749 1253 3824 proindeque
1283 3764 1412 3805 sese
1442 3747 1760 3820 superbius
1789 3748 2034 3806 efferen-

371 3840 549 3909 tibus,
595 3840 779 3897 dixit:
836 3841 946 3896 Vos
996 3855 1071 3897 ex
1117 3844 1300 3909 patre
1348 3838 1588 3894 diabolo
1639 3839 1777 3893 estis
1827 3840 2026 3905 (Joan.

366 3946 489 4000 vm,
511 3930 626 4003 44),
657 3928 825 4003 quod
854 3945 977 4002 quo
1020 3943 1203 3984 sensu
1230 3927 1463 3997 dixerit,
1497 3925 1686 3999 aperit
1711 3943 1852 3982 cum
1882 3928 2027 3984 sub-

359 4019 598 4091 jungit:
647 4020 727 4075 Et
760 4019 1073 4075 desideria
1120 4017 1317 4088 patris
1366 4017 1549 4073 vestri
1600 4017 1782 4072 vultis
1822 4017 2027 4087 facere

2149 3381 2233 3437 bis
2291 3381 2574 3439 electione
2632 3383 2838 3452 gratiae
2897 3382 3404 3455 perseverantiam
3458 3382 3824 3453 largientis:

2142 3470 2444 3528 Exierunt
2497 3487 2571 3529 ea:
2623 3473 2789 3529 nobis
2842 3471 3300 3545 participatione
3332 3472 3604 3545 mysterii
3642 3473 3828 3547 quod

2142 3565 2567 3633 perceperant;
2620 3560 2727 3617 sed
2776 3577 2897 3619 non
2946 3567 3122 3621 erant
3170 3576 3245 3618 ea:
3282 3561 3452 3618 nobis
3482 3560 3826 3634 adoptione

2139 3648 2329 3719 regni,
2363 3665 2487 3722 qua
2519 3665 2586 3705 se.
2632 3665 2816 3723 prave
2846 3649 3108 3707 vivendo
3145 3649 3427 3721 indignos
3464 3650 3823 3709 effecerant.

2140 3740 2321 3795 Erant
2364 3754 2506 3809 ergo
2543 3740 2663 3807 filii
2692 3740 3104 3811 temporaliter
3143 3738 3632 3811 regenerationis,
3684 3755 3823 3815 non

2138 3834 2312 3884 erant
2338 3829 2459 3897 ﬁlii
2482 3828 2795 3900 promissae
2826 3828 3189 3886 aeternaliter
3208 3828 3596 3889 haereditatis.

2209 3917 2499 3977 Quocirca
2524 3933 2664 3973 cum
2694 3917 2842 3975 dicis
2875 3918 3027 3991 (cap.
3058 3922 3142 3983 l3,
3167 3922 3407 3988 num.6,
3429 3922 3571 3975 sect.
3596 3922 3653 3991 3)
3682 3934 3817 3977 non

2135 4019 2254 4062 esse
2266 4007 2423 4074 ﬁlios
2454 4007 2566 4063 Dei
2575 4012 2797 4076 praeter
2813 4008 3024 4064 electos
3054 4011 3204 4078 ejus,
3226 4023 3416 4081 neque
3437 4009 3649 4066 electos
3672 4010 3817 4079 eius

364 4108 587 4189 (Ibid).
619 4108 811 4166 Judaei
839 4107 1064 4181 quippe
1088 4105 1439 4175 imitatione,
1463 4121 1587 4161 non
1614 4109 1832 4161 natura
1856 4111 2025 4163 erant

2211 4101 2353 4152 aster
2380 4096 2457 4153 ab
2485 4111 2549 4153 eo
2573 4097 3077 4170 praedestinatos,‘
3102 4105 3157 4161 et
3186 4100 3516 4161 conversim
3536 4114 3659 4156 non
3680 4114 3814 4159 esse

361 4197 470 4254 ﬁlii
515 4197 761 4255 diaboli.
794 4199 868 4254 At
899 4213 1038 4253 cum
1089 4199 1289 4251 essent
1338 4198 1556 4251 natura
1603 4193 1709 4250 ﬁlii
1740 4194 2021 4267 Abrahae,

361 4284 541 4357 longe
566 4303 604 4343 a
624 4302 867 4343 morum
886 4284 1043 4340 illius
1064 4284 1397 4340 imitatione
1416 4283 1833 4339 discesserant.
1856 4284 2023 4341 Unde

362 4379 421 4433 et
455 4376 541 4432 eis
571 4375 862 4432 Dominus
894 4373 1333 4447 exprobrabat:
1366 4374 1436 4429 Si
1463 4375 1659 4430 essetis
1685 4375 1805 4443 ﬁlii
1831 4375 2023 4433 Abra-

360 4465 472 4537 hw,
500 4479 682 4534 opera
722 4463 988 4520 Abrahz
1026 4463 1315 4534 fecissetis
1348 4462 1544 4535 (Ibid,
1576 4463 1845 4541 39),.ubi
1892 4479 2018 4520 non

356 4557 641 4611 naturam
700 4552 960 4623 negavit,
1029 4551 1136 4607 sed
1196 4551 1589 4608 imitationem
1662 4551 2013 4609 dissimilem

354 4641 698 4716 objurgavit
726 4641 1037 4710 doctrinae,
1061 4645 1125 4698 ut
1145 4640 1474 4713 Apostolus
1505 4640 1621 4696 ait:
1650 4641 1861 4697 Filioli
1878 4643 2012 4710 mei,

353 4750 497 4808 quos
524 4735 743 4791 iterum
779 4732 1061 4803 parturio
1090 4732 1279 4788 donec
1313 4732 1618 4803 formetur
1647 4731 1922 4789 Christus
1951 4734 2015 4789 in

349 4822 512 4878 vobis
536 4821 695 4894 (Gal.
720 4838 801 4892 1v,
833 4822 964 4893 29);
997 4825 1055 4878 et
1083 4836 1363 4877 rursum:
1397 4821 1554 4877 Nam
1594 4835 1710 4890 per
1737 4820 2017 4892 Evange-

353 4911 500 4967 lium
532 4913 595 4968 in
628 4912 868 4969 Christo
892 4914 1048 4982 Iesu,
1080 4926 1187 4982 ego
1216 4925 1313 4968 vos
1341 4911 1525 4982 genui
1547 4910 1609 4981 (Ι
1628 4911 1766 4967 Cor.
1790 4925 1866 4978 1v,
1904 4911 2010 4983 15).

348 5000 638 5057 Dicuntur
666 5002 867 5070 etiam,
895 5003 1017 5072 ﬁlii
1053 5002 1248 5074 Regni
1274 5000 1515 5072 (Matth.
1548 5015 1674 5069 vni,
1712 4999 1819 5071 12),
1861 5002 1921 5055 et
1943 5001 2012 5068 ﬁ-

352 5090 420 5146 lii
450 5091 599 5147 lucis
630 5091 942 5163 (Joan.xu,
965 5095 1080 5162 36),
1108 5094 1165 5148 et
1183 5091 1303 5161 ﬁlii
1330 5090 1785 5147 resurrectionis
1807 5090 2007 5161 (Joan.

347 5194 489 5249 XVII,
524 5180 646 5249 l2):
676 5179 826 5236 sicut
852 5197 885 5236 e
915 5180 1214 5237 contrario
1236 5181 1356 5251 ﬁlii
1379 5179 1782 5247 tenebrarum,
1813 5182 1871 5235 et
1894 5180 2015 5248 ﬁlii

335 5267 720 5338 perditionis,
776 5272 834 5325 et
871 5270 990 5340 ﬁlii
1035 5270 1338 5341 gehennae,
1384 5284 1509 5325 non
1554 5267 1633 5325 ab
1683 5283 1754 5324 ea
1805 5268 2007 5340 geniti,

345 5356 452 5415 sed
503 5358 584 5415 ad
623 5373 758 5416 eam
806 5358 1103 5416 destinati.
1145 5357 1367 5415 Dicitur
1413 5374 1659 5433 quoque
1703 5359 1869 5427 filius
1897 5359 2010 5416 ini-

342 5449 590 5521 quitatis
641 5449 884 5521 (Matth,
914 5465 1076 5537 xxiii.
1116 5448 1222 5521 15),
1259 5463 1385 5505 non
1430 5447 1509 5505 ab
1562 5463 1634 5504 ea
1663 5454 2009 5543 generatus;

342 5538 449 5595 sed
477 5539 531 5597 ei
557 5535 1037 5614 inseparabiliter
1086 5539 1369 5612 sociatus,
1403 5554 1559 5612 quos
1606 5553 1818 5596 omnes
1865 5535 2007 5595 cuni

341 5627 691 5685 auctoritate
756 5629 1072 5701 Scripturae
1140 5644 1330 5685 sacrae
1387 5631 1631 5684 Patrum
1687 5627 2005 5685 traditione

339 5716 803 5789 perceperimus,
819 5734 1124 5791 nusquam
1148 5721 1263 5773 ture
1287 5717 1719 5774 contrarietatis
1748 5716 2003 5774 modum

342 5803 706 5875 accepimus.

416 5885 842 5963 Quamobrem,
855 5894 1023 5965 quod
1038 5895 1119 5952 ait
1133 5895 1195 5951 in
1215 5895 1521 5968 superiore
1542 5895 1842 5953 sententia
1858 5896 2002 5954 bea-

2126 4186 2585 4253 prazdestinatos
2607 4191 2841 4255 praeter
2859 4188 3092 4252 electos,
3123 4203 3313 4261 neque
3340 4189 3553 4253 electos
3569 4193 3815 4258 preter

2128 4275 2330 4346 ﬁlios].
2360 4278 2578 4334 Verum
2603 4281 2711 4345 est,
2735 4277 2785 4332 si
2815 4277 2890 4334 de
2918 4277 3013 4333 his
3042 4278 3469 4337 tantummodo
3485 4278 3592 4352 qui
3610 4279 3693 4335 ad
3711 4295 3814 4336 re-

2130 4379 2320 4435 gnum
2340 4365 2750 4438 preedestinati
2767 4370 2926 4437 sunt,
2944 4366 3327 4438 intelligatur.
3346 4371 3516 4432 Nam,
3541 4368 3695 4425 sicut
3713 4368 3811 4425 di-

2126 4454 2327 4510 ximus
2340 4470 2463 4512 non
2476 4454 2753 4511 mendaci
2762 4460 3067 4529 ter,neque
3079 4472 3116 4512 a
3127 4457 3564 4528 contrario,sed
3576 4457 3811 4515 veraci-

2129 4546 2235 4621 ter,
2250 4545 2454 4617 utique
2469 4543 2737 4617 loquitur
2755 4548 2906 4600 Deus
2926 4562 2939 4601 :
2961 4546 3156 4603 Filius
3179 4561 3344 4604 meus
3354 4548 3804 4619 primogenitus

2126 4634 2321 4691 Israel
2333 4635 2897 4706 (Exod.iv,22),cum
2916 4635 3030 4693 hoc
3043 4635 3119 4692 de
3133 4636 3363 4709 populo
3377 4636 3667 4709 Egyptiis
3678 4653 3808 4693 ser-

2124 4722 2321 4780 viente
2338 4723 2586 4794 diceret;
2605 4727 2664 4780 et
2677 4725 2836 4794 ﬁlios
2853 4725 3038 4796 genui
3055 4731 3109 4783 et
3131 4727 3420 4795 excitavi,
3445 4727 3565 4797 ipsi
3590 4732 3800 4785 autem

2123 4818 2479 4882 spreverunt
2511 4829 2605 4871 me
2625 4815 2769 4883 (Isa.
2792 4831 2831 4882 1,
2854 4815 2928 4887 2).
2957 4817 3020 4871 Et
3050 4831 3323 4875 rursum:
3344 4817 3642 4890 Nunquid
3669 4833 3795 4875 non

2121 4903 2249 4972 ipse
2267 4908 2352 4961 est
2366 4908 2549 4973 pater
2566 4908 2727 4974 tuus,
2749 4904 2855 4976 qui
2875 4906 3141 4974 possedit
3163 4911 3298 4974 te,et
3318 4908 3461 4978 fecit
3485 4912 3539 4964 et
3561 4909 3793 4965 creavit

2123 4997 2178 5049 te
2195 4996 2224 5047 ?
2267 4993 2458 5064 (Deut.
2482 5008 2668 5062 xxxu,
2702 4997 2734 5049 6
2762 4994 2911 5067 seq.)
2940 4996 3133 5053 Deum
3159 4996 3265 5068 qui
3305 5001 3360 5054 te
3386 4998 3592 5068 genuit
3617 4997 3793 5054 dere—

2123 5083 2369 5152 liquisti,
2402 5090 2459 5141 et
2488 5084 2709 5140 oblitus
2757 5100 2814 5141 es
2863 5086 3109 5142 Domini
3154 5088 3440 5145 creatoris
3470 5086 3595 5143 tui:
3626 5086 3790 5149 Vidit

2118 5174 2426 5241 Dominus,
2441 5178 2497 5232 et
2514 5175 2596 5231 ad
2609 5175 2992 5233 iracundiam
3009 5177 3343 5235 concitatus
3364 5181 3469 5246 est,
3487 5175 3631 5247 quia
3644 5191 3791 5247 pro-

2118 5267 2483 5320 vocaverunt
2503 5277 2633 5319 eum
2647 5263 2768 5333 ﬁlii
2778 5264 2876 5320 sui
2893 5269 2947 5322 et
2960 5265 3130 5334 ﬁliae:
3150 5265 3458 5336 generatio
3479 5265 3638 5327 enim
3648 5280 3786 5336 per-

2116 5367 2290 5410 versa
2308 5356 2414 5422 est,
2438 5358 2493 5411 et
2514 5353 2782 5422 inﬁdeles
2799 5354 2918 5423 ﬁlii
2931 5358 3111 5423 (vers.
3142 5355 3226 5425 18,
3245 5354 3563 5429 etc.).Cum
3580 5354 3783 5430 itaque

2118 5443 2247 5501 sola
2269 5441 2452 5502 etiam
2475 5443 2779 5502 creatione
2804 5443 3082 5503 dicantur
3126 5460 3344 5514 omnes
3384 5445 3666 5507 homines
3692 5444 3781 5503 Fi-

2112 5531 2179 5587 lii
2206 5531 2328 5604 Dei,
2358 5533 2658 5607 nunquid,
2687 5533 2833 5606 quia
2879 5550 3004 5592 non
3054 5539 3195 5595 sunt
3223 5551 3436 5595 omnes
3463 5534 3783 5595 beatitudi-

2113 5638 2256 5680 nem
2284 5623 2643 5696 percepturi,
2660 5622 2801 5680 ideo
2830 5639 2869 5681 α
2898 5627 3205 5684 contrario
3236 5624 3477 5683 dicendi
3504 5630 3649 5683 sunt
3673 5640 3780 5698 ap-

2111 5713 2315 5787 pellati
2343 5714 2449 5771 ﬁlii
2474 5715 2620 5772 Dei?
2666 5715 2743 5782 Si,
2775 5714 3048 5788 inquam,
3088 5720 3258 5790 pater
3303 5716 3581 5774 omnium
3611 5732 3776 5775 crea-

2110 5805 2273 5863 tione
2301 5806 2517 5863 dicitur
2541 5808 2716 5879 Deus,
2741 5811 2799 5866 et
2826 5823 2951 5865 non
2980 5824 3018 5867 a
3048 5810 3375 5879 contrario,
3409 5809 3684 5882 sequitur
3717 5811 3778 5864 ut

2109 5895 2223 5952 ω
2236 5911 2482 5969 quoque
2508 5897 2811 5965 creatione
2836 5913 2965 5961 non
2989 5915 3031 5963 α
3055 5900 3363 5965 contrario
3392 5898 3539 5970 dicti.
3562 5897 3773 5969 intelli-
