  <div class='ocr_page' id='page_1' title='image "/cluster/home/n/w/nwhite01/storage/ocr_20150623/115-116/uc1.31175006916467/602.png"; bbox 0 0 3936 6376; ppageno 0'>
   <div class='ocr_carea' id='block_1_1' title="bbox 99 256 221 317">
    <p class='ocr_par' dir='ltr' id='par_1_1' title="bbox 99 256 221 317">
     <span class='ocr_line' id='line_1_1' title="bbox 99 256 221 317; baseline 0.008 -2"><span class='ocrx_word' id='word_1_1' title='bbox 99 256 221 317; x_wconf 81' lang='grc'><strong>1189</strong></span> 
     </span>
    </p>
   </div>
   <div class='ocr_carea' id='block_1_2' title="bbox 1015 249 2587 316">
    <p class='ocr_par' dir='ltr' id='par_1_2' title="bbox 1015 249 2587 316">
     <span class='ocr_line' id='line_1_2' title="bbox 1015 249 2587 316; baseline 0.001 -2"><span class='ocrx_word' id='word_1_2' title='bbox 1015 259 1107 314; x_wconf 90' lang='lat' dir='ltr'>DE</span> <span class='ocrx_word' id='word_1_3' title='bbox 1146 249 1821 315; x_wconf 67' lang='lat' dir='ltr'>PRAEDESTINATIONE</span> <span class='ocrx_word' id='word_1_4' title='bbox 1859 253 2153 313; x_wconf 76' lang='lat' dir='ltr'>CONTRA</span> <span class='ocrx_word' id='word_1_5' title='bbox 2189 258 2240 315; x_wconf 81' lang='lat' dir='ltr'>J.</span> <span class='ocrx_word' id='word_1_6' title='bbox 2285 259 2367 316; x_wconf 90' lang='lat' dir='ltr'><strong>SC</strong></span> <span class='ocrx_word' id='word_1_7' title='bbox 2468 259 2587 316; x_wconf 79' lang='lat' dir='ltr'>UM.</span> 
     </span>
    </p>
   </div>
   <div class='ocr_carea' id='block_1_3' title="bbox 94 375 3525 461">
    <p class='ocr_par' dir='ltr' id='par_1_3' title="bbox 94 375 3525 461">
     <span class='ocr_line' id='line_1_3' title="bbox 94 375 3525 461; baseline 0.002 -21"><span class='ocrx_word' id='word_1_8' title='bbox 94 390 319 454; x_wconf 84' lang='lat' dir='ltr'>gantur.</span> <span class='ocrx_word' id='word_1_9' title='bbox 353 381 525 447; x_wconf 85' lang='lat' dir='ltr'>Quod</span> <span class='ocrx_word' id='word_1_10' title='bbox 556 380 605 438; x_wconf 99' lang='lat' dir='ltr'>si</span> <span class='ocrx_word' id='word_1_11' title='bbox 643 384 702 438; x_wconf 92' lang='lat' dir='ltr'>et</span> <span class='ocrx_word' id='word_1_12' title='bbox 728 380 883 439; x_wconf 87' lang='lat' dir='ltr'>ﬁlios</span> <span class='ocrx_word' id='word_1_13' title='bbox 913 386 969 440; x_wconf 89' lang='lat' dir='ltr'>et</span> <span class='ocrx_word' id='word_1_14' title='bbox 992 386 1229 455; x_wconf 81' lang='lat' dir='ltr'>patrem</span> <span class='ocrx_word' id='word_1_15' title='bbox 1263 398 1300 439; x_wconf 93' lang='lat' dir='ltr'>a</span> <span class='ocrx_word' id='word_1_16' title='bbox 1326 380 1633 439; x_wconf 88' lang='lat' dir='ltr'>contrario</span> <span class='ocrx_word' id='word_1_17' title='bbox 1657 376 1748 434; x_wconf 88' lang='lat' dir='ltr'>in-</span> <span class='ocrx_word' id='word_1_18' title='bbox 1776 375 1831 435; x_wconf 73' lang='grc' dir='ltr'>Α</span> <span class='ocrx_word' id='word_1_19' title='bbox 1859 379 1980 446; x_wconf 82' lang='lat' dir='ltr'>ﬁlii</span> <span class='ocrx_word' id='word_1_20' title='bbox 2002 381 2361 449; x_wconf 76' lang='lat' dir='ltr'>perditionis</span> <span class='ocrx_word' id='word_1_21' title='bbox 2391 384 2713 442; x_wconf 89' lang='lat' dir='ltr'>adversum</span> <span class='ocrx_word' id='word_1_22' title='bbox 2741 402 2846 444; x_wconf 90' lang='lat' dir='ltr'>eos</span> <span class='ocrx_word' id='word_1_23' title='bbox 2874 389 2982 461; x_wconf 85' lang='lat' dir='ltr'>qui</span> <span class='ocrx_word' id='word_1_24' title='bbox 3011 389 3224 446; x_wconf 88' lang='lat' dir='ltr'>volunt</span> <span class='ocrx_word' id='word_1_25' title='bbox 3252 390 3525 447; x_wconf 87' lang='lat' dir='ltr'>diversas</span> 
     </span>
    </p>
   </div>
   <div class='ocr_carea' id='block_1_4' title="bbox 94 470 1751 543">
    <p class='ocr_par' dir='ltr' id='par_1_4' title="bbox 94 470 1751 543">
     <span class='ocr_line' id='line_1_4' title="bbox 94 470 1751 543; baseline -0.004 -14"><span class='ocrx_word' id='word_1_26' title='bbox 94 471 334 541; x_wconf 86' lang='lat' dir='ltr'>telligas,</span> <span class='ocrx_word' id='word_1_27' title='bbox 368 470 637 543; x_wconf 88' lang='lat' dir='ltr'>sequitur</span> <span class='ocrx_word' id='word_1_28' title='bbox 678 474 761 538; x_wconf 91' lang='lat' dir='ltr'>ut,</span> <span class='ocrx_word' id='word_1_29' title='bbox 791 476 848 527; x_wconf 92' lang='lat' dir='ltr'>et</span> <span class='ocrx_word' id='word_1_30' title='bbox 889 472 1255 528; x_wconf 81' lang='lat' dir='ltr'>creationem</span> <span class='ocrx_word' id='word_1_31' title='bbox 1284 475 1339 528; x_wconf 89' lang='lat' dir='ltr'>et</span> <span class='ocrx_word' id='word_1_32' title='bbox 1377 471 1672 527; x_wconf 82' lang='lat' dir='ltr'>facturam</span> <span class='ocrx_word' id='word_1_33' title='bbox 1713 481 1751 523; x_wconf 94' lang='lat' dir='ltr'>a</span> 
     </span>
    </p>
   </div>
   <div class='ocr_carea' id='block_1_5' title="bbox 94 559 1749 632">
    <p class='ocr_par' dir='ltr' id='par_1_5' title="bbox 94 559 1749 632">
     <span class='ocr_line' id='line_1_5' title="bbox 94 559 1749 632; baseline -0.004 -14"><span class='ocrx_word' id='word_1_34' title='bbox 94 562 388 618; x_wconf 75' lang='lat' dir='ltr'>contrario</span> <span class='ocrx_word' id='word_1_35' title='bbox 428 559 787 632; x_wconf 83' lang='lat' dir='ltr'>intelligens,</span> <span class='ocrx_word' id='word_1_36' title='bbox 837 565 1169 618; x_wconf 78' lang='lat' dir='ltr'>creatorem</span> <span class='ocrx_word' id='word_1_37' title='bbox 1207 561 1528 617; x_wconf 89' lang='lat' dir='ltr'>hominum</span> <span class='ocrx_word' id='word_1_38' title='bbox 1560 560 1749 613; x_wconf 92' lang='lat' dir='ltr'>Deum</span> 
     </span>
    </p>
   </div>
   <div class='ocr_carea' id='block_1_6' title="bbox 94 644 1756 721">
    <p class='ocr_par' dir='ltr' id='par_1_6' title="bbox 94 644 1756 721">
     <span class='ocr_line' id='line_1_6' title="bbox 94 644 1756 721; baseline -0.001 -19"><span class='ocrx_word' id='word_1_39' title='bbox 94 663 297 717; x_wconf 82' lang='lat' dir='ltr'>neges:</span> <span class='ocrx_word' id='word_1_40' title='bbox 330 648 433 721; x_wconf 87' lang='lat' dir='ltr'>qui</span> <span class='ocrx_word' id='word_1_41' title='bbox 466 647 627 703; x_wconf 90' lang='lat' dir='ltr'>enim</span> <span class='ocrx_word' id='word_1_42' title='bbox 665 663 790 704; x_wconf 91' lang='lat' dir='ltr'>non</span> <span class='ocrx_word' id='word_1_43' title='bbox 822 649 1132 720; x_wconf 79' lang='lat' dir='ltr'>veraciter,</span> <span class='ocrx_word' id='word_1_44' title='bbox 1166 650 1271 704; x_wconf 88' lang='lat' dir='ltr'>sed</span> <span class='ocrx_word' id='word_1_45' title='bbox 1299 665 1336 706; x_wconf 89' lang='lat' dir='ltr'>a</span> <span class='ocrx_word' id='word_1_46' title='bbox 1367 647 1640 706; x_wconf 87' lang='lat' dir='ltr'>contario</span> <span class='ocrx_word' id='word_1_47' title='bbox 1667 644 1756 700; x_wconf 88' lang='lat' dir='ltr'>di-</span> 
     </span>
    </p>
   </div>
   <div class='ocr_carea' id='block_1_7' title="bbox 94 737 1750 823">
    <p class='ocr_par' dir='ltr' id='par_1_7' title="bbox 94 737 1750 823">
     <span class='ocr_line' id='line_1_7' title="bbox 94 737 1750 823; baseline -0.002 -30"><span class='ocrx_word' id='word_1_48' title='bbox 94 741 299 793; x_wconf 85' lang='lat' dir='ltr'>cuntur</span> <span class='ocrx_word' id='word_1_49' title='bbox 329 742 500 810; x_wconf 88' lang='lat' dir='ltr'>pater</span> <span class='ocrx_word' id='word_1_50' title='bbox 517 737 858 810; x_wconf 90' lang='lat' dir='ltr'>hominum,</span> <span class='ocrx_word' id='word_1_51' title='bbox 890 738 987 796; x_wconf 91' lang='lat' dir='ltr'>vel</span> <span class='ocrx_word' id='word_1_52' title='bbox 1015 738 1121 795; x_wconf 90' lang='lat' dir='ltr'>ﬁlii</span> <span class='ocrx_word' id='word_1_53' title='bbox 1150 738 1251 796; x_wconf 89' lang='lat' dir='ltr'>Dei</span> <span class='ocrx_word' id='word_1_54' title='bbox 1271 754 1427 823; x_wconf 80' lang='lat' dir='ltr'>quos</span> <span class='ocrx_word' id='word_1_55' title='bbox 1444 738 1573 810; x_wconf 91' lang='lat' dir='ltr'>ipse</span> <span class='ocrx_word' id='word_1_56' title='bbox 1590 750 1750 791; x_wconf 89' lang='lat' dir='ltr'>crea-</span> 
     </span>
    </p>
   </div>
   <div class='ocr_carea' id='block_1_8' title="bbox 1859 472 3528 550">
    <p class='ocr_par' dir='ltr' id='par_1_8' title="bbox 1859 472 3528 550">
     <span class='ocr_line' id='line_1_8' title="bbox 1859 472 3528 550; baseline 0.009 -28"><span class='ocrx_word' id='word_1_57' title='bbox 1859 484 1988 524; x_wconf 87' lang='lat' dir='ltr'>esse</span> <span class='ocrx_word' id='word_1_58' title='bbox 2015 475 2294 528; x_wconf 90' lang='lat' dir='ltr'>naturas:</span> <span class='ocrx_word' id='word_1_59' title='bbox 2329 472 2512 530; x_wconf 87' lang='lat' dir='ltr'>aliam</span> <span class='ocrx_word' id='word_1_60' title='bbox 2533 491 2670 547; x_wconf 68' lang='lat' dir='ltr'>quae</span> <span class='ocrx_word' id='word_1_61' title='bbox 2690 477 2922 549; x_wconf 88' lang='lat' dir='ltr'>perdita</span> <span class='ocrx_word' id='word_1_62' title='bbox 2950 478 3025 535; x_wconf 85' lang='lat' dir='ltr'>sit</span> <span class='ocrx_word' id='word_1_63' title='bbox 3045 483 3101 535; x_wconf 89' lang='lat' dir='ltr'>et</span> <span class='ocrx_word' id='word_1_64' title='bbox 3124 479 3310 550; x_wconf 89' lang='lat' dir='ltr'>mala,</span> <span class='ocrx_word' id='word_1_65' title='bbox 3334 484 3392 536; x_wconf 91' lang='lat' dir='ltr'>et</span> <span class='ocrx_word' id='word_1_66' title='bbox 3421 480 3528 537; x_wconf 89' lang='lat' dir='ltr'>sal-</span> 
     </span>
    </p>
   </div>
   <div class='ocr_carea' id='block_1_9' title="bbox 1859 558 3527 643">
    <p class='ocr_par' dir='ltr' id='par_1_9' title="bbox 1859 558 3527 643">
     <span class='ocr_line' id='line_1_9' title="bbox 1859 558 3527 643; baseline 0.009 -31"><span class='ocrx_word' id='word_1_67' title='bbox 1859 558 1988 613; x_wconf 88' lang='lat' dir='ltr'>vari</span> <span class='ocrx_word' id='word_1_68' title='bbox 2034 566 2316 634; x_wconf 82' lang='lat' dir='ltr'>nequeat,</span> <span class='ocrx_word' id='word_1_69' title='bbox 2361 566 2418 619; x_wconf 91' lang='lat' dir='ltr'>et</span> <span class='ocrx_word' id='word_1_70' title='bbox 2461 563 2643 621; x_wconf 89' lang='lat' dir='ltr'>aliam</span> <span class='ocrx_word' id='word_1_71' title='bbox 2692 565 2942 636; x_wconf 89' lang='lat' dir='ltr'>bonam,</span> <span class='ocrx_word' id='word_1_72' title='bbox 2980 584 3117 641; x_wconf 66' lang='lat' dir='ltr'>quae</span> <span class='ocrx_word' id='word_1_73' title='bbox 3162 569 3355 643; x_wconf 90' lang='lat' dir='ltr'>perire</span> <span class='ocrx_word' id='word_1_74' title='bbox 3402 585 3527 626; x_wconf 90' lang='lat' dir='ltr'>non</span> 
     </span>
    </p>
   </div>
   <div class='ocr_carea' id='block_1_10' title="bbox 1861 648 3520 731">
    <p class='ocr_par' dir='ltr' id='par_1_10' title="bbox 1861 648 3520 731">
     <span class='ocr_line' id='line_1_10' title="bbox 1861 648 3520 731; baseline 0.008 -28"><span class='ocrx_word' id='word_1_75' title='bbox 1861 648 2069 719; x_wconf 84' lang='lat' dir='ltr'>possit.</span> <span class='ocrx_word' id='word_1_76' title='bbox 2100 649 2157 706; x_wconf 90' lang='lat' dir='ltr'>Si</span> <span class='ocrx_word' id='word_1_77' title='bbox 2186 652 2368 720; x_wconf 90' lang='lat' dir='ltr'>enim,</span> <span class='ocrx_word' id='word_1_78' title='bbox 2400 656 2468 709; x_wconf 87' lang='lat' dir='ltr'>ut</span> <span class='ocrx_word' id='word_1_79' title='bbox 2495 653 2577 709; x_wconf 91' lang='lat' dir='ltr'>illi</span> <span class='ocrx_word' id='word_1_80' title='bbox 2607 659 2842 728; x_wconf 91' lang='lat' dir='ltr'>putant,</span> <span class='ocrx_word' id='word_1_81' title='bbox 2887 656 2994 713; x_wconf 89' lang='lat' dir='ltr'>ﬁlii</span> <span class='ocrx_word' id='word_1_82' title='bbox 3040 657 3389 731; x_wconf 84' lang='lat' dir='ltr'>perditionis</span> <span class='ocrx_word' id='word_1_83' title='bbox 3417 676 3520 717; x_wconf 88' lang='lat' dir='ltr'>na-</span> 
     </span>
    </p>
   </div>
   <div class='ocr_carea' id='block_1_11' title="bbox 1861 738 3532 820">
    <p class='ocr_par' dir='ltr' id='par_1_11' title="bbox 1861 738 3532 820">
     <span class='ocr_line' id='line_1_11' title="bbox 1861 738 3532 820; baseline 0.009 -29"><span class='ocrx_word' id='word_1_84' title='bbox 1861 740 2008 793; x_wconf 63' lang='lat' dir='ltr'>tura:</span> <span class='ocrx_word' id='word_1_85' title='bbox 2038 738 2318 810; x_wconf 67' lang='lat' dir='ltr'>pessimis</span> <span class='ocrx_word' id='word_1_86' title='bbox 2350 746 2509 813; x_wconf 89' lang='lat' dir='ltr'>sunt,</span> <span class='ocrx_word' id='word_1_87' title='bbox 2554 744 2867 816; x_wconf 90' lang='lat' dir='ltr'>quomodo</span> <span class='ocrx_word' id='word_1_88' title='bbox 2894 746 3204 804; x_wconf 85' lang='lat' dir='ltr'>inventum</span> <span class='ocrx_word' id='word_1_89' title='bbox 3246 754 3332 805; x_wconf 88' lang='lat' dir='ltr'>est</span> <span class='ocrx_word' id='word_1_90' title='bbox 3369 748 3532 820; x_wconf 84' lang='lat' dir='ltr'>quod</span> 
     </span>
    </p>
   </div>
   <div class='ocr_carea' id='block_1_12' title="bbox 92 824 3531 912">
    <p class='ocr_par' dir='ltr' id='par_1_12' title="bbox 92 824 3531 912">
     <span class='ocr_line' id='line_1_12' title="bbox 92 824 3531 912; baseline 0.004 -31"><span class='ocrx_word' id='word_1_91' title='bbox 92 825 250 894; x_wconf 86' lang='lat' dir='ltr'>verit,</span> <span class='ocrx_word' id='word_1_92' title='bbox 283 831 723 898; x_wconf 89' lang='lat' dir='ltr'>consequenter</span> <span class='ocrx_word' id='word_1_93' title='bbox 764 832 997 884; x_wconf 86' lang='lat' dir='ltr'>creator</span> <span class='ocrx_word' id='word_1_94' title='bbox 1039 832 1097 885; x_wconf 90' lang='lat' dir='ltr'>et</span> <span class='ocrx_word' id='word_1_95' title='bbox 1146 827 1338 889; x_wconf 82' lang='lat' dir='ltr'>factor</span> <span class='ocrx_word' id='word_1_96' title='bbox 1380 842 1418 884; x_wconf 89' lang='lat' dir='ltr'>a</span> <span class='ocrx_word' id='word_1_97' title='bbox 1446 824 1753 884; x_wconf 80' lang='lat' dir='ltr'>contrario</span> <span class='ocrx_word' id='word_1_98' title='bbox 1854 828 2029 895; x_wconf 87' lang='lat' dir='ltr'>prius</span> <span class='ocrx_word' id='word_1_99' title='bbox 2063 830 2369 897; x_wconf 84' lang='lat' dir='ltr'>perditum</span> <span class='ocrx_word' id='word_1_100' title='bbox 2394 831 2642 901; x_wconf 83' lang='lat' dir='ltr'>fuerat?</span> <span class='ocrx_word' id='word_1_101' title='bbox 2673 834 2935 907; x_wconf 88' lang='lat' dir='ltr'>Denique</span> <span class='ocrx_word' id='word_1_102' title='bbox 2964 836 3028 891; x_wconf 93' lang='lat' dir='ltr'>in</span> <span class='ocrx_word' id='word_1_103' title='bbox 3065 837 3375 910; x_wconf 82' lang='lat' dir='ltr'>parabolis</span> <span class='ocrx_word' id='word_1_104' title='bbox 3404 855 3531 912; x_wconf 72' lang='lat' dir='ltr'>pna-</span> 
     </span>
    </p>
   </div>
   <div class='ocr_carea' id='block_1_13' title="bbox 94 914 1758 989">
    <p class='ocr_par' dir='ltr' id='par_1_13' title="bbox 94 914 1758 989">
     <span class='ocr_line' id='line_1_13' title="bbox 94 914 1758 989; baseline 0 -19"><span class='ocrx_word' id='word_1_105' title='bbox 94 914 317 971; x_wconf 88' lang='lat' dir='ltr'>dicitur.</span> <span class='ocrx_word' id='word_1_106' title='bbox 344 916 476 988; x_wconf 89' lang='lat' dir='ltr'>Ipse</span> <span class='ocrx_word' id='word_1_107' title='bbox 505 915 686 972; x_wconf 89' lang='lat' dir='ltr'>etiam</span> <span class='ocrx_word' id='word_1_108' title='bbox 717 917 1007 973; x_wconf 90' lang='lat' dir='ltr'>Dominus</span> <span class='ocrx_word' id='word_1_109' title='bbox 1030 918 1093 975; x_wconf 91' lang='lat' dir='ltr'>in</span> <span class='ocrx_word' id='word_1_110' title='bbox 1115 917 1436 989; x_wconf 87' lang='lat' dir='ltr'>Evangelio</span> <span class='ocrx_word' id='word_1_111' title='bbox 1456 915 1629 973; x_wconf 87' lang='lat' dir='ltr'>dicit:</span> <span class='ocrx_word' id='word_1_112' title='bbox 1658 915 1758 971; x_wconf 88' lang='lat' dir='ltr'>Fi-</span> 
     </span>
    </p>
   </div>
   <div class='ocr_carea' id='block_1_14' title="bbox 95 1005 1754 1077">
    <p class='ocr_par' dir='ltr' id='par_1_14' title="bbox 95 1005 1754 1077">
     <span class='ocr_line' id='line_1_14' title="bbox 95 1005 1754 1077; baseline 0.001 -18"><span class='ocrx_word' id='word_1_113' title='bbox 95 1005 158 1060; x_wconf 88' lang='lat' dir='ltr'>lii</span> <span class='ocrx_word' id='word_1_114' title='bbox 180 1010 378 1061; x_wconf 87' lang='lat' dir='ltr'>autem</span> <span class='ocrx_word' id='word_1_115' title='bbox 408 1006 583 1077; x_wconf 82' lang='lat' dir='ltr'>regni</span> <span class='ocrx_word' id='word_1_116' title='bbox 620 1007 941 1075; x_wconf 85' lang='lat' dir='ltr'>ejicientur</span> <span class='ocrx_word' id='word_1_117' title='bbox 992 1009 1055 1063; x_wconf 90' lang='lat' dir='ltr'>in</span> <span class='ocrx_word' id='word_1_118' title='bbox 1111 1008 1383 1064; x_wconf 79' lang='lat' dir='ltr'>tenebras</span> <span class='ocrx_word' id='word_1_119' title='bbox 1431 1006 1754 1063; x_wconf 65' lang='lat' dir='ltr'>exteiiores</span> 
     </span>
    </p>
   </div>
   <div class='ocr_carea' id='block_1_15' title="bbox 92 1093 1756 1168">
    <p class='ocr_par' dir='ltr' id='par_1_15' title="bbox 92 1093 1756 1168">
     <span class='ocr_line' id='line_1_15' title="bbox 92 1093 1756 1168; baseline 0.002 -21"><span class='ocrx_word' id='word_1_120' title='bbox 92 1093 325 1163; x_wconf 80' lang='lat' dir='ltr'>(Matth.</span> <span class='ocrx_word' id='word_1_121' title='bbox 370 1111 492 1161; x_wconf 83' lang='lat' dir='ltr'>VIII,</span> <span class='ocrx_word' id='word_1_122' title='bbox 556 1099 664 1157; x_wconf 90' lang='grc'><strong>12).</strong></span> <span class='ocrx_word' id='word_1_123' title='bbox 697 1096 981 1168; x_wconf 84' lang='lat' dir='ltr'>Nunquid</span> <span class='ocrx_word' id='word_1_124' title='bbox 1018 1100 1077 1152; x_wconf 90' lang='lat' dir='ltr'>et</span> <span class='ocrx_word' id='word_1_125' title='bbox 1118 1096 1216 1152; x_wconf 92' lang='lat' dir='ltr'>hic</span> <span class='ocrx_word' id='word_1_126' title='bbox 1274 1096 1544 1157; x_wconf 87' lang='lat' dir='ltr'>dicturus</span> <span class='ocrx_word' id='word_1_127' title='bbox 1597 1110 1661 1151; x_wconf 91' lang='lat' dir='ltr'>es</span> <span class='ocrx_word' id='word_1_128' title='bbox 1718 1108 1756 1150; x_wconf 91' lang='lat' dir='ltr'>a</span> 
     </span>
    </p>
   </div>
   <div class='ocr_carea' id='block_1_16' title="bbox 89 1182 1755 1258">
    <p class='ocr_par' dir='ltr' id='par_1_16' title="bbox 89 1182 1755 1258">
     <span class='ocr_line' id='line_1_16' title="bbox 89 1182 1755 1258; baseline -0.002 -15"><span class='ocrx_word' id='word_1_129' title='bbox 89 1183 383 1243; x_wconf 82' lang='lat' dir='ltr'>nesciente</span> <span class='ocrx_word' id='word_1_130' title='bbox 412 1182 570 1239; x_wconf 89' lang='lat' dir='ltr'>ﬁlios</span> <span class='ocrx_word' id='word_1_131' title='bbox 599 1184 769 1253; x_wconf 83' lang='lat' dir='ltr'>regni</span> <span class='ocrx_word' id='word_1_132' title='bbox 819 1185 1197 1257; x_wconf 82' lang='lat' dir='ltr'>appellatos?</span> <span class='ocrx_word' id='word_1_133' title='bbox 1242 1185 1408 1258; x_wconf 92' lang='lat' dir='ltr'>quod</span> <span class='ocrx_word' id='word_1_134' title='bbox 1462 1184 1608 1257; x_wconf 85' lang='lat' dir='ltr'>quia</span> <span class='ocrx_word' id='word_1_135' title='bbox 1647 1182 1755 1240; x_wconf 89' lang='lat' dir='ltr'>ab-</span> 
     </span>
    </p>
   </div>
   <div class='ocr_carea' id='block_1_17' title="bbox 91 1271 1759 1345">
    <p class='ocr_par' dir='ltr' id='par_1_17' title="bbox 91 1271 1759 1345">
     <span class='ocr_line' id='line_1_17' title="bbox 91 1271 1759 1345; baseline 0.002 -19"><span class='ocrx_word' id='word_1_136' title='bbox 91 1271 534 1337; x_wconf 90' lang='lat' dir='ltr'>surdissimum,</span> <span class='ocrx_word' id='word_1_137' title='bbox 566 1271 692 1327; x_wconf 93' lang='lat' dir='ltr'>imo</span> <span class='ocrx_word' id='word_1_138' title='bbox 734 1272 1165 1345; x_wconf 86' lang='lat' dir='ltr'>impiissimum</span> <span class='ocrx_word' id='word_1_139' title='bbox 1217 1278 1325 1341; x_wconf 91' lang='lat' dir='ltr'>est,</span> <span class='ocrx_word' id='word_1_140' title='bbox 1383 1288 1627 1330; x_wconf 89' lang='lat' dir='ltr'>necesse</span> <span class='ocrx_word' id='word_1_141' title='bbox 1667 1275 1759 1329; x_wconf 87' lang='lat' dir='ltr'>est</span> 
     </span>
    </p>
   </div>
   <div class='ocr_carea' id='block_1_18' title="bbox 86 1360 1759 1436">
    <p class='ocr_par' dir='ltr' id='par_1_18' title="bbox 86 1360 1759 1436">
     <span class='ocr_line' id='line_1_18' title="bbox 86 1360 1759 1436; baseline 0.002 -20"><span class='ocrx_word' id='word_1_142' title='bbox 86 1364 151 1416; x_wconf 89' lang='lat' dir='ltr'>ut</span> <span class='ocrx_word' id='word_1_143' title='bbox 186 1360 486 1417; x_wconf 84' lang='lat' dir='ltr'>fateamur</span> <span class='ocrx_word' id='word_1_144' title='bbox 513 1376 637 1421; x_wconf 89' lang='lat' dir='ltr'>non</span> <span class='ocrx_word' id='word_1_145' title='bbox 692 1377 731 1419; x_wconf 90' lang='lat' dir='ltr'>a</span> <span class='ocrx_word' id='word_1_146' title='bbox 761 1365 1069 1421; x_wconf 84' lang='lat' dir='ltr'>contrario</span> <span class='ocrx_word' id='word_1_147' title='bbox 1095 1363 1249 1419; x_wconf 90' lang='lat' dir='ltr'>ﬁlios</span> <span class='ocrx_word' id='word_1_148' title='bbox 1278 1363 1396 1431; x_wconf 91' lang='lat' dir='ltr'>Dei,</span> <span class='ocrx_word' id='word_1_149' title='bbox 1439 1364 1620 1423; x_wconf 89' lang='lat' dir='ltr'>etiam</span> <span class='ocrx_word' id='word_1_150' title='bbox 1651 1362 1759 1436; x_wconf 89' lang='lat' dir='ltr'>qui</span> 
     </span>
    </p>
   </div>
   <div class='ocr_carea' id='block_1_19' title="bbox 89 1450 1716 1526">
    <p class='ocr_par' dir='ltr' id='par_1_19' title="bbox 89 1450 1716 1526">
     <span class='ocr_line' id='line_1_19' title="bbox 89 1450 1716 1526; baseline 0.003 -22"><span class='ocrx_word' id='word_1_151' title='bbox 89 1454 439 1506; x_wconf 88' lang='lat' dir='ltr'>sanctorum</span> <span class='ocrx_word' id='word_1_152' title='bbox 478 1450 637 1506; x_wconf 88' lang='lat' dir='ltr'>illius</span> <span class='ocrx_word' id='word_1_153' title='bbox 657 1456 881 1517; x_wconf 85' lang='lat' dir='ltr'>sortem</span> <span class='ocrx_word' id='word_1_154' title='bbox 913 1457 1054 1508; x_wconf 93' lang='lat' dir='ltr'>sunt</span> <span class='ocrx_word' id='word_1_155' title='bbox 1078 1453 1326 1510; x_wconf 91' lang='lat' dir='ltr'>minime</span> <span class='ocrx_word' id='word_1_156' title='bbox 1354 1453 1716 1526; x_wconf 87' lang='lat' dir='ltr'>percepturi.</span> 
     </span>
    </p>
   </div>
   <div class='ocr_carea' id='block_1_20' title="bbox 156 1540 1758 1613">
    <p class='ocr_par' dir='ltr' id='par_1_20' title="bbox 156 1540 1758 1613">
     <span class='ocr_line' id='line_1_20' title="bbox 156 1540 1758 1613; baseline 0.003 -20"><span class='ocrx_word' id='word_1_157' title='bbox 156 1540 373 1595; x_wconf 84' lang='lat' dir='ltr'>Verum</span> <span class='ocrx_word' id='word_1_158' title='bbox 398 1555 477 1595; x_wconf 91' lang='lat' dir='ltr'>ne</span> <span class='ocrx_word' id='word_1_159' title='bbox 491 1544 700 1603; x_wconf 85' lang='lat' dir='ltr'>nostra</span> <span class='ocrx_word' id='word_1_160' title='bbox 717 1556 829 1598; x_wconf 90' lang='lat' dir='ltr'>nos</span> <span class='ocrx_word' id='word_1_161' title='bbox 855 1541 917 1598; x_wconf 92' lang='lat' dir='ltr'>id</span> <span class='ocrx_word' id='word_1_162' title='bbox 938 1542 1284 1613; x_wconf 89' lang='lat' dir='ltr'>conjectura</span> <span class='ocrx_word' id='word_1_163' title='bbox 1299 1543 1594 1600; x_wconf 68' lang='lat' dir='ltr'>aestimare</span> <span class='ocrx_word' id='word_1_164' title='bbox 1616 1558 1758 1598; x_wconf 89' lang='lat' dir='ltr'>cau-</span> 
     </span>
    </p>
   </div>
   <div class='ocr_carea' id='block_1_21' title="bbox 1861 916 3528 1003">
    <p class='ocr_par' dir='ltr' id='par_1_21' title="bbox 1861 916 3528 1003">
     <span class='ocr_line' id='line_1_21' title="bbox 1861 916 3528 1003; baseline 0.01 -32"><span class='ocrx_word' id='word_1_165' title='bbox 1861 916 2179 974; x_wconf 89' lang='lat' dir='ltr'>nitentium</span> <span class='ocrx_word' id='word_1_166' title='bbox 2209 924 2266 975; x_wconf 91' lang='lat' dir='ltr'>et</span> <span class='ocrx_word' id='word_1_167' title='bbox 2291 922 2415 976; x_wconf 89' lang='lat' dir='ltr'>ovis</span> <span class='ocrx_word' id='word_1_168' title='bbox 2442 924 2694 992; x_wconf 72' lang='lat' dir='ltr'>perditae</span> <span class='ocrx_word' id='word_1_169' title='bbox 2723 924 2799 981; x_wconf 91' lang='lat' dir='ltr'>de</span> <span class='ocrx_word' id='word_1_170' title='bbox 2824 930 3065 983; x_wconf 89' lang='lat' dir='ltr'>centum</span> <span class='ocrx_word' id='word_1_171' title='bbox 3096 929 3312 986; x_wconf 88' lang='lat' dir='ltr'>ovibus</span> <span class='ocrx_word' id='word_1_172' title='bbox 3357 930 3528 1003; x_wconf 84' lang='lat' dir='ltr'>(Luc.</span> 
     </span>
    </p>
   </div>
   <div class='ocr_carea' id='block_1_22' title="bbox 1863 1006 3535 1090">
    <p class='ocr_par' dir='ltr' id='par_1_22' title="bbox 1863 1006 3535 1090">
     <span class='ocr_line' id='line_1_22' title="bbox 1863 1006 3535 1090; baseline 0.01 -30"><span class='ocrx_word' id='word_1_173' title='bbox 1863 1021 1963 1072; x_wconf 82' lang='lat' dir='ltr'>xv,</span> <span class='ocrx_word' id='word_1_174' title='bbox 1991 1006 2066 1077; x_wconf 85' lang='grc'>4),</span> <span class='ocrx_word' id='word_1_175' title='bbox 2091 1013 2149 1064; x_wconf 88' lang='lat' dir='ltr'>et</span> <span class='ocrx_word' id='word_1_176' title='bbox 2169 1008 2464 1067; x_wconf 80' lang='lat' dir='ltr'>drachma</span> <span class='ocrx_word' id='word_1_177' title='bbox 2494 1018 2636 1084; x_wconf 69' lang='lat' dir='ltr'>quia</span> <span class='ocrx_word' id='word_1_178' title='bbox 2664 1013 2739 1069; x_wconf 90' lang='lat' dir='ltr'>de</span> <span class='ocrx_word' id='word_1_179' title='bbox 2776 1014 2985 1071; x_wconf 90' lang='lat' dir='ltr'>decem</span> <span class='ocrx_word' id='word_1_180' title='bbox 3018 1018 3276 1090; x_wconf 88' lang='lat' dir='ltr'>perierat</span> <span class='ocrx_word' id='word_1_181' title='bbox 3315 1022 3535 1088; x_wconf 86' lang='lat' dir='ltr'>(vers.8</span> 
     </span>
    </p>
   </div>
   <div class='ocr_carea' id='block_1_23' title="bbox 1865 1097 3529 1181">
    <p class='ocr_par' dir='ltr' id='par_1_23' title="bbox 1865 1097 3529 1181">
     <span class='ocr_line' id='line_1_23' title="bbox 1865 1097 3529 1181; baseline 0.011 -33"><span class='ocrx_word' id='word_1_182' title='bbox 1865 1099 2019 1167; x_wconf 85' lang='lat' dir='ltr'>seq.)</span> <span class='ocrx_word' id='word_1_183' title='bbox 2046 1097 2444 1169; x_wconf 87' lang='lat' dir='ltr'>reperiuntur,</span> <span class='ocrx_word' id='word_1_184' title='bbox 2477 1107 2533 1157; x_wconf 91' lang='lat' dir='ltr'>et</span> <span class='ocrx_word' id='word_1_185' title='bbox 2548 1104 2823 1171; x_wconf 87' lang='lat' dir='ltr'>perditus</span> <span class='ocrx_word' id='word_1_186' title='bbox 2836 1114 2837 1117; x_wconf 76' lang='lat'>‘</span> <span class='ocrx_word' id='word_1_187' title='bbox 2846 1107 3012 1175; x_wconf 83' lang='lat' dir='ltr'>ﬁlius</span> <span class='ocrx_word' id='word_1_188' title='bbox 3031 1107 3330 1166; x_wconf 83' lang='lat' dir='ltr'>invenitur</span> <span class='ocrx_word' id='word_1_189' title='bbox 3349 1111 3529 1181; x_wconf 85' lang='lat' dir='ltr'>(vers.</span> 
     </span>
    </p>
   </div>
   <div class='ocr_carea' id='block_1_24' title="bbox 1867 1185 3532 1268">
    <p class='ocr_par' dir='ltr' id='par_1_24' title="bbox 1867 1185 3532 1268">
     <span class='ocr_line' id='line_1_24' title="bbox 1867 1185 3532 1268; baseline 0.011 -29"><span class='ocrx_word' id='word_1_190' title='bbox 1867 1185 1935 1240; x_wconf 84' lang='grc'>12</span> <span class='ocrx_word' id='word_1_191' title='bbox 1959 1201 2122 1258; x_wconf 89' lang='lat' dir='ltr'>seq.;</span> <span class='ocrx_word' id='word_1_192' title='bbox 2153 1203 2289 1243; x_wconf 83' lang='lat' dir='ltr'>vers</span> <span class='ocrx_word' id='word_1_193' title='bbox 2319 1190 2405 1261; x_wconf 89' lang='grc'><strong>32)</strong></span> <span class='ocrx_word' id='word_1_194' title='bbox 2432 1207 2444 1245; x_wconf 93' lang='lat'>:</span> <span class='ocrx_word' id='word_1_195' title='bbox 2477 1190 2554 1247; x_wconf 89' lang='lat' dir='ltr'>de</span> <span class='ocrx_word' id='word_1_196' title='bbox 2574 1208 2698 1265; x_wconf 89' lang='lat' dir='ltr'>quo</span> <span class='ocrx_word' id='word_1_197' title='bbox 2743 1194 2822 1249; x_wconf 90' lang='lat' dir='ltr'>ad</span> <span class='ocrx_word' id='word_1_198' title='bbox 2851 1197 3145 1268; x_wconf 90' lang='lat' dir='ltr'>majorem</span> <span class='ocrx_word' id='word_1_199' title='bbox 3193 1204 3341 1255; x_wconf 88' lang='lat' dir='ltr'>natu</span> <span class='ocrx_word' id='word_1_200' title='bbox 3368 1199 3532 1256; x_wconf 82' lang='lat' dir='ltr'>dixe-</span> 
     </span>
    </p>
   </div>
   <div class='ocr_carea' id='block_1_25' title="bbox 1861 1278 3528 1357">
    <p class='ocr_par' dir='ltr' id='par_1_25' title="bbox 1861 1278 3528 1357">
     <span class='ocr_line' id='line_1_25' title="bbox 1861 1278 3528 1357; baseline 0.009 -26"><span class='ocrx_word' id='word_1_201' title='bbox 1861 1278 1954 1332; x_wconf 87' lang='lat' dir='ltr'>rat</span> <span class='ocrx_word' id='word_1_202' title='bbox 1971 1278 2171 1348; x_wconf 85' lang='lat' dir='ltr'>pater:</span> <span class='ocrx_word' id='word_1_203' title='bbox 2209 1278 2328 1333; x_wconf 84' lang='lat' dir='ltr'>Iste</span> <span class='ocrx_word' id='word_1_204' title='bbox 2344 1279 2547 1347; x_wconf 78' lang='lat' dir='ltr'>frater</span> <span class='ocrx_word' id='word_1_205' title='bbox 2577 1286 2714 1337; x_wconf 87' lang='lat' dir='ltr'>tuus</span> <span class='ocrx_word' id='word_1_206' title='bbox 2732 1285 3004 1353; x_wconf 87' lang='lat' dir='ltr'>perierat</span> <span class='ocrx_word' id='word_1_207' title='bbox 3034 1292 3091 1343; x_wconf 87' lang='lat' dir='ltr'>et</span> <span class='ocrx_word' id='word_1_208' title='bbox 3115 1289 3396 1346; x_wconf 87' lang='lat' dir='ltr'>inventus</span> <span class='ocrx_word' id='word_1_209' title='bbox 3422 1295 3528 1357; x_wconf 88' lang='lat' dir='ltr'>est,</span> 
     </span>
    </p>
   </div>
   <div class='ocr_carea' id='block_1_26' title="bbox 1864 1371 3532 1451">
    <p class='ocr_par' dir='ltr' id='par_1_26' title="bbox 1864 1371 3532 1451">
     <span class='ocr_line' id='line_1_26' title="bbox 1864 1371 3532 1451; baseline 0.008 -32"><span class='ocrx_word' id='word_1_210' title='bbox 1864 1371 2138 1421; x_wconf 87' lang='lat' dir='ltr'>mortuus</span> <span class='ocrx_word' id='word_1_211' title='bbox 2167 1373 2319 1435; x_wconf 86' lang='lat' dir='ltr'>erat,</span> <span class='ocrx_word' id='word_1_212' title='bbox 2353 1374 2409 1424; x_wconf 87' lang='lat' dir='ltr'>et</span> <span class='ocrx_word' id='word_1_213' title='bbox 2436 1371 2686 1442; x_wconf 69' lang='lat' dir='ltr'>revixit;</span> <span class='ocrx_word' id='word_1_214' title='bbox 2711 1387 3030 1447; x_wconf 89' lang='lat' dir='ltr'>nunquam</span> <span class='ocrx_word' id='word_1_215' title='bbox 3059 1376 3221 1433; x_wconf 87' lang='lat' dir='ltr'>enim</span> <span class='ocrx_word' id='word_1_216' title='bbox 3241 1378 3394 1451; x_wconf 86' lang='lat' dir='ltr'>perit</span> <span class='ocrx_word' id='word_1_217' title='bbox 3417 1379 3532 1434; x_wconf 85' lang='lat' dir='ltr'>nisi</span> 
     </span>
    </p>
   </div>
   <div class='ocr_carea' id='block_1_27' title="bbox 1824 1454 3537 1537">
    <p class='ocr_par' dir='ltr' id='par_1_27' title="bbox 1824 1454 3537 1537">
     <span class='ocr_line' id='line_1_27' title="bbox 1824 1454 3537 1537; baseline 0.01 -29"><span class='ocrx_word' id='word_1_218' title='bbox 1824 1470 1830 1477; x_wconf 75' lang='lat'><strong><em>&#39;</em></strong></span> <span class='ocrx_word' id='word_1_219' title='bbox 1864 1454 2032 1526; x_wconf 90' lang='lat' dir='ltr'>quod</span> <span class='ocrx_word' id='word_1_220' title='bbox 2057 1455 2225 1527; x_wconf 89' lang='lat' dir='ltr'>prius</span> <span class='ocrx_word' id='word_1_221' title='bbox 2263 1456 2500 1515; x_wconf 89' lang='lat' dir='ltr'>salvum</span> <span class='ocrx_word' id='word_1_222' title='bbox 2549 1459 2680 1531; x_wconf 87' lang='lat' dir='ltr'>fuit,</span> <span class='ocrx_word' id='word_1_223' title='bbox 2709 1465 2767 1517; x_wconf 90' lang='lat' dir='ltr'>et</span> <span class='ocrx_word' id='word_1_224' title='bbox 2792 1478 3110 1537; x_wconf 88' lang='lat' dir='ltr'>nunquam</span> <span class='ocrx_word' id='word_1_225' title='bbox 3140 1468 3393 1524; x_wconf 90' lang='lat' dir='ltr'>moritur</span> <span class='ocrx_word' id='word_1_226' title='bbox 3422 1468 3537 1524; x_wconf 85' lang='lat' dir='ltr'>nisi</span> 
     </span>
    </p>
   </div>
   <div class='ocr_carea' id='block_1_28' title="bbox 1865 1542 3539 1628">
    <p class='ocr_par' dir='ltr' id='par_1_28' title="bbox 1865 1542 3539 1628">
     <span class='ocr_line' id='line_1_28' title="bbox 1865 1542 3539 1628; baseline 0.01 -31"><span class='ocrx_word' id='word_1_227' title='bbox 1865 1542 2033 1614; x_wconf 89' lang='lat' dir='ltr'>quod</span> <span class='ocrx_word' id='word_1_228' title='bbox 2061 1549 2199 1600; x_wconf 89' lang='lat' dir='ltr'>ante</span> <span class='ocrx_word' id='word_1_229' title='bbox 2227 1544 2479 1603; x_wconf 80' lang='lat' dir='ltr'>vixerat.</span> <span class='ocrx_word' id='word_1_230' title='bbox 2511 1550 2666 1617; x_wconf 85' lang='lat' dir='ltr'>Ergo</span> <span class='ocrx_word' id='word_1_231' title='bbox 2690 1549 2785 1606; x_wconf 88' lang='lat' dir='ltr'>isti</span> <span class='ocrx_word' id='word_1_232' title='bbox 2813 1551 2919 1624; x_wconf 90' lang='lat' dir='ltr'>qui</span> <span class='ocrx_word' id='word_1_233' title='bbox 2964 1568 3127 1610; x_wconf 91' lang='lat' dir='ltr'>nunc</span> <span class='ocrx_word' id='word_1_234' title='bbox 3158 1556 3539 1628; x_wconf 80' lang='lat' dir='ltr'>appellantur</span> 
     </span>
    </p>
   </div>
   <div class='ocr_carea' id='block_1_29' title="bbox 92 1627 3536 1717">
    <p class='ocr_par' dir='ltr' id='par_1_29' title="bbox 92 1627 3536 1717">
     <span class='ocr_line' id='line_1_29' title="bbox 92 1627 3536 1717; baseline 0.005 -35"><span class='ocrx_word' id='word_1_235' title='bbox 92 1627 253 1693; x_wconf 88' lang='lat' dir='ltr'>seris,</span> <span class='ocrx_word' id='word_1_236' title='bbox 290 1629 494 1701; x_wconf 89' lang='lat' dir='ltr'>accipe</span> <span class='ocrx_word' id='word_1_237' title='bbox 523 1629 672 1701; x_wconf 90' lang='lat' dir='ltr'>quid</span> <span class='ocrx_word' id='word_1_238' title='bbox 691 1630 819 1702; x_wconf 90' lang='lat' dir='ltr'>ipse</span> <span class='ocrx_word' id='word_1_239' title='bbox 840 1647 1086 1704; x_wconf 87' lang='lat' dir='ltr'>quoque</span> <span class='ocrx_word' id='word_1_240' title='bbox 1103 1639 1315 1691; x_wconf 88' lang='lat' dir='ltr'>contra</span> <span class='ocrx_word' id='word_1_241' title='bbox 1337 1633 1755 1690; x_wconf 86' lang='lat' dir='ltr'>adversarium</span> <span class='ocrx_word' id='word_1_242' title='bbox 1862 1632 1983 1700; x_wconf 82' lang='lat' dir='ltr'>filii</span> <span class='ocrx_word' id='word_1_243' title='bbox 2002 1634 2385 1705; x_wconf 77' lang='lat' dir='ltr'>perditionis,</span> <span class='ocrx_word' id='word_1_244' title='bbox 2420 1636 2545 1693; x_wconf 83' lang='lat' dir='ltr'>sive</span> <span class='ocrx_word' id='word_1_245' title='bbox 2570 1637 2901 1711; x_wconf 84' lang='lat' dir='ltr'>iniquitatis</span> <span class='ocrx_word' id='word_1_246' title='bbox 2930 1657 3001 1697; x_wconf 87' lang='lat' dir='ltr'>ac</span> <span class='ocrx_word' id='word_1_247' title='bbox 3044 1627 3282 1700; x_wconf 84' lang='lat' dir='ltr'>sceleris</span> <span class='ocrx_word' id='word_1_248' title='bbox 3323 1647 3462 1717; x_wconf 86' lang='lat' dir='ltr'>(Isa.</span> <span class='ocrx_word' id='word_1_249' title='bbox 3494 1662 3536 1717; x_wconf 87' lang='grc' dir='ltr'>ι,</span> 
     </span>
    </p>
   </div>
   <div class='ocr_carea' id='block_1_30' title="bbox 89 1716 3539 1799">
    <p class='ocr_par' dir='ltr' id='par_1_30' title="bbox 89 1716 3539 1799">
     <span class='ocr_line' id='line_1_30' title="bbox 89 1716 3539 1799; baseline 0.005 -27"><span class='ocrx_word' id='word_1_250' title='bbox 89 1716 230 1787; x_wconf 82' lang='lat' dir='ltr'>legis</span> <span class='ocrx_word' id='word_1_251' title='bbox 259 1722 317 1774; x_wconf 89' lang='lat' dir='ltr'>et</span> <span class='ocrx_word' id='word_1_252' title='bbox 346 1719 778 1790; x_wconf 89' lang='lat' dir='ltr'>prophetarum</span> <span class='ocrx_word' id='word_1_253' title='bbox 801 1721 1069 1777; x_wconf 90' lang='lat' dir='ltr'>scribens</span> <span class='ocrx_word' id='word_1_254' title='bbox 1098 1722 1238 1779; x_wconf 89' lang='lat' dir='ltr'>hinc</span> <span class='ocrx_word' id='word_1_255' title='bbox 1263 1723 1323 1779; x_wconf 92' lang='lat' dir='ltr'>in</span> <span class='ocrx_word' id='word_1_256' title='bbox 1344 1723 1754 1779; x_wconf 83' lang='lat' dir='ltr'>defensionem</span> <span class='ocrx_word' id='word_1_257' title='bbox 1783 1732 1834 1795; x_wconf 57' lang='grc' dir='ltr'><strong>ἢ</strong></span> <span class='ocrx_word' id='word_1_258' title='bbox 1865 1720 1941 1791; x_wconf 81' lang='grc'>4),</span> <span class='ocrx_word' id='word_1_259' title='bbox 1982 1722 2229 1794; x_wconf 88' lang='lat' dir='ltr'>proprio</span> <span class='ocrx_word' id='word_1_260' title='bbox 2254 1724 2396 1780; x_wconf 89' lang='lat' dir='ltr'>vitio</span> <span class='ocrx_word' id='word_1_261' title='bbox 2444 1725 2893 1799; x_wconf 86' lang='lat' dir='ltr'>dereliquerunt</span> <span class='ocrx_word' id='word_1_262' title='bbox 2937 1732 3146 1799; x_wconf 91' lang='lat' dir='ltr'>Deum,</span> <span class='ocrx_word' id='word_1_263' title='bbox 3194 1739 3252 1790; x_wconf 91' lang='lat' dir='ltr'>et</span> <span class='ocrx_word' id='word_1_264' title='bbox 3279 1716 3354 1790; x_wconf 88' lang='lat' dir='ltr'>de</span> <span class='ocrx_word' id='word_1_265' title='bbox 3399 1734 3539 1790; x_wconf 86' lang='lat' dir='ltr'>ﬁliis</span> 
     </span>
    </p>
   </div>
   <div class='ocr_carea' id='block_1_31' title="bbox 89 1806 1754 1881">
    <p class='ocr_par' dir='ltr' id='par_1_31' title="bbox 89 1806 1754 1881">
     <span class='ocr_line' id='line_1_31' title="bbox 89 1806 1754 1881; baseline 0.002 -18"><span class='ocrx_word' id='word_1_266' title='bbox 89 1806 347 1869; x_wconf 82' lang='lat' dir='ltr'>veritatis</span> <span class='ocrx_word' id='word_1_267' title='bbox 366 1807 677 1879; x_wconf 85' lang='lat' dir='ltr'>protulerit</span> <span class='ocrx_word' id='word_1_268' title='bbox 698 1810 1069 1878; x_wconf 80' lang='lat' dir='ltr'>Augustinus</span> <span class='ocrx_word' id='word_1_269' title='bbox 1088 1812 1103 1881; x_wconf 95' lang='lat'>(</span> <span class='ocrx_word' id='word_1_270' title='bbox 1111 1815 1318 1868; x_wconf 87' lang='lat' dir='ltr'>contra</span> <span class='ocrx_word' id='word_1_271' title='bbox 1340 1812 1754 1868; x_wconf 87' lang='lat' dir='ltr'>adversarium</span> 
     </span>
    </p>
   </div>
   <div class='ocr_carea' id='block_1_32' title="bbox 95 1897 1758 1973">
    <p class='ocr_par' dir='ltr' id='par_1_32' title="bbox 95 1897 1758 1973">
     <span class='ocr_line' id='line_1_32' title="bbox 95 1897 1758 1973; baseline 0.002 -21"><span class='ocrx_word' id='word_1_272' title='bbox 95 1897 232 1967; x_wconf 82' lang='lat' dir='ltr'>legis</span> <span class='ocrx_word' id='word_1_273' title='bbox 258 1900 313 1953; x_wconf 84' lang='lat' dir='ltr'>et</span> <span class='ocrx_word' id='word_1_274' title='bbox 337 1897 640 1967; x_wconf 80' lang='lat' dir='ltr'>prophet.,</span> <span class='ocrx_word' id='word_1_275' title='bbox 673 1897 712 1953; x_wconf 91' lang='lat'>1.</span> <span class='ocrx_word' id='word_1_276' title='bbox 744 1914 785 1965; x_wconf 85' lang='grc' dir='ltr'>ι,</span> <span class='ocrx_word' id='word_1_277' title='bbox 818 1914 952 1971; x_wconf 89' lang='lat' dir='ltr'>cap.</span> <span class='ocrx_word' id='word_1_278' title='bbox 973 1901 1084 1971; x_wconf 83' lang='grc'><strong>22).</strong></span> <span class='ocrx_word' id='word_1_279' title='bbox 1110 1900 1214 1971; x_wconf 85' lang='lat' dir='ltr'>[De</span> <span class='ocrx_word' id='word_1_280' title='bbox 1244 1900 1586 1956; x_wconf 89' lang='lat' dir='ltr'>testimonio</span> <span class='ocrx_word' id='word_1_281' title='bbox 1608 1916 1758 1973; x_wconf 89' lang='lat' dir='ltr'>quo-</span> 
     </span>
    </p>
   </div>
   <div class='ocr_carea' id='block_1_33' title="bbox 90 1986 1757 2064">
    <p class='ocr_par' dir='ltr' id='par_1_33' title="bbox 90 1986 1757 2064">
     <span class='ocr_line' id='line_1_33' title="bbox 90 1986 1757 2064; baseline 0.004 -23"><span class='ocrx_word' id='word_1_282' title='bbox 90 2001 204 2058; x_wconf 90' lang='lat' dir='ltr'>que</span> <span class='ocrx_word' id='word_1_283' title='bbox 235 1986 403 2043; x_wconf 63' lang='lat' dir='ltr'>lsaiie</span> <span class='ocrx_word' id='word_1_284' title='bbox 442 1988 751 2061; x_wconf 72' lang='lat' dir='ltr'>prophetae</span> <span class='ocrx_word' id='word_1_285' title='bbox 799 1989 1203 2047; x_wconf 86' lang='lat' dir='ltr'>calumniatur</span> <span class='ocrx_word' id='word_1_286' title='bbox 1251 1996 1430 2064; x_wconf 89' lang='lat' dir='ltr'>atque</span> <span class='ocrx_word' id='word_1_287' title='bbox 1477 1990 1757 2063; x_wconf 87' lang='lat' dir='ltr'>blasphe-</span> 
     </span>
    </p>
   </div>
   <div class='ocr_carea' id='block_1_34' title="bbox 93 2078 1759 2151">
    <p class='ocr_par' dir='ltr' id='par_1_34' title="bbox 93 2078 1759 2151">
     <span class='ocr_line' id='line_1_34' title="bbox 93 2078 1759 2151; baseline 0.002 -18"><span class='ocrx_word' id='word_1_288' title='bbox 93 2081 231 2147; x_wconf 88' lang='lat' dir='ltr'>mat,</span> <span class='ocrx_word' id='word_1_289' title='bbox 255 2093 328 2133; x_wconf 93' lang='lat' dir='ltr'>eo</span> <span class='ocrx_word' id='word_1_290' title='bbox 352 2078 521 2150; x_wconf 89' lang='lat' dir='ltr'>quod</span> <span class='ocrx_word' id='word_1_291' title='bbox 545 2078 786 2135; x_wconf 76' lang='lat' dir='ltr'>dixerit:</span> <span class='ocrx_word' id='word_1_292' title='bbox 808 2080 995 2136; x_wconf 81' lang='lat' dir='ltr'>Filios</span> <span class='ocrx_word' id='word_1_293' title='bbox 1018 2082 1204 2150; x_wconf 83' lang='lat' dir='ltr'>genui</span> <span class='ocrx_word' id='word_1_294' title='bbox 1231 2085 1286 2137; x_wconf 87' lang='lat' dir='ltr'>et</span> <span class='ocrx_word' id='word_1_295' title='bbox 1312 2083 1585 2137; x_wconf 76' lang='lat' dir='ltr'>exaltavi</span> <span class='ocrx_word' id='word_1_296' title='bbox 1597 2094 1618 2151; x_wconf 90' lang='lat'><strong><em>;</em></strong></span> <span class='ocrx_word' id='word_1_297' title='bbox 1644 2080 1759 2150; x_wconf 88' lang='lat' dir='ltr'>ipsi</span> 
     </span>
    </p>
   </div>
   <div class='ocr_carea' id='block_1_35' title="bbox 91 2170 1758 2242">
    <p class='ocr_par' dir='ltr' id='par_1_35' title="bbox 91 2170 1758 2242">
     <span class='ocr_line' id='line_1_35' title="bbox 91 2170 1758 2242; baseline 0.002 -19"><span class='ocrx_word' id='word_1_298' title='bbox 91 2172 281 2224; x_wconf 88' lang='lat' dir='ltr'>autem</span> <span class='ocrx_word' id='word_1_299' title='bbox 332 2183 425 2225; x_wconf 88' lang='lat' dir='ltr'>me</span> <span class='ocrx_word' id='word_1_300' title='bbox 476 2175 836 2238; x_wconf 84' lang='lat' dir='ltr'>spreverunt</span> <span class='ocrx_word' id='word_1_301' title='bbox 885 2170 1024 2242; x_wconf 85' lang='lat' dir='ltr'>(Isa.</span> <span class='ocrx_word' id='word_1_302' title='bbox 1082 2187 1120 2237; x_wconf 85' lang='grc' dir='ltr'>ι,</span> <span class='ocrx_word' id='word_1_303' title='bbox 1162 2175 1216 2238; x_wconf 89' lang='grc'>2,</span> <span class='ocrx_word' id='word_1_304' title='bbox 1265 2174 1341 2241; x_wconf 75' lang='grc'>4).</span> <span class='ocrx_word' id='word_1_305' title='bbox 1403 2174 1472 2227; x_wconf 89' lang='lat' dir='ltr'>Et</span> <span class='ocrx_word' id='word_1_306' title='bbox 1509 2171 1758 2227; x_wconf 91' lang='lat' dir='ltr'>eosdem</span> 
     </span>
    </p>
   </div>
   <div class='ocr_carea' id='block_1_36' title="bbox 90 2255 1757 2332">
    <p class='ocr_par' dir='ltr' id='par_1_36' title="bbox 90 2255 1757 2332">
     <span class='ocr_line' id='line_1_36' title="bbox 90 2255 1757 2332; baseline 0.002 -21"><span class='ocrx_word' id='word_1_307' title='bbox 90 2255 269 2327; x_wconf 88' lang='lat' dir='ltr'>paulo</span> <span class='ocrx_word' id='word_1_308' title='bbox 290 2262 427 2329; x_wconf 90' lang='lat' dir='ltr'>post</span> <span class='ocrx_word' id='word_1_309' title='bbox 451 2257 843 2331; x_wconf 81' lang='lat' dir='ltr'>appellaverit</span> <span class='ocrx_word' id='word_1_310' title='bbox 866 2275 1063 2317; x_wconf 82' lang='lat' dir='ltr'>semen</span> <span class='ocrx_word' id='word_1_311' title='bbox 1087 2262 1429 2328; x_wconf 86' lang='lat' dir='ltr'>pessimum,</span> <span class='ocrx_word' id='word_1_312' title='bbox 1462 2265 1757 2332; x_wconf 88' lang='lat' dir='ltr'>tanquam</span> 
     </span>
    </p>
   </div>
   <div class='ocr_carea' id='block_1_37' title="bbox 92 2347 1759 2420">
    <p class='ocr_par' dir='ltr' id='par_1_37' title="bbox 92 2347 1759 2420">
     <span class='ocr_line' id='line_1_37' title="bbox 92 2347 1759 2420; baseline 0.003 -20"><span class='ocrx_word' id='word_1_313' title='bbox 92 2361 150 2401; x_wconf 92' lang='lat' dir='ltr'>se</span> <span class='ocrx_word' id='word_1_314' title='bbox 178 2347 499 2407; x_wconf 87' lang='lat' dir='ltr'>ostendent</span> <span class='ocrx_word' id='word_1_315' title='bbox 537 2348 869 2417; x_wconf 85' lang='lat' dir='ltr'>genitorem</span> <span class='ocrx_word' id='word_1_316' title='bbox 924 2349 1052 2420; x_wconf 89' lang='lat' dir='ltr'>[al.,</span> <span class='ocrx_word' id='word_1_317' title='bbox 1094 2350 1533 2420; x_wconf 86' lang='lat' dir='ltr'>generatorem]</span> <span class='ocrx_word' id='word_1_318' title='bbox 1572 2349 1759 2405; x_wconf 89' lang='lat' dir='ltr'>malo-</span> 
     </span>
    </p>
   </div>
   <div class='ocr_carea' id='block_1_38' title="bbox 91 2437 1760 2510">
    <p class='ocr_par' dir='ltr' id='par_1_38' title="bbox 91 2437 1760 2510">
     <span class='ocr_line' id='line_1_38' title="bbox 91 2437 1760 2510; baseline 0.002 -19"><span class='ocrx_word' id='word_1_319' title='bbox 91 2450 240 2500; x_wconf 87' lang='lat' dir='ltr'>rum,</span> <span class='ocrx_word' id='word_1_320' title='bbox 273 2437 450 2508; x_wconf 86' lang='lat' dir='ltr'>cujus</span> <span class='ocrx_word' id='word_1_321' title='bbox 479 2437 584 2495; x_wconf 82' lang='lat' dir='ltr'>ﬁlii</span> <span class='ocrx_word' id='word_1_322' title='bbox 609 2444 965 2497; x_wconf 83' lang='lat' dir='ltr'>suntsemen</span> <span class='ocrx_word' id='word_1_323' title='bbox 999 2444 1345 2510; x_wconf 85' lang='lat' dir='ltr'>pessimum,</span> <span class='ocrx_word' id='word_1_324' title='bbox 1373 2440 1645 2496; x_wconf 87' lang='lat' dir='ltr'>nesciens</span> <span class='ocrx_word' id='word_1_325' title='bbox 1680 2438 1760 2495; x_wconf 89' lang='lat' dir='ltr'>ob</span> 
     </span>
    </p>
   </div>
   <div class='ocr_carea' id='block_1_39' title="bbox 91 2523 1757 2601">
    <p class='ocr_par' dir='ltr' id='par_1_39' title="bbox 91 2523 1757 2601">
     <span class='ocr_line' id='line_1_39' title="bbox 91 2523 1757 2601; baseline 0.002 -20"><span class='ocrx_word' id='word_1_326' title='bbox 91 2523 200 2582; x_wconf 88' lang='lat' dir='ltr'>hoc</span> <span class='ocrx_word' id='word_1_327' title='bbox 230 2542 335 2582; x_wconf 91' lang='lat' dir='ltr'>eos</span> <span class='ocrx_word' id='word_1_328' title='bbox 366 2526 485 2584; x_wconf 90' lang='lat' dir='ltr'>dici</span> <span class='ocrx_word' id='word_1_329' title='bbox 505 2543 703 2585; x_wconf 86' lang='lat' dir='ltr'>semen</span> <span class='ocrx_word' id='word_1_330' title='bbox 727 2531 1074 2598; x_wconf 87' lang='lat' dir='ltr'>pessimum,</span> <span class='ocrx_word' id='word_1_331' title='bbox 1094 2529 1389 2601; x_wconf 87' lang='lat' dir='ltr'>quoniam</span> <span class='ocrx_word' id='word_1_332' title='bbox 1409 2529 1613 2600; x_wconf 67' lang='lat' dir='ltr'>gratiae</span> <span class='ocrx_word' id='word_1_333' title='bbox 1638 2528 1757 2592; x_wconf 86' lang='lat' dir='ltr'>Dei,</span> 
     </span>
    </p>
   </div>
   <div class='ocr_carea' id='block_1_40' title="bbox 95 2616 1761 2692">
    <p class='ocr_par' dir='ltr' id='par_1_40' title="bbox 95 2616 1761 2692">
     <span class='ocr_line' id='line_1_40' title="bbox 95 2616 1761 2692; baseline 0.002 -22"><span class='ocrx_word' id='word_1_334' title='bbox 95 2629 217 2686; x_wconf 88' lang='lat' dir='ltr'>qua</span> <span class='ocrx_word' id='word_1_335' title='bbox 243 2616 351 2673; x_wconf 86' lang='lat' dir='ltr'>ﬁlii</span> <span class='ocrx_word' id='word_1_336' title='bbox 406 2616 546 2677; x_wconf 87' lang='lat' dir='ltr'>facti</span> <span class='ocrx_word' id='word_1_337' title='bbox 592 2623 783 2684; x_wconf 83' lang='lat' dir='ltr'>erant,</span> <span class='ocrx_word' id='word_1_338' title='bbox 814 2619 1127 2692; x_wconf 84' lang='lat' dir='ltr'>peccando</span> <span class='ocrx_word' id='word_1_339' title='bbox 1170 2621 1498 2689; x_wconf 81' lang='lat' dir='ltr'>degeneres</span> <span class='ocrx_word' id='word_1_340' title='bbox 1525 2619 1761 2675; x_wconf 83' lang='lat' dir='ltr'>exstite-</span> 
     </span>
    </p>
   </div>
   <div class='ocr_carea' id='block_1_41' title="bbox 91 2706 1761 2781">
    <p class='ocr_par' dir='ltr' id='par_1_41' title="bbox 91 2706 1761 2781">
     <span class='ocr_line' id='line_1_41' title="bbox 91 2706 1761 2781; baseline 0.004 -22"><span class='ocrx_word' id='word_1_341' title='bbox 91 2710 241 2777; x_wconf 85' lang='lat' dir='ltr'>rant,</span> <span class='ocrx_word' id='word_1_342' title='bbox 272 2722 488 2764; x_wconf 88' lang='lat' dir='ltr'>eorum</span> <span class='ocrx_word' id='word_1_343' title='bbox 516 2706 622 2763; x_wconf 85' lang='lat' dir='ltr'>ﬁlii</span> <span class='ocrx_word' id='word_1_344' title='bbox 662 2706 806 2765; x_wconf 87' lang='lat' dir='ltr'>facti</span> <span class='ocrx_word' id='word_1_345' title='bbox 842 2725 1105 2781; x_wconf 90' lang='lat' dir='ltr'>quorum</span> <span class='ocrx_word' id='word_1_346' title='bbox 1132 2709 1461 2766; x_wconf 71' lang='lat' dir='ltr'>imitatores</span> <span class='ocrx_word' id='word_1_347' title='bbox 1493 2724 1626 2766; x_wconf 91' lang='lat' dir='ltr'>esse</span> <span class='ocrx_word' id='word_1_348' title='bbox 1656 2725 1761 2766; x_wconf 89' lang='lat' dir='ltr'>vo-</span> 
     </span>
    </p>
   </div>
   <div class='ocr_carea' id='block_1_42' title="bbox 91 2792 1761 2857">
    <p class='ocr_par' dir='ltr' id='par_1_42' title="bbox 91 2792 1761 2857">
     <span class='ocr_line' id='line_1_42' title="bbox 91 2792 1761 2857; baseline 0.005 -9"><span class='ocrx_word' id='word_1_349' title='bbox 91 2792 347 2854; x_wconf 89' lang='lat' dir='ltr'>luerunt.</span> <span class='ocrx_word' id='word_1_350' title='bbox 378 2796 545 2855; x_wconf 87' lang='lat' dir='ltr'>Unde</span> <span class='ocrx_word' id='word_1_351' title='bbox 586 2797 702 2855; x_wconf 88' lang='lat' dir='ltr'>illis</span> <span class='ocrx_word' id='word_1_352' title='bbox 746 2798 866 2856; x_wconf 85' lang='lat' dir='ltr'>alio</span> <span class='ocrx_word' id='word_1_353' title='bbox 917 2798 1050 2857; x_wconf 93' lang='lat' dir='ltr'>loco</span> <span class='ocrx_word' id='word_1_354' title='bbox 1094 2799 1338 2856; x_wconf 86' lang='lat' dir='ltr'>dicitur:</span> <span class='ocrx_word' id='word_1_355' title='bbox 1389 2801 1578 2856; x_wconf 88' lang='lat' dir='ltr'>Pater</span> <span class='ocrx_word' id='word_1_356' title='bbox 1625 2805 1761 2856; x_wconf 88' lang='lat' dir='ltr'>tuus</span> 
     </span>
    </p>
   </div>
   <div class='ocr_carea' id='block_1_43' title="bbox 92 2884 1726 2960">
    <p class='ocr_par' dir='ltr' id='par_1_43' title="bbox 92 2884 1726 2960">
     <span class='ocr_line' id='line_1_43' title="bbox 92 2884 1726 2960; baseline 0.004 -21"><span class='ocrx_word' id='word_1_357' title='bbox 92 2884 506 2958; x_wconf 66' lang='lat' dir='ltr'>Amorrhteus,</span> <span class='ocrx_word' id='word_1_358' title='bbox 544 2893 598 2945; x_wconf 91' lang='lat' dir='ltr'>et</span> <span class='ocrx_word' id='word_1_359' title='bbox 626 2894 821 2945; x_wconf 88' lang='lat' dir='ltr'>mater</span> <span class='ocrx_word' id='word_1_360' title='bbox 853 2895 959 2946; x_wconf 89' lang='lat' dir='ltr'>tua</span> <span class='ocrx_word' id='word_1_361' title='bbox 992 2890 1236 2947; x_wconf 76' lang='lat' dir='ltr'>Cethtea</span> <span class='ocrx_word' id='word_1_362' title='bbox 1266 2889 1639 2958; x_wconf 80' lang='lat' dir='ltr'>(Ezech.xv1,</span> <span class='ocrx_word' id='word_1_363' title='bbox 1673 2890 1726 2960; x_wconf 87' lang='lat'>3)</span> 
     </span>
    </p>
   </div>
   <div class='ocr_carea' id='block_1_44' title="bbox 93 2976 1765 3050">
    <p class='ocr_par' dir='ltr' id='par_1_44' title="bbox 93 2976 1765 3050">
     <span class='ocr_line' id='line_1_44' title="bbox 93 2976 1765 3050; baseline 0.002 -21"><span class='ocrx_word' id='word_1_364' title='bbox 93 2988 351 3044; x_wconf 88' lang='lat' dir='ltr'>quarum</span> <span class='ocrx_word' id='word_1_365' title='bbox 407 2976 678 3045; x_wconf 89' lang='lat' dir='ltr'>gentium</span> <span class='ocrx_word' id='word_1_366' title='bbox 731 2981 872 3035; x_wconf 90' lang='lat' dir='ltr'>sunt</span> <span class='ocrx_word' id='word_1_367' title='bbox 930 2977 1303 3050; x_wconf 82' lang='lat' dir='ltr'>impietatem</span> <span class='ocrx_word' id='word_1_368' title='bbox 1348 2978 1765 3049; x_wconf 84' lang='lat' dir='ltr'>malitiamque</span> 
     </span>
    </p>
   </div>
   <div class='ocr_carea' id='block_1_45' title="bbox 1868 1810 3539 1892">
    <p class='ocr_par' dir='ltr' id='par_1_45' title="bbox 1868 1810 3539 1892">
     <span class='ocr_line' id='line_1_45' title="bbox 1868 1810 3539 1892; baseline 0.011 -29"><span class='ocrx_word' id='word_1_369' title='bbox 1868 1810 2124 1881; x_wconf 89' lang='lat' dir='ltr'>Domini,</span> <span class='ocrx_word' id='word_1_370' title='bbox 2159 1811 2263 1867; x_wconf 86' lang='lat' dir='ltr'>ﬁlii</span> <span class='ocrx_word' id='word_1_371' title='bbox 2294 1813 2646 1885; x_wconf 88' lang='lat' dir='ltr'>perditionis</span> <span class='ocrx_word' id='word_1_372' title='bbox 2674 1832 2807 1873; x_wconf 90' lang='lat' dir='ltr'>esse</span> <span class='ocrx_word' id='word_1_373' title='bbox 2834 1825 3166 1892; x_wconf 69' lang='lat' dir='ltr'>coeperunt,</span> <span class='ocrx_word' id='word_1_374' title='bbox 3197 1823 3431 1880; x_wconf 90' lang='lat' dir='ltr'>dicente</span> <span class='ocrx_word' id='word_1_375' title='bbox 3456 1824 3539 1880; x_wconf 87' lang='lat' dir='ltr'>ad</span> 
     </span>
    </p>
   </div>
   <div class='ocr_carea' id='block_1_46' title="bbox 1866 1899 3535 1981">
    <p class='ocr_par' dir='ltr' id='par_1_46' title="bbox 1866 1899 3535 1981">
     <span class='ocr_line' id='line_1_46' title="bbox 1866 1899 3535 1981; baseline 0.01 -28"><span class='ocrx_word' id='word_1_376' title='bbox 1866 1914 1971 1954; x_wconf 89' lang='lat' dir='ltr'>eos</span> <span class='ocrx_word' id='word_1_377' title='bbox 2002 1899 2119 1955; x_wconf 93' lang='lat' dir='ltr'>hoc</span> <span class='ocrx_word' id='word_1_378' title='bbox 2148 1900 2367 1957; x_wconf 91' lang='lat' dir='ltr'>eodem</span> <span class='ocrx_word' id='word_1_379' title='bbox 2390 1904 2722 1977; x_wconf 85' lang='lat' dir='ltr'>propheta:</span> <span class='ocrx_word' id='word_1_380' title='bbox 2750 1909 3163 1981; x_wconf 87' lang='lat' dir='ltr'>Dereliquistis</span> <span class='ocrx_word' id='word_1_381' title='bbox 3193 1913 3535 1981; x_wconf 87' lang='lat' dir='ltr'>Dominum,</span> 
     </span>
    </p>
   </div>
   <div class='ocr_carea' id='block_1_47' title="bbox 1867 1990 3542 2065">
    <p class='ocr_par' dir='ltr' id='par_1_47' title="bbox 1867 1990 3542 2065">
     <span class='ocr_line' id='line_1_47' title="bbox 1867 1990 3542 2065; baseline 0.01 -22"><span class='ocrx_word' id='word_1_382' title='bbox 1867 1993 1923 2044; x_wconf 87' lang='lat' dir='ltr'>et</span> <span class='ocrx_word' id='word_1_383' title='bbox 1986 1990 2069 2045; x_wconf 87' lang='lat' dir='ltr'>ad</span> <span class='ocrx_word' id='word_1_384' title='bbox 2120 1991 2503 2049; x_wconf 83' lang='lat' dir='ltr'>iracundiam</span> <span class='ocrx_word' id='word_1_385' title='bbox 2569 1999 2936 2065; x_wconf 72' lang='lat' dir='ltr'>prouocastis</span> <span class='ocrx_word' id='word_1_386' title='bbox 3004 2006 3276 2059; x_wconf 88' lang='lat' dir='ltr'>sanctum</span> <span class='ocrx_word' id='word_1_387' title='bbox 3346 2003 3542 2061; x_wconf 88' lang='lat' dir='ltr'>Israel</span> 
     </span>
    </p>
   </div>
   <div class='ocr_carea' id='block_1_48' title="bbox 1869 2080 3539 2166">
    <p class='ocr_par' dir='ltr' id='par_1_48' title="bbox 1869 2080 3539 2166">
     <span class='ocr_line' id='line_1_48' title="bbox 1869 2080 3539 2166; baseline 0.008 -30"><span class='ocrx_word' id='word_1_388' title='bbox 1869 2081 2009 2153; x_wconf 90' lang='lat' dir='ltr'>(Isa.</span> <span class='ocrx_word' id='word_1_389' title='bbox 2041 2097 2169 2148; x_wconf 78' lang='lat' dir='ltr'>va,</span> <span class='ocrx_word' id='word_1_390' title='bbox 2205 2080 2314 2150; x_wconf 92' lang='grc'><strong>11).</strong></span> <span class='ocrx_word' id='word_1_391' title='bbox 2350 2083 2392 2153; x_wconf 70' lang='grc' dir='ltr'>-ι-</span> <span class='ocrx_word' id='word_1_392' title='bbox 2440 2083 2799 2141; x_wconf 84' lang='lat' dir='ltr'>Ambrosius</span> <span class='ocrx_word' id='word_1_393' title='bbox 2844 2086 2907 2143; x_wconf 92' lang='lat' dir='ltr'>in</span> <span class='ocrx_word' id='word_1_394' title='bbox 2940 2089 3199 2161; x_wconf 89' lang='lat' dir='ltr'>Epistola</span> <span class='ocrx_word' id='word_1_395' title='bbox 3235 2091 3315 2148; x_wconf 90' lang='lat' dir='ltr'>ad</span> <span class='ocrx_word' id='word_1_396' title='bbox 3345 2093 3539 2166; x_wconf 89' lang='lat' dir='ltr'>Ephe-</span> 
     </span>
    </p>
   </div>
   <div class='ocr_carea' id='block_1_49' title="bbox 1869 2186 2013 2226">
    <p class='ocr_par' dir='ltr' id='par_1_49' title="bbox 1869 2186 2013 2226">
     <span class='ocr_line' id='line_1_49' title="bbox 1869 2186 2013 2226; baseline -0.007 -1"><span class='ocrx_word' id='word_1_397' title='bbox 1869 2186 2013 2226; x_wconf 87' lang='lat' dir='ltr'>SlOS.</span> 
     </span>
    </p>
   </div>
   <div class='ocr_carea' id='block_1_50' title="bbox 1938 2260 3537 2342">
    <p class='ocr_par' dir='ltr' id='par_1_50' title="bbox 1938 2260 3537 2342">
     <span class='ocr_line' id='line_1_50' title="bbox 1938 2260 3537 2342; baseline 0.006 -27"><span class='ocrx_word' id='word_1_398' title='bbox 1938 2260 2202 2316; x_wconf 87' lang='lat' dir='ltr'>Eramus</span> <span class='ocrx_word' id='word_1_399' title='bbox 2231 2266 2458 2318; x_wconf 86' lang='lat' dir='ltr'>natura</span> <span class='ocrx_word' id='word_1_400' title='bbox 2498 2264 2621 2332; x_wconf 78' lang='lat' dir='ltr'>ﬁlii</span> <span class='ocrx_word' id='word_1_401' title='bbox 2653 2264 2781 2335; x_wconf 72' lang='lat' dir='ltr'>irae,</span> <span class='ocrx_word' id='word_1_402' title='bbox 2812 2267 2968 2324; x_wconf 80' lang='lat' dir='ltr'>sicut</span> <span class='ocrx_word' id='word_1_403' title='bbox 2997 2274 3054 2325; x_wconf 91' lang='lat' dir='ltr'>et</span> <span class='ocrx_word' id='word_1_404' title='bbox 3093 2271 3294 2326; x_wconf 59' lang='lat' dir='ltr'>ceteri</span> <span class='ocrx_word' id='word_1_405' title='bbox 3323 2272 3537 2342; x_wconf 80' lang='lat' dir='ltr'>(Epist.</span> 
     </span>
    </p>
   </div>
   <div class='ocr_carea' id='block_1_51' title="bbox 1868 2349 3541 2432">
    <p class='ocr_par' dir='ltr' id='par_1_51' title="bbox 1868 2349 3541 2432">
     <span class='ocr_line' id='line_1_51' title="bbox 1868 2349 3541 2432; baseline 0.008 -26"><span class='ocrx_word' id='word_1_406' title='bbox 1868 2349 1950 2406; x_wconf 91' lang='lat' dir='ltr'>ad</span> <span class='ocrx_word' id='word_1_407' title='bbox 1977 2350 2219 2419; x_wconf 83' lang='lat' dir='ltr'>Ephes.,</span> <span class='ocrx_word' id='word_1_408' title='bbox 2248 2366 2300 2407; x_wconf 94' lang='lat' dir='ltr'>c.</span> <span class='ocrx_word' id='word_1_409' title='bbox 2332 2354 2390 2421; x_wconf 83' lang='lat'>2,</span> <span class='ocrx_word' id='word_1_410' title='bbox 2420 2352 2513 2423; x_wconf 89' lang='lat'>3):</span> <span class='ocrx_word' id='word_1_411' title='bbox 2547 2356 2784 2410; x_wconf 62' lang='lat' dir='ltr'>Naturae</span> <span class='ocrx_word' id='word_1_412' title='bbox 2833 2357 2995 2413; x_wconf 90' lang='lat' dir='ltr'>enim</span> <span class='ocrx_word' id='word_1_413' title='bbox 3037 2374 3178 2415; x_wconf 92' lang='lat' dir='ltr'>cum</span> <span class='ocrx_word' id='word_1_414' title='bbox 3223 2360 3386 2432; x_wconf 81' lang='lat' dir='ltr'>mala</span> <span class='ocrx_word' id='word_1_415' title='bbox 3431 2378 3541 2418; x_wconf 87' lang='lat' dir='ltr'>vo-</span> 
     </span>
    </p>
   </div>
   <div class='ocr_carea' id='block_1_52' title="bbox 1868 2437 3543 2522">
    <p class='ocr_par' dir='ltr' id='par_1_52' title="bbox 1868 2437 3543 2522">
     <span class='ocr_line' id='line_1_52' title="bbox 1868 2437 3543 2522; baseline 0.008 -29"><span class='ocrx_word' id='word_1_416' title='bbox 1868 2437 2070 2494; x_wconf 89' lang='lat' dir='ltr'>luntas</span> <span class='ocrx_word' id='word_1_417' title='bbox 2099 2439 2481 2512; x_wconf 83' lang='lat' dir='ltr'>supponitur,</span> <span class='ocrx_word' id='word_1_418' title='bbox 2508 2441 2577 2497; x_wconf 89' lang='lat' dir='ltr'>ﬁt</span> <span class='ocrx_word' id='word_1_419' title='bbox 2602 2447 2821 2501; x_wconf 87' lang='lat' dir='ltr'>natura</span> <span class='ocrx_word' id='word_1_420' title='bbox 2840 2445 2964 2515; x_wconf 69' lang='lat' dir='ltr'>irae,</span> <span class='ocrx_word' id='word_1_421' title='bbox 2996 2446 3059 2502; x_wconf 90' lang='lat' dir='ltr'>id</span> <span class='ocrx_word' id='word_1_422' title='bbox 3080 2452 3173 2504; x_wconf 88' lang='lat' dir='ltr'>est</span> <span class='ocrx_word' id='word_1_423' title='bbox 3203 2466 3341 2522; x_wconf 76' lang='lat' dir='ltr'>quae</span> <span class='ocrx_word' id='word_1_424' title='bbox 3371 2451 3543 2507; x_wconf 86' lang='lat' dir='ltr'>ultio-</span> 
     </span>
    </p>
   </div>
   <div class='ocr_carea' id='block_1_53' title="bbox 1868 2526 3542 2608">
    <p class='ocr_par' dir='ltr' id='par_1_53' title="bbox 1868 2526 3542 2608">
     <span class='ocr_line' id='line_1_53' title="bbox 1868 2526 3542 2608; baseline 0.008 -26"><span class='ocrx_word' id='word_1_425' title='bbox 1868 2526 1933 2582; x_wconf 90' lang='lat' dir='ltr'>ni</span> <span class='ocrx_word' id='word_1_426' title='bbox 1962 2527 2341 2599; x_wconf 88' lang='lat' dir='ltr'>subjicienda</span> <span class='ocrx_word' id='word_1_427' title='bbox 2371 2529 2463 2595; x_wconf 91' lang='lat' dir='ltr'>sit,</span> <span class='ocrx_word' id='word_1_428' title='bbox 2514 2530 2833 2590; x_wconf 87' lang='lat' dir='ltr'>immutata</span> <span class='ocrx_word' id='word_1_429' title='bbox 2862 2536 2994 2593; x_wconf 43' lang='lat' dir='ltr'>‘non</span> <span class='ocrx_word' id='word_1_430' title='bbox 3048 2537 3405 2608; x_wconf 88' lang='lat' dir='ltr'>substantia,</span> <span class='ocrx_word' id='word_1_431' title='bbox 3435 2539 3542 2596; x_wconf 91' lang='lat' dir='ltr'>sed</span> 
     </span>
    </p>
   </div>
   <div class='ocr_carea' id='block_1_54' title="bbox 1872 2615 3543 2701">
    <p class='ocr_par' dir='ltr' id='par_1_54' title="bbox 1872 2615 3543 2701">
     <span class='ocr_line' id='line_1_54' title="bbox 1872 2615 3543 2701; baseline 0.007 -28"><span class='ocrx_word' id='word_1_432' title='bbox 1872 2615 2037 2675; x_wconf 90' lang='lat' dir='ltr'>mala</span> <span class='ocrx_word' id='word_1_433' title='bbox 2063 2617 2372 2674; x_wconf 85' lang='lat' dir='ltr'>voluntate</span> <span class='ocrx_word' id='word_1_434' title='bbox 2398 2637 2410 2673; x_wconf 91' lang='lat'>:</span> <span class='ocrx_word' id='word_1_435' title='bbox 2438 2619 2555 2676; x_wconf 93' lang='lat' dir='ltr'>hoc</span> <span class='ocrx_word' id='word_1_436' title='bbox 2584 2621 2744 2676; x_wconf 90' lang='lat' dir='ltr'>enim</span> <span class='ocrx_word' id='word_1_437' title='bbox 2770 2622 3095 2696; x_wconf 85' lang='lat' dir='ltr'>deputatur</span> <span class='ocrx_word' id='word_1_438' title='bbox 3122 2631 3354 2683; x_wconf 78' lang='lat' dir='ltr'>naturae</span> <span class='ocrx_word' id='word_1_439' title='bbox 3375 2629 3543 2701; x_wconf 91' lang='lat' dir='ltr'>quod</span> 
     </span>
    </p>
   </div>
   <div class='ocr_carea' id='block_1_55' title="bbox 1872 2705 3541 2788">
    <p class='ocr_par' dir='ltr' id='par_1_55' title="bbox 1872 2705 3541 2788">
     <span class='ocr_line' id='line_1_55' title="bbox 1872 2705 3541 2788; baseline 0.004 -23"><span class='ocrx_word' id='word_1_440' title='bbox 1872 2705 2182 2778; x_wconf 82' lang='lat' dir='ltr'>sequitur:</span> <span class='ocrx_word' id='word_1_441' title='bbox 2220 2707 2385 2764; x_wconf 91' lang='lat' dir='ltr'>Unde</span> <span class='ocrx_word' id='word_1_442' title='bbox 2414 2708 2498 2764; x_wconf 89' lang='lat' dir='ltr'>ait</span> <span class='ocrx_word' id='word_1_443' title='bbox 2532 2709 2592 2765; x_wconf 91' lang='lat' dir='ltr'>in</span> <span class='ocrx_word' id='word_1_444' title='bbox 2624 2710 2779 2767; x_wconf 87' lang='lat' dir='ltr'>Isaia</span> <span class='ocrx_word' id='word_1_445' title='bbox 2812 2728 3008 2770; x_wconf 88' lang='lat' dir='ltr'>semen</span> <span class='ocrx_word' id='word_1_446' title='bbox 3051 2717 3369 2784; x_wconf 87' lang='lat' dir='ltr'>pessimum</span> <span class='ocrx_word' id='word_1_447' title='bbox 3403 2718 3541 2788; x_wconf 87' lang='lat' dir='ltr'>(Isa.</span> 
     </span>
    </p>
   </div>
   <div class='ocr_carea' id='block_1_56' title="bbox 1903 2797 3548 2876">
    <p class='ocr_par' dir='ltr' id='par_1_56' title="bbox 1903 2797 3548 2876">
     <span class='ocr_line' id='line_1_56' title="bbox 1903 2797 3548 2876; baseline 0.007 -25"><span class='ocrx_word' id='word_1_448' title='bbox 1903 2833 1922 2863; x_wconf 88' lang='lat'>,</span> <span class='ocrx_word' id='word_1_449' title='bbox 1941 2798 2023 2865; x_wconf 85' lang='grc'>4),</span> <span class='ocrx_word' id='word_1_450' title='bbox 2045 2799 2103 2853; x_wconf 87' lang='lat' dir='ltr'>et</span> <span class='ocrx_word' id='word_1_451' title='bbox 2130 2812 2320 2868; x_wconf 90' lang='lat' dir='ltr'>quare</span> <span class='ocrx_word' id='word_1_452' title='bbox 2358 2797 2433 2853; x_wconf 86' lang='lat' dir='ltr'>sit</span> <span class='ocrx_word' id='word_1_453' title='bbox 2464 2813 2672 2855; x_wconf 89' lang='lat' dir='ltr'>semen</span> <span class='ocrx_word' id='word_1_454' title='bbox 2701 2802 3039 2872; x_wconf 91' lang='lat' dir='ltr'>pessimum</span> <span class='ocrx_word' id='word_1_455' title='bbox 3076 2804 3357 2876; x_wconf 87' lang='lat' dir='ltr'>subjecit:</span> <span class='ocrx_word' id='word_1_456' title='bbox 3391 2808 3548 2863; x_wconf 82' lang='lat' dir='ltr'>Reli-</span> 
     </span>
    </p>
   </div>
   <div class='ocr_carea' id='block_1_57' title="bbox 1877 2886 3549 2966">
    <p class='ocr_par' dir='ltr' id='par_1_57' title="bbox 1877 2886 3549 2966">
     <span class='ocr_line' id='line_1_57' title="bbox 1877 2886 3549 2966; baseline 0.008 -25"><span class='ocrx_word' id='word_1_457' title='bbox 1877 2886 2063 2956; x_wconf 86' lang='lat' dir='ltr'>quisti</span> <span class='ocrx_word' id='word_1_458' title='bbox 2088 2887 2243 2942; x_wconf 87' lang='lat' dir='ltr'>enim</span> <span class='ocrx_word' id='word_1_459' title='bbox 2271 2887 2612 2955; x_wconf 87' lang='lat' dir='ltr'>Dominum,</span> <span class='ocrx_word' id='word_1_460' title='bbox 2636 2894 2745 2957; x_wconf 84' lang='lat' dir='ltr'>ait,</span> <span class='ocrx_word' id='word_1_461' title='bbox 2768 2898 2827 2948; x_wconf 88' lang='lat' dir='ltr'>et</span> <span class='ocrx_word' id='word_1_462' title='bbox 2848 2893 2930 2949; x_wconf 90' lang='lat' dir='ltr'>ad</span> <span class='ocrx_word' id='word_1_463' title='bbox 2958 2895 3321 2952; x_wconf 79' lang='lat' dir='ltr'>iracundum</span> <span class='ocrx_word' id='word_1_464' title='bbox 3332 2912 3549 2966; x_wconf 87' lang='lat' dir='ltr'>provo-</span> 
     </span>
    </p>
   </div>
   <div class='ocr_carea' id='block_1_58' title="bbox 1878 2976 3550 3057">
    <p class='ocr_par' dir='ltr' id='par_1_58' title="bbox 1878 2976 3550 3057">
     <span class='ocr_line' id='line_1_58' title="bbox 1878 2976 3550 3057; baseline 0.005 -24"><span class='ocrx_word' id='word_1_465' title='bbox 1878 2976 2061 3033; x_wconf 80' lang='lat' dir='ltr'>castis</span> <span class='ocrx_word' id='word_1_466' title='bbox 2080 2982 2356 3033; x_wconf 85' lang='lat' dir='ltr'>sanctum</span> <span class='ocrx_word' id='word_1_467' title='bbox 2392 2978 2583 3034; x_wconf 85' lang='lat' dir='ltr'>Israel</span> <span class='ocrx_word' id='word_1_468' title='bbox 2614 2979 2833 3051; x_wconf 89' lang='lat' dir='ltr'>(Ibid.),</span> <span class='ocrx_word' id='word_1_469' title='bbox 2861 2986 2929 3038; x_wconf 91' lang='lat' dir='ltr'>ut</span> <span class='ocrx_word' id='word_1_470' title='bbox 2974 2989 3192 3041; x_wconf 88' lang='lat' dir='ltr'>natura</span> <span class='ocrx_word' id='word_1_471' title='bbox 3217 3001 3356 3057; x_wconf 82' lang='lat' dir='ltr'>quae</span> <span class='ocrx_word' id='word_1_472' title='bbox 3379 2986 3550 3042; x_wconf 89' lang='lat' dir='ltr'>dese-</span> 
     </span>
    </p>
   </div>
   <div class='ocr_carea' id='block_1_59' title="bbox 98 3063 3549 3146">
    <p class='ocr_par' dir='ltr' id='par_1_59' title="bbox 98 3063 3549 3146">
     <span class='ocr_line' id='line_1_59' title="bbox 98 3063 3549 3146; baseline 0.003 -27"><span class='ocrx_word' id='word_1_473' title='bbox 98 3065 320 3132; x_wconf 89' lang='lat' dir='ltr'>sectati,</span> <span class='ocrx_word' id='word_1_474' title='bbox 355 3079 430 3119; x_wconf 78' lang='lat' dir='ltr'>ex</span> <span class='ocrx_word' id='word_1_475' title='bbox 452 3064 676 3136; x_wconf 86' lang='lat' dir='ltr'>quibus</span> <span class='ocrx_word' id='word_1_476' title='bbox 707 3068 912 3125; x_wconf 84' lang='lat' dir='ltr'>tamen</span> <span class='ocrx_word' id='word_1_477' title='bbox 937 3067 1137 3124; x_wconf 87' lang='lat' dir='ltr'>carnis</span> <span class='ocrx_word' id='word_1_478' title='bbox 1168 3067 1465 3137; x_wconf 81' lang='lat' dir='ltr'>originem</span> <span class='ocrx_word' id='word_1_479' title='bbox 1498 3083 1622 3123; x_wconf 91' lang='lat' dir='ltr'>non</span> <span class='ocrx_word' id='word_1_480' title='bbox 1651 3066 1766 3122; x_wconf 92' lang='lat' dir='ltr'>du-</span> <span class='ocrx_word' id='word_1_481' title='bbox 1794 3087 1845 3146; x_wconf 71' lang='grc' dir='ltr'>α</span> <span class='ocrx_word' id='word_1_482' title='bbox 1880 3063 1955 3121; x_wconf 89' lang='lat' dir='ltr'>rit</span> <span class='ocrx_word' id='word_1_483' title='bbox 2005 3066 2193 3122; x_wconf 86' lang='lat' dir='ltr'>Deum</span> <span class='ocrx_word' id='word_1_484' title='bbox 2236 3067 2552 3133; x_wconf 85' lang='lat' dir='ltr'>pessimum</span> <span class='ocrx_word' id='word_1_485' title='bbox 2596 3082 2792 3124; x_wconf 88' lang='lat' dir='ltr'>semen</span> <span class='ocrx_word' id='word_1_486' title='bbox 2839 3069 3075 3126; x_wconf 88' lang='lat' dir='ltr'>dicatur</span> <span class='ocrx_word' id='word_1_487' title='bbox 3111 3089 3124 3127; x_wconf 89' lang='lat'>:</span> <span class='ocrx_word' id='word_1_488' title='bbox 3181 3073 3549 3142; x_wconf 86' lang='lat' dir='ltr'>degenerare</span> 
     </span>
    </p>
   </div>
   <div class='ocr_carea' id='block_1_60' title="bbox 96 3152 1768 3229">
    <p class='ocr_par' dir='ltr' id='par_1_60' title="bbox 96 3152 1768 3229">
     <span class='ocr_line' id='line_1_60' title="bbox 96 3152 1768 3229; baseline 0.004 -23"><span class='ocrx_word' id='word_1_489' title='bbox 96 3152 328 3210; x_wconf 86' lang='lat' dir='ltr'>cebant.</span> <span class='ocrx_word' id='word_1_490' title='bbox 366 3152 481 3211; x_wconf 92' lang='lat' dir='ltr'>Sed</span> <span class='ocrx_word' id='word_1_491' title='bbox 511 3153 784 3213; x_wconf 87' lang='lat' dir='ltr'>solvebat</span> <span class='ocrx_word' id='word_1_492' title='bbox 805 3155 918 3211; x_wconf 90' lang='lat' dir='ltr'>iste</span> <span class='ocrx_word' id='word_1_493' title='bbox 948 3157 1325 3229; x_wconf 90' lang='lat' dir='ltr'>questionem</span> <span class='ocrx_word' id='word_1_494' title='bbox 1355 3155 1768 3226; x_wconf 84' lang='lat' dir='ltr'>evangelicam</span> 
     </span>
    </p>
   </div>
   <div class='ocr_carea' id='block_1_61' title="bbox 100 3241 1767 3316">
    <p class='ocr_par' dir='ltr' id='par_1_61' title="bbox 100 3241 1767 3316">
     <span class='ocr_line' id='line_1_61' title="bbox 100 3241 1767 3316; baseline 0.001 -17"><span class='ocrx_word' id='word_1_495' title='bbox 100 3241 197 3299; x_wconf 88' lang='lat' dir='ltr'>ubi</span> <span class='ocrx_word' id='word_1_496' title='bbox 232 3242 527 3300; x_wconf 88' lang='lat' dir='ltr'>Dominus</span> <span class='ocrx_word' id='word_1_497' title='bbox 556 3243 698 3300; x_wconf 89' lang='lat' dir='ltr'>dicit</span> <span class='ocrx_word' id='word_1_498' title='bbox 726 3260 739 3299; x_wconf 89' lang='lat'>:</span> <span class='ocrx_word' id='word_1_499' title='bbox 784 3244 848 3301; x_wconf 88' lang='lat' dir='ltr'>Si</span> <span class='ocrx_word' id='word_1_500' title='bbox 891 3260 1012 3316; x_wconf 88' lang='lat' dir='ltr'>vos,</span> <span class='ocrx_word' id='word_1_501' title='bbox 1043 3262 1178 3303; x_wconf 90' lang='lat' dir='ltr'>cum</span> <span class='ocrx_word' id='word_1_502' title='bbox 1208 3248 1336 3302; x_wconf 85' lang='lat' dir='ltr'>sitis</span> <span class='ocrx_word' id='word_1_503' title='bbox 1380 3247 1548 3316; x_wconf 90' lang='lat' dir='ltr'>mali,</span> <span class='ocrx_word' id='word_1_504' title='bbox 1582 3247 1767 3302; x_wconf 86' lang='lat' dir='ltr'>nostis</span> 
     </span>
    </p>
   </div>
   <div class='ocr_carea' id='block_1_62' title="bbox 104 3331 1774 3407">
    <p class='ocr_par' dir='ltr' id='par_1_62' title="bbox 104 3331 1774 3407">
     <span class='ocr_line' id='line_1_62' title="bbox 104 3331 1774 3407; baseline 0.002 -19"><span class='ocrx_word' id='word_1_505' title='bbox 104 3331 249 3390; x_wconf 90' lang='lat' dir='ltr'>bona</span> <span class='ocrx_word' id='word_1_506' title='bbox 291 3333 443 3390; x_wconf 89' lang='lat' dir='ltr'>data</span> <span class='ocrx_word' id='word_1_507' title='bbox 481 3334 631 3391; x_wconf 87' lang='lat' dir='ltr'>dare</span> <span class='ocrx_word' id='word_1_508' title='bbox 655 3335 801 3404; x_wconf 86' lang='lat' dir='ltr'>ﬁliis</span> <span class='ocrx_word' id='word_1_509' title='bbox 841 3337 1073 3403; x_wconf 86' lang='lat' dir='ltr'>vestris,</span> <span class='ocrx_word' id='word_1_510' title='bbox 1106 3343 1333 3407; x_wconf 85' lang='lat' dir='ltr'>quanto</span> <span class='ocrx_word' id='word_1_511' title='bbox 1366 3336 1559 3406; x_wconf 88' lang='lat' dir='ltr'>magis</span> <span class='ocrx_word' id='word_1_512' title='bbox 1586 3337 1774 3392; x_wconf 87' lang='lat' dir='ltr'>Pater</span> 
     </span>
    </p>
   </div>
   <div class='ocr_carea' id='block_1_63' title="bbox 103 3423 1774 3496">
    <p class='ocr_par' dir='ltr' id='par_1_63' title="bbox 103 3423 1774 3496">
     <span class='ocr_line' id='line_1_63' title="bbox 103 3423 1774 3496; baseline 0.002 -20"><span class='ocrx_word' id='word_1_513' title='bbox 103 3428 306 3491; x_wconf 85' lang='lat' dir='ltr'>vester,</span> <span class='ocrx_word' id='word_1_514' title='bbox 341 3423 452 3494; x_wconf 86' lang='lat' dir='ltr'>qui</span> <span class='ocrx_word' id='word_1_515' title='bbox 480 3424 541 3479; x_wconf 88' lang='lat' dir='ltr'>in</span> <span class='ocrx_word' id='word_1_516' title='bbox 569 3424 732 3480; x_wconf 64' lang='lat' dir='ltr'>caelis</span> <span class='ocrx_word' id='word_1_517' title='bbox 757 3430 864 3495; x_wconf 90' lang='lat' dir='ltr'>est,</span> <span class='ocrx_word' id='word_1_518' title='bbox 896 3425 1065 3481; x_wconf 91' lang='lat' dir='ltr'>dabit</span> <span class='ocrx_word' id='word_1_519' title='bbox 1109 3425 1263 3482; x_wconf 82' lang='lat' dir='ltr'>bona</span> <span class='ocrx_word' id='word_1_520' title='bbox 1294 3425 1639 3496; x_wconf 79' lang='lat' dir='ltr'>petentibus</span> <span class='ocrx_word' id='word_1_521' title='bbox 1669 3428 1774 3481; x_wconf 87' lang='lat' dir='ltr'>se?</span> 
     </span>
    </p>
   </div>
   <div class='ocr_carea' id='block_1_64' title="bbox 104 3510 1771 3586">
    <p class='ocr_par' dir='ltr' id='par_1_64' title="bbox 104 3510 1771 3586">
     <span class='ocr_line' id='line_1_64' title="bbox 104 3510 1771 3586; baseline 0.001 -20"><span class='ocrx_word' id='word_1_522' title='bbox 104 3510 265 3581; x_wconf 87' lang='lat' dir='ltr'>(Luc.</span> <span class='ocrx_word' id='word_1_523' title='bbox 286 3529 368 3580; x_wconf 81' lang='lat' dir='ltr'>x1,</span> <span class='ocrx_word' id='word_1_524' title='bbox 395 3512 507 3583; x_wconf 89' lang='lat' dir='ltr'>l3.)</span> <span class='ocrx_word' id='word_1_525' title='bbox 524 3512 691 3570; x_wconf 90' lang='lat' dir='ltr'>Dicat</span> <span class='ocrx_word' id='word_1_526' title='bbox 716 3514 1242 3586; x_wconf 89' lang='lat' dir='ltr'>quemadmodum</span> <span class='ocrx_word' id='word_1_527' title='bbox 1265 3515 1337 3571; x_wconf 88' lang='lat' dir='ltr'>sit</span> <span class='ocrx_word' id='word_1_528' title='bbox 1364 3515 1568 3571; x_wconf 91' lang='lat' dir='ltr'>bonus</span> <span class='ocrx_word' id='word_1_529' title='bbox 1590 3516 1771 3581; x_wconf 90' lang='lat' dir='ltr'>Deus,</span> 
     </span>
    </p>
   </div>
   <div class='ocr_carea' id='block_1_65' title="bbox 106 3600 1772 3677">
    <p class='ocr_par' dir='ltr' id='par_1_65' title="bbox 106 3600 1772 3677">
     <span class='ocr_line' id='line_1_65' title="bbox 106 3600 1772 3677; baseline 0.001 -21"><span class='ocrx_word' id='word_1_530' title='bbox 106 3600 403 3658; x_wconf 87' lang='lat' dir='ltr'>malorum</span> <span class='ocrx_word' id='word_1_531' title='bbox 458 3606 674 3674; x_wconf 88' lang='lat' dir='ltr'>pater:</span> <span class='ocrx_word' id='word_1_532' title='bbox 737 3607 1057 3677; x_wconf 84' lang='lat' dir='ltr'>utrumque</span> <span class='ocrx_word' id='word_1_533' title='bbox 1106 3605 1269 3661; x_wconf 91' lang='lat' dir='ltr'>enim</span> <span class='ocrx_word' id='word_1_534' title='bbox 1336 3604 1550 3661; x_wconf 87' lang='lat' dir='ltr'>veritas</span> <span class='ocrx_word' id='word_1_535' title='bbox 1605 3603 1772 3659; x_wconf 74' lang='lat' dir='ltr'>dixit.</span> 
     </span>
    </p>
   </div>
   <div class='ocr_carea' id='block_1_66' title="bbox 107 3691 1778 3765">
    <p class='ocr_par' dir='ltr' id='par_1_66' title="bbox 107 3691 1778 3765">
     <span class='ocr_line' id='line_1_66' title="bbox 107 3691 1778 3765; baseline 0.001 -21"><span class='ocrx_word' id='word_1_536' title='bbox 107 3692 316 3748; x_wconf 87' lang='lat' dir='ltr'>Annon</span> <span class='ocrx_word' id='word_1_537' title='bbox 343 3695 519 3751; x_wconf 89' lang='lat' dir='ltr'>erant</span> <span class='ocrx_word' id='word_1_538' title='bbox 541 3691 685 3748; x_wconf 90' lang='lat' dir='ltr'>mali</span> <span class='ocrx_word' id='word_1_539' title='bbox 708 3692 931 3765; x_wconf 87' lang='lat' dir='ltr'>quibus</span> <span class='ocrx_word' id='word_1_540' title='bbox 956 3694 1037 3749; x_wconf 89' lang='lat' dir='ltr'>ait</span> <span class='ocrx_word' id='word_1_541' title='bbox 1076 3695 1137 3749; x_wconf 51' lang='lat' dir='ltr'>Ci</span> <span class='ocrx_word' id='word_1_542' title='bbox 1162 3710 1303 3765; x_wconf 85' lang='lat' dir='ltr'>ergo</span> <span class='ocrx_word' id='word_1_543' title='bbox 1334 3710 1454 3761; x_wconf 90' lang='lat' dir='ltr'>vos,</span> <span class='ocrx_word' id='word_1_544' title='bbox 1484 3709 1619 3749; x_wconf 88' lang='lat' dir='ltr'>cum</span> <span class='ocrx_word' id='word_1_545' title='bbox 1647 3692 1778 3747; x_wconf 86' lang='lat' dir='ltr'>sitis</span> 
     </span>
    </p>
   </div>
   <div class='ocr_carea' id='block_1_67' title="bbox 109 3780 1779 3856">
    <p class='ocr_par' dir='ltr' id='par_1_67' title="bbox 109 3780 1779 3856">
     <span class='ocr_line' id='line_1_67' title="bbox 109 3780 1779 3856; baseline 0.001 -22"><span class='ocrx_word' id='word_1_546' title='bbox 109 3780 299 3836; x_wconf 83' lang='lat' dir='ltr'>mali?</span> <span class='ocrx_word' id='word_1_547' title='bbox 327 3796 538 3840; x_wconf 86' lang='lat' dir='ltr'>annon</span> <span class='ocrx_word' id='word_1_548' title='bbox 566 3780 875 3839; x_wconf 89' lang='lat' dir='ltr'>habebant</span> <span class='ocrx_word' id='word_1_549' title='bbox 902 3783 1092 3838; x_wconf 91' lang='lat' dir='ltr'>Deum</span> <span class='ocrx_word' id='word_1_550' title='bbox 1110 3782 1344 3839; x_wconf 93' lang='lat' dir='ltr'>bonum</span> <span class='ocrx_word' id='word_1_551' title='bbox 1360 3786 1616 3856; x_wconf 86' lang='lat' dir='ltr'>patrem,</span> <span class='ocrx_word' id='word_1_552' title='bbox 1643 3780 1779 3854; x_wconf 90' lang='lat' dir='ltr'>qui-</span> 
     </span>
    </p>
   </div>
   <div class='ocr_carea' id='block_1_68' title="bbox 111 3866 1781 3945">
    <p class='ocr_par' dir='ltr' id='par_1_68' title="bbox 111 3866 1781 3945">
     <span class='ocr_line' id='line_1_68' title="bbox 111 3866 1781 3945; baseline 0.002 -21"><span class='ocrx_word' id='word_1_553' title='bbox 111 3866 220 3927; x_wconf 88' lang='lat' dir='ltr'>bus</span> <span class='ocrx_word' id='word_1_554' title='bbox 248 3870 366 3927; x_wconf 88' lang='lat' dir='ltr'>ait:</span> <span class='ocrx_word' id='word_1_555' title='bbox 399 3870 638 3939; x_wconf 86' lang='lat' dir='ltr'>Quanto</span> <span class='ocrx_word' id='word_1_556' title='bbox 667 3872 860 3943; x_wconf 88' lang='lat' dir='ltr'>magis</span> <span class='ocrx_word' id='word_1_557' title='bbox 902 3874 1090 3930; x_wconf 88' lang='lat' dir='ltr'>Pater</span> <span class='ocrx_word' id='word_1_558' title='bbox 1136 3879 1347 3940; x_wconf 87' lang='lat' dir='ltr'>vester,</span> <span class='ocrx_word' id='word_1_559' title='bbox 1381 3874 1486 3945; x_wconf 87' lang='lat' dir='ltr'>qui</span> <span class='ocrx_word' id='word_1_560' title='bbox 1512 3874 1577 3928; x_wconf 89' lang='lat' dir='ltr'>in</span> <span class='ocrx_word' id='word_1_561' title='bbox 1617 3872 1781 3928; x_wconf 67' lang='lat' dir='ltr'>cretis</span> 
     </span>
    </p>
   </div>
   <div class='ocr_carea' id='block_1_69' title="bbox 112 3959 1784 4034">
    <p class='ocr_par' dir='ltr' id='par_1_69' title="bbox 112 3959 1784 4034">
     <span class='ocr_line' id='line_1_69' title="bbox 112 3959 1784 4034; baseline 0.002 -21"><span class='ocrx_word' id='word_1_562' title='bbox 112 3963 210 4028; x_wconf 89' lang='lat' dir='ltr'>est,</span> <span class='ocrx_word' id='word_1_563' title='bbox 241 3960 407 4017; x_wconf 86' lang='lat' dir='ltr'>dabit</span> <span class='ocrx_word' id='word_1_564' title='bbox 436 3960 597 4018; x_wconf 86' lang='lat' dir='ltr'>bona</span> <span class='ocrx_word' id='word_1_565' title='bbox 616 3961 957 4031; x_wconf 80' lang='lat' dir='ltr'>petentibus</span> <span class='ocrx_word' id='word_1_566' title='bbox 987 3978 1047 4020; x_wconf 90' lang='lat' dir='ltr'>se</span> <span class='ocrx_word' id='word_1_567' title='bbox 1074 3966 1102 4018; x_wconf 86' lang='lat'><strong><em>?</em></strong></span> <span class='ocrx_word' id='word_1_568' title='bbox 1122 3966 1302 4019; x_wconf 89' lang='lat' dir='ltr'>Porro</span> <span class='ocrx_word' id='word_1_569' title='bbox 1327 3962 1378 4018; x_wconf 90' lang='lat' dir='ltr'>si</span> <span class='ocrx_word' id='word_1_570' title='bbox 1406 3962 1552 4018; x_wconf 90' lang='lat' dir='ltr'>mali</span> <span class='ocrx_word' id='word_1_571' title='bbox 1576 3959 1784 4034; x_wconf 90' lang='lat' dir='ltr'>appel-</span> 
     </span>
    </p>
   </div>
   <div class='ocr_carea' id='block_1_70' title="bbox 112 4045 1783 4124">
    <p class='ocr_par' dir='ltr' id='par_1_70' title="bbox 112 4045 1783 4124">
     <span class='ocr_line' id='line_1_70' title="bbox 112 4045 1783 4124; baseline 0.001 -20"><span class='ocrx_word' id='word_1_572' title='bbox 112 4045 209 4105; x_wconf 87' lang='lat' dir='ltr'>lati</span> <span class='ocrx_word' id='word_1_573' title='bbox 237 4054 377 4107; x_wconf 88' lang='lat' dir='ltr'>sunt</span> <span class='ocrx_word' id='word_1_574' title='bbox 422 4054 671 4122; x_wconf 88' lang='lat' dir='ltr'>propter</span> <span class='ocrx_word' id='word_1_575' title='bbox 718 4055 968 4122; x_wconf 91' lang='lat' dir='ltr'>peccata</span> <span class='ocrx_word' id='word_1_576' title='bbox 1017 4052 1145 4108; x_wconf 91' lang='lat' dir='ltr'>sine</span> <span class='ocrx_word' id='word_1_577' title='bbox 1192 4051 1417 4124; x_wconf 88' lang='lat' dir='ltr'>quibus</span> <span class='ocrx_word' id='word_1_578' title='bbox 1444 4066 1571 4106; x_wconf 90' lang='lat' dir='ltr'>non</span> <span class='ocrx_word' id='word_1_579' title='bbox 1601 4050 1783 4106; x_wconf 79' lang='lat' dir='ltr'>estin</span> 
     </span>
    </p>
   </div>
   <div class='ocr_carea' id='block_1_71' title="bbox 113 4134 1787 4212">
    <p class='ocr_par' dir='ltr' id='par_1_71' title="bbox 113 4134 1787 4212">
     <span class='ocr_line' id='line_1_71' title="bbox 113 4134 1787 4212; baseline 0.002 -21"><span class='ocrx_word' id='word_1_580' title='bbox 113 4134 221 4193; x_wconf 89' lang='lat' dir='ltr'>hac</span> <span class='ocrx_word' id='word_1_581' title='bbox 253 4138 602 4197; x_wconf 87' lang='lat' dir='ltr'>inﬁrmitate</span> <span class='ocrx_word' id='word_1_582' title='bbox 634 4139 986 4197; x_wconf 88' lang='lat' dir='ltr'>mortalium</span> <span class='ocrx_word' id='word_1_583' title='bbox 1015 4140 1428 4212; x_wconf 88' lang='lat' dir='ltr'>quorumlibet</span> <span class='ocrx_word' id='word_1_584' title='bbox 1455 4139 1637 4195; x_wconf 90' lang='lat' dir='ltr'>etiam</span> <span class='ocrx_word' id='word_1_585' title='bbox 1664 4140 1787 4195; x_wconf 89' lang='lat' dir='ltr'>vita</span> 
     </span>
    </p>
   </div>
   <div class='ocr_carea' id='block_1_72' title="bbox 112 4225 1785 4301">
    <p class='ocr_par' dir='ltr' id='par_1_72' title="bbox 112 4225 1785 4301">
     <span class='ocr_line' id='line_1_72' title="bbox 112 4225 1785 4301; baseline 0.001 -19"><span class='ocrx_word' id='word_1_586' title='bbox 112 4225 405 4295; x_wconf 88' lang='lat' dir='ltr'>justorum</span> <span class='ocrx_word' id='word_1_587' title='bbox 449 4232 685 4301; x_wconf 89' lang='lat' dir='ltr'>quanto</span> <span class='ocrx_word' id='word_1_588' title='bbox 730 4229 1182 4286; x_wconf 90' lang='lat' dir='ltr'>convenientius</span> <span class='ocrx_word' id='word_1_589' title='bbox 1234 4244 1431 4287; x_wconf 88' lang='lat' dir='ltr'>semen</span> <span class='ocrx_word' id='word_1_590' title='bbox 1464 4230 1785 4299; x_wconf 85' lang='lat' dir='ltr'>pessimum</span> 
     </span>
    </p>
   </div>
   <div class='ocr_carea' id='block_1_73' title="bbox 116 4313 1791 4391">
    <p class='ocr_par' dir='ltr' id='par_1_73' title="bbox 116 4313 1791 4391">
     <span class='ocr_line' id='line_1_73' title="bbox 116 4313 1791 4391; baseline 0.001 -19"><span class='ocrx_word' id='word_1_591' title='bbox 116 4313 406 4375; x_wconf 83' lang='lat' dir='ltr'>diceretur</span> <span class='ocrx_word' id='word_1_592' title='bbox 434 4319 607 4391; x_wconf 83' lang='lat' dir='ltr'>quod</span> <span class='ocrx_word' id='word_1_593' title='bbox 634 4322 983 4375; x_wconf 89' lang='lat' dir='ltr'>nasceretur</span> <span class='ocrx_word' id='word_1_594' title='bbox 1009 4318 1200 4391; x_wconf 91' lang='lat' dir='ltr'>impia</span> <span class='ocrx_word' id='word_1_595' title='bbox 1227 4318 1556 4385; x_wconf 89' lang='lat' dir='ltr'>voluntate,</span> <span class='ocrx_word' id='word_1_596' title='bbox 1585 4322 1642 4373; x_wconf 91' lang='lat' dir='ltr'>et</span> <span class='ocrx_word' id='word_1_597' title='bbox 1660 4332 1791 4373; x_wconf 88' lang='lat' dir='ltr'>mo-</span> 
     </span>
    </p>
   </div>
   <div class='ocr_carea' id='block_1_74' title="bbox 1882 3152 3552 3227">
    <p class='ocr_par' dir='ltr' id='par_1_74' title="bbox 1882 3152 3552 3227">
     <span class='ocr_line' id='line_1_74' title="bbox 1882 3152 3552 3227; baseline 0.005 -17"><span class='ocrx_word' id='word_1_598' title='bbox 1882 3152 2044 3211; x_wconf 87' lang='lat' dir='ltr'>enim</span> <span class='ocrx_word' id='word_1_599' title='bbox 2068 3156 2158 3208; x_wconf 88' lang='lat' dir='ltr'>est</span> <span class='ocrx_word' id='word_1_600' title='bbox 2184 3152 2262 3209; x_wconf 89' lang='lat' dir='ltr'>ab</span> <span class='ocrx_word' id='word_1_601' title='bbox 2284 3157 2526 3210; x_wconf 89' lang='lat' dir='ltr'>auctore</span> <span class='ocrx_word' id='word_1_602' title='bbox 2546 3155 2843 3227; x_wconf 90' lang='lat' dir='ltr'>recedere,</span> <span class='ocrx_word' id='word_1_603' title='bbox 2863 3162 2921 3214; x_wconf 92' lang='lat' dir='ltr'>et</span> <span class='ocrx_word' id='word_1_604' title='bbox 2938 3175 3082 3215; x_wconf 91' lang='lat' dir='ltr'>cum</span> <span class='ocrx_word' id='word_1_605' title='bbox 3101 3160 3332 3217; x_wconf 91' lang='lat' dir='ltr'>malum</span> <span class='ocrx_word' id='word_1_606' title='bbox 3354 3178 3552 3219; x_wconf 83' lang='lat' dir='ltr'>exem-</span> 
     </span>
    </p>
   </div>
   <div class='ocr_carea' id='block_1_75' title="bbox 1880 3241 3548 3316">
    <p class='ocr_par' dir='ltr' id='par_1_75' title="bbox 1880 3241 3548 3316">
     <span class='ocr_line' id='line_1_75' title="bbox 1880 3241 3548 3316; baseline 0.007 -19"><span class='ocrx_word' id='word_1_607' title='bbox 1880 3241 2053 3315; x_wconf 92' lang='lat' dir='ltr'>plum</span> <span class='ocrx_word' id='word_1_608' title='bbox 2084 3241 2312 3298; x_wconf 68' lang='lat' dir='ltr'>caeteris</span> <span class='ocrx_word' id='word_1_609' title='bbox 2344 3242 2588 3315; x_wconf 67' lang='lat' dir='ltr'>prtebet,</span> <span class='ocrx_word' id='word_1_610' title='bbox 2639 3244 2873 3301; x_wconf 89' lang='lat' dir='ltr'>malum</span> <span class='ocrx_word' id='word_1_611' title='bbox 2922 3252 3011 3304; x_wconf 89' lang='lat' dir='ltr'>est</span> <span class='ocrx_word' id='word_1_612' title='bbox 3057 3264 3284 3316; x_wconf 90' lang='lat' dir='ltr'>semen,</span> <span class='ocrx_word' id='word_1_613' title='bbox 3316 3250 3548 3307; x_wconf 85' lang='lat' dir='ltr'>fruetus</span> 
     </span>
    </p>
   </div>
   <div class='ocr_carea' id='block_1_76' title="bbox 1883 3331 3553 3408">
    <p class='ocr_par' dir='ltr' id='par_1_76' title="bbox 1883 3331 3553 3408">
     <span class='ocr_line' id='line_1_76' title="bbox 1883 3331 3553 3408; baseline 0.007 -20"><span class='ocrx_word' id='word_1_614' title='bbox 1883 3333 2044 3388; x_wconf 92' lang='lat' dir='ltr'>enim</span> <span class='ocrx_word' id='word_1_615' title='bbox 2076 3331 2378 3404; x_wconf 90' lang='lat' dir='ltr'>pessimos</span> <span class='ocrx_word' id='word_1_616' title='bbox 2408 3332 2548 3390; x_wconf 91' lang='lat' dir='ltr'>facit</span> <span class='ocrx_word' id='word_1_617' title='bbox 2577 3335 2818 3407; x_wconf 77' lang='lat' dir='ltr'>(Matth.</span> <span class='ocrx_word' id='word_1_618' title='bbox 2854 3352 2936 3405; x_wconf 88' lang='grc' dir='ltr'>ιιι,</span> <span class='ocrx_word' id='word_1_619' title='bbox 2973 3341 3101 3408; x_wconf 90' lang='grc'>10);</span> <span class='ocrx_word' id='word_1_620' title='bbox 3137 3340 3185 3396; x_wconf 91' lang='lat' dir='ltr'>si</span> <span class='ocrx_word' id='word_1_621' title='bbox 3213 3358 3357 3398; x_wconf 88' lang='lat' dir='ltr'>vero</span> <span class='ocrx_word' id='word_1_622' title='bbox 3385 3342 3553 3399; x_wconf 88' lang='lat' dir='ltr'>rede-</span> 
     </span>
    </p>
   </div>
   <div class='ocr_carea' id='block_1_77' title="bbox 1884 3421 3554 3505">
    <p class='ocr_par' dir='ltr' id='par_1_77' title="bbox 1884 3421 3554 3505">
     <span class='ocr_line' id='line_1_77' title="bbox 1884 3421 3554 3505; baseline 0.007 -27"><span class='ocrx_word' id='word_1_623' title='bbox 1884 3426 1946 3478; x_wconf 90' lang='lat' dir='ltr'>at</span> <span class='ocrx_word' id='word_1_624' title='bbox 1971 3421 2051 3478; x_wconf 91' lang='lat' dir='ltr'>ad</span> <span class='ocrx_word' id='word_1_625' title='bbox 2071 3426 2401 3499; x_wconf 80' lang='lat' dir='ltr'>auctorem,</span> <span class='ocrx_word' id='word_1_626' title='bbox 2432 3422 2599 3480; x_wconf 87' lang='lat' dir='ltr'>bona</span> <span class='ocrx_word' id='word_1_627' title='bbox 2628 3423 2738 3481; x_wconf 89' lang='lat' dir='ltr'>erit</span> <span class='ocrx_word' id='word_1_628' title='bbox 2760 3430 2977 3484; x_wconf 86' lang='lat' dir='ltr'>natura</span> <span class='ocrx_word' id='word_1_629' title='bbox 3009 3430 3347 3487; x_wconf 89' lang='lat' dir='ltr'>secundum</span> <span class='ocrx_word' id='word_1_630' title='bbox 3365 3435 3554 3505; x_wconf 84' lang='lat' dir='ltr'>Apos-</span> 
     </span>
    </p>
   </div>
   <div class='ocr_carea' id='block_1_78' title="bbox 1886 3510 3554 3586">
    <p class='ocr_par' dir='ltr' id='par_1_78' title="bbox 1886 3510 3554 3586">
     <span class='ocr_line' id='line_1_78' title="bbox 1886 3510 3554 3586; baseline 0.007 -19"><span class='ocrx_word' id='word_1_631' title='bbox 1886 3510 2100 3581; x_wconf 90' lang='lat' dir='ltr'>tolum,</span> <span class='ocrx_word' id='word_1_632' title='bbox 2140 3510 2247 3582; x_wconf 89' lang='lat' dir='ltr'>qui</span> <span class='ocrx_word' id='word_1_633' title='bbox 2275 3510 2630 3568; x_wconf 87' lang='lat' dir='ltr'>immutatus</span> <span class='ocrx_word' id='word_1_634' title='bbox 2659 3513 2808 3570; x_wconf 93' lang='lat' dir='ltr'>dum</span> <span class='ocrx_word' id='word_1_635' title='bbox 2857 3519 3170 3586; x_wconf 88' lang='lat' dir='ltr'>cognoscit</span> <span class='ocrx_word' id='word_1_636' title='bbox 3214 3521 3554 3578; x_wconf 87' lang='lat' dir='ltr'>Creatorem</span> 
     </span>
    </p>
   </div>
   <div class='ocr_carea' id='block_1_79' title="bbox 1887 3601 3558 3681">
    <p class='ocr_par' dir='ltr' id='par_1_79' title="bbox 1887 3601 3558 3681">
     <span class='ocr_line' id='line_1_79' title="bbox 1887 3601 3558 3681; baseline 0.007 -26"><span class='ocrx_word' id='word_1_637' title='bbox 1887 3616 2088 3667; x_wconf 77' lang='lat' dir='ltr'>suum,</span> <span class='ocrx_word' id='word_1_638' title='bbox 2123 3614 2228 3656; x_wconf 86' lang='lat' dir='ltr'>vas</span> <span class='ocrx_word' id='word_1_639' title='bbox 2250 3601 2551 3657; x_wconf 87' lang='lat' dir='ltr'>electionis</span> <span class='ocrx_word' id='word_1_640' title='bbox 2575 3602 2728 3673; x_wconf 89' lang='lat' dir='ltr'>(Act.</span> <span class='ocrx_word' id='word_1_641' title='bbox 2757 3620 2842 3671; x_wconf 82' lang='lat' dir='ltr'>IX,</span> <span class='ocrx_word' id='word_1_642' title='bbox 2865 3606 2952 3677; x_wconf 77' lang='grc'><strong>15)</strong></span> <span class='ocrx_word' id='word_1_643' title='bbox 2979 3608 3364 3681; x_wconf 85' lang='lat' dir='ltr'>appellatur.]</span> <span class='ocrx_word' id='word_1_644' title='bbox 3384 3611 3429 3681; x_wconf 70' lang='grc' dir='ltr'>-ιι</span> <span class='ocrx_word' id='word_1_645' title='bbox 3455 3613 3558 3667; x_wconf 90' lang='lat' dir='ltr'>Be-</span> 
     </span>
    </p>
   </div>
   <div class='ocr_carea' id='block_1_80' title="bbox 1887 3688 3552 3765">
    <p class='ocr_par' dir='ltr' id='par_1_80' title="bbox 1887 3688 3552 3765">
     <span class='ocr_line' id='line_1_80' title="bbox 1887 3688 3552 3765; baseline 0.006 -20"><span class='ocrx_word' id='word_1_646' title='bbox 1887 3689 1968 3745; x_wconf 91' lang='lat' dir='ltr'>da</span> <span class='ocrx_word' id='word_1_647' title='bbox 1982 3688 2045 3746; x_wconf 91' lang='lat' dir='ltr'>in</span> <span class='ocrx_word' id='word_1_648' title='bbox 2064 3688 2434 3761; x_wconf 85' lang='lat' dir='ltr'>expositione</span> <span class='ocrx_word' id='word_1_649' title='bbox 2454 3691 2887 3763; x_wconf 87' lang='lat' dir='ltr'>parabolarum</span> <span class='ocrx_word' id='word_1_650' title='bbox 2909 3694 3249 3754; x_wconf 89' lang='lat' dir='ltr'>Salomonis</span> <span class='ocrx_word' id='word_1_651' title='bbox 3269 3699 3356 3765; x_wconf 90' lang='lat' dir='ltr'>(in</span> <span class='ocrx_word' id='word_1_652' title='bbox 3368 3700 3552 3756; x_wconf 81' lang='lat' dir='ltr'>Prov.</span> 
     </span>
    </p>
   </div>
   <div class='ocr_carea' id='block_1_81' title="bbox 1888 3777 3057 3861">
    <p class='ocr_par' dir='ltr' id='par_1_81' title="bbox 1888 3777 3057 3861">
     <span class='ocr_line' id='line_1_81' title="bbox 1888 3777 3057 3861; baseline 0.003 -25"><span class='ocrx_word' id='word_1_653' title='bbox 1888 3779 2140 3846; x_wconf 90' lang='lat' dir='ltr'>Salom.,</span> <span class='ocrx_word' id='word_1_654' title='bbox 2162 3777 2202 3833; x_wconf 95' lang='lat'>1.</span> <span class='ocrx_word' id='word_1_655' title='bbox 2226 3794 2306 3844; x_wconf 86' lang='grc' dir='ltr'>ιιι,</span> <span class='ocrx_word' id='word_1_656' title='bbox 2334 3794 2386 3835; x_wconf 93' lang='lat' dir='ltr'>c.</span> <span class='ocrx_word' id='word_1_657' title='bbox 2421 3780 2483 3836; x_wconf 89' lang='grc'><strong>31</strong></span> <span class='ocrx_word' id='word_1_658' title='bbox 2516 3779 2631 3836; x_wconf 90' lang='lat' dir='ltr'>sub</span> <span class='ocrx_word' id='word_1_659' title='bbox 2660 3781 2891 3854; x_wconf 86' lang='lat' dir='ltr'>ﬁnem).</span> <span class='ocrx_word' id='word_1_660' title='bbox 3052 3858 3057 3861; x_wconf 10' lang='grc' dir='ltr'><strong>Χ</strong></span> 
     </span>
    </p>
   </div>
   <div class='ocr_carea' id='block_1_82' title="bbox 1960 3868 3558 3946">
    <p class='ocr_par' dir='ltr' id='par_1_82' title="bbox 1960 3868 3558 3946">
     <span class='ocr_line' id='line_1_82' title="bbox 1960 3868 3558 3946; baseline 0.006 -22"><span class='ocrx_word' id='word_1_661' title='bbox 1960 3869 2175 3926; x_wconf 63' lang='lat' dir='ltr'>Multae</span> <span class='ocrx_word' id='word_1_662' title='bbox 2203 3868 2352 3936; x_wconf 79' lang='lat' dir='ltr'>ﬁlice</span> <span class='ocrx_word' id='word_1_663' title='bbox 2380 3878 2899 3940; x_wconf 85' lang='lat' dir='ltr'>congregaverunt</span> <span class='ocrx_word' id='word_1_664' title='bbox 2945 3874 3208 3941; x_wconf 81' lang='lat' dir='ltr'>divitias,</span> <span class='ocrx_word' id='word_1_665' title='bbox 3244 3881 3309 3931; x_wconf 91' lang='lat' dir='ltr'>tu</span> <span class='ocrx_word' id='word_1_666' title='bbox 3347 3891 3558 3946; x_wconf 89' lang='lat' dir='ltr'>super-</span> 
     </span>
    </p>
   </div>
   <div class='ocr_carea' id='block_1_83' title="bbox 1890 3957 3559 4030">
    <p class='ocr_par' dir='ltr' id='par_1_83' title="bbox 1890 3957 3559 4030">
     <span class='ocr_line' id='line_1_83' title="bbox 1890 3957 3559 4030; baseline 0.005 -17"><span class='ocrx_word' id='word_1_667' title='bbox 1890 3972 2097 4028; x_wconf 82' lang='lat' dir='ltr'>gressa</span> <span class='ocrx_word' id='word_1_668' title='bbox 2135 3971 2192 4012; x_wconf 89' lang='lat' dir='ltr'>es</span> <span class='ocrx_word' id='word_1_669' title='bbox 2231 3958 2543 4014; x_wconf 85' lang='lat' dir='ltr'>universas</span> <span class='ocrx_word' id='word_1_670' title='bbox 2571 3957 2772 4029; x_wconf 89' lang='lat' dir='ltr'>(Prov.</span> <span class='ocrx_word' id='word_1_671' title='bbox 2802 3976 2843 4030; x_wconf 85' lang='lat'>1,</span> <span class='ocrx_word' id='word_1_672' title='bbox 2865 3964 2977 4028; x_wconf 84' lang='grc'><strong>29).</strong></span> <span class='ocrx_word' id='word_1_673' title='bbox 3011 3962 3220 4019; x_wconf 84' lang='lat' dir='ltr'>Multas</span> <span class='ocrx_word' id='word_1_674' title='bbox 3245 3963 3401 4021; x_wconf 84' lang='lat' dir='ltr'>ﬁlias</span> <span class='ocrx_word' id='word_1_675' title='bbox 3452 3968 3559 4022; x_wconf 89' lang='lat' dir='ltr'>Ee-</span> 
     </span>
    </p>
   </div>
   <div class='ocr_carea' id='block_1_84' title="bbox 1892 4044 3560 4111">
    <p class='ocr_par' dir='ltr' id='par_1_84' title="bbox 1892 4044 3560 4111">
     <span class='ocr_line' id='line_1_84' title="bbox 1892 4044 3560 4111; baseline 0.004 -7"><span class='ocrx_word' id='word_1_676' title='bbox 1892 4046 2105 4104; x_wconf 90' lang='lat' dir='ltr'>clesias</span> <span class='ocrx_word' id='word_1_677' title='bbox 2125 4044 2268 4102; x_wconf 90' lang='lat' dir='ltr'>dicit</span> <span class='ocrx_word' id='word_1_678' title='bbox 2292 4046 2711 4103; x_wconf 67' lang='lat' dir='ltr'>haereticorum</span> <span class='ocrx_word' id='word_1_679' title='bbox 2729 4053 2786 4105; x_wconf 89' lang='lat' dir='ltr'>et</span> <span class='ocrx_word' id='word_1_680' title='bbox 2804 4049 3108 4107; x_wconf 89' lang='lat' dir='ltr'>malorum</span> <span class='ocrx_word' id='word_1_681' title='bbox 3126 4052 3334 4110; x_wconf 88' lang='lat' dir='ltr'>turbas</span> <span class='ocrx_word' id='word_1_682' title='bbox 3357 4055 3560 4111; x_wconf 88' lang='lat' dir='ltr'>catho-</span> 
     </span>
    </p>
   </div>
   <div class='ocr_carea' id='block_1_85' title="bbox 1891 4132 3560 4206">
    <p class='ocr_par' dir='ltr' id='par_1_85' title="bbox 1891 4132 3560 4206">
     <span class='ocr_line' id='line_1_85' title="bbox 1891 4132 3560 4206; baseline 0.007 -18"><span class='ocrx_word' id='word_1_683' title='bbox 1891 4132 2168 4199; x_wconf 92' lang='lat' dir='ltr'>licorum,</span> <span class='ocrx_word' id='word_1_684' title='bbox 2206 4149 2343 4206; x_wconf 63' lang='lat' dir='ltr'>quae</span> <span class='ocrx_word' id='word_1_685' title='bbox 2369 4134 2505 4192; x_wconf 63' lang='lat' dir='ltr'>ﬁlim</span> <span class='ocrx_word' id='word_1_686' title='bbox 2534 4135 2817 4194; x_wconf 88' lang='lat' dir='ltr'>dicuntur</span> <span class='ocrx_word' id='word_1_687' title='bbox 2844 4138 2941 4195; x_wconf 89' lang='lat' dir='ltr'>vel</span> <span class='ocrx_word' id='word_1_688' title='bbox 2971 4140 3182 4197; x_wconf 82' lang='lat' dir='ltr'>Christi</span> <span class='ocrx_word' id='word_1_689' title='bbox 3234 4142 3331 4199; x_wconf 91' lang='lat' dir='ltr'>vel</span> <span class='ocrx_word' id='word_1_690' title='bbox 3362 4143 3560 4200; x_wconf 86' lang='lat' dir='ltr'>Eccle-</span> 
     </span>
    </p>
   </div>
   <div class='ocr_carea' id='block_1_86' title="bbox 1897 4222 3562 4299">
    <p class='ocr_par' dir='ltr' id='par_1_86' title="bbox 1897 4222 3562 4299">
     <span class='ocr_line' id='line_1_86' title="bbox 1897 4222 3562 4299; baseline 0.007 -20"><span class='ocrx_word' id='word_1_691' title='bbox 1897 4222 1997 4280; x_wconf 74' lang='lat' dir='ltr'>size</span> <span class='ocrx_word' id='word_1_692' title='bbox 2023 4241 2036 4280; x_wconf 92' lang='lat'>:</span> <span class='ocrx_word' id='word_1_693' title='bbox 2068 4223 2209 4294; x_wconf 89' lang='lat' dir='ltr'>quia</span> <span class='ocrx_word' id='word_1_694' title='bbox 2227 4224 2408 4281; x_wconf 91' lang='lat' dir='ltr'>etiam</span> <span class='ocrx_word' id='word_1_695' title='bbox 2432 4225 2583 4299; x_wconf 63' lang='lat' dir='ltr'>ipsae</span> <span class='ocrx_word' id='word_1_696' title='bbox 2605 4232 2745 4284; x_wconf 91' lang='lat' dir='ltr'>sunt</span> <span class='ocrx_word' id='word_1_697' title='bbox 2766 4229 3087 4286; x_wconf 89' lang='lat' dir='ltr'>Dominicis</span> <span class='ocrx_word' id='word_1_698' title='bbox 3107 4236 3331 4290; x_wconf 79' lang='lat' dir='ltr'>renatae</span> <span class='ocrx_word' id='word_1_699' title='bbox 3352 4234 3562 4291; x_wconf 88' lang='lat' dir='ltr'>Sacra-</span> 
     </span>
    </p>
   </div>
   <div class='ocr_carea' id='block_1_87' title="bbox 1896 4312 3565 4393">
    <p class='ocr_par' dir='ltr' id='par_1_87' title="bbox 1896 4312 3565 4393">
     <span class='ocr_line' id='line_1_87' title="bbox 1896 4312 3565 4393; baseline 0.007 -22"><span class='ocrx_word' id='word_1_700' title='bbox 1896 4312 2135 4382; x_wconf 90' lang='lat' dir='ltr'>mentis,</span> <span class='ocrx_word' id='word_1_701' title='bbox 2168 4317 2225 4370; x_wconf 89' lang='lat' dir='ltr'>et</span> <span class='ocrx_word' id='word_1_702' title='bbox 2248 4313 2641 4388; x_wconf 89' lang='lat' dir='ltr'>adoptionem</span> <span class='ocrx_word' id='word_1_703' title='bbox 2668 4317 2952 4387; x_wconf 83' lang='lat' dir='ltr'>ﬁliorum,</span> <span class='ocrx_word' id='word_1_704' title='bbox 2985 4336 3173 4393; x_wconf 85' lang='lat' dir='ltr'>quam</span> <span class='ocrx_word' id='word_1_705' title='bbox 3217 4338 3343 4380; x_wconf 91' lang='lat' dir='ltr'>non</span> <span class='ocrx_word' id='word_1_706' title='bbox 3369 4328 3565 4382; x_wconf 89' lang='lat' dir='ltr'>custo-</span> 
     </span>
    </p>
   </div>
   <div class='ocr_carea' id='block_1_88' title="bbox 117 4403 3565 4507">
    <p class='ocr_par' dir='ltr' id='par_1_88' title="bbox 117 4403 3565 4507">
     <span class='ocr_line' id='line_1_88' title="bbox 117 4403 3565 4507; baseline 0.003 -49"><span class='ocrx_word' id='word_1_707' title='bbox 117 4404 277 4464; x_wconf 87' lang='lat' dir='ltr'>ribus</span> <span class='ocrx_word' id='word_1_708' title='bbox 302 4407 786 4466; x_wconf 81' lang='lat' dir='ltr'>excecrabilibus</span> <span class='ocrx_word' id='word_1_709' title='bbox 813 4406 1259 4481; x_wconf 68' lang='lat' dir='ltr'>pullularetiH-</span> <span class='ocrx_word' id='word_1_710' title='bbox 1289 4407 1695 4481; x_wconf 87' lang='lat' dir='ltr'>Hieronymus</span> <span class='ocrx_word' id='word_1_711' title='bbox 1725 4405 1788 4462; x_wconf 91' lang='lat' dir='ltr'>in</span> <span class='ocrx_word' id='word_1_712' title='bbox 1815 4445 1864 4507; x_wconf 53' lang='grc' dir='ltr'><strong><em>υ</em></strong></span> <span class='ocrx_word' id='word_1_713' title='bbox 1897 4403 2081 4474; x_wconf 83' lang='lat' dir='ltr'>dicre,</span> <span class='ocrx_word' id='word_1_714' title='bbox 2114 4409 2512 4507; x_wconf 80' lang='lat' dir='ltr'>perceperunt</span> <span class='ocrx_word' id='word_1_715' title='bbox 2536 4406 2717 4478; x_wconf 90' lang='lat' dir='ltr'>(unde</span> <span class='ocrx_word' id='word_1_716' title='bbox 2747 4412 2806 4464; x_wconf 93' lang='lat' dir='ltr'>et</span> <span class='ocrx_word' id='word_1_717' title='bbox 2827 4409 3093 4507; x_wconf 75' lang='lat' dir='ltr'>Joannes</span> <span class='ocrx_word' id='word_1_718' title='bbox 3118 4411 3230 4468; x_wconf 90' lang='lat' dir='ltr'>ait:</span> <span class='ocrx_word' id='word_1_719' title='bbox 3271 4415 3361 4470; x_wconf 90' lang='lat' dir='ltr'>De</span> <span class='ocrx_word' id='word_1_720' title='bbox 3398 4414 3565 4470; x_wconf 89' lang='lat' dir='ltr'>nobis</span> 
     </span>
    </p>
   </div>
   <div class='ocr_carea' id='block_1_89' title="bbox 119 4495 823 4571">
    <p class='ocr_par' dir='ltr' id='par_1_89' title="bbox 119 4495 823 4571">
     <span class='ocr_line' id='line_1_89' title="bbox 119 4495 823 4571; baseline 0.004 -22"><span class='ocrx_word' id='word_1_721' title='bbox 119 4495 267 4553; x_wconf 87' lang='lat' dir='ltr'>Isaia</span> <span class='ocrx_word' id='word_1_722' title='bbox 289 4498 612 4571; x_wconf 84' lang='lat' dir='ltr'>propheta,</span> <span class='ocrx_word' id='word_1_723' title='bbox 642 4497 749 4555; x_wconf 89' lang='lat' dir='ltr'>lib.</span> <span class='ocrx_word' id='word_1_724' title='bbox 782 4515 823 4555; x_wconf 93' lang='grc' dir='ltr'>ι.</span> 
     </span>
    </p>
   </div>
   <div class='ocr_carea' id='block_1_90' title="bbox 190 4585 1790 4662">
    <p class='ocr_par' dir='ltr' id='par_1_90' title="bbox 190 4585 1790 4662">
     <span class='ocr_line' id='line_1_90' title="bbox 190 4585 1790 4662; baseline -0.001 -18"><span class='ocrx_word' id='word_1_725' title='bbox 190 4585 592 4662; x_wconf 79' lang='lat' dir='ltr'>Hieronymus</span> <span class='ocrx_word' id='word_1_726' title='bbox 617 4588 703 4659; x_wconf 91' lang='lat' dir='ltr'>(in</span> <span class='ocrx_word' id='word_1_727' title='bbox 728 4589 971 4653; x_wconf 87' lang='lat' dir='ltr'>Isaiam,</span> <span class='ocrx_word' id='word_1_728' title='bbox 990 4604 1041 4644; x_wconf 83' lang='grc' dir='ltr'>ο.</span> <span class='ocrx_word' id='word_1_729' title='bbox 1072 4588 1178 4657; x_wconf 83' lang='grc'><strong>18).</strong></span> <span class='ocrx_word' id='word_1_730' title='bbox 1200 4590 1314 4643; x_wconf 91' lang='lat' dir='ltr'>Nec</span> <span class='ocrx_word' id='word_1_731' title='bbox 1328 4586 1552 4644; x_wconf 91' lang='lat' dir='ltr'>mirum</span> <span class='ocrx_word' id='word_1_732' title='bbox 1578 4586 1629 4643; x_wconf 89' lang='lat' dir='ltr'>si</span> <span class='ocrx_word' id='word_1_733' title='bbox 1650 4585 1790 4644; x_wconf 92' lang='lat' dir='ltr'>Sion</span> 
     </span>
    </p>
   </div>
   <div class='ocr_carea' id='block_1_91' title="bbox 125 4674 1792 4749">
    <p class='ocr_par' dir='ltr' id='par_1_91' title="bbox 125 4674 1792 4749">
     <span class='ocr_line' id='line_1_91' title="bbox 125 4674 1792 4749; baseline 0 -18"><span class='ocrx_word' id='word_1_734' title='bbox 125 4676 449 4749; x_wconf 89' lang='lat' dir='ltr'>appelletur</span> <span class='ocrx_word' id='word_1_735' title='bbox 478 4677 627 4746; x_wconf 88' lang='lat' dir='ltr'>ﬁlia,</span> <span class='ocrx_word' id='word_1_736' title='bbox 651 4693 793 4735; x_wconf 89' lang='lat' dir='ltr'>cum</span> <span class='ocrx_word' id='word_1_737' title='bbox 822 4678 1003 4735; x_wconf 91' lang='lat' dir='ltr'>etiam</span> <span class='ocrx_word' id='word_1_738' title='bbox 1020 4676 1296 4749; x_wconf 87' lang='lat' dir='ltr'>Babylon</span> <span class='ocrx_word' id='word_1_739' title='bbox 1317 4676 1644 4749; x_wconf 82' lang='lat' dir='ltr'>saepissime</span> <span class='ocrx_word' id='word_1_740' title='bbox 1664 4674 1792 4732; x_wconf 88' lang='lat' dir='ltr'>ﬁlia</span> 
     </span>
    </p>
   </div>
   <div class='ocr_carea' id='block_1_92' title="bbox 127 4764 1791 4840">
    <p class='ocr_par' dir='ltr' id='par_1_92' title="bbox 127 4764 1791 4840">
     <span class='ocr_line' id='line_1_92' title="bbox 127 4764 1791 4840; baseline 0 -19"><span class='ocrx_word' id='word_1_741' title='bbox 127 4771 537 4840; x_wconf 88' lang='lat' dir='ltr'>nuncupetur:</span> <span class='ocrx_word' id='word_1_742' title='bbox 570 4781 784 4825; x_wconf 90' lang='lat' dir='ltr'>omnes</span> <span class='ocrx_word' id='word_1_743' title='bbox 815 4767 979 4825; x_wconf 90' lang='lat' dir='ltr'>enim</span> <span class='ocrx_word' id='word_1_744' title='bbox 1002 4771 1224 4824; x_wconf 88' lang='lat' dir='ltr'>natura</span> <span class='ocrx_word' id='word_1_745' title='bbox 1246 4765 1346 4823; x_wconf 91' lang='lat' dir='ltr'>Dei</span> <span class='ocrx_word' id='word_1_746' title='bbox 1373 4764 1479 4821; x_wconf 90' lang='lat' dir='ltr'>ﬁlii</span> <span class='ocrx_word' id='word_1_747' title='bbox 1500 4769 1640 4822; x_wconf 90' lang='lat' dir='ltr'>sunt</span> <span class='ocrx_word' id='word_1_748' title='bbox 1660 4766 1791 4837; x_wconf 88' lang='lat' dir='ltr'>[al.,</span> 
     </span>
    </p>
   </div>
   <div class='ocr_carea' id='block_1_93' title="bbox 131 4853 1793 4928">
    <p class='ocr_par' dir='ltr' id='par_1_93' title="bbox 131 4853 1793 4928">
     <span class='ocr_line' id='line_1_93' title="bbox 131 4853 1793 4928; baseline 0.001 -19"><span class='ocrx_word' id='word_1_749' title='bbox 131 4857 375 4928; x_wconf 87' lang='lat' dir='ltr'>sumus],</span> <span class='ocrx_word' id='word_1_750' title='bbox 410 4855 522 4914; x_wconf 88' lang='lat' dir='ltr'>sed</span> <span class='ocrx_word' id='word_1_751' title='bbox 541 4860 747 4915; x_wconf 87' lang='lat' dir='ltr'>nostro</span> <span class='ocrx_word' id='word_1_752' title='bbox 775 4856 919 4914; x_wconf 90' lang='lat' dir='ltr'>vitio</span> <span class='ocrx_word' id='word_1_753' title='bbox 941 4855 1119 4912; x_wconf 87' lang='lat' dir='ltr'>alieni</span> <span class='ocrx_word' id='word_1_754' title='bbox 1150 4854 1489 4912; x_wconf 76' lang='lat' dir='ltr'>efﬁciuntur</span> <span class='ocrx_word' id='word_1_755' title='bbox 1509 4856 1641 4927; x_wconf 88' lang='lat' dir='ltr'>[al.,</span> <span class='ocrx_word' id='word_1_756' title='bbox 1665 4853 1793 4910; x_wconf 84' lang='lat' dir='ltr'>efﬁ-</span> 
     </span>
    </p>
   </div>
   <div class='ocr_carea' id='block_1_94' title="bbox 130 4944 1796 5019">
    <p class='ocr_par' dir='ltr' id='par_1_94' title="bbox 130 4944 1796 5019">
     <span class='ocr_line' id='line_1_94' title="bbox 130 4944 1796 5019; baseline -0.001 -18"><span class='ocrx_word' id='word_1_757' title='bbox 130 4944 357 5019; x_wconf 89' lang='lat' dir='ltr'>cimur].</span> <span class='ocrx_word' id='word_1_758' title='bbox 379 4948 423 5018; x_wconf 71' lang='lat'>-:-</span> <span class='ocrx_word' id='word_1_759' title='bbox 449 4945 617 5002; x_wconf 85' lang='lat' dir='ltr'>Idem</span> <span class='ocrx_word' id='word_1_760' title='bbox 644 4945 708 5002; x_wconf 85' lang='lat' dir='ltr'>in</span> <span class='ocrx_word' id='word_1_761' title='bbox 728 4945 882 5003; x_wconf 90' lang='lat' dir='ltr'>Isaia</span> <span class='ocrx_word' id='word_1_762' title='bbox 895 4945 999 5002; x_wconf 88' lang='lat' dir='ltr'>lib.</span> <span class='ocrx_word' id='word_1_763' title='bbox 1020 4960 1132 5012; x_wconf 84' lang='lat' dir='ltr'>xv1,</span> <span class='ocrx_word' id='word_1_764' title='bbox 1162 4944 1300 5017; x_wconf 89' lang='lat' dir='ltr'>(Isa.</span> <span class='ocrx_word' id='word_1_765' title='bbox 1320 4962 1458 5011; x_wconf 89' lang='lat' dir='ltr'>Lvn,</span> <span class='ocrx_word' id='word_1_766' title='bbox 1489 4947 1571 5016; x_wconf 82' lang='lat'>5):</span> <span class='ocrx_word' id='word_1_767' title='bbox 1605 4945 1796 5016; x_wconf 88' lang='lat' dir='ltr'>[Nun-</span> 
     </span>
    </p>
   </div>
   <div class='ocr_carea' id='block_1_95' title="bbox 132 5033 1797 5107">
    <p class='ocr_par' dir='ltr' id='par_1_95' title="bbox 132 5033 1797 5107">
     <span class='ocr_line' id='line_1_95' title="bbox 132 5033 1797 5107; baseline -0.001 -17"><span class='ocrx_word' id='word_1_768' title='bbox 132 5036 273 5105; x_wconf 86' lang='lat' dir='ltr'>quid</span> <span class='ocrx_word' id='word_1_769' title='bbox 290 5052 412 5094; x_wconf 90' lang='lat' dir='ltr'>non</span> <span class='ocrx_word' id='word_1_770' title='bbox 440 5051 545 5095; x_wconf 86' lang='lat' dir='ltr'>vos</span> <span class='ocrx_word' id='word_1_771' title='bbox 558 5036 678 5105; x_wconf 81' lang='lat' dir='ltr'>ﬁlii</span> <span class='ocrx_word' id='word_1_772' title='bbox 703 5036 958 5107; x_wconf 87' lang='lat' dir='ltr'>scelesti,</span> <span class='ocrx_word' id='word_1_773' title='bbox 970 5049 1168 5092; x_wconf 88' lang='lat' dir='ltr'>semen</span> <span class='ocrx_word' id='word_1_774' title='bbox 1195 5033 1478 5099; x_wconf 70' lang='lat' dir='ltr'>mendax,</span> <span class='ocrx_word' id='word_1_775' title='bbox 1510 5033 1608 5089; x_wconf 89' lang='lat' dir='ltr'>vel</span> <span class='ocrx_word' id='word_1_776' title='bbox 1623 5034 1797 5104; x_wconf 83' lang='lat' dir='ltr'>juxta</span> 
     </span>
    </p>
   </div>
   <div class='ocr_carea' id='block_1_96' title="bbox 135 5123 1796 5196">
    <p class='ocr_par' dir='ltr' id='par_1_96' title="bbox 135 5123 1796 5196">
     <span class='ocr_line' id='line_1_96' title="bbox 135 5123 1796 5196; baseline -0.002 -13"><span class='ocrx_word' id='word_1_777' title='bbox 135 5125 288 5194; x_wconf 78' lang='lat' dir='ltr'>LXX,</span> <span class='ocrx_word' id='word_1_778' title='bbox 317 5126 437 5195; x_wconf 78' lang='lat' dir='ltr'>ﬁlii</span> <span class='ocrx_word' id='word_1_779' title='bbox 471 5125 849 5196; x_wconf 86' lang='lat' dir='ltr'>perditionis,</span> <span class='ocrx_word' id='word_1_780' title='bbox 881 5140 1076 5183; x_wconf 87' lang='lat' dir='ltr'>semen</span> <span class='ocrx_word' id='word_1_781' title='bbox 1114 5124 1386 5196; x_wconf 87' lang='lat' dir='ltr'>iniquam</span> <span class='ocrx_word' id='word_1_782' title='bbox 1419 5123 1616 5195; x_wconf 85' lang='lat' dir='ltr'>(Joan.</span> <span class='ocrx_word' id='word_1_783' title='bbox 1651 5139 1796 5193; x_wconf 80' lang='lat' dir='ltr'>xvu,</span> 
     </span>
    </p>
   </div>
   <div class='ocr_carea' id='block_1_97' title="bbox 138 5212 1797 5289">
    <p class='ocr_par' dir='ltr' id='par_1_97' title="bbox 138 5212 1797 5289">
     <span class='ocr_line' id='line_1_97' title="bbox 138 5212 1797 5289; baseline -0.001 -20"><span class='ocrx_word' id='word_1_784' title='bbox 138 5214 242 5286; x_wconf 91' lang='grc'><strong>12),</strong></span> <span class='ocrx_word' id='word_1_785' title='bbox 269 5232 396 5285; x_wconf 89' lang='lat' dir='ltr'>vos,</span> <span class='ocrx_word' id='word_1_786' title='bbox 425 5214 644 5289; x_wconf 85' lang='lat' dir='ltr'>inquit,</span> <span class='ocrx_word' id='word_1_787' title='bbox 675 5215 789 5273; x_wconf 89' lang='lat' dir='ltr'>ista</span> <span class='ocrx_word' id='word_1_788' title='bbox 840 5214 1083 5285; x_wconf 87' lang='lat' dir='ltr'>fecistis,</span> <span class='ocrx_word' id='word_1_789' title='bbox 1126 5230 1262 5287; x_wconf 76' lang='lat' dir='ltr'>quae</span> <span class='ocrx_word' id='word_1_790' title='bbox 1311 5212 1647 5287; x_wconf 79' lang='lat' dir='ltr'>praeteritus</span> <span class='ocrx_word' id='word_1_791' title='bbox 1674 5228 1797 5268; x_wconf 91' lang='lat' dir='ltr'>ser-</span> 
     </span>
    </p>
   </div>
   <div class='ocr_carea' id='block_1_98' title="bbox 137 5299 1797 5377">
    <p class='ocr_par' dir='ltr' id='par_1_98' title="bbox 137 5299 1797 5377">
     <span class='ocr_line' id='line_1_98' title="bbox 137 5299 1797 5377; baseline -0.001 -18"><span class='ocrx_word' id='word_1_792' title='bbox 137 5316 234 5361; x_wconf 89' lang='lat' dir='ltr'>mo</span> <span class='ocrx_word' id='word_1_793' title='bbox 262 5304 545 5373; x_wconf 88' lang='lat' dir='ltr'>narravit,</span> <span class='ocrx_word' id='word_1_794' title='bbox 564 5303 673 5377; x_wconf 91' lang='lat' dir='ltr'>qui</span> <span class='ocrx_word' id='word_1_795' title='bbox 697 5302 842 5360; x_wconf 89' lang='lat' dir='ltr'>estis</span> <span class='ocrx_word' id='word_1_796' title='bbox 869 5302 975 5361; x_wconf 85' lang='lat' dir='ltr'>ﬁlii</span> <span class='ocrx_word' id='word_1_797' title='bbox 1001 5301 1274 5360; x_wconf 89' lang='lat' dir='ltr'>scelerati</span> <span class='ocrx_word' id='word_1_798' title='bbox 1299 5316 1407 5359; x_wconf 89' lang='lat' dir='ltr'>seu</span> <span class='ocrx_word' id='word_1_799' title='bbox 1424 5299 1797 5375; x_wconf 88' lang='lat' dir='ltr'>perditionis,</span> 
     </span>
    </p>
   </div>
   <div class='ocr_carea' id='block_1_99' title="bbox 138 5390 1804 5467">
    <p class='ocr_par' dir='ltr' id='par_1_99' title="bbox 138 5390 1804 5467">
     <span class='ocr_line' id='line_1_99' title="bbox 138 5390 1804 5467; baseline -0.001 -17"><span class='ocrx_word' id='word_1_800' title='bbox 138 5392 328 5464; x_wconf 84' lang='lat' dir='ltr'>qualis</span> <span class='ocrx_word' id='word_1_801' title='bbox 381 5395 490 5453; x_wconf 86' lang='lat' dir='ltr'>fuit</span> <span class='ocrx_word' id='word_1_802' title='bbox 518 5399 575 5454; x_wconf 90' lang='lat' dir='ltr'>et</span> <span class='ocrx_word' id='word_1_803' title='bbox 616 5393 807 5452; x_wconf 84' lang='lat' dir='ltr'>Judas</span> <span class='ocrx_word' id='word_1_804' title='bbox 851 5393 1142 5467; x_wconf 91' lang='lat' dir='ltr'>proditor,</span> <span class='ocrx_word' id='word_1_805' title='bbox 1192 5392 1301 5466; x_wconf 89' lang='lat' dir='ltr'>qui</span> <span class='ocrx_word' id='word_1_806' title='bbox 1328 5390 1665 5466; x_wconf 89' lang='lat' dir='ltr'>appellatus</span> <span class='ocrx_word' id='word_1_807' title='bbox 1714 5393 1804 5448; x_wconf 89' lang='lat' dir='ltr'>est</span> 
     </span>
    </p>
   </div>
   <div class='ocr_carea' id='block_1_100' title="bbox 141 5479 1804 5554">
    <p class='ocr_par' dir='ltr' id='par_1_100' title="bbox 141 5479 1804 5554">
     <span class='ocr_line' id='line_1_100' title="bbox 141 5479 1804 5554; baseline -0.001 -16"><span class='ocrx_word' id='word_1_808' title='bbox 141 5481 297 5549; x_wconf 78' lang='lat' dir='ltr'>ﬁlius</span> <span class='ocrx_word' id='word_1_809' title='bbox 318 5485 700 5554; x_wconf 82' lang='lat' dir='ltr'>perditionis,</span> <span class='ocrx_word' id='word_1_810' title='bbox 741 5489 797 5541; x_wconf 83' lang='lat' dir='ltr'>et</span> <span class='ocrx_word' id='word_1_811' title='bbox 826 5498 1022 5542; x_wconf 89' lang='lat' dir='ltr'>semen</span> <span class='ocrx_word' id='word_1_812' title='bbox 1052 5484 1326 5554; x_wconf 88' lang='lat' dir='ltr'>iniquum</span> <span class='ocrx_word' id='word_1_813' title='bbox 1365 5483 1486 5538; x_wconf 90' lang='lat' dir='ltr'>sive</span> <span class='ocrx_word' id='word_1_814' title='bbox 1536 5479 1804 5537; x_wconf 83' lang='lat' dir='ltr'>mendax</span> 
     </span>
    </p>
   </div>
   <div class='ocr_carea' id='block_1_101' title="bbox 146 5570 1802 5645">
    <p class='ocr_par' dir='ltr' id='par_1_101' title="bbox 146 5570 1802 5645">
     <span class='ocr_line' id='line_1_101' title="bbox 146 5570 1802 5645; baseline -0.001 -17"><span class='ocrx_word' id='word_1_815' title='bbox 146 5576 316 5645; x_wconf 87' lang='lat' dir='ltr'>atque</span> <span class='ocrx_word' id='word_1_816' title='bbox 346 5575 682 5643; x_wconf 89' lang='lat' dir='ltr'>mendacii;</span> <span class='ocrx_word' id='word_1_817' title='bbox 724 5591 866 5631; x_wconf 92' lang='lat' dir='ltr'>cum</span> <span class='ocrx_word' id='word_1_818' title='bbox 911 5590 1055 5645; x_wconf 89' lang='lat' dir='ltr'>ergo</span> <span class='ocrx_word' id='word_1_819' title='bbox 1083 5572 1400 5631; x_wconf 88' lang='lat' dir='ltr'>manifesta</span> <span class='ocrx_word' id='word_1_820' title='bbox 1431 5571 1505 5628; x_wconf 89' lang='lat' dir='ltr'>sit</span> <span class='ocrx_word' id='word_1_821' title='bbox 1532 5570 1802 5641; x_wconf 88' lang='lat' dir='ltr'>historia,</span> 
     </span>
    </p>
   </div>
   <div class='ocr_carea' id='block_1_102' title="bbox 148 5661 1806 5733">
    <p class='ocr_par' dir='ltr' id='par_1_102' title="bbox 148 5661 1806 5733">
     <span class='ocr_line' id='line_1_102' title="bbox 148 5661 1806 5733; baseline -0.001 -14"><span class='ocrx_word' id='word_1_822' title='bbox 148 5663 309 5733; x_wconf 89' lang='lat' dir='ltr'>quod</span> <span class='ocrx_word' id='word_1_823' title='bbox 346 5665 451 5723; x_wconf 89' lang='lat' dir='ltr'>ﬁlii</span> <span class='ocrx_word' id='word_1_824' title='bbox 509 5669 649 5723; x_wconf 85' lang='lat' dir='ltr'>sunt</span> <span class='ocrx_word' id='word_1_825' title='bbox 700 5664 1107 5722; x_wconf 86' lang='lat' dir='ltr'>interfectores</span> <span class='ocrx_word' id='word_1_826' title='bbox 1161 5662 1377 5720; x_wconf 88' lang='lat' dir='ltr'>Christi</span> <span class='ocrx_word' id='word_1_827' title='bbox 1421 5663 1539 5720; x_wconf 88' lang='lat' dir='ltr'>ista</span> <span class='ocrx_word' id='word_1_828' title='bbox 1587 5661 1806 5718; x_wconf 89' lang='lat' dir='ltr'>facien-</span> 
     </span>
    </p>
   </div>
   <div class='ocr_carea' id='block_1_103' title="bbox 149 5749 1806 5829">
    <p class='ocr_par' dir='ltr' id='par_1_103' title="bbox 149 5749 1806 5829">
     <span class='ocr_line' id='line_1_103' title="bbox 149 5749 1806 5829; baseline 0.001 -21"><span class='ocrx_word' id='word_1_829' title='bbox 149 5749 316 5824; x_wconf 87' lang='lat' dir='ltr'>tium,</span> <span class='ocrx_word' id='word_1_830' title='bbox 369 5755 631 5819; x_wconf 79' lang='lat' dir='ltr'>occurrit</span> <span class='ocrx_word' id='word_1_831' title='bbox 688 5754 946 5829; x_wconf 83' lang='lat' dir='ltr'>quaestio</span> <span class='ocrx_word' id='word_1_832' title='bbox 1002 5753 1316 5827; x_wconf 86' lang='lat' dir='ltr'>quomodo</span> <span class='ocrx_word' id='word_1_833' title='bbox 1529 5750 1806 5811; x_wconf 85' lang='lat' dir='ltr'>dicantur</span> 
     </span>
    </p>
   </div>
   <div class='ocr_carea' id='block_1_104' title="bbox 1900 4496 3563 4575">
    <p class='ocr_par' dir='ltr' id='par_1_104' title="bbox 1900 4496 3563 4575">
     <span class='ocr_line' id='line_1_104' title="bbox 1900 4496 3563 4575; baseline 0.003 -23"><span class='ocrx_word' id='word_1_834' title='bbox 1900 4496 2200 4564; x_wconf 74' lang='lat' dir='ltr'>exierunt,</span> <span class='ocrx_word' id='word_1_835' title='bbox 2226 4496 2330 4553; x_wconf 86' lang='lat' dir='ltr'>sed</span> <span class='ocrx_word' id='word_1_836' title='bbox 2360 4512 2482 4554; x_wconf 84' lang='lat' dir='ltr'>non</span> <span class='ocrx_word' id='word_1_837' title='bbox 2510 4503 2686 4555; x_wconf 87' lang='lat' dir='ltr'>erant</span> <span class='ocrx_word' id='word_1_838' title='bbox 2714 4513 2792 4555; x_wconf 76' lang='lat' dir='ltr'>ex</span> <span class='ocrx_word' id='word_1_839' title='bbox 2841 4498 3031 4571; x_wconf 88' lang='lat' dir='ltr'>nobis)</span> <span class='ocrx_word' id='word_1_840' title='bbox 3081 4501 3137 4571; x_wconf 92' lang='grc' dir='ltr'>(Ι</span> <span class='ocrx_word' id='word_1_841' title='bbox 3156 4503 3333 4558; x_wconf 84' lang='lat' dir='ltr'>Joan.</span> <span class='ocrx_word' id='word_1_842' title='bbox 3358 4518 3417 4572; x_wconf 87' lang='grc' dir='ltr'>ιι,</span> <span class='ocrx_word' id='word_1_843' title='bbox 3454 4503 3563 4575; x_wconf 84' lang='lat'>19).</span> 
     </span>
    </p>
   </div>
   <div class='ocr_carea' id='block_1_105' title="bbox 1904 4586 3566 4658">
    <p class='ocr_par' dir='ltr' id='par_1_105' title="bbox 1904 4586 3566 4658">
     <span class='ocr_line' id='line_1_105' title="bbox 1904 4586 3566 4658; baseline 0.004 -16"><span class='ocrx_word' id='word_1_844' title='bbox 1904 4586 2046 4653; x_wconf 65' lang='lat' dir='ltr'>Quae</span> <span class='ocrx_word' id='word_1_845' title='bbox 2091 4593 2613 4658; x_wconf 86' lang='lat' dir='ltr'>congregaverunt</span> <span class='ocrx_word' id='word_1_846' title='bbox 2656 4588 2922 4658; x_wconf 84' lang='lat' dir='ltr'>divitias,</span> <span class='ocrx_word' id='word_1_847' title='bbox 2953 4588 3225 4646; x_wconf 87' lang='lat' dir='ltr'>videlicet</span> <span class='ocrx_word' id='word_1_848' title='bbox 3260 4590 3566 4647; x_wconf 89' lang='lat' dir='ltr'>bonorum</span> 
     </span>
    </p>
   </div>
   <div class='ocr_carea' id='block_1_106' title="bbox 1902 4675 3566 4751">
    <p class='ocr_par' dir='ltr' id='par_1_106' title="bbox 1902 4675 3566 4751">
     <span class='ocr_line' id='line_1_106' title="bbox 1902 4675 3566 4751; baseline 0.002 -19"><span class='ocrx_word' id='word_1_849' title='bbox 1902 4691 2158 4748; x_wconf 92' lang='lat' dir='ltr'>operum</span> <span class='ocrx_word' id='word_1_850' title='bbox 2202 4676 2603 4747; x_wconf 86' lang='lat' dir='ltr'>operationes,</span> <span class='ocrx_word' id='word_1_851' title='bbox 2633 4675 2884 4747; x_wconf 89' lang='lat' dir='ltr'>jejunia,</span> <span class='ocrx_word' id='word_1_852' title='bbox 2907 4676 3344 4751; x_wconf 85' lang='lat' dir='ltr'>eleemosynas,</span> <span class='ocrx_word' id='word_1_853' title='bbox 3378 4677 3566 4735; x_wconf 81' lang='lat' dir='ltr'>afﬂic-</span> 
     </span>
    </p>
   </div>
   <div class='ocr_carea' id='block_1_107' title="bbox 1903 4763 3565 4837">
    <p class='ocr_par' dir='ltr' id='par_1_107' title="bbox 1903 4763 3565 4837">
     <span class='ocr_line' id='line_1_107' title="bbox 1903 4763 3565 4837; baseline 0.002 -16"><span class='ocrx_word' id='word_1_854' title='bbox 1903 4763 2129 4821; x_wconf 86' lang='lat' dir='ltr'>tionem</span> <span class='ocrx_word' id='word_1_855' title='bbox 2150 4768 2208 4819; x_wconf 89' lang='lat' dir='ltr'>et</span> <span class='ocrx_word' id='word_1_856' title='bbox 2221 4765 2642 4821; x_wconf 88' lang='lat' dir='ltr'>castimoniam</span> <span class='ocrx_word' id='word_1_857' title='bbox 2667 4765 2887 4835; x_wconf 88' lang='lat' dir='ltr'>carnis,</span> <span class='ocrx_word' id='word_1_858' title='bbox 2901 4766 3329 4824; x_wconf 88' lang='lat' dir='ltr'>continentiam</span> <span class='ocrx_word' id='word_1_859' title='bbox 3343 4767 3565 4837; x_wconf 68' lang='lat' dir='ltr'>linguae</span> 
     </span>
    </p>
   </div>
   <div class='ocr_carea' id='block_1_108' title="bbox 1904 4853 3567 4930">
    <p class='ocr_par' dir='ltr' id='par_1_108' title="bbox 1904 4853 3567 4930">
     <span class='ocr_line' id='line_1_108' title="bbox 1904 4853 3567 4930; baseline 0.002 -21"><span class='ocrx_word' id='word_1_860' title='bbox 1904 4853 2357 4910; x_wconf 90' lang='lat' dir='ltr'>meditationem</span> <span class='ocrx_word' id='word_1_861' title='bbox 2384 4856 2844 4926; x_wconf 78' lang='lat' dir='ltr'>Scripturarum,</span> <span class='ocrx_word' id='word_1_862' title='bbox 2868 4858 2927 4911; x_wconf 90' lang='lat' dir='ltr'>et</span> <span class='ocrx_word' id='word_1_863' title='bbox 2951 4861 3167 4914; x_wconf 82' lang='lat' dir='ltr'>caetera</span> <span class='ocrx_word' id='word_1_864' title='bbox 3193 4857 3567 4930; x_wconf 89' lang='lat' dir='ltr'>hujusmodi,</span> 
     </span>
    </p>
   </div>
   <div class='ocr_carea' id='block_1_109' title="bbox 1903 4941 3569 5018">
    <p class='ocr_par' dir='ltr' id='par_1_109' title="bbox 1903 4941 3569 5018">
     <span class='ocr_line' id='line_1_109' title="bbox 1903 4941 3569 5018; baseline 0.004 -21"><span class='ocrx_word' id='word_1_865' title='bbox 1903 4958 2042 5015; x_wconf 74' lang='lat' dir='ltr'>quas</span> <span class='ocrx_word' id='word_1_866' title='bbox 2071 4956 2226 4997; x_wconf 82' lang='lat' dir='ltr'>verae</span> <span class='ocrx_word' id='word_1_867' title='bbox 2257 4945 2396 4998; x_wconf 89' lang='lat' dir='ltr'>sunt</span> <span class='ocrx_word' id='word_1_868' title='bbox 2445 4941 2663 4998; x_wconf 63' lang='lat' dir='ltr'>divitiae</span> <span class='ocrx_word' id='word_1_869' title='bbox 2713 4941 2979 5015; x_wconf 88' lang='lat' dir='ltr'>spiritus,</span> <span class='ocrx_word' id='word_1_870' title='bbox 3010 4943 3117 5000; x_wconf 90' lang='lat' dir='ltr'>ubi</span> <span class='ocrx_word' id='word_1_871' title='bbox 3167 4961 3322 5018; x_wconf 86' lang='lat' dir='ltr'>pura</span> <span class='ocrx_word' id='word_1_872' title='bbox 3352 4946 3569 5003; x_wconf 90' lang='lat' dir='ltr'>mentis</span> 
     </span>
    </p>
   </div>
   <div class='ocr_carea' id='block_1_110' title="bbox 1906 5031 3572 5109">
    <p class='ocr_par' dir='ltr' id='par_1_110' title="bbox 1906 5031 3572 5109">
     <span class='ocr_line' id='line_1_110' title="bbox 1906 5031 3572 5109; baseline 0.002 -21"><span class='ocrx_word' id='word_1_873' title='bbox 1906 5031 2240 5088; x_wconf 89' lang='lat' dir='ltr'>sinceritate</span> <span class='ocrx_word' id='word_1_874' title='bbox 2277 5035 2587 5101; x_wconf 86' lang='lat' dir='ltr'>geruntur.</span> <span class='ocrx_word' id='word_1_875' title='bbox 2617 5031 2727 5088; x_wconf 91' lang='lat' dir='ltr'>Ubi</span> <span class='ocrx_word' id='word_1_876' title='bbox 2753 5036 2955 5089; x_wconf 89' lang='lat' dir='ltr'>autem</span> <span class='ocrx_word' id='word_1_877' title='bbox 2987 5034 3115 5091; x_wconf 89' lang='lat' dir='ltr'>sine</span> <span class='ocrx_word' id='word_1_878' title='bbox 3138 5036 3275 5107; x_wconf 82' lang='lat' dir='ltr'>ﬁde,</span> <span class='ocrx_word' id='word_1_879' title='bbox 3306 5052 3439 5109; x_wconf 61' lang='lat' dir='ltr'>qua?</span> <span class='ocrx_word' id='word_1_880' title='bbox 3456 5052 3572 5107; x_wconf 86' lang='lat' dir='ltr'>per</span> 
     </span>
    </p>
   </div>
   <div class='ocr_carea' id='block_1_111' title="bbox 1907 5121 3571 5199">
    <p class='ocr_par' dir='ltr' id='par_1_111' title="bbox 1907 5121 3571 5199">
     <span class='ocr_line' id='line_1_111' title="bbox 1907 5121 3571 5199; baseline 0.004 -23"><span class='ocrx_word' id='word_1_881' title='bbox 1907 5121 2278 5177; x_wconf 89' lang='lat' dir='ltr'>dilectionem</span> <span class='ocrx_word' id='word_1_882' title='bbox 2311 5126 2619 5192; x_wconf 87' lang='lat' dir='ltr'>operatur,</span> <span class='ocrx_word' id='word_1_883' title='bbox 2665 5122 2843 5191; x_wconf 81' lang='lat' dir='ltr'>ﬁunt,</span> <span class='ocrx_word' id='word_1_884' title='bbox 2884 5122 3034 5180; x_wconf 90' lang='lat' dir='ltr'>nihil</span> <span class='ocrx_word' id='word_1_885' title='bbox 3081 5125 3400 5196; x_wconf 88' lang='lat' dir='ltr'>agentibus</span> <span class='ocrx_word' id='word_1_886' title='bbox 3428 5141 3571 5199; x_wconf 85' lang='lat' dir='ltr'>pro—</span> 
     </span>
    </p>
   </div>
   <div class='ocr_carea' id='block_1_112' title="bbox 1908 5209 3574 5289">
    <p class='ocr_par' dir='ltr' id='par_1_112' title="bbox 1908 5209 3574 5289">
     <span class='ocr_line' id='line_1_112' title="bbox 1908 5209 3574 5289; baseline 0.001 -22"><span class='ocrx_word' id='word_1_887' title='bbox 1908 5213 2079 5267; x_wconf 86' lang='lat' dir='ltr'>sunt:</span> <span class='ocrx_word' id='word_1_888' title='bbox 2112 5209 2220 5265; x_wconf 89' lang='lat' dir='ltr'>sed</span> <span class='ocrx_word' id='word_1_889' title='bbox 2267 5213 2329 5267; x_wconf 92' lang='lat' dir='ltr'>et</span> <span class='ocrx_word' id='word_1_890' title='bbox 2350 5209 2466 5266; x_wconf 81' lang='lat' dir='ltr'>illae</span> <span class='ocrx_word' id='word_1_891' title='bbox 2493 5209 2631 5266; x_wconf 77' lang='lat' dir='ltr'>ﬁliae</span> <span class='ocrx_word' id='word_1_892' title='bbox 2681 5210 2902 5270; x_wconf 83' lang='lat' dir='ltr'>frustra</span> <span class='ocrx_word' id='word_1_893' title='bbox 2947 5219 3391 5289; x_wconf 78' lang='lat' dir='ltr'>congregarunt</span> <span class='ocrx_word' id='word_1_894' title='bbox 3426 5212 3574 5270; x_wconf 87' lang='lat' dir='ltr'>divi-</span> 
     </span>
    </p>
   </div>
   <div class='ocr_carea' id='block_1_113' title="bbox 1906 5298 3577 5375">
    <p class='ocr_par' dir='ltr' id='par_1_113' title="bbox 1906 5298 3577 5375">
     <span class='ocr_line' id='line_1_113' title="bbox 1906 5298 3577 5375; baseline 0.002 -18"><span class='ocrx_word' id='word_1_895' title='bbox 1906 5300 2057 5357; x_wconf 81' lang='lat' dir='ltr'>tias:</span> <span class='ocrx_word' id='word_1_896' title='bbox 2098 5298 2174 5356; x_wconf 94' lang='lat' dir='ltr'>de</span> <span class='ocrx_word' id='word_1_897' title='bbox 2211 5299 2434 5373; x_wconf 85' lang='lat' dir='ltr'>quibus</span> <span class='ocrx_word' id='word_1_898' title='bbox 2461 5299 2754 5356; x_wconf 89' lang='lat' dir='ltr'>Dominus</span> <span class='ocrx_word' id='word_1_899' title='bbox 2808 5302 2925 5359; x_wconf 88' lang='lat' dir='ltr'>ait:</span> <span class='ocrx_word' id='word_1_900' title='bbox 2978 5304 3165 5360; x_wconf 80' lang='lat' dir='ltr'>Multi</span> <span class='ocrx_word' id='word_1_901' title='bbox 3194 5305 3397 5375; x_wconf 76' lang='lat' dir='ltr'>dicent</span> <span class='ocrx_word' id='word_1_902' title='bbox 3422 5303 3577 5360; x_wconf 84' lang='lat' dir='ltr'>mihi</span> 
     </span>
    </p>
   </div>
   <div class='ocr_carea' id='block_1_114' title="bbox 1906 5389 3573 5461">
    <p class='ocr_par' dir='ltr' id='par_1_114' title="bbox 1906 5389 3573 5461">
     <span class='ocr_line' id='line_1_114' title="bbox 1906 5389 3573 5461; baseline 0 -14"><span class='ocrx_word' id='word_1_903' title='bbox 1906 5390 1972 5447; x_wconf 88' lang='lat' dir='ltr'>in</span> <span class='ocrx_word' id='word_1_904' title='bbox 1998 5390 2113 5446; x_wconf 85' lang='lat' dir='ltr'>illa</span> <span class='ocrx_word' id='word_1_905' title='bbox 2141 5389 2265 5446; x_wconf 72' lang='lat' dir='ltr'>die:</span> <span class='ocrx_word' id='word_1_906' title='bbox 2295 5391 2568 5461; x_wconf 82' lang='lat' dir='ltr'>Domine,</span> <span class='ocrx_word' id='word_1_907' title='bbox 2600 5390 2859 5458; x_wconf 86' lang='lat' dir='ltr'>domine,</span> <span class='ocrx_word' id='word_1_908' title='bbox 2889 5406 3089 5448; x_wconf 86' lang='lat' dir='ltr'>nonne</span> <span class='ocrx_word' id='word_1_909' title='bbox 3112 5393 3176 5449; x_wconf 91' lang='lat' dir='ltr'>in</span> <span class='ocrx_word' id='word_1_910' title='bbox 3202 5392 3441 5450; x_wconf 87' lang='lat' dir='ltr'>nomine</span> <span class='ocrx_word' id='word_1_911' title='bbox 3471 5398 3573 5448; x_wconf 87' lang='lat' dir='ltr'>tuo</span> 
     </span>
    </p>
   </div>
   <div class='ocr_carea' id='block_1_115' title="bbox 1906 5479 3574 5561">
    <p class='ocr_par' dir='ltr' id='par_1_115' title="bbox 1906 5479 3574 5561">
     <span class='ocr_line' id='line_1_115' title="bbox 1906 5479 3574 5561; baseline 0.002 -25"><span class='ocrx_word' id='word_1_912' title='bbox 1906 5479 2419 5551; x_wconf 86' lang='lat' dir='ltr'>prophetavimus,</span> <span class='ocrx_word' id='word_1_913' title='bbox 2450 5484 2506 5537; x_wconf 83' lang='lat' dir='ltr'>et</span> <span class='ocrx_word' id='word_1_914' title='bbox 2553 5479 2617 5536; x_wconf 92' lang='lat' dir='ltr'>in</span> <span class='ocrx_word' id='word_1_915' title='bbox 2660 5484 2762 5535; x_wconf 88' lang='lat' dir='ltr'>tuo</span> <span class='ocrx_word' id='word_1_916' title='bbox 2791 5481 3031 5539; x_wconf 87' lang='lat' dir='ltr'>nomine</span> <span class='ocrx_word' id='word_1_917' title='bbox 3071 5480 3367 5561; x_wconf 70' lang='lat' dir='ltr'>daemonia</span> <span class='ocrx_word' id='word_1_918' title='bbox 3398 5482 3574 5552; x_wconf 87' lang='lat' dir='ltr'>ejeci-</span> 
     </span>
    </p>
   </div>
   <div class='ocr_carea' id='block_1_116' title="bbox 1911 5561 3576 5643">
    <p class='ocr_par' dir='ltr' id='par_1_116' title="bbox 1911 5561 3576 5643">
     <span class='ocr_line' id='line_1_116' title="bbox 1911 5561 3576 5643; baseline 0.001 -17"><span class='ocrx_word' id='word_1_919' title='bbox 1911 5586 2063 5639; x_wconf 88' lang='lat' dir='ltr'>mus,</span> <span class='ocrx_word' id='word_1_920' title='bbox 2093 5574 2147 5626; x_wconf 91' lang='lat' dir='ltr'>et</span> <span class='ocrx_word' id='word_1_921' title='bbox 2194 5571 2256 5625; x_wconf 86' lang='lat' dir='ltr'>in</span> <span class='ocrx_word' id='word_1_922' title='bbox 2298 5575 2399 5625; x_wconf 90' lang='lat' dir='ltr'>tuo</span> <span class='ocrx_word' id='word_1_923' title='bbox 2450 5569 2690 5626; x_wconf 90' lang='lat' dir='ltr'>nomine</span> <span class='ocrx_word' id='word_1_924' title='bbox 2736 5570 2986 5626; x_wconf 81' lang='lat' dir='ltr'>virtutes</span> <span class='ocrx_word' id='word_1_925' title='bbox 3013 5572 3239 5627; x_wconf 89' lang='lat' dir='ltr'>multas</span> <span class='ocrx_word' id='word_1_926' title='bbox 3280 5561 3576 5643; x_wconf 67' lang='lat' dir='ltr'>fecimus?</span> 
     </span>
    </p>
   </div>
   <div class='ocr_carea' id='block_1_117' title="bbox 1910 5659 3576 5733">
    <p class='ocr_par' dir='ltr' id='par_1_117' title="bbox 1910 5659 3576 5733">
     <span class='ocr_line' id='line_1_117' title="bbox 1910 5659 3576 5733; baseline 0.003 -18"><span class='ocrx_word' id='word_1_927' title='bbox 1910 5661 1991 5716; x_wconf 88' lang='lat' dir='ltr'>Et</span> <span class='ocrx_word' id='word_1_928' title='bbox 2022 5665 2167 5717; x_wconf 90' lang='lat' dir='ltr'>tunc</span> <span class='ocrx_word' id='word_1_929' title='bbox 2213 5659 2538 5728; x_wconf 78' lang='lat' dir='ltr'>conﬁtebor</span> <span class='ocrx_word' id='word_1_930' title='bbox 2577 5659 2707 5715; x_wconf 87' lang='lat' dir='ltr'>illis</span> <span class='ocrx_word' id='word_1_931' title='bbox 2754 5659 2898 5731; x_wconf 86' lang='lat' dir='ltr'>quia</span> <span class='ocrx_word' id='word_1_932' title='bbox 2944 5675 3256 5733; x_wconf 86' lang='lat' dir='ltr'>nunquam</span> <span class='ocrx_word' id='word_1_933' title='bbox 3296 5663 3439 5719; x_wconf 87' lang='lat' dir='ltr'>novi</span> <span class='ocrx_word' id='word_1_934' title='bbox 3475 5678 3576 5720; x_wconf 88' lang='lat' dir='ltr'>vos</span> 
     </span>
    </p>
   </div>
   <div class='ocr_carea' id='block_1_118' title="bbox 1915 5748 3575 5819">
    <p class='ocr_par' dir='ltr' id='par_1_118' title="bbox 1915 5748 3575 5819">
     <span class='ocr_line' id='line_1_118' title="bbox 1915 5748 3575 5819; baseline -0.001 -9"><span class='ocrx_word' id='word_1_935' title='bbox 1915 5749 2158 5819; x_wconf 69' lang='lat' dir='ltr'>(Matth.</span> <span class='ocrx_word' id='word_1_936' title='bbox 2216 5765 2318 5818; x_wconf 75' lang='lat' dir='ltr'>vn,</span> <span class='ocrx_word' id='word_1_937' title='bbox 2348 5753 2440 5819; x_wconf 87' lang='grc'><strong>22,</strong></span> <span class='ocrx_word' id='word_1_938' title='bbox 2474 5752 2587 5819; x_wconf 82' lang='lat'>23).</span> <span class='ocrx_word' id='word_1_939' title='bbox 2622 5748 2737 5808; x_wconf 89' lang='lat' dir='ltr'>Sed</span> <span class='ocrx_word' id='word_1_940' title='bbox 2774 5763 2989 5809; x_wconf 86' lang='lat' dir='ltr'>omnes</span> <span class='ocrx_word' id='word_1_941' title='bbox 3028 5749 3372 5809; x_wconf 81' lang='lat' dir='ltr'>istiusmodi</span> <span class='ocrx_word' id='word_1_942' title='bbox 3416 5750 3575 5810; x_wconf 80' lang='lat' dir='ltr'>ﬁlias</span> 
     </span>
    </p>
   </div>
  </div>
