3936 6380
412 264 540 319 1191

1495 257 1550 313 S.
1579 254 1954 312 PRUDENTII
1998 251 2374 311 TRECENSIS
2409 253 2728 313 EPISCOPI

3698 262 3844 316 H92

410 383 675 441 Ecclesia
697 382 992 440 catholica
1029 379 1506 453 supergreditur:
1563 395 1723 452 quae,
1755 378 1875 435 ﬁde
1903 381 2070 436 casta
2098 380 2147 435 A
2182 376 2370 450 ipsos,
2419 378 2762 437 aberrando
2802 378 3185 453 pessimeque
3230 377 3511 446 vivendo,
3569 379 3857 453 indignos

411 478 468 530 et
510 489 691 530 onere
738 471 1019 545 perfecta,
1051 468 1447 542 redemptoris
1496 468 1588 524 sui
1650 467 1899 539 vestigia
1946 483 2073 525 sec-

411 566 585 620 tatur.

480 654 522 723 -ι-
549 649 885 721 Negabisne
913 647 1266 721 quempiam
1295 663 1333 704 a
1360 645 1525 704 bono
1558 647 1869 721 proposito
1904 663 2076 705 exor-

409 740 747 806 bitantium,
780 737 871 793 vel
897 737 1130 794 bonum
1160 736 1252 793 vel
1280 735 1343 792 in
1375 735 1540 793 bono
1566 736 1749 793 fuisse
1770 736 1798 793 ?
1848 740 2074 810 Nempe

408 828 598 886 multo
623 826 787 883 aliud
817 825 1105 883 Dominus
1133 842 1242 900 per
1268 824 1626 899 prophetam
1652 825 1904 882 clamat:
1927 827 2070 882 Jus-

409 923 522 984 tus,
553 915 855 989 inquiens,
880 915 934 971 si
957 916 1243 972 averterit
1272 930 1334 971 se
1361 930 1399 971 a
1436 915 1681 985 justitia
1709 930 1841 981 sua,
1871 930 2071 972 omnes

394 1006 655 1078 justitiw
682 1006 810 1075 ejus
829 1018 951 1061 non
971 1003 1456 1061 recordabuntur
1489 1004 1720 1072 (Ezech.
1753 1019 1915 1072 χχιιι,
1958 1003 2071 1075 2i)-

407 1098 475 1151 Et
501 1094 564 1150 in
592 1093 957 1167 Apocalypsi
984 1092 1271 1151 Joannis:
1307 1093 1446 1149 Scio
1476 1108 1661 1163 opera
1687 1098 1794 1150 tua
1825 1100 1878 1150 et
1901 1093 2068 1150 labo-

406 1200 531 1242 rem
575 1190 630 1241 et
653 1185 1013 1253 patientiam
1054 1189 1242 1251 tuam,
1273 1188 1328 1239 et
1358 1183 1499 1254 quia
1549 1197 1671 1239 non
1704 1187 1870 1253 potes
1897 1182 2077 1239 susti-

408 1288 550 1331 nere
576 1274 767 1331 malos
791 1279 847 1331 et
902 1273 1152 1330 tentasti
1174 1286 1271 1329 eos
1298 1272 1406 1344 qui
1448 1287 1512 1329 se
1540 1272 1749 1329 dicunt
1777 1272 2075 1343 apostolos

408 1377 529 1420 esse
558 1367 614 1419 et
642 1378 763 1420 non
788 1369 950 1430 sunt,
982 1366 1036 1419 et
1070 1361 1349 1418 invenisti
1383 1376 1476 1418 eos
1502 1361 1815 1418 mendaces
1858 1361 2067 1434 (Apoc.

408 1467 469 1521 n,
502 1452 586 1525 2):
616 1452 698 1508 Et
731 1451 1088 1522 patientiam
1120 1450 1318 1514 habes,
1360 1456 1413 1508 et
1461 1451 1801 1508 sustinuisti
1823 1456 2075 1521 propter

410 1556 623 1598 noman
650 1556 845 1598 meum
893 1546 946 1597 et
992 1556 1121 1596 non
1150 1540 1461 1610 defecisti:
1493 1541 1596 1597 sed
1639 1539 1825 1597 habeo
1862 1540 2075 1597 adver-

408 1645 509 1687 sus
549 1635 606 1687 te
629 1630 789 1703 quod
840 1630 1199 1687 charitatem
1238 1635 1405 1686 tuam
1445 1629 1711 1699 primam
1754 1629 2077 1702 reliquisti,

2180 467 2481 525 effecerint
2507 472 2564 525 et
2582 469 3178 542 expertes.Quocirca
3197 467 3497 542 quidquid
3524 468 3587 526 in
3615 471 3860 528 conclu-

2180 557 2452 615 sionibus
2472 563 2530 615 et
2556 559 3054 616 conversionibus
3088 558 3205 615 tuis
3234 574 3413 630 agere
3460 561 3855 629 machinaris,

2184 646 2233 703 si
2264 646 2339 704 de
2366 647 2460 704 his
2486 652 2741 719 tantum,
2791 652 2858 706 ut
2884 648 3169 717 diximus,
3204 648 3311 722 qui
3339 647 3420 706 ad
3458 665 3675 721 regum
3706 667 3858 725 prte-

2181 736 2487 808 destinati,
2509 737 2677 795 electi
2703 741 2884 812 atque
2914 737 3187 812 adoptati
3217 742 3355 795 sunt
3386 737 3607 810 agitur,
3636 756 3853 798 verum

2181 830 2287 882 est.
2316 826 2373 881 Si
2400 842 2544 883 vero
2565 826 2625 882 in
2652 826 2767 884 hoc
2790 826 3061 899 laboras,
3093 826 3277 884 veluti
3316 832 3587 901 apparet,
3614 834 3681 886 ut
3700 846 3855 903 prse-

2180 914 2641 972 destinationem
2661 915 2993 990 impiorum
3038 920 3097 973 et
3124 931 3446 990 poenarum
3476 916 3591 974 illis
3617 918 3857 975 debita-

2179 1020 2317 1061 rum
2365 1020 2570 1075 neges,
2601 1006 2851 1063 omnino
2899 1005 3124 1062 falsum
3159 1010 3267 1064 est.
3302 1008 3683 1081 Quapropter
3711 1024 3859 1081 queo

2180 1093 2581 1151 madmodum
2620 1094 2810 1151 Judaei
2855 1093 3091 1168 perﬁdi,
3138 1094 3364 1168 quibus
3415 1095 3687 1153 Salvator
3732 1096 3856 1152 ait:

2191 1183 2299 1239 Vos
2326 1198 2401 1239 ea:
2426 1188 2605 1253 patre
2648 1183 2888 1240 diabolo
2927 1184 3066 1241 estis
3098 1186 3299 1253 (Joan.
3347 1199 3470 1255 Vill,
3518 1185 3629 1258 44),
3663 1201 3701 1242 a
3736 1186 3858 1240 Deo

2180 1271 2589 1345 prmdestinati
2636 1277 2776 1330 sunt
2814 1273 2894 1330 ad
2917 1273 3245 1343 interitum,
3275 1273 3543 1331 invenire
3573 1274 3859 1332 facillime

2181 1360 2441 1434 quisque
2472 1360 2804 1419 catholicus
2828 1365 3045 1435 potest,
3074 1361 3182 1436 qui
3220 1362 3389 1420 novit
3408 1362 3508 1420 Dei
3530 1363 3857 1437 justitiam,

2184 1454 2243 1506 et
2282 1450 2530 1521 ratione,
2584 1455 2641 1507 et
2693 1451 3043 1508 auctoritate
3094 1451 3498 1525 perpendere;
3557 1452 3860 1527 quoniam

2185 1555 2340 1611 quos
2370 1539 2747 1613 prmscivitin
2772 1556 2983 1597 massa
3010 1540 3363 1613 perditionis
3385 1546 3676 1615 perpetuo
3704 1541 3859 1599 inte-

2185 1628 2592 1703 rituros,ipsos
2610 1628 3076 1703 praedestinavit,
3099 1630 3216 1686 hoc
3231 1634 3319 1687 est
3338 1631 3726 1705 praeparavit,
3758 1631 3859 1687 de-

407 1719 640 1777 Memor
666 1726 786 1777 esto
815 1721 1018 1791 itaque
1045 1720 1207 1776 unde
1229 1719 1542 1787 excideris,
1574 1724 1628 1775 et
1657 1734 1769 1791 age
1800 1719 2077 1789 peniten-
2109 1730 2152 1788 Β
2187 1717 2417 1791 putavit
2432 1722 2611 1791 atque
2623 1717 2921 1791 disposuit
2942 1734 3052 1774 suo
3069 1719 3226 1787 iusto
3232 1719 3458 1791 judicio
3477 1719 3856 1793 puniendos.

412 1809 581 1880 tiam,
606 1813 661 1865 et
677 1809 879 1878 prima
908 1823 1092 1877 opera
1118 1808 1242 1879 fac.
1273 1808 1382 1864 Sin
1404 1813 1624 1876 autem,
1658 1807 1829 1864 venio
1860 1807 1985 1876 tibi,
2020 1813 2077 1864 et

407 1897 649 1954 movebo
679 1897 1112 1954 candelabrum
1135 1902 1303 1953 tuum
1331 1896 1405 1953 de
1435 1897 1562 1953 loco
1590 1912 1721 1964 suo,
1744 1897 1866 1952 nisi
1887 1897 2075 1967 paeni-

411 1988 657 2043 tentiam
688 1987 895 2057 egeris.
919 1986 1040 2043 Sed
1069 1984 1179 2042 hoc
1203 1986 1381 2042 habes
1410 1987 1553 2058 quia
1583 1986 1763 2041 odisti
1780 1986 1950 2056 facta
1963 1986 2074 2041 Ni-

411 2076 794 2144 colaitarum,
826 2090 958 2148 qua:
1005 2080 1061 2131 et
1104 2090 1211 2146 ego
1262 2076 1364 2131 odi
1395 2074 1598 2148 (Ibid.,
1644 2080 1696 2139 2,
1731 2078 1783 2143 3,
1821 2077 1877 2144 4,
1904 2079 1957 2139 5,
2000 2075 2073 2146 6),

410 2165 620 2221 Petrus
665 2164 847 2220 etiam
884 2163 1239 2237 Apostolus:
1271 2165 1443 2221 Sicut
1472 2170 1525 2221 et
1572 2165 1637 2221 in
1691 2164 1852 2220 vobis
1900 2169 2079 2220 erunt

411 2255 695 2325 magistri
728 2254 1062 2322 mendaces,
1093 2256 1199 2326 qui
1235 2254 1620 2311 introducent
1644 2261 1833 2310 sectas
1874 2254 2080 2324 perdi-

414 2343 612 2413 tionis,
643 2348 697 2399 ct
738 2358 870 2399 eum
915 2344 1022 2415 qui
1048 2345 1187 2400 emit
1217 2359 1315 2399 eos
1359 2345 1682 2399 Dominum
1736 2347 1959 2413 negant
1993 2342 2086 2409 (Il

411 2433 578 2489 Petr.
612 2447 672 2500 ιι,
709 2433 790 2505 l);
822 2436 879 2489 et
901 2432 1056 2489 intra
1100 2433 1273 2505 (vers:
1313 2434 1442 2499 20):
1474 2432 1546 2488 Si
1582 2432 1737 2488 enim
1769 2447 2083 2502 resurgen-

414 2528 497 2579 tes
528 2522 655 2594 [al.,
699 2522 1078 2595 refugientes]
1107 2522 1619 2594 coinquinationes
1658 2522 1872 2578 mundi
1894 2522 1958 2577 in
1988 2537 2081 2578 co-

413 2613 681 2683 gnitione
702 2614 948 2669 Domini
972 2613 1165 2669 nostri
1188 2616 1241 2668 et
1271 2610 1613 2667 Salvatoris
1655 2611 1799 2667 Jesu
1827 2610 2079 2680 Christi,

418 2700 511 2756 his
557 2717 800 2758 rursum
856 2701 1158 2771 implicati
1205 2704 1549 2769 superatur,
1602 2700 1772 2769 facta
1818 2706 1957 2755 sunt
2002 2700 2082 2755 eis

416 2790 752 2858 posteriora
788 2789 1086 2846 deteriora
1130 2788 1458 2858 prioribus.
1491 2788 1707 2844 Melius
1761 2788 1917 2844 enim
1949 2793 2082 2846 erat

418 2878 499 2934 eis
529 2894 650 2934 non
688 2894 1040 2949 cognoscere
1065 2879 1221 2935 viam
1247 2879 1523 2949 iustitiae,
1554 2894 1733 2951 quam
1753 2884 1887 2948 post
1913 2880 2085 2949 agni-

418 2968 639 3025 tionem
660 2974 988 3025 retrorsum
1017 2984 1125 3026 con
1134 2970 1288 3026 verti
1292 2968 1368 3025 ab
1379 2984 1444 3025 eo
1464 2968 1625 3040 quod
1647 2968 1768 3025 illis
1792 2968 2086 3027 traditum

2256 1806 2526 1874 Attende,
2566 1822 2793 1880 quaeso,
2823 1806 3183 1880 Apostolum
3221 1807 3550 1878 dicentem;
3604 1810 3858 1865 Scimus

2187 1897 2468 1968 quoniam
2494 1896 2886 1967 diligentibus
2908 1897 3094 1953 Deum
3134 1898 3334 1953 omnia
3354 1902 3770 1967 cooperantur
3797 1899 3858 1953 in

2190 1987 2426 2055 bonum,
2460 1987 2551 2043 his
2581 1987 2688 2058 qui
2712 1987 3037 2043 secundum
3066 1988 3444 2057 propositum
3481 1988 3681 2044 vocati
3713 1994 3859 2044 sunt

2186 2078 2386 2133 sancti
2403 2093 2415 2129 :
2450 2090 2592 2132 nam
2621 2090 2771 2147 quas
2791 2077 3096 2145 praesciuit
3128 2081 3183 2132 et
3223 2076 3679 2146 prtedestinavit
3721 2092 3858 2134 con-

2185 2166 2410 2235 formes
2433 2166 2570 2234 ﬁeri
2608 2166 2889 2235 imaginis
2918 2166 3070 2221 Filii
3118 2167 3234 2233 sui,
3263 2171 3330 2221 ut
3358 2168 3436 2221 sit
3466 2166 3591 2236 ipse
3619 2166 3850 2236 primo-

2187 2256 2424 2325 genitus
2454 2255 2518 2309 in
2542 2255 2750 2311 multis
2767 2255 3107 2326 fratribus;
3136 2270 3281 2326 quos
3309 2259 3508 2312 autem
3533 2255 3849 2324 praedesti-

2190 2344 2379 2404 navit.
2414 2343 2518 2399 hos
2542 2348 2597 2399 et
2624 2344 2857 2399 vocavit
2874 2358 2899 2413 ,·
2929 2348 2983 2399 et
3009 2359 3154 2414 quos
3194 2344 3449 2411 vocavit,
3484 2344 3590 2400 hos
3635 2348 3691 2399 et
3716 2346 3853 2413 jus-

2191 2432 2486 2501 tiﬁeavit,‘
2517 2446 2663 2503 quos
2687 2437 2886 2488 autem
2896 2433 3281 2501 justiﬁeavit,
3304 2433 3443 2488 illos
3464 2438 3518 2488 et
3548 2432 3854 2503 gloriﬁca-

2191 2521 2273 2577 vit
2304 2520 2491 2591 (Rom.
2521 2535 2644 2590 vui,
2676 2522 2769 2590 28,
2792 2524 2882 2588 29,
2906 2520 3027 2593 30):
3065 2523 3131 2577 Et
3158 2520 3238 2577 ad
3263 2520 3638 2577 Timotheum
3663 2537 3678 2576 :
3708 2521 3855 2577 Noti

2191 2608 2532 2665 erubescere
2578 2609 2980 2665 testimonium
3010 2610 3253 2666 Domini
3292 2609 3505 2677 nostri,
3546 2625 3741 2682 neque
3769 2624 3855 2666 me

2191 2698 2457 2755 vinctum
2486 2700 2639 2768 ejus,’
2668 2698 2772 2753 sed
2813 2698 3124 2755 coltabora
3154 2700 3489 2770 Evangelio
3521 2701 3849 2756 secundum

2191 2787 2472 2844 virtutem
2499 2787 2613 2842 Dei
2642 2786 2749 2857 qui
2773 2801 2881 2842 nos
2903 2786 3180 2843 liberavit
3204 2793 3261 2844 et
3288 2789 3521 2845 vocavit
3554 2790 3856 2846 vocatione

2191 2880 2426 2932 sancta.
2464 2873 2657 2930 Audis
2710 2874 3035 2931 secundum
3079 2876 3451 2945 propositvm
3509 2879 3740 2934 vocatis
3779 2876 3860 2947 (II

2194 2965 2461 3036 Tim.l,9)
2481 2968 2510 3021 ?
2534 2964 2720 3021 Audis
2747 2980 2892 3036 quos
2921 2970 3117 3022 autem
3132 2965 3616 3035 praedestinavit,
3639 2969 3781 3025 illos
3806 2971 3853 3023 et

419 3063 504 3114 est
531 3063 739 3114 sancto
782 3058 1072 3115 mandato
1102 3057 1281 3129 (vers.
1317 3057 1447 3129 2t):
1502 3057 1769 3128 Contigit
1812 3058 1970 3115 enim
2005 3057 2087 3115 eis
2114 3081 2159 3138 ο
2194 3056 2443 3122 vocavit,
2474 3059 2531 3111 et
2559 3070 2705 3127 quos
2728 3055 2986 3119 vocavit,
3010 3055 3149 3112 illos
3170 3059 3228 3112 et
3246 3056 3660 3126 justiﬁcavit?
3680 3057 3854 3114 Audis

416 3146 578 3203 illud
606 3148 732 3204 veri
745 3146 1072 3218 proverbii.
1097 3147 1278 3204 Canis
1297 3162 1567 3204 reversus
1589 3146 1670 3203 ad
1696 3162 1870 3204 suum
1905 3147 2088 3204 vomi.

419 3241 567 3306 tum,
599 3243 653 3293 et
674 3253 772 3293 sus
800 3237 923 3294 lota
944 3238 1007 3293 in
1038 3236 1355 3293 volutabra
1390 3236 1508 3292 luti
1533 3234 1712 3307 (vers.
1746 3236 1856 3307 22).
1911 3239 2078 3292 Idem

418 3324 680 3383 Paulus:
722 3326 1093 3396 Impossibile
1120 3330 1205 3382 est
1244 3326 1399 3382 enim
1437 3340 1552 3393 eos,
1588 3326 1692 3397 qui
1718 3326 1895 3382 semel
1937 3329 2082 3381 sunt

419 3414 774 3483 illuminati,
827 3419 1228 3485 gustaverunt
1296 3415 1475 3470 etiam
1531 3413 1754 3470 donum
1823 3415 2075 3479 ca'leste,

421 3508 476 3558 et
500 3503 829 3572 participes
873 3508 1013 3558 sunt
1051 3504 1210 3574 facti
1246 3502 1511 3573 Spiritus
1553 3505 1769 3573 sancti,
1813 3510 2087 3574 gustave-

421 3597 567 3648 runt
603 3592 996 3648 nihilominus
1027 3592 1245 3648 bonum
1272 3593 1381 3648 Dei
1421 3593 1689 3665 verbum,
1720 3594 2083 3664 virtutesque

420 3682 609 3739 seculi
635 3682 893 3745 venturi,
932 3686 988 3738 et
1034 3681 1309 3752 prolapsi
1353 3687 1517 3751 sunt,
1549 3682 1834 3738 renovari
1872 3697 2086 3738 rursus

420 3772 504 3828 ad
524 3771 936 3841 paenitentiam
952 3783 974 3842 ,'
996 3786 1238 3827 rursum
1270 3771 1684 3841 cruciﬁgentes
1704 3769 2085 3841 sibimetipsis

417 3862 647 3918 Filium
670 3862 800 3929 Dei,
830 3866 887 3919 et
915 3862 1175 3918 ostentui
1202 3861 1484 3918 habentes
1510 3861 1718 3930 (Hebr.
1756 3877 1834 3930 v1,
1861 3862 1915 3930 4,
1936 3862 2086 3935 5,6.)

432 3951 783 4008 Voluntarie
812 3952 970 4008 enim
997 3950 1389 4021 peccantibus
1418 3950 1587 4007 nobis
1614 3954 1746 4020 post
1776 3956 2085 4020 acceptam

415 4041 692 4097 notitiam
721 4042 1154 4111 ceritatis,jam
1175 4055 1298 4097 non
1325 4040 1697 4111 relinquitur
1723 4055 1839 4110 pro
1867 4054 2085 4110 pecca-

423 4130 498 4185 tis
529 4129 753 4186 hostia:
789 4129 1075 4187 terribilis
1104 4134 1303 4186 autem
1334 4134 1419 4186 est
1448 4128 1722 4201 quaedam
1748 4135 2085 4199 expectatio

412 4216 657 4286 judicii,
679 4221 737 4273 et
776 4217 933 4286 ignis
989 4217 1312 4288 aemulatio,
1340 4230 1472 4288 quas
1519 4222 1951 4287 consumptura
2000 4222 2087 4275 est

422 4304 819 4362 adversarios.
845 4304 1096 4360 Irritam
1122 4304 1253 4375 quis
1266 4303 1500 4374 faciens
1534 4304 1724 4376 legem
1745 4305 1944 4377 Moysi
1958 4306 2088 4362 sine

424 4394 557 4449 ulla
585 4393 964 4450 miseratione
991 4391 1221 4448 duobus
1267 4393 1364 4450 vel
1392 4393 1584 4449 tribus
1624 4393 1869 4450 testibus
1902 4394 2085 4451 mori-

425 4488 555 4539 tur:
597 4487 822 4554 quanto
868 4484 1061 4553 magis
1083 4483 1320 4552 putatis
1349 4482 1651 4539 deteriora
1691 4484 1913 4540 mereri
1950 4499 2087 4554 sup-

416 4573 630 4643 plicia,
659 4574 767 4644 qui
781 4572 1005 4629 Filium
1031 4572 1144 4629 Dei
1164 4573 1627 4642 conculcaverit,
1650 4577 1704 4629 et
1734 4574 2087 4644 sanguinem

424 4663 765 4720 testamenti
780 4663 1081 4732 pollutum
1117 4662 1382 4733 duxerit,
1411 4662 1475 4718 in
1517 4676 1632 4734 quo
1678 4662 2089 4731 sanctiﬁcatus

422 4757 528 4821 est,
550 4757 606 4809 et
634 4752 884 4823 spiritui
906 4752 1123 4823 gratiae
1144 4751 1567 4808 contumeliam
1593 4752 1806 4822 fecerit
1820 4751 2091 4808 ?Scimus

424 4843 600 4912 enim,
627 4843 737 4914 qui
761 4842 941 4913 dixit,
962 4841 1114 4898 mihi
1128 4841 1475 4912 vindictam,
1498 4856 1604 4912 ego
1620 4841 1868 4898 reddam
1884 4841 2087 4913 (Hebr.

424 4934 695 5005 x,26-29).
722 4936 790 4989 Et
806 4932 1054 4990 iterum:
1086 4932 1239 5000 Quia
1252 4932 1560 5003 judicabit
1588 4932 1873 4989 Dominus
1898 4947 2090 5003 popu-

427 5021 553 5076 lum
579 5036 773 5078 suum.
812 5022 969 5078 Hor:
980 5022 1196 5079 endum
1222 5027 1307 5079 est
1333 5021 1598 5079 incidere
1644 5022 1710 5078 in
1738 5036 1953 5079 manus
1982 5020 2095 5078 Dei

426 5110 678 5166 viventis
704 5109 877 5180 (vers.
906 5113 996 5180 30,
1030 5110 1145 5182 31).

497 5201 613 5255 Aut
656 5196 856 5268 igitur,
898 5197 1027 5253 haec
1067 5202 1124 5254 et
1164 5198 1381 5256 similia
1401 5198 1731 5270 denegans,
1757 5202 1873 5257 tuae
1901 5199 2087 5257 modo

425 5286 862 5346 contrarietatis
892 5286 953 5343 in
1001 5304 1356 5361 perversum
1384 5288 1697 5362 detorque,
1741 5293 1864 5358 aut,
1898 5290 1946 5346 si
1971 5291 2089 5348 hoc

425 5376 682 5450 impium
711 5379 823 5447 est,
855 5375 982 5433 sine
1012 5376 1526 5450 castos.pudicos,
1544 5377 1781 5435 sobrios
1810 5382 1868 5436 et
1893 5379 2086 5436 humi-

423 5464 531 5537 les,
557 5465 968 5537 misericodes,
993 5465 1211 5537 justos,
1242 5465 1418 5539 ﬁlios,
1465 5466 1704 5538 electos,
1752 5467 2087 5526 sanctiﬁca-

427 5556 538 5622 tos,
568 5553 954 5622 illuminatos,
978 5559 1211 5627 emptos
1240 5571 1362 5611 non
1389 5556 1784 5628 phantastice,
1817 5571 1927 5613 nec
1956 5572 2089 5629 per-

429 5638 720 5696 functorie
757 5657 954 5714 neque
982 5643 1291 5715 fallaciter,
1332 5644 1439 5700 sed
1462 5645 1749 5702 veraciter
1777 5645 1839 5700 in
1870 5645 2087 5702 divinis

433 5723 687 5799 eloquiis
704 5729 1065 5801 nuncupari,
1093 5731 1377 5801 quamvis
1406 5731 1585 5794 tantis
1612 5732 1969 5793 muneribus
1992 5748 2085 5794 se-

2193 3145 2300 3218 qui
2327 3144 2605 3202 liberavit
2635 3160 2762 3212 nos,
2796 3150 2851 3201 et
2880 3146 3111 3202 vocavit
3135 3146 3443 3203 vocatione
3472 3161 3585 3203 sua
3613 3146 3853 3205 sancta?

2195 3233 2355 3290 Audi
2399 3233 2549 3307 quid
2596 3233 2886 3290 Dominus
2923 3232 3088 3290 dicat
3124 3234 3310 3291 Multi
3357 3240 3500 3291 sunt
3537 3240 3597 3293 et
3642 3236 3851 3300 vocati,

2192 3324 2378 3395 pauci
2403 3338 2541 3381 vero
2570 3324 2743 3381 electi
2772 3324 3014 3393 (Matth,
3045 3339 3142 3392 xx,
3173 3324 3279 3397 16).
3311 3325 3603 3391 Quaenam
3618 3332 3715 3385 est
3734 3327 3853 3383 haec

2191 3429 2362 3485 rogo,
2396 3413 2576 3469 unius
2613 3413 2886 3485 ejusdem
2933 3412 3218 3470 vocabuli
3279 3417 3444 3472 tanta
3500 3414 3855 3473 diversitas?

2193 3519 2402 3560 servus
2425 3502 2619 3559 ﬁdelis
2639 3501 2817 3559 dicit:
2846 3502 3189 3559 Secundum
3216 3505 3587 3574 prOpositum
3621 3512 3851 3563 vocatos

2192 3597 2451 3661 sanctos,
2483 3597 2539 3649 et
2573 3607 2718 3665 quos
2755 3592 3283 3662 prwdestinaverit
3340 3599 3578 3650 vocatos
3608 3598 3671 3652 et
3708 3610 3851 3669 quos

2192 3681 2496 3738 vocaverit
2539 3680 2915 3753 justiﬁcatos,
2972 3685 3029 3738 et
3074 3681 3217 3738 item
3267 3688 3503 3740 vocatos
3551 3687 3850 3741 vocatione

2194 3772 2427 3833 sancta,
2475 3770 2532 3822 et
2583 3765 2874 3822 Dominus
2922 3765 3164 3837 clamat,
3204 3768 3387 3824 multi
3435 3773 3576 3824 sunt
3639 3768 3846 3838 vocati,

2189 3854 2377 3923 pauci
2428 3867 2566 3910 vero
2586 3854 2758 3910 electi
2814 3853 3072 3925 (Matth.
3106 3869 3242 3923 xm,
3277 3855 3364 3927 14)
3390 3871 3403 3910 :
3430 3854 3845 3928 putandumne

2193 3947 2284 4001 est
2336 3941 2759 4000 ﬁdelissimum
2824 3958 3065 4000 servum
3130 3943 3386 4001 Domino
3452 3959 3564 4001 suo
3629 3947 3847 4001 contra-

2193 4032 2285 4089 ria
2310 4032 2720 4105 praedicasse?
2750 4047 2831 4089 an
2879 4032 2998 4090 alia
3041 4033 3238 4106 potuit
3263 4033 3327 4089 in
3374 4032 3709 4091 ministerio
3748 4028 3845 4088 sibi

2197 4122 2423 4181 credito
2472 4121 2791 4195 seminare,
2858 4138 3049 4196 quam
3105 4138 3143 4180 a
3215 4122 3439 4180 caelesti
3489 4127 3844 4198 praeceptore

2193 4214 2584 4287 perceperat?
2617 4211 2797 4268 absit.
2823 4211 3005 4285 Atqui
3034 4211 3164 4285 ipse
3183 4228 3314 4269 sese
3343 4228 3469 4269 non
3489 4212 3568 4269 ab
3596 4209 3842 4270 homini-

2194 4304 2312 4360 bus
2344 4317 2538 4376 neque
2568 4318 2676 4375 per
2705 4302 3016 4359 hominem
3042 4301 3298 4359 electum
3325 4302 3420 4360 vel
3449 4301 3725 4376 doctum,
3752 4296 3843 4357 sed

2198 4410 2235 4450 a
2263 4393 2382 4449 Deo
2430 4395 2601 4466 patre
2653 4392 2979 4449 Dominum
3007 4396 3283 4449 nostrum
3329 4394 3533 4449 Iesum
3558 4391 3840 4449 Christum

2195 4480 2504 4538 liberrima
2533 4480 2859 4537 assertione
2887 4484 3135 4538 testatur
3154 4481 3315 4553 (Gal.
3346 4481 3479 4553 1,1).
3533 4480 3689 4547 Quia
3714 4491 3839 4547 ergo

2196 4569 2365 4627 nulla
2392 4569 2585 4643 potuit
2621 4568 2813 4625 ﬁdelis
2842 4569 3225 4643 dispensator
3270 4585 3541 4641 erogare,
3571 4570 3694 4626 nisi
3719 4582 3836 4641 qua:

2197 4675 2236 4717 a
2290 4658 2578 4716 creditore
2636 4663 3002 4732 susceperat,
3064 4659 3379 4716 fatendum
3434 4663 3492 4716 et
3548 4669 3837 4733 nusquam

2198 4748 2453 4806 Domino
2497 4764 2607 4806 suo
2632 4748 2729 4805 vel
2758 4748 3019 4806 sensisse
3062 4749 3157 4807 vel
3202 4749 3486 4807 docuisse
3535 4746 3831 4808 contraria.

2198 4837 2450 4895 Proinde
2481 4837 2600 4896 alia
2626 4838 2859 4895 vocatio
2897 4838 3286 4910 intelligenda
3310 4844 3418 4910 est,
3444 4856 3633 4914 quam
3664 4832 3834 4895 Domi

2196 4944 2313 4986 nus
2333 4927 2598 5002 protulit,
2629 4927 2750 4986 alia
2773 4945 2963 5002 quam
2983 4945 3191 4986 servus
3218 4929 3476 4987 edocuit.
3498 4930 3679 4988 Aliter
3695 4925 3833 4985 enim

2196 5022 2490 5076 vocantur
2529 5018 2865 5074 secundum
2911 5019 3295 5092 propositum
3338 5019 3464 5085 Dei,
3493 5019 3599 5094 qui
3634 5020 3832 5076 sortem

2196 5111 2645 5181 consequantur
2673 5112 2981 5181 aeternam,
3016 5108 3184 5165 aliter
3210 5124 3336 5166 non
3367 5108 3702 5166 secundum
3721 5116 3832 5179 pro-

2195 5198 2481 5271 positum,
2508 5196 2616 5270 qui
2634 5212 2884 5270 poenam
2909 5197 3200 5270 recipiant
3243 5191 3832 5272 sempiternam.Sicut

2194 5286 2398 5360 itaque
2424 5286 2544 5343 alia
2590 5290 2679 5343 est
2727 5287 2965 5344 vocatio
3013 5286 3365 5358 electorum,
3413 5286 3532 5346 alia
3573 5283 3831 5361 reprobcr

2193 5393 2352 5447 rum,
2375 5376 2457 5434 ita
2477 5375 2595 5434 alia
2615 5376 2965 5448 intelligitur
2982 5377 3359 5451 praescientia
3387 5381 3444 5435 et
3472 5374 3830 5451 praedestina-

2194 5467 2276 5524 tio
2304 5467 2568 5540 piorum,
2599 5466 2718 5525 alia
2765 5467 3131 5541 impiorum;
3172 5467 3298 5541 qui,
3330 5468 3483 5524 sicut
3522 5464 3725 5523 vocari
3763 5456 3831 5515 di-

2196 5560 2411 5612 cuntur
2439 5555 2628 5625 electi,
2659 5556 2764 5612 sed
2793 5557 3106 5613 vocatione
3138 5560 3369 5629 sancta,
3401 5556 3483 5613 ita
3510 5552 3712 5612 vocari
3760 5545 3826 5602 di-

2195 5650 2413 5702 cuntur
2435 5646 2609 5702 multi
2631 5646 2737 5719 qui
2756 5661 2881 5703 non
2903 5651 3042 5703 sunt
3071 5646 3259 5703 electi.
3288 5648 3451 5702 Certe
3480 5644 3647 5702 nullo
3671 5635 3825 5700 modo

2194 5734 2448 5794 dixisset
2465 5734 2829 5809 Apostolus:
2851 5735 3196 5798 Secundum
3224 5737 3598 5808 propositum
3618 5731 3825 5796 sanctos
